2133 3317
785 222 1026 252 PROLEGOMENA
1048 223 1075 251 C.
1098 223 1126 251 11.

154 304 187 326 14.
208 303 303 331 Omna,
328 303 464 325 bibliotheca
489 301 654 328 Canoniciana,
678 301 730 324 cod.
755 301 848 323 miscell.
873 300 925 322 277.

88 352 158 374 chart.
175 351 198 372 in
221 350 242 372 4.
264 356 322 372 saec.
340 350 391 372 XV.
408 349 517 371 exeuntis.
534 361 564 365 —
580 348 669 370 Titulus
686 347 754 370 huius
770 347 874 375 opusculi
892 352 927 369 oc-

88 397 157 420 currit
175 397 211 419 101.
228 396 265 418 27.
282 402 301 418 1.
319 395 412 418 verbis:
430 395 513 424 Incipit
527 393 655 417 declaratio
670 393 746 417 sancti
762 393 927 416 Bonaventure

88 442 178 466 ordinis
197 442 318 466 Minoi-um
335 447 364 465 ac
379 443 459 465 sancte
477 442 579 464 Romane
599 439 693 464 ecclesie
709 439 839 463 cardinalis
854 445 927 468 super

86 489 198 519 reculam
208 489 314 518 fratrum
326 489 456 511 Minorum.
470 488 556 510 Desinit
569 488 605 510 sol.
618 487 667 509 46.;
680 488 706 510 ut
720 488 802 510 octazm
813 486 889 516 qratie
906 487 928 509 et

89 535 163 566 qlorie
179 534 363 558 commendetur.

154 582 187 604 15.
205 581 317 609 Parisiis,
336 581 472 604 bibliotheca
490 581 623 608 Nationalis,
651 580 703 603 cod.
724 580 808 602 18325.
830 579 926 602 membr.

89 627 111 650 in
134 628 168 650 16.
184 633 244 650 saec.
262 627 313 649 XV.
331 640 360 643 —
381 627 471 649 Titulus
491 628 559 649 huius
575 630 609 649 est
626 627 663 649 101.
683 627 719 649 93.
738 632 756 648 r.
779 625 866 648 verbis:
889 625 928 649 Sc-

89 674 170 704 quitur
186 674 300 703 eoepositio
317 680 359 697 sen
375 673 503 697 declaratio
525 673 611 703 Requle
622 673 738 696 Fratrum
755 672 875 696 Minorum
884 679 929 702 per

91 720 213 744 dominum
223 722 334 744 sanctum
351 721 543 743 Bonaventuram
554 719 708 743 cardinalem.
727 719 873 749 Quicunique
884 722 927 742 etc.

88 768 174 791 Desinit
190 768 227 790 101.
240 767 291 790 124,
309 774 340 789 r.:
358 769 385 790 ut
405 769 489 790 octava
513 767 589 797 qratie
613 769 634 790 et
655 766 730 796 ylorie
746 766 929 790 commendetur:

89 816 170 838 Amen.
188 813 293 844 Explicit
314 813 403 843 Requla
423 813 553 837 secundum
574 813 742 843 expositionem
767 812 858 836 domini
877 819 930 835 san-

89 859 120 883 cti
135 860 307 883 Bonaventure.
324 860 386 882 Deus
401 859 432 882 sit
448 858 579 882 benedictus
596 865 668 889 super
679 858 768 882 omnia.
784 860 866 882 Amen.

153 907 188 929 16.
210 906 356 935 Stronconii,
379 906 516 930 bibliotheca
537 906 682 934 Conventus,
705 906 757 929 cod.
779 907 850 929 chart,
868 906 890 928 111
908 907 929 928 8.

89 959 148 977 saec.
171 954 221 976 XV.
238 966 269 970 —
285 954 399 982 Expositio
424 954 526 982 Regulae
548 953 626 981 incipit
641 953 690 975 sine
715 953 779 976 titulo
796 956 818 975 et
837 953 930 975 nomine

89 1000 202 1023 auctoris:
221 999 368 1029 Quicumque
389 1000 450 1023 lianc
475 999 590 1029 Requtnm
614 1003 656 1022 etc.
677 1000 762 1022 Desinit
787 999 879 1022 verbis:
905 1001 931 1022 ut

89 1048 172 1070 octava
188 1046 265 1076 qratie
276 1048 299 1069 et
313 1045 388 1075 qiorie
403 1045 585 1069 commendetur.
598 1047 680 1069 Amen.

156 1092 188 1114 17.
210 1091 332 1115 Ultraiecti
352 1091 384 1115 ad
405 1092 522 1120 Rhenum,
549 1092 686 1114 bibliotheca
708 1092 858 1120 Academiae,
879 1091 930 1114 cod.

90 1140 128 1162 36.
145 1141 216 1162 chart.
238 1140 261 1162 in
279 1140 316 1162 12.
335 1145 396 1162 saec.
416 1140 466 1162 XV.
484 1140 542 1162 circa
567 1139 720 1162 medietatem.
748 1152 777 1155 —
802 1139 848 1161 Fol.
870 1140 890 1161 6.
912 1145 930 1161 1.

90 1186 184 1214 legitur:
202 1185 288 1215 Incipit
303 1185 433 1209 declaratio
450 1185 541 1209 domini
564 1186 728 1209 Bonae-entare
752 1191 825 1215 super
843 1185 929 1215 aequin

90 1233 195 1262 fratrum
212 1232 341 1256 Minorum.
359 1233 444 1255 Desinit
461 1233 497 1255 101.
516 1233 552 1255 50.
570 1239 593 1255 v.
610 1232 699 1255 verbis:
718 1234 744 1256 ut
755 1234 838 1256 octava
855 1232 931 1262 yratz‘e

90 1281 112 1303 et
127 1279 202 1309 ylorie
218 1279 400 1303 commendetur.

153 1325 167 1354 S
183 1326 205 1348 7.
222 1324 357 1355 Opusculum
373 1325 443 1348 XVII.
462 1325 536 1352 Sermo
553 1332 619 1356 super
635 1325 746 1355 Regulam
761 1325 869 1349 Fratrum
888 1325 931 1348 Mi-

91 1379 177 1395 norum.

153 1419 194 1442 Hic
210 1419 295 1442 Sermo
312 1420 432 1448 hucusque
454 1425 571 1448 nunquam
589 1422 623 1442 est
639 1419 769 1448 publicatus
789 1425 831 1441 nec
848 1419 878 1441 ab
894 1419 931 1441 ali-

91 1472 138 1494 quo
155 1466 273 1493 allegatus.
290 1466 378 1488 Tamen
399 1465 493 1488 omnino
510 1472 564 1488 eum
587 1465 713 1493 genuinum
736 1464 859 1492 habemus,
881 1465 932 1487 licet

92 1513 151 1535 duos
174 1515 260 1535 tantum
283 1512 375 1535 codices
392 1519 434 1540 pro
450 1513 609 1535 Bonaventura
634 1512 789 1535 testimonium
807 1513 878 1534 101301
895 1518 932 1534 ex-

92 1559 223 1581 trinsecum.
235 1559 292 1581 Tota
305 1559 364 1581 enim
377 1559 493 1587 praeclara
506 1558 608 1581 doctrina
621 1559 644 1580 in
657 1565 683 1581 eo
695 1561 799 1581 contenta
812 1561 834 1580 et
846 1558 929 1580 modus

94 1611 145 1628 eam
158 1606 302 1634 proponendi
319 1606 394 1628 eidem
411 1605 472 1628 aliud
483 1605 559 1628 reddit
575 1605 730 1628 testimonium
743 1605 895 1631 luculentum,
913 1605 931 1626 si

91 1658 145 1675 cum
168 1652 249 1675 ceteris
260 1652 435 1675 Bonaventurae
447 1652 549 1680 scriptis,
567 1652 701 1680 praesertim
714 1657 767 1674 cum
779 1651 931 1679 praecedente

91 1698 208 1727 Opusculo
228 1698 348 1728 Eoepositio
364 1705 436 1728 super
461 1698 574 1727 Reyulam
592 1701 614 1720 et
630 1698 678 1720 aliis
695 1697 827 1720 tractatibus
844 1697 874 1719 ad
891 1697 931 1719 Or-

91 1745 168 1768 dinem
185 1745 341 1773 spectantibus
359 1746 480 1767 confertur.

153 1792 225 1815 Unico
241 1795 329 1814 tantum
352 1792 431 1814 codice
449 1791 480 1813 uti
503 1791 633 1819 potuimus,
650 1797 720 1820 quem
743 1790 812 1813 habet
828 1793 932 1813 nostrum

92 1839 213 1867 collegium
231 1844 348 1867 quemque
360 1838 524 1866 descripsimus
535 1844 604 1866 supra
617 1838 638 1860 in
653 1838 746 1860 elencho
757 1837 863 1860 codicum
876 1843 896 1859 c.
909 1838 932 1859 11.

92 1886 105 1915 g
123 1887 143 1908 6.
162 1892 215 1914 pag.
233 1886 312 1908 Lxxu
329 1892 351 1907 n.
364 1886 386 1907 2.
406 1886 430 1907 ln
441 1891 469 1908 eo
483 1888 535 1913 post
548 1884 723 1914 [impositionem
735 1890 807 1914 super
819 1884 932 1913 Requlam

91 1932 224 1955 immediate
240 1939 252 1954 a
271 1932 308 1954 101.
330 1932 362 1954 14.
380 1939 403 1955 v.
420 1938 494 1960 usque
510 1932 537 1954 ad
551 1932 587 1954 101.
599 1933 635 1954 20.
648 1938 671 1954 v.
682 1931 785 1960 sequitur
796 1931 832 1954 hic
845 1931 932 1954 Sermo.

154 1980 245 2001 Praeter
262 1980 323 2001 hunc
339 1979 395 2001 alter
410 1979 460 2001 cod.
478 1981 530 2006 post
546 1977 756 2001 Determinationes
773 1977 837 2001 circa
859 1978 931 2007 Requ-

93 2025 141 2049 lam
158 2026 213 2048 olim
231 2025 331 2048 hahebat
347 2026 415 2048 istum
433 2026 578 2053 Sermonem,
595 2025 636 2048 sed
653 2031 714 2047 nunc
731 2025 783 2047 10113
795 2031 848 2047 0010
866 2025 933 2047 conti-

93 2074 168 2096 nentia
185 2074 265 2096 avulsa
282 2076 340 2096 sunt.
362 2073 403 2095 Hic
427 2073 479 2095 cod.
501 2073 616 2095 invenitur
637 2072 750 2095 Ultraiecti
768 2072 797 2095 ad
814 2073 932 2101 Rhenum,

93 2120 115 2143 in
132 2119 269 2143 bibliotheca
292 2119 441 2147 Academiae,
466 2119 517 2142 cod.
543 2119 580 2142 36.
597 2120 670 2142 chart.
695 2119 717 2141 in
739 2119 775 2141 Ἰ12.
800 2124 858 2141 saec.
877 2119 933 2146 XV,

93 2173 162 2196 quem
180 2167 225 2189 iam
241 2166 373 2189 notavimus
388 2172 458 2194 supra
475 2173 496 2188 n.
516 2166 553 2188 17.

154 2213 168 2242 S
189 2213 210 2235 8.
234 2211 368 2242 opuseulum
392 2211 472 2234 XVIII.
496 2210 677 2235 constitutiones
702 2210 822 2234 senentes
846 2210 934 2234 Narbo-

93 2265 181 2282 nenses.

155 2306 202 2329 Hae
218 2312 264 2329 non
280 2306 428 2328 inveniuntur
444 2305 467 2327 in
479 2305 528 2328 aliis
544 2305 646 2333 Operum
659 2306 681 2327 S.
699 2305 872 2328 Bonaventurae
891 2305 935 2327 col-

93 2352 235 2375 lectionibus.
252 2352 284 2375 De
300 2352 335 2374 his
353 2354 377 2374 01
393 2351 416 2373 10
433 2357 494 2374 nova
511 2353 593 2374 borum
612 2351 714 2379 Operum
737 2351 837 2373 editione
853 2351 934 2379 impri-

94 2399 183 2422 mendis
199 2400 300 2428 loquitur
317 2398 399 2421 Bonelli
418 2398 546 2427 (Prodi-om.
558 2404 611 2426 pag.
630 2399 692 2427 622).
705 2398 771 2426 Quod
784 2398 806 2420 S.
818 2398 934 2420 Bonaven-

94 2448 144 2469 tura
160 2446 262 2474 primum
280 2444 478 2468 Constitutionum
496 2444 588 2467 Ordinis
606 2445 718 2467 Minorum
735 2444 839 2467 codicem
858 2444 935 2467 fecerit

94 2495 116 2515 et
132 2492 266 2515 auctoritate
285 2491 382 2520 Capituli
404 2491 557 2514 Narbonensis
574 2491 768 2519 promulgaverit,
792 2494 826 2513 est
849 2493 933 2513 sactum

95 2539 227 2562 historicum
245 2539 371 2561 innumeris
387 2541 409 2561 et
425 2539 525 2567 antiquis
542 2537 638 2560 testibus
655 2538 781 2561 certissime
803 2537 935 2566 probatum.

95 2585 180 2608 Harum
197 2585 301 2608 meminit
317 2586 397 2608 Petrus
411 2585 500 2607 loannis
516 2585 575 2608 Olivi
591 2585 614 2607 in
631 2585 774 2608 discussione
789 2591 884 2608 suorum
903 2591 935 2607 ar-

96 2631 216 2654 ticulorum
232 2638 269 2654 an.
290 2632 350 2654 1285
374 2633 431 2654 tacta
448 2631 461 2660 ’ᾗ
482 2632 521 2659 12,
538 2631 593 2654 11010
620 2633 666 2654 fere
691 2638 772 2654 omnes
796 2631 935 2659 posteriores

96 2677 187 2700 Ordinis
203 2677 391 2705 Constitutiones,
408 2683 468 2707 quae
484 2684 544 2700 nova
562 2678 663 2706 antiquis
679 2680 761 2700 statuta
778 2677 865 2700 addere
882 2683 934 2700 con-

96 2727 230 2753 sueverunt,
247 2728 270 2747 et
286 2727 339 2747 ante
360 2731 441 2747 omnes
457 2725 493 2747 Fr.
510 2724 641 2747 Salimhene
664 2725 721 2746 10113
738 2730 791 2752 pag.
809 2724 853 2746 449
882 2727 934 2746 nota

97 2771 119 2794 1.
134 2771 223 2794 citatus.
239 2772 318 2794 Plures
334 2772 425 2794 codices
441 2771 599 2798 inveniuntur,
624 2771 664 2800 qui
681 2771 810 2799 primitivas
826 2770 937 2794 Constitu-

96 2817 169 2840 tiones
185 2818 329 2846 aliquatenus
346 2820 444 2840 mutatas
460 2820 481 2840 et
498 2818 653 2846 posteriorum
671 2817 829 2846 Capitulorum
850 2817 937 2840 addita-

97 2865 178 2887 mentis
195 2867 273 2887 auctas
289 2864 409 2892 exhibent,
425 2864 465 2887 sed
483 2871 543 2887 unus
563 2867 650 2887 tantum
669 2865 793 2887 Vaticanus
815 2867 849 2887 est
874 2864 936 2893 (vide

97 2911 155 2933 intra
171 2917 195 2933 n.
222 2911 285 2939 13.),
306 2911 347 2940 qui
371 2911 482 2933 sinceram
505 2911 680 2934 Bonaventurae
705 2911 862 2933 recensionem
887 2911 935 2933 sine

97 2956 186 2980 insertis
202 2956 281 2985 habet,
298 2963 367 2986 quam
385 2957 473 2985 primus
489 2957 561 2980 edidit
581 2957 609 2980 ci.
634 2958 658 2980 P.
680 2958 746 2980 Ehrle
763 2958 786 2980 S.
809 2958 822 2979 l.
848 2957 881 2980 De
903 2957 938 2979 his

189 3034 217 3059 S.
227 3035 320 3058 Bonav.
329 3047 360 3052 —
372 3035 442 3058 Tom.
451 3035 506 3058 Vlll.

1725 220 1822 248 Lxxnt

982 300 1091 323 omnibus
1109 301 1174 328 plura
1192 301 1251 323 dicta
1268 303 1320 323 sunt
1336 301 1360 322 in
1377 303 1428 322 nota
1446 300 1475 322 ad
1495 300 1579 322 calcem
1598 299 1668 321 modo
1685 298 1758 320 citata.
1780 298 1824 319 Ma-

982 346 1089 369 nisestum
1106 349 1151 375 cst,
1168 347 1232 376 quod
1249 347 1394 369 solummodo
1411 349 1484 369 textus
1502 345 1644 374 primitivus,
1667 351 1736 373 quem
1761 350 1825 372 prae-

983 396 1056 415 sentat
1073 393 1124 415 cod.
1141 393 1277 421 Vaticanus,
1294 395 1382 421 spectat
1399 393 1428 415 ad
1439 393 1627 419 Bonaventuram,
1646 391 1708 413 unde
1719 390 1755 412 alii
1767 390 1824 412 10113

982 441 1086 462 recensiti
1103 441 1194 463 codices
1211 447 1253 469 pro
1272 443 1331 463 textu
1344 440 1464 463 formando
1476 439 1562 462 servire
1578 445 1624 461 non
1636 440 1771 466 potuerunt,
1784 437 1824 459 sed

982 487 1100 516 quoddam
1118 487 1216 515 pretium
1234 487 1366 510 historicum
1384 486 1475 509 habeut.

1264 579 1399 610 Elenchus
1419 579 1548 609 codicum.

1052 674 1070 695 1.
1087 673 1208 702 Auqustac
1226 673 1367 696 Ausicorum
1384 673 1407 695 in
1424 673 1494 696 Gallia
1512 673 1604 702 (Auch),
1617 672 1754 695 bibliotheca
1767 672 1824 694 Civi-

986 720 1050 746 tatis,
1068 720 1120 742 cod.
1137 719 1173 742 54.
1191 719 1289 742 membr.
1307 720 1330 742 in
1346 721 1380 742 12.
1392 726 1452 742 5300.
1470 720 1529 742 XlV.
1547 720 1654 742 ineuntis.
1672 731 1702 735 ——
1720 719 1771 741 Post
1788 719 1825 741 de-

986 766 1081 788 cretales
1097 766 1181 788 Nicolai
1200 766 1231 788 111.
1253 768 1275 788 01
1299 765 1422 788 Clementis
1444 766 1471 788 V.
1496 772 1567 793 super
1591 765 1703 793 Regulam
1720 765 1824 786 Fratrum

986 813 1098 835 Minorum
1115 812 1218 841 sequitur
1239 813 1291 834 10110
1308 819 1327 834 1.
1345 819 1390 834 1100
1415 815 1534 835 numerato
1563 811 1653 834 rubrica
1680 811 1823 834 Constitutio-

986 864 1042 880 num
1059 858 1092 880 sic
1116 864 1235 886 expressa:
1254 857 1370 887 Prologus
1396 864 1467 887 super
1493 857 1669 881 constitutiones
1695 855 1824 886 qenerates.

988 904 1117 933 Quoniam,
1134 906 1161 927 ut
1177 904 1210 927 ait
1227 904 1332 933 sapiens,
1350 903 1391 927 ubi
1405 910 1453 927 non
1478 906 1513 927 est
1533 910 1605 933 sepes,
1624 903 1749 932 diripietur
1774 908 1826 932 pos-

986 951 1057 974 sessio
1075 954 1117 974 etc.
1135 952 1214 973 Manus
1232 951 1344 979 posterior
1362 950 1467 979 pluribus
1485 951 1505 973 in
1524 951 1578 973 locis
1596 949 1680 972 abrasit
1693 952 1777 971 textum
1790 955 1827 971 an-

987 998 1076 1027 tiquum
1094 1000 1115 1020 ct
1132 998 1200 1020 alium
1218 997 1341 1020 substituit.
1360 998 1381 1019 ln
1400 997 1444 1019 sine
1455 997 1584 1020 adduntur:
1597 995 1746 1020 Memoriatia
1762 996 1826 1025 facta

986 1045 1011 1068 in
1028 1044 1131 1074 capitulo
1144 1044 1251 1074 qenerali
1262 1044 1371 1067 Parisius
1383 1043 1498 1067 celebrato
1514 1050 1578 1066 anno
1601 1043 1696 1066 Domini
1715 1042 1825 1066 MCCA'C.

986 1091 1096 1115 secundo.

1050 1140 1070 1160 2.
1088 1138 1222 1165 Βν11.ι’0111“5,
1241 1137 1378 1160 bibliotheca
1396 1138 1480 1165 Regia,
1503 1137 1554 1159 cod.
1582 1137 1705 1159 12167-71.
1728 1135 1826 1158 membr.

987 1186 1009 1208 in
1028 1186 1063 1207 16.
1080 1191 1140 1208 saec.
1158 1185 1208 1207 XV.
1225 1197 1256 1202 -—
1273 1185 1334 1207 Folio
1351 1191 1396 1207 non
1415 1188 1534 1207 numerato
1546 1190 1629 1206 manus
1639 1183 1751 1206 recentior
1763 1188 1827 1210 prae—

987 1232 1066 1255 mittit:
1098 1231 1215 1261 Incipiunt
1244 1231 1421 1255 constitutiones
1449 1230 1570 1260 qenerales
1599 1229 1695 1253 Ordinis
1722 1228 1826 1258 antique.

989 1278 1118 1306 Quoniam,
1136 1279 1162 1301 ut
1178 1277 1212 1300 ait
1227 1277 1321 1307 sapiens
1338 1280 1381 1299 etc.
1398 1277 1483 1299 Eadem
1501 1278 1576 1299 forsan
1594 1282 1676 1298 manus
1693 1275 1782 1297 addidit
1803 1274 1824 1296 in

987 1325 1041 1347 fine:
1064 1324 1200 1354 Earpliciunt
1222 1323 1396 1347 constitutiones
1422 1323 1543 1353 qenerales
1568 1322 1676 1345 ordinate
1702 1321 1786 1344 Assisii
1801 1320 1825 1343 in

987 1371 1094 1401 uenerati
1110 1371 1212 1400 capitulo
1229 1370 1313 1393 ibidem
1324 1376 1388 1393 anno
1401 1369 1495 1393 Domini
1506 1368 1631 1392 millesimo
1644 1368 1699 1392 CCC
1710 1367 1824 1397 quinqua-

987 1418 1075 1448 gesimo
1092 1419 1178 1447 quarto
1195 1417 1318 1440 celebrato.

1050 1465 1072 1487 3.
1092 1464 1220 1487 Cremonae
1237 1464 1259 1486 in
1276 1463 1390 1490 lnsubria‚
1409 1463 1545 1485 bibliotheca
1563 1462 1663 1489 Publica,
1680 1461 1732 1484 cod.
1753 1461 1787 1483 15.
1806 1461 1828 1483 3.

988 1513 1025 1534 22.
1042 1513 1113 1534 chart.
1130 1512 1151 1533 in
1175 1511 1195 1533 4.
1213 1517 1273 1533 saec.
1296 1511 1372 1533 XVill.
1390 1523 1420 1526 —
1437 1510 1461 1532 10
1478 1509 1634 1532 admonitione
1654 1508 1683 1531 ad
1707 1509 1828 1535 lectorem,

988 1566 1042 1587 pag.
1063 1560 1067 1580 1
1090 1561 1188 1586 notatur,
1200 1558 1262 1587 quod
1275 1557 1452 1580 Constitutiones
1470 1558 1561 1579 suerunt
1573 1556 1698 1584 exscriptae
1710 1562 1736 1578 ex
1748 1555 1827 1578 codice

988 1606 1089 1635 quodam
1107 1606 1190 1628 saeculi
1209 1605 1266 1631 XV;
1283 1604 1369 1633 quibus
1386 1603 1537 1632 praemittitur
1553 1609 1653 1631 sequens
1669 1602 1772 1625 rubrica:
1792 1602 1827 1624 In·

988 1652 1077 1682 cipiunt
1102 1651 1276 1675 constitutiones
1301 1650 1423 1680 generales
1448 1649 1538 1673 ordinis
1564 1649 1680 1672 Fratrum
1705 1648 1828 1672 illinorum

988 1699 1046 1723 edite
1062 1700 1084 1722 et
1099 1698 1238 1728 confirmate
1255 1697 1279 1720 in
1296 1696 1399 1726 capitulo
1411 1696 1518 1726 qenerali
1529 1695 1594 1725 apud
1606 1695 1746 1719 Nat-bonam
1758 1695 1786 1718 Α.
1802 1695 1827 1717 D.

990 1744 1066 1769 4260.
1083 1744 1173 1768 decima
1191 1744 1264 1772 Iunii,
1282 1745 1385 1773 tempore
1402 1743 1428 1765 R.
1445 1743 1470 1765 P.
1488 1742 1514 1765 F.
1535 1743 1700 1765 Bonaventure
1721 1740 1745 1764 8.
1762 1740 1828 1763 mini-

988 1792 1034 1815 stri
1049 1791 1166 1821 qeneralis
1184 1792 1204 1814 et
1219 1792 1301 1820 postea
1317 1789 1363 1819 fuit
1379 1788 1509 1813 cardinalis
1525 1790 1622 1812 sanctae
1639 1789 1742 1811 Romane
1758 1787 1828 1810 eccle-

988 1838 1021 1862 sie
1038 1840 1059 1862 11
1075 1844 1139 1861 nunc
1156 1837 1320 1861 canonizatus.
1339 1836 1470 1864 Quoniam,
1487 1837 1513 1859 ut
1529 1835 1563 1859 ait
1588 1835 1681 1864 sapien-s
1703 1838 1746 1857 etc.
1765 1834 1824 1857 Desi-

989 1888 1047 1907 nunt
1063 1884 1154 1907 rubrica
1173 1885 1209 1906 12.
1226 1890 1281 1911 pag.
1293 1883 1329 1905 32.

1051 1931 1072 1953 4.
1082 1930 1197 1960 Friburqi
1206 1930 1229 1952 in
1241 1930 1350 1957 Helvetia,
1362 1929 1499 1951 bibliotheca
1511 1929 1551 1951 ΡΡ.
1563 1928 1766 1956 (300110010311010,
1778 1927 1829 1950 000.

990 1978 1028 2000 33.
1039 1989 1069 1994 -
1087 1977 1136 1999 Duo
1154 1976 1227 2004 prima
1245 1976 1295 1998 10113
1308 1975 1424 1997 asseribus
1436 1974 1572 1996 inhaerentia
1591 1977 1612 1996 et
1624 1974 1670 1996 duo
1683 1974 1761 1996 ultima
1778 1979 1829 1996 con-

989 2025 1060 2047 tinent
1076 2023 1252 2046 Constitutiones
1269 2023 1387 2050 generales
1408 2022 1504 2049 scriptas
1521 2021 1611 2043 saeculo
1637 2021 1692 2047 Xlll,
1718 2020 1758 2042 sed
1775 2023 1827 2042 sunt

990 2071 1141 2098 incompletae
1166 2073 1188 2092 et
1205 2069 1367 2097 transpositae;
1385 2069 1437 2090 solio
1456 2068 1475 2090 1.
1493 2074 1516 2090 v.
1535 2067 1646 2095 incipiunt
1663 2073 1675 2089 a
1692 2066 1782 2089 verbis:
1801 2066 1831 2089 Et

988 2123 1113 2147 nunquam
1129 2117 1171 2147 fiat
1187 2116 1237 2139 sine
1253 2115 1350 2139 consilio
1367 2115 1530 2138 discretorum.
1541 2114 1584 2137 Ctr.
1602 2113 1694 2136 rubrica
1706 2114 1728 2136 2.
1744 2114 1791 2136 Fol.
1809 2114 1829 2135 2,

989 2171 1007 2188 r.
1025 2165 1116 2193 incipit:
1131 2163 1262 2194 provideat,
1280 2162 1410 2186 secundum
1436 2161 1498 2191 quod
1514 2161 1640 2191 unicnique
1665 2160 1749 2184 viderit
1765 2166 1831 2190 expe-

989 2211 1047 2235 dire.
1064 2210 1162 2234 nubrica
1175 2211 1196 2232 2.
1205 2210 1266 2232 Folio
1278 2209 1403 2237 penultimo
1420 2215 1451 2231 r.:
1462 2207 1568 2231 mazime
1579 2207 1693 2231 venientes
1710 2207 1737 2230 de
1753 2209 1831 2230 extra

988 2258 1038 2282 neis
1054 2257 1181 2287 provinciis
1198 2258 1221 2280 et
1237 2256 1379 2286 longinquis.
1396 2255 1494 2278 Rubrica
1513 2255 1533 2277 4.
1551 2255 1596 2277 Fol.
1614 2255 1694 2277 ultimo
1711 2261 1730 2277 r.
1742 2253 1831 2277 tabulae

990 2311 1089 2327 annexo:
1109 2303 1200 2327 Titulus
1217 2302 1300 2326 tertius
1316 2302 1344 2325 de
1360 2301 1510 2325 observantia
1526 2301 1683 2331 paupertatis.

1053 2352 1074 2374 5.
1093 2350 1186 2377 Ibidem,
1203 2350 1254 2372 cod.
1273 2349 1371 2371 membr.
1388 2349 1411 2371 in
1429 2349 1450 2371 4.
1462 2355 1522 2371 saec.
1535 2349 1590 2370 Xlll.
1611 2348 1720 2370 exeuntis.
1733 2360 1763 2364 —
1775 2347 1831 2370 Con-

989 2398 1118 2421 stitutioncs
1134 2397 1245 2425 incipiunt
1262 2396 1298 2418 101.
1319 2397 1337 2418 1.
1354 2402 1372 2418 1.
1390 2395 1438 2417 sine
1455 2395 1532 2417 titulo:
1549 2395 1612 2422 Item,
1625 2393 1719 2424 quando
1732 2394 1831 2417 Fratres

990 2443 1133 2468 testamentis
1150 2443 1267 2466 intersunt
1284 2445 1326 2465 etc.
1344 2442 1430 2464 Eodem
1448 2442 1485 2464 sol.
1501 2448 1520 2464 r.
1545 2443 1674 2470 sequuntur
1699 2441 1756 2463 aliae
1773 2440 1831 2463 ordi-

990 2492 1093 2515 nationes
1109 2490 1242 2519 posterioris
1258 2489 1351 2512 saeculi.

1053 2539 1074 2560 6.
1093 2539 1193 2565 Ianuae,
1212 2536 1348 2560 bibliotheca
1366 2535 1536 2563 Universitatis,
1548 2535 1600 2558 cod.
1614 2537 1639 2557 Α.
1652 2536 1675 2558 11.
1689 2535 1725 2557 15.
1737 2535 1831 2557 miscell.

990 2591 1049 2607 saec.
1067 2584 1127 2606 xvi.
1144 2584 1250 2606 ineuntis.
1266 2596 1297 2599 —
1322 2583 1384 2605 Folio
1402 2583 1440 2604 31.
1465 2588 1483 2604 r.
1502 2581 1666 2610 praemittitur:
1692 2581 1720 2603 In
1736 2580 1831 2603 nomine

991 2630 1086 2654 Domini
1108 2630 1222 2659 incipiunt
1247 2628 1424 2653 constitutiones
1449 2628 1580 2657 yeuerales.
1607 2627 1737 2656 Quoniam,
1755 2629 1781 2650 ut
1798 2626 1832 2649 ait

991 2677 1085 2706 sapiens
1101 2680 1144 2699 etc.
1163 2676 1272 2698 Desinunt
1290 2675 1343 2698 solio
1360 2674 1396 2697 44.
1414 2681 1450 2697 v.:
1468 2674 1550 2698 Simile
1566 2673 1668 2704 officium
1679 2674 1721 2704 fiat
1735 2680 1781 2703 pro
1790 2680 1832 2703 pa-

992 2723 1067 2747 tribus
1083 2724 1105 2746 et
1120 2722 1237 2745 matribus
1253 2722 1359 2752 fratrum
1376 2721 1460 2744 ultima
1485 2721 1521 2744 die
1543 2720 1623 2751 feriali
1644 2720 1669 2743 in
1686 2720 1831 2744 hebdomada

991 2771 1046 2794 ante
1063 2769 1201 2793 Adventum.
1220 2768 1332 2798 Eoeptictt.

1054 2816 1077 2839 7.
1094 2815 1244 2844 Kremisani,
1262 2814 1398 2838 bibliotheca
1416 2815 1556 2842 Monasterii,
1579 2815 1630 2837 cod.
1657 2815 1708 2837 l38.
1734 2813 1831 2836 membr.

993 2869 1053 2885 saec.
1070 2863 1128 2886 XlV.
1147 2875 1176 2878 —
1193 2861 1292 2885 Rubrica
1308 2865 1342 2884 est
1360 2862 1412 2884 solio
1431 2861 1483 2884 177.
1500 2868 1517 2884 r.
1541 2861 1576 2884 his
1599 2860 1688 2883 verbis:
1714 2860 1831 2889 Proloqus

993 2909 1017 2932 in
1034 2908 1210 2933 constitutiones
1227 2908 1348 2939 qenerales
1373 2908 1464 2932 ordinis
1490 2908 1606 2931 Fratrum
1623 2907 1751 2932 Minorum.
1771 2907 1831 2935 Quo-

993 2956 1066 2984 niam,
1083 2957 1110 2979 ut
1126 2955 1159 2978 ait
1175 2954 1268 2985 sapiens
1280 2958 1321 2978 etc.
1334 2955 1444 2978 Desinunt
1461 2955 1498 2978 101.
1517 2955 1570 2977 183.
1587 2961 1616 2977 r.:
1634 2953 1832 2978 Annicersarium

1719 3032 1738 3054 X
