2133 3317
268 205 321 233 ’176

347 284 373 312 2.
396 282 474 319 Quod
495 285 589 311 autem
614 282 682 310 baec
703 280 789 309 verba
809 280 974 317 loqueretur
995 287 1032 309 ex
1054 287 1117 317 per-

132 336 252 379 hoevsirciffi
269 338 336 359 sona
357 330 472 359 assumti
494 328 630 362 hominis,
652 327 701 365 qui
723 329 815 356 tamen
836 334 900 355 cum
915 327 974 363 ipso
989 326 1038 356 Dei
1052 327 1061 343 ¹
1076 326 1117 355 Fi-

132 389 252 426 3333?ss
269 377 305 406 lio
326 385 382 405 una
403 384 521 413 persona
542 375 609 408 fuit,
630 376 706 411 patet
727 381 776 411 per
791 374 844 402 boc
865 373 940 411 quod
961 374 1017 402 ait:
1041 374 1118 402 Deus

133 431 196 449 sumti,

269 432 372 457 mezen
393 423 467 460 quod
487 422 585 459 utique
606 429 660 450 uon
681 421 786 450 diceret
810 421 868 458 ipse
890 421 937 458 qui
953 429 1027 450 unus
1042 421 1117 450 Deus

268 474 309 499 est
330 478 394 499 cum
416 469 511 503 Patre,
533 468 555 497 si
581 476 635 496 non
664 468 805 496 bominem
832 468 1016 497 assumsisset.
1046 467 1117 504 Quid

268 520 360 546 autem
382 519 424 545 est
444 515 519 553 quod
539 515 592 543 ait:
620 515 654 543 Ut
674 514 746 552 quid
766 523 811 543 me
825 514 1026 553 dereliquisti?
1041 515 1116 543 Nun-

268 564 335 601 quid
349 564 428 592 Pater
442 562 557 591 unicum
574 570 658 591 suum
670 562 768 591 Filium
780 565 888 599 poterat
899 561 1094 599 derelinquere
1106 564 1118 590 Ἰ

268 611 357 645 Α11511;
380 610 426 639 560
442 618 492 647 1110
508 612 565 638 1010
579 617 712 646 60111016,
727 609 754 637 10
769 612 811 638 651
822 609 832 625 2
847 617 898 646 pro
913 612 970 637 tota
985 609 1116 643 Ecclesia,

268 657 393 694 loquitur
408 657 446 685 110.
460 658 544 693 caput
564 658 706 690 nostrum,
728 655 943 693 benignissimus
964 656 1048 685 lesus.
1063 657 1117 685 Vo-

269 704 328 733 lens
349 703 422 732 enim
443 703 637 732 commendare
659 703 794 732 unitatem
816 705 844 731 et
858 703 1018 737 caritatem,
1033 711 1116 740 quam

270 751 303 779 ad
326 750 487 785 Ecclesiam,
509 758 637 787 sponsam
652 758 730 779 suam
752 749 866 784 habuit,
889 757 917 779 se
938 749 965 778 in
988 750 1119 779 omnibus

803 202 1000 231 OPUSCULUM
1021 202 1052 230 X.
1074 202 1161 231 VITlS
1181 202 1331 231 MYSTICA.
1353 203 1422 232 CAP.
1444 203 1485 231 XI.

1175 280 1309 309 membris
1330 280 1388 310 suis
1408 289 1558 318 passurum
1580 281 1715 315 ostendit,
1737 282 1784 318 qui
1807 284 1874 311 tunc
1892 282 1920 310 in
1935 282 2023 319 capite

1175 326 1308 355 sustinuit
1335 327 1506 364 passionem,
1535 328 1587 357 boc
1614 331 1656 357 est
1687 328 1714 356 in
1745 328 1859 365 proprio
1891 336 2023 365 corpore,

1175 373 1249 410 (11100
1270 374 1401 403 assumsit
1421 374 1455 403 de
1476 375 1589 412 Virgine
1600 375 1620 403 ³.
1644 375 1762 404 Clamat
1781 378 1874 404 autem
1896 383 1925 404 se
1945 375 2023 404 dere-

1175 420 1272 449 lictum
1294 420 1341 457 qui
1362 420 1518 458 derelinqui
1539 430 1593 450 non
1615 424 1739 458 poterat,
1755 422 1821 459 quia
1836 422 1924 451 multa
1938 430 2023 452 mem-

1175 467 1293 496 brorum
1314 475 1429 496 suorum
1452 468 1485 497 ad
1506 471 1611 497 tantam
1632 468 1839 498 tribulationem
1857 472 1937 498 erant
1959 477 2024 498 ven-

1176 517 1255 548 tura,
1277 517 1309 543 ut
1329 522 1344 543 a
1365 515 1422 543 Deo
1443 514 1575 544 derelicta
1596 515 1706 552 penitus
1727 515 1890 545 viderentur
1901 516 1921 544 4.
1942 516 2024 545 Bene-

1175 561 1266 590 dictus
1287 561 1322 590 sit
1336 561 1464 590 amabilis
1477 562 1627 597 Dominus,
1641 562 1855 599 benignissimus
1870 563 1961 598 lesus,
1977 563 2025 600 qui

1176 608 1266 645 primo
1287 608 1315 636 in
1336 616 1365 637 se
1380 616 1431 645 pro
1444 609 1524 638 nobis
1534 632 1541 643 ,
1556 617 1630 638 nunc
1645 617 1711 638 vero
1726 612 1753 638 et
1767 610 1912 639 nobiscum
1927 610 1955 639 in
1975 618 2026 639 no-

1176 655 1218 684 bis
1233 655 1288 692 pati
1300 655 1440 693 dignatur,
1452 656 1658 685 tribulationem
1674 660 1806 691 nostram,
1818 665 1902 694 quam
1918 665 1969 694 pro
1983 657 2026 686 iu-

1177 703 1250 732 stitia
1265 702 1400 739 patimur,
1416 711 1495 732 suam
1510 706 1643 740 reputans
1664 706 1691 732 et
1711 703 1847 733 clamans:
1869 703 1943 732 Cum
1963 704 2026 741 ipso

1175 759 1243 779 sum
1258 751 1289 779 in
1304 749 1490 779 tribulatione
1501 750 1523 784 ⁵,
1538 753 1570 779 ut
1584 750 1617 779 de
1632 750 1691 788 ipso
1706 751 1833 780 securius
1847 751 2025 780 confidamus.

1039 885 1200 914 CAPITULUM
1222 885 1263 914 XI.

724 1008 764 1037 De
785 1008 884 1046 quinto
905 1007 975 1045 folio
997 1008 1064 1037 vitis
1085 1008 1144 1037 siue
1165 1007 1249 1036 verbo
1274 1007 1384 1037 Christi
1405 1008 1435 1037 in
1456 1009 1573 1037 crueess.

2120 1097 2121 1122 1

1179 1131 1241 1160 bere
1263 1140 1330 1160 cum
1351 1130 1415 1169 felle
1435 1132 1572 1161 mimum.
1601 1132 1706 1161 Punitis
1737 1133 1867 1162 omnibus
1895 1134 2028 1163 membris
2048 1128 2128 1165 Puniens:

1178 1177 1330 1207 dulcissimi
1352 1178 1428 1213 lesu,
1451 1182 1609 1216 supererat,
1631 1179 1725 1216 puniri
1747 1183 1773 1209 et
1794 1180 1925 1217 linguam.
1947 1180 2028 1210 Dedit
2052 1167 2119 1186 ΝΜ

273 1183 332 1209 tum
354 1179 534 1208 amantissimi
556 1179 617 1208 Iesu
638 1179 773 1213 verbum,
795 1178 869 1216 quod
889 1178 980 1207 emisit
995 1178 1021 1207 in
1037 1186 1121 1207 cruce
2062 1190 2119 1214 ungria

1178 1232 1245 1262 ergo
1266 1225 1290 1253 ei
1312 1225 1339 1253 in
1362 1225 1405 1254 siti
1434 1233 1485 1254 sua
1512 1226 1558 1254 illa
1586 1226 1654 1255 vitis
1682 1226 1797 1262 ciltena,
1826 1235 1968 1257 conversa
1995 1227 2027 1257 iu

354 1134 377 1161 t.
400 1132 533 1169 Quintum
562 1132 658 1161 folium
687 1135 714 1160 et
735 1132 832 1169 quinta
853 1127 956 1160 chorda
978 1135 1019 1160 est
1040 1131 1121 1168 quin-

274 1226 385 1255 dicens:
409 1226 480 1255 Sitio
493 1226 512 1254 ⁷.
536 1227 570 1255 Et
591 1225 703 1254 dabant
717 1226 744 1254 ei
758 1225 859 1254 vinum
874 1224 1064 1263 myrrhatum
1080 1224 1121 1253 bl-
1148 1134 1151 1260 l

275 1398 396 1425 patientiae
414 1396 452 1427 [ex
469 1399 488 1419 A
505 1397 667 1425 supplex-imus
685 1396 807 1420 ostendit...
821 1396 962 1426 patientiae]
984 1397 1084 1419 ostendit
1101 1397 1122 1419 in

274 1436 360 1459 verbis.
378 1436 460 1459 Scissis
476 1436 538 1458 enim
556 1435 660 1459 vestibus
677 1439 699 1458 et
716 1438 782 1458 tonso
800 1436 862 1458 crine
879 1436 973 1464 60111115,
997 1436 1083 1458 corruit
1100 1436 1123 1458 in

275 1478 366 1498 terram.
385 1476 455 1502 Ecce,
471 1475 610 1503 magnitudo
624 1475 719 1497 doloris.
732 1475 784 1497 Post
796 1476 839 1497 boc
853 1474 878 1504 [A
892 1474 956 1504 haec]
970 1475 1001 1497 ait
1014 1475 1031 1504 [1
1044 1492 1050 1502 ‚
1063 1474 1122 1504 2i.]:

276 1514 391 1537 Dominus
403 1513 477 1542 dedit,
490 1513 607 1537 Dominus
618 1513 716 1537 abstulit
721 1532 728 1542 ,
743 1513 806 1537 sicut
816 1513 917 1536 Domino
927 1513 1031 1543 placuit,
1044 1513 1076 1536 ita
1088 1514 1122 1543 fa-

275 1555 338 1577 ctum
356 1555 402 1582 est,
419 1553 451 1577 sit
466 1559 552 1576 nomeu
570 1552 667 1576 Doiiilni'
683 1552 835 1576 benedictum.
854 1553 923 1580 Ecce,
946 1553 1020 1576 virius
1037 1553 1123 1581 patien-

275 1593 326 1615 tiae.
344 1593 366 1615 Si
385 1593 497 1621 patienter
514 1593 621 1615 sustinuit
638 1591 677 1614 lob
695 1592 800 1615 miserias
818 1598 883 1621 suas,
901 1595 988 1621 quanto
1001 1592 1123 1620 patientius

275 1635 343 1660 putas
359 1632 484 1654 Dominum
501 1632 576 1654 lesum
596 1631 623 1661 [A
648 1631 733 1654 omittit
757 1631 844 1661 lesum]
870 1632 1007 1654 sustinuisse
1029 1638 1122 1654 crucem

275 1677 354 1698 suani,
372 1677 415 1699 pro
432 1677 478 1700 (1110
496 1671 627 1693 sustinenda
646 1672 760 1693 venerat?

338 1710 345 1722 ¹
365 1711 394 1732 lta
412 1710 493 1738 CDE,
510 1710 567 1732 alias
584 1710 638 1733 Deo.
656 1710 751 1732 Inferius
775 1716 819 1738 pro
843 1710 866 1733 si
881 1716 929 1733 non
946 1709 1065 1733 homiuem
1084 1710 1123 1737 (ita

276 1749 355 1779 CDE)
374 1750 429 1772 alias
445 1749 493 1773 nisi
508 1749 628 1772 homiuem
646 1749 679 1778 (id
697 1752 731 1772 est
748 1750 873 1772 humanam
891 1752 1013 1777 naturam;
1031 1750 1071 1772 cfr.
1083 1750 1123 1772 Bo-

275 1795 340 1817 nav.,
359 1789 391 1811 111.
410 1789 471 1811 Sent.
488 1789 512 1811 (1.
530 1788 552 1811 5.
569 1795 588 1811 a.
608 1790 629 1811 2.
648 1795 670 1817 (1.
689 1788 728 1817 ln).

338 1830 347 1840 ²
365 1828 405 1850 Ed.
425 1828 433 1850 11
456 1834 509 1850 cum
528 1828 545 1850 A
563 1828 627 1850 addit
640 1834 687 1857 pro
704 1834 729 1851 56
740 1829 769 1851 et.
781 1827 884 1850 Subinde
896 1831 948 1856 post
964 1827 1048 1851 Volens
1060 1827 1122 1851 eat'm

275 1866 292 1890 C
309 1867 373 1889 addit
390 1866 423 1895 ei,
440 1867 492 1889 voci
510 1866 624 1890 imitatem
642 1867 686 1889 DE
703 1867 836 1895 praefigunt
852 1867 915 1894 eius,
931 1867 983 1890 voci
1000 1866 1125 1890 caritatem

276 1907 293 1929 A
311 1906 375 1929 addit
391 1912 469 1934 suam,
487 1908 509 1929 et
526 1908 579 1934 post
596 1905 637 1936 qui
653 1907 710 1929 tunc
727 1906 783 1929 Bon.
803 1909 881 1929 contra
900 1907 917 1929 A
928 1905 972 1929 CD
983 1907 999 1928 Ε
1016 1909 1038 1928 et
1054 1906 1093 1929 ed.
1111 1906 1128 1928 1.

276 1946 424 1974 prosequitur
441 1944 466 1968 in
483 1944 582 1968 caritate
599 1946 621 1969 et
637 1944 662 1968 in
678 1951 703 1968 se
720 1945 770 1975 ipso
788 1944 902 1969 sustinuit
918 1944 1069 1975 passionem,
1082 1944 1125 1968 1106

276 1986 308 2007 est
325 1984 350 2007 in
367 1986 414 2008 toto
432 1990 531 2014 corpore
548 1986 590 2007 etc.

339 2022 348 2036 3
365 2023 411 2046 Csr.
428 2024 528 2051 Bonan,
546 2024 580 2046 111.
597 2024 660 2046 Sent.
677 2023 699 2046 d.
718 2024 755 2046 2l.
773 2029 793 2046 a.
816 2025 833 2046 1.
851 2030 874 2053 (1.
896 2025 912 2046 Ι.
931 2024 960 2046 00
979 2024 1008 2046 4:
1030 2024 1123 2052 Dispen-

277 2063 350 2086 sative
367 2063 483 2086 subtracta
502 2063 543 2085 suit
558 2063 713 2086 redundantia
731 2062 901 2092 [delectationis
919 2062 1024 2093 Deitatis]
1036 2064 1060 2085 in
1074 2069 1124 2091 par-

277 2104 322 2125 tem
341 2101 487 2130 sensibilem,
503 2105 525 2124 et
542 2102 644 2130 exposita
663 2102 704 2124 suit
721 2101 823 2131 [anima]
841 2102 941 2130 passioni
953 2102 1124 2125 acerbissimae.

277 2142 372 2169 Propter
389 2142 454 2170 quod
471 2142 554 2164 clamat
572 2141 592 2163 in
611 2141 734 2169 passione:
752 2142 814 2164 Deus
832 2147 911 2169 viteus,
928 2142 991 2164 Deus
1004 2142 1087 2164 meus!
1102 2143 1127 2164 ut

277 2180 334 2210 quid
350 2180 497 2210 dereliquisti
513 2182 570 2203 me?
587 2180 651 2209 quod
668 2187 713 2203 non
731 2181 876 2208 intelligitur,
901 2181 956 2209 quia
978 2181 1126 2210 dereliquerit

276 2220 388 2243 solvendo
405 2220 523 2242 vinculum
541 2220 644 2247 unionis,
662 2220 703 2242 sed
720 2220 856 2248 exponendo
873 2220 903 2242 ad
921 2220 1060 2248 supplicium
1076 2226 1125 2248 pas-

276 2260 355 2282 sionis.
372 2259 418 2282 Cfr.
434 2259 509 2286 Beda,
526 2259 548 2281 in
565 2260 642 2282 110011.
660 2259 703 2286 27,
722 2259 759 2282 46.
775 2262 797 2282 et
815 2259 835 2281 In
854 2260 922 2282 Marc.
941 2260 983 2287 lS,
1001 2259 1039 2282 34.
1051 2273 1081 2275 —
1094 2260 1125 2282 ln-

278 2299 347 2322 serius
364 2301 417 2327 post
436 2298 600 2322 membrorum
621 2304 724 2321 suorum
741 2299 797 2321 Bon.
814 2299 879 2321 addit
895 2298 990 2329 mystici
1006 2298 1122 2328 corporis.

339 2336 348 2349 4
365 2337 544 2365 Refragantibus
561 2337 577 2360 C
587 2338 655 2360 DEF
665 2338 697 2365 H,
715 2338 771 2360 Bou.
782 2344 837 2360 eum
849 2338 887 2360 ed.
900 2338 907 2360 1
925 2340 947 2360 61
964 2338 981 2360 Α
999 2338 1036 2360 bic
1048 2338 1124 2360 addit:

278 2377 381 2405 Quorum
401 2382 525 2404 personam
543 2376 648 2405 gestabat
666 2377 700 2399 ille
717 2377 757 2406 qni
775 2376 866 2399 dicebat
877 2376 926 2406 [Ps.
939 2377 983 2404 70,
1001 2377 1038 2400 lO.
1059 2376 1124 2406 =ll.]:

278 2415 325 2443 Qui
335 2414 498 2439 custodiebam
514 2415 621 2439 animam
638 2422 729 2444 meam,
742 2415 868 2439 consilium
880 2415 986 2445 fecerunt
998 2415 1022 2438 in
1034 2422 1123 2444 wizam,

276 2454 390 2478 dicentes:
408 2455 471 2478 Deus
488 2454 614 2484 dereliquit
630 2461 697 2483 eum,
710 2454 883 2484 persequimini
899 2456 921 2478 et
937 2454 1125 2484 comprehendite

276 2500 343 2522 eum,
364 2494 421 2523 quia.
438 2500 487 2517 uon
503 2495 538 2517 est
554 2494 595 2524 qui
612 2493 693 2517 liberet
709 2500 771 2517 eum.
788 2494 856 2523 Quod
868 2497 890 2517 et
902 2494 946 2523 ipsi
957 2494 1124 2522 benignissimo

278 2532 322 2562 [ed.
345 2534 349 2555 1
372 2540 426 2556 cum
443 2534 461 2555 A
479 2532 587 2563 beni-quo]
606 2534 656 2556 1650
673 2534 696 2556 in
714 2536 828 2556 tormento
845 2534 921 2556 crucis
939 2534 1124 2561 improperatum

277 2576 324 2595 est:
343 2572 372 2596 Si
387 2572 466 2596 Filius
482 2572 526 2596 Dei
541 2579 577 2601 es,
596 2572 665 2596 salva
683 2572 830 2602 tenzetipsum
847 2572 936 2602 [Mattb.
950 2573 992 2601 27,
1006 2573 1042 2595 40.
1054 2573 1096 2596 Ed.
1114 2574 1119 2594 1

277 2618 330 2634 cum
347 2613 365 2634 A
382 2612 477 2635 salvum
494 2614 515 2635 te
530 2612 569 2642 fac
580 2621 589 2641 ;
607 2613 648 2634 611.
665 2613 732 2635 Marc.
755 2612 794 2639 15,
812 2611 870 2642 30.].
888 2613 963 2634 Potest
989 2615 1011 2635 et
1036 2612 1065 2635 ita
1089 2618 1125 2634 ac-

277 2651 335 2679 cipi,
353 2651 416 2680 (1000
434 2651 546 2674 Dominus
562 2651 702 2679 praevidens
719 2651 821 2680 aliquos,
840 2652 911 2674 1011110
928 2651 1040 2679 plurimos
1058 2652 1081 2673 in
1093 2651 1124 2681 [A

277 2689 313 2720 de]
330 2696 428 2718 corporo
445 2697 487 2713 suo
506 2690 533 2720 [A
551 2691 615 2713 addit
628 2689 776 2720 perituros]
801 2691 841 2719 qui
859 2690 889 2713 ab
906 2691 993 2713 unitate
1010 2691 1124 2713 Ecclesiae

277 2735 333 2751 suae
350 2735 391 2757 per
407 2731 526 2757 haereses,
543 2730 592 2752 sive
609 2736 651 2758 per
668 2730 711 2752 alia
728 2730 853 2752 criminalia
867 2733 960 2758 peccata
974 2733 1039 2752 erant
1050 2736 1125 2752 reces-

277 2769 337 2795 suri,
364 2769 454 2791 illorum
479 2775 603 2797 personam
629 2769 653 2791 in
678 2775 702 2792 se
719 2769 919 2797 transfigurando,
944 2769 1073 2792 clamabat:
1096 2769 1125 2792 Ut

278 2806 335 2836 quid
352 2806 497 2837 dereliquisti
512 2809 569 2831 me?
586 2808 618 2830 Ac
635 2808 653 2831 si
671 2808 773 2830 diceret:
792 2808 868 2836 Quare
880 2808 963 2837 aliquis
975 2814 1056 2831 eorum
1069 2807 1125 2830 abiit

277 2848 417 2873 retrorsum,
436 2849 459 2869 ut
475 2850 555 2875 pereat
572 2846 601 2869 al]
619 2847 705 2870 unitate
723 2847 828 2874 corporis
850 2847 909 2874 mei,
932 2847 973 2876 qui
990 2850 1051 2870 tanto
1074 2853 1124 2869 cru-

278 2885 337 2907 ciatu
356 2885 410 2907 mihi
428 2888 481 2908 sunt
498 2886 573 2908 uniti?
598 2886 663 2909 Unde
689 2892 714 2909 ex
740 2892 840 2914 persona
857 2886 1018 2909 membrorum
1036 2885 1086 2916 [ed.
1114 2887 1118 2907 1

278 2930 331 2946 cum
349 2925 366 2946 A
384 2924 531 2954 Martyrum]
550 2925 632 2947 dicitur
650 2925 671 2947 in
689 2925 778 2947 Psalmo
796 2924 852 2954 [4-3,
871 2925 936 2955 25.]:
963 2924 1076 2948 Adhaesit
1099 2924 1123 2948 in

278 2965 344 2986 terra
363 2964 441 2986 center
458 2965 544 2986 noster.
563 2964 604 2986 Per
623 2966 725 2987 renti-em
744 2964 775 2993 [A
792 2964 856 2987 addit
873 2964 960 2994 euim]‚
972 2965 1124 2993 (1016510101-

279 3003 320 3024 lior
338 3005 359 3024 et
378 3002 489 3025 infirmior
516 3009 569 3030 pars
595 3004 706 3031 bominis,
732 3004 889 3031 significantur
914 3005 943 3026 illi
964 3004 1003 3032 qui
1022 3007 1125 3026 carentes

1180 1397 1289 1425 patientia
1307 1397 1335 1425 [A
1352 1396 1443 1419 duritia
1459 1396 1597 1426 patientiae]
1622 1400 1644 1419 et
1669 1397 1775 1420 firmitate
1800 1399 1986 1425 perseverantiae
2008 1402 2030 1422 et

1181 1438 1275 1464 propter
1293 1436 1336 1458 1106
1354 1436 1376 1457 10
1394 1435 1519 1458 acerbitate
1536 1438 1704 1458 tormentorum
1717 1436 1861 1464 deficientes,
1874 1437 2030 1461 adhaeserunt

1181 1475 1203 1497 in
1221 1478 1293 1501 terra,
1312 1474 1335 1497 id
1352 1478 1387 1497 est
1407 1475 1502 1497 terrenis
1527 1475 1627 1498 consiliis
1652 1478 1674 1497 et
1699 1475 1829 1499 actionibus
1854 1480 2028 1500 consenserunt.

1181 1514 1226 1536 Nos
1242 1517 1333 1541 autem,
1351 1514 1391 1542 qui
1408 1513 1485 1536 adbuc
1503 1514 1524 1535 in
1543 1513 1729 1537 tribulationibus
1741 1515 1883 1543 quotidianis
1894 1521 2029 1545 versamur,

1181 1553 1221 1582 qui
1238 1552 1401 1582 spectaculum
1417 1552 1476 1582 facti
1491 1559 1578 1577 sumus
1597 1553 1687 1576 mundo
1705 1555 1726 1577 et
1742 1554 1840 1584 Anqelz's
1857 1556 1880 1578 et
1895 1555 2031 1580 hominihus

1182 1591 1207 1621 [L
1223 1591 1274 1615 Cor⁴
1294 1592 1319 1620 ¹l,
1337 1592 1368 1620 9.]
1387 1594 1409 1614 et
1426 1594 1542 1622 tanquam
1557 1594 1720 1622 put-qamenta
1745 1592 1818 1616 liuius
1840 1593 1926 1617 mandi·
1942 1595 1963 1618 et
1979 1601 2030 1624 per-

1183 1631 1273 1661 ipsema
1290 1631 1398 1654 omnium
1414 1637 1489 1661 usque
1505 1630 1584 1655 adhuc
1601 1631 1670 1661 [ibid.
1687 1638 1711 1654 v.
1724 1632 1783 1662 =13.],
1796 1633 1973 1656 inenarrabilem
1986 1634 2030 1663 spi-

1182 1671 1239 1693 ritus
1257 1670 1284 1700 [A
1301 1676 1367 1700 spem
1383 1670 1413 1700 et]
1432 1670 1540 1693 fiduciam
1552 1671 1711 1700 concipiamus
1722 1678 1749 1694 ex
1761 1673 1804 1695 1106
1817 1673 1954 1702 praecipue,
1965 1674 2029 1702 quod

1182 1710 1232 1738 ipse
1249 1710 1361 1733 Dominus
1383 1711 1514 1733 consolator
1538 1710 1643 1733 omnium
1668 1716 1831 1739 pressurarum
1857 1714 1918 1735 tanta
1943 1713 2030 1736 unitate

1181 1749 1276 1777 spiritus
1293 1752 1315 1772 et
1332 1749 1431 1772 caritatis
1452 1749 1520 1772 nobis
1544 1749 1680 1772 coniunctus
1705 1752 1752 1777 est,
1769 1753 1794 1773 ut
1810 1751 1879 1773 etiam
1904 1757 2029 1779 personam

1182 1791 1275 1811 nostrae
1300 1788 1438 1812 infirmitatis
1463 1789 1487 1811 in
1512 1795 1537 1811 se
1562 1791 1608 1811 tam
1626 1789 1752 1812 manifestis
1769 1789 1848 1812 verbis
1865 1791 2030 1819 transfigurare

1182 1828 1291 1856 dignatus
1307 1828 1350 1856 sit;
1368 1828 1408 1857 qui
1426 1828 1502 1851 adbuc
1519 1828 1589 1850 etiam
1606 1828 1669 1856 apud
1688 1829 1778 1851 Patrem
1804 1829 1933 1852 ostensione
1950 1830 2028 1853 vulne-

1182 1874 1235 1890 rum
1252 1873 1349 1890 suorum
1366 1867 1494 1896 interpellat
1511 1873 1553 1896 pro
1571 1867 1638 1890 nobis
1664 1867 1713 1897 [cfr.
1735 1867 1806 1891 Hebr.
1824 1867 1852 1896 7,
1870 1868 1930 1899 25.],
1947 1875 2028 1898 orans,

1183 1912 1211 1929 ne
1229 1907 1401 1936 derelinquatur
1417 1907 1439 1929 in
1457 1906 1624 1929 infirmioribus
1641 1906 1683 1936 [ita
1700 1907 1733 1934 A,
1752 1907 1790 1930 ed.
1804 1908 1811 1929 11
1828 1910 1850 1930 et
1861 1908 1919 1930 Bon.
1936 1907 2031 1938 inferio-

1182 1945 1262 1976 ribus]
1284 1945 1396 1969 membris
1420 1946 1481 1973 suis,
1498 1947 1538 1975 qui
1556 1946 1578 1968 in
1595 1952 1620 1969 se
1638 1946 1713 1974 capite
1730 1952 1880 1975 nequaquam
1897 1947 1973 1975 potuit
1990 1947 2031 1970 de-

1183 1985 1287 2014 relinqui.
1305 1986 1331 2007 Et
1348 1985 1468 2013 quomodo
1485 1984 1590 2007 membra
1608 1985 1767 2013 desperabunt
1790 1984 1833 2015 [ita
1853 1986 1885 2014 A;
1913 1986 1950 2009 ed.
1974 1987 1982 2008 ¹l
2009 1989 2032 2009 et

1183 2025 1238 2047 Bon.
1255 2024 1413 2054 deperirent],
1438 2030 1499 2053 quae
1524 2025 1548 2046 in
1573 2025 1691 2047 voluntate
1715 2025 1798 2053 capitis
1819 2025 1853 2047 sui
1871 2031 1938 2048 suam
1955 2025 2031 2048 sciunt

1183 2066 1289 2086 constare
1305 2064 1422 2086 salutem?
1439 2064 1549 2092 Nunquid
1574 2063 1668 2092 aliquod
1693 2063 1853 2086 membrorum
1879 2067 1914 2087 est
1931 2065 1952 2087 in
1970 2071 2030 2088 0101-

1183 2103 1220 2125 tali
1238 2108 1337 2130 corpore
1354 2105 1432 2125 nostro
1450 2102 1478 2131 [A
1495 2102 1578 2125 omittit
1595 2102 1700 2132 uostro],
1719 2103 1754 2125 cui
1768 2109 1813 2126 non
1826 2103 1948 2126 condoleat
1960 2107 2030 2132 caput

1183 2143 1307 2164 nostrum?
1325 2142 1347 2164 Si
1364 2142 1473 2170 affligitur
1490 2148 1532 2170 pes
1549 2143 1585 2164 vel
1603 2148 1696 2171 manus,
1714 2142 1790 2165 statim
1808 2143 1892 2166 clamat
1907 2147 1977 2172 caput
1988 2150 2032 2172 per

1183 2181 1301 2209 linguam:
1319 2180 1365 2203 Cur
1381 2181 1472 2209 affligor
1489 2180 1539 2211 [cl'r.
1556 2181 1667 2209 August„
1685 2182 1785 2204 Enarrat.
1799 2182 1821 2204 in
1834 2183 1868 2205 Ps.
1883 2182 1936 2205 440.
1947 2190 1970 2205 n.
1983 2183 2030 2213 3.]‘.›

1183 2220 1302 2243 Clamabat
1319 2221 1431 2243 Dominus
1448 2221 1478 2243 ad
1496 2221 1590 2243 Saulum
1608 2221 1630 2243 in
1642 2220 1747 2243 membra
1760 2227 1801 2244 sua
1813 2222 1968 2245 saevientem:
1982 2222 2031 2246 Cur

1182 2265 1219 2282 me
1232 2259 1384 2289 persequeris
1403 2259 1460 2289 [Act.
1478 2260 1505 2288 9,
1524 2259 1575 2289 4.]’2
1592 2265 1646 2282 cum
1671 2262 1748 2282 tamen
1773 2260 1822 2288 ipse
1845 2266 1942 2283 securus
1958 2266 2031 2283 rema-

1182 2301 1248 2321 neret
1264 2299 1286 2320 111
1304 2299 1376 2321 60610.

1246 2337 1255 2350 5
1272 2338 1354 2360 psalm.
1372 2338 1414 2365 90,
1433 2338 1470 2360 115.
1487 2350 1518 2354 —-
1535 2337 1592 2361 Cod.
1609 2338 1626 2360 A
1644 2339 1792 2367 prosequitur
1810 2340 1838 2362 at
1853 2338 1877 2362 in
1895 2338 1945 2368 ipso
1962 2338 2031 2362 stabi-

1184 2376 1229 2399 lius
1247 2378 1268 2400 et
1284 2376 1393 2400 securius
1410 2376 1572 2406 confidamus,
1591 2378 1608 2400 D
1618 2378 1634 2400 Ε
1650 2379 1678 2401 ut
1694 2376 1721 2400 de
1737 2377 1788 2407 ipso
1806 2377 1843 2401 vel
1859 2377 1906 2407 ipsi
1921 2377 2030 2401 securius

1183 2416 1344 2446 confidamus,
1362 2416 1400 2439 ed.
1421 2417 1426 2438 1
1448 2417 1531 2439 omittit
1548 2416 1576 2440 de
1593 2416 1650 2446 ipso.
1668 2417 1781 2444 Superius
1798 2423 1840 2445 pro
1858 2417 1882 2439 in
1894 2416 1961 2440 nobis
1975 2417 2029 2440 Bon.

1182 2456 1203 2478 et
1221 2454 1245 2478 in
1262 2454 1341 2483 nobis,
1359 2461 1402 2483 pro
1415 2455 1470 2485 pati
1487 2456 1504 2478 H
1522 2455 1632 2485 compati,
1651 2460 1673 2478 et
1698 2458 1750 2484 post
1775 2455 1951 2479 tribulationem
1974 2456 2030 2479 Bon.

1182 2500 1236 2518 cum
1262 2495 1298 2517 60,
1317 2495 1324 2516 11
1347 2498 1425 2517 contra
1447 2495 1515 2517 codd,
1537 2495 1685 2524 prosequitur
1710 2501 1783 2524 quam
1808 2494 1915 2524 eoeiqente
1940 2495 2030 2519 iustitia

1179 2534 1288 2564 patimur
1306 2537 1348 2557 etc.

1245 2572 1255 2586 ⁶
1272 2574 1311 2596 Ed.
1334 2574 1339 2595 1
1361 2573 1425 2596 addit
1441 2573 1501 2597 Silio
1510 2582 1519 2602 ‚·
1536 2574 1581 2596 ΑΒ
1598 2574 1677 2601 legunt
1689 2573 1722 2596 De
1739 2573 1820 2602 quinto
1834 2572 1916 2602 verbo,
1929 2574 1984 2596 Bon.
1997 2574 2031 2597 De

1183 2613 1264 2643 quinto
1282 2613 1338 2643 salto
1356 2613 1417 2636 vitis.

1246 2651 1254 2664 ⁷
1272 2653 1332 2675 1000,
1353 2652 1391 2679 19,
1410 2652 1451 2679 28,
1468 2655 1520 2680 post
1536 2658 1607 2680 quem
1624 2652 1691 2674 Marc.
1722 2652 1761 2679 15,
1787 2652 1832 2674 23:
1858 2652 1883 2674 Et
1900 2652 1986 2675 dabant
2007 2653 2028 2675 ei

1182 2691 1263 2714 bibere
1280 2692 1424 2719 myrrhatum
1442 2691 1530 2713 vinum.
1549 2692 1625 2713 Mattli.
1644 2691 1686 2719 27,
1704 2691 1749 2713 34:
1775 2692 1800 2713 Et
1825 2691 1939 2714 dederunt
1958 2691 1979 2714 ei
1995 2691 2030 2713 vi-

1182 2736 1239 2753 num
1256 2729 1336 2753 bibere
1361 2736 1414 2752 cum
1440 2730 1490 2752 selle
1507 2730 1611 2752 mixtum.
1629 2742 1659 2746 —
1678 2730 1717 2752 Ed.
1736 2731 1743 2751 l
1766 2736 1819 2752 cum
1837 2730 1855 2752 A
1872 2730 1941 2757 legit:
1962 2730 2030 2758 Quin-

1182 2772 1231 2791 tum
1249 2769 1327 2791 solium
1344 2770 1394 2791 sive
1411 2769 1490 2798 quinta
1516 2769 1602 2792 chorda
1620 2768 1699 2791 brevis
1716 2769 1811 2798 quidem
1829 2768 1933 2796 videtur,
1952 2769 1993 2791 sed
2010 2769 2029 2791 si

1182 2809 1329 2837 alseutiatur,
1347 2809 1366 2831 si
1383 2809 1515 2836 diligentius
1540 2808 1570 2838 [Α
1592 2809 1675 2831 omittit
1691 2807 1840 2838 diligentius]
1857 2808 2030 2836 consideretur,

1182 2848 1211 2870 ad
1229 2848 1314 2870 amoris
1332 2848 1443 2870 indicium
1455 2848 1616 2870 efficacissima
1627 2848 1711 2875 poterit
1722 2848 1827 2870 inveniri.
1838 2847 1874 2870 Ait
1886 2847 1947 2870 enim
1958 2848 2030 2869 Evan-

1183 2887 1263 2915 gelista
1282 2886 1355 2916 [ioan.
1378 2887 1416 2914 19,
1434 2886 1500 2916 28.]:
1524 2886 1606 2910 Videas
1623 2886 1653 2916 [A
1671 2887 1735 2909 addit
1759 2886 1849 2916 arietem]
1873 2887 1951 2914 Iesus,
1974 2886 2030 2916 qaia

1182 2926 1263 2949 omnia
1290 2925 1317 2955 [A
1343 2926 1392 2949 Iam
1417 2925 1510 2955 omnia]
1528 2927 1694 2949 consummata
1711 2927 1797 2953 essent,
1824 2927 1851 2949 ut
1872 2925 2029 2955 implerentur

1182 2965 1323 2994 Scripturae
1349 2964 1379 2994 [A
1404 2965 1468 2988 addit
1492 2965 1543 2988 ait:
1569 2965 1637 2989 Silio.
1661 2965 1726 2993 Quae
1746 2965 1846 2995 fueraut
1862 2964 2029 2994 Soranum-neh

1182 3010 1242 3032 (11106
1260 3004 1392 3032 implendae
1409 3005 1493 3026 erant?
1511 3005 1562 3026 illae
1580 3004 1671 3033 utique,
1684 3010 1745 3033 quae
1762 3005 1840 3027 dicunt
1858 3004 1902 3032 [Ps.
1914 3004 1952 3030 68,
1966 3003 2029 3033 22.]:
