2133 3317
791 366 1099 403 OPUSOULUM
1124 366 1171 402 V.

840 490 1120 533 TRAGTATUS

175 631 312 695 DE
353 626 1191 708 PRAEPARATIONE
1233 625 1375 689 AD
1416 626 1785 690 MISSAM

881 1061 1053 1090 PROLOGUS
1064 1061 1084 1088 ¹.

186 1152 224 1182 Ad
245 1153 379 1181 honorem
406 1151 541 1188 gloriosae
562 1158 593 1179 ac
624 1149 781 1178 individuae
811 1148 952 1177 Trinitatis
1008 1156 1078 1185 grue
1099 1147 1204 1184 disponi
1227 1147 1261 1176 ad
1282 1147 1342 1176 eius
1363 1147 1586 1184 perceptionem;
1618 1155 1700 1184 quain
1727 1156 1782 1176 non
1810 1156 1855 1176 ra-

5 1206 92 1233 ·rshuisss
108 1203 136 1229 et
155 1200 188 1229 ad
209 1200 342 1228 honorem
356 1199 366 1215 ²
398 1197 621 1227 excellentissimi
643 1196 827 1230 Sacramenti,
850 1195 953 1225 scilicet
1009 1195 1078 1232 ptim
1100 1195 1218 1231 strepitu
1239 1194 1390 1223 verborum
1411 1194 1518 1231 legere,
1540 1194 1586 1223 sed
1608 1194 1668 1223 eius
1690 1202 1802 1223 sensum
1817 1195 1855 1224 ef-

15 1229 80 1250 'fflh'
108 1246 220 1284 pretiosi
239 1245 364 1282 corporis
378 1248 405 1273 et
419 1244 561 1281 sanguinis
576 1243 681 1272 Domini
698 1243 784 1272 nostri
801 1243 860 1271 lesu
874 1242 953 1270 Chri-
1010 1241 1132 1270 ficaciter
1153 1241 1227 1270 cordi
1250 1241 1409 1278 imprimere
1430 1241 1513 1270 debes
1534 1244 1561 1270 et
1582 1249 1617 1269 ex
1640 1241 1736 1270 intimo
1755 1242 1854 1270 affectu

107 1293 159 1327 sti,
180 1292 333 1321 describam
356 1291 404 1320 tibi
425 1291 559 1325 sormam,
582 1298 630 1327 per
652 1298 735 1327 quam
757 1292 835 1326 potes
855 1289 953 1318 leviter
1010 1288 1118 1325 singula
1139 1296 1266 1325 quaeque
1287 1288 1314 1316 in
1336 1291 1393 1317 toto
1414 1288 1457 1317 vel
1478 1288 1505 1316 in
1528 1292 1622 1325 parte,
1644 1291 1727 1325 prout
1742 1292 1854 1322 sonant,

109 1339 257 1368 manuduct
278 1338 311 1367 ad
334 1337 592 1375 contemplationem
615 1336 683 1365 tanti
705 1336 828 1373 mysterii
843 1344 874 1364 ac
890 1344 954 1364 con·
1011 1335 1125 1364 sollicite
1146 1334 1296 1364 ruminare.

882 1458 1043 1486 Carnutum
1064 1458 1082 1485 l.

547 1570 587 1599 De
604 1569 822 1607 praemittenda
843 1567 1035 1607 quadruplici
1053 1568 1104 1596 sui
1124 1567 1218 1605 ipsius
1236 1567 1415 1605 probatione.

16 1736 96 1757 ustiones
107 1729 160 1764 vii,
182 1729 262 1758 iuxta
282 1728 441 1766 Apostolum
453 1728 481 1762 ⁸,
510 1727 605 1765 proba
627 1731 651 1756 te
672 1727 770 1764 ipsum
791 1731 818 1756 et
839 1726 953 1763 diligen·
1010 1726 1127 1754 firmiter
1142 1725 1225 1755 debes
1240 1729 1265 1754 et
1281 1726 1440 1754 nullatenus
1455 1726 1598 1760 dubitare,
1613 1726 1765 1755 secundum
1781 1727 1854 1764 quod
1872 1711 1995 1752 {ssecggffissffi

0 1738 96 1806 5:3³ng
107 1779 150 1806 ter
171 1776 315 1810 examina,
337 1784 397 1814 qua
410 1774 476 1812 side,
492 1782 529 1803 ex
544 1778 657 1813 quanta
671 1774 809 1808 caritate,
829 1773 856 1802 in
871 1773 955 1811 quati·
1010 1772 1089 1801 docet
1120 1776 1147 1801 et
1177 1773 1317 1809 praedicat
1348 1772 1481 1801 catholica
1511 1772 1595 1807 fides,
1627 1773 1701 1810 quod
1730 1773 1757 1801 111
1785 1774 1855 1802 hora

105 1823 254 1861 proposito
275 1825 302 1851 et
320 1825 441 1860 propter
462 1821 533 1860 quid
553 1821 668 1850 accedis.
1010 1819 1198 1856 expressionis
1219 1819 1369 1848 verborum
1390 1819 1491 1848 Christi
1514 1819 1592 1856 panis
1607 1820 1757 1848 materialis
1771 1824 1855 1857 atque

1011 1866 1125 1895 visibilis
1145 1866 1300 1895 advenienti
1315 1866 1424 1895 vivifico
1438 1869 1466 1895 et
1480 1866 1588 1895 caelesti
1605 1866 1683 1903 pani,
1700 1867 1775 1895 velut
1789 1875 1855 1895 vero

187 1682 293 1716 Primo,
314 1689 477 1711 accessurus
498 1681 531 1710 ad
553 1688 674 1710 mensam
706 1680 830 1709 caelestis
860 1679 954 1708 eonvi—
980 1682 984 1855 Ι
1010 1682 1065 1708 tem
1087 1679 1130 1708 vel
1151 1679 1296 1708 essentiam
1309 1679 1321 1696 4
1342 1678 1427 1708 huius
1448 1679 1625 1708 sacramenti.
1649 1679 1767 1708 Credere
1782 1680 1854 1709 enim
1869 1686 1918 1709 Quid
1929 1686 1952 1704 de
1966 1686 2001 1704 hoc

140 1918 158 1953 ᾖ
181 1918 205 1945 1.
229 1916 348 1950 Primo,
370 1915 490 1954 quisque
510 1923 539 1943 se
560 1915 657 1952 ipsum
676 1914 805 1951 probare
825 1913 918 1947 (lebet,

296 1971 357 2001 qua
376 1962 433 2000 side
453 1962 573 1991 accedat
594 1961 634 1990 ad
655 1961 758 1990 (citare.

189 2058 213 2086 1.
236 2057 348 2086 attende
369 2056 454 2093 igitur
475 2055 528 2084 ista
548 2058 669 2093 quatuor
691 2054 799 2091 singula
817 2062 867 2091 per
882 2062 911 2082 se
926 2056 953 2082 et

108 2105 199 2142 primo
220 2104 297 2138 vide,
318 2111 401 2141 quam
423 2102 509 2140 fidem
530 2103 634 2131 habere
655 2102 738 2131 debes
759 2101 832 2131 circa
852 2101 953 2130 verita-

1010 1913 1132 1941 Creatori
1155 1913 1287 1941 honorem
1309 1913 1451 1946 deserens,
1473 1913 1564 1941 locum
1583 1921 1681 1947 sumn,
1697 1913 1800 1942 scilicet
1815 1913 1855 1941 vi-

1011 1960 1118 1988 sibilem
1141 1960 1260 1996 speciem
1281 1960 1481 1993 accidentium,
1509 1968 1559 1996 pro
1590 1960 1743 1989 ministerio
1764 1963 1791 1989 et
1813 1968 1855 1989 sa-

1011 2007 1170 2035 cramentali
1202 2007 1314 2036 servitio
1345 2006 1492 2043 relinquit;
1524 2015 1580 2044 quo
1611 2007 1753 2035 desinente
1779 2015 1854 2041 esse,

1010 2054 1082 2082 miro
1102 2057 1129 2082 et
1150 2053 1278 2082 ineffabili
1309 2053 1390 2082 modo
1422 2054 1448 2082 in
1473 2054 1568 2082 eodem
1591 2054 1701 2082 instanti
1724 2054 1775 2082 ista
1802 2054 1855 2083 sub

1010 2100 1063 2129 illis
1097 2100 1284 2129 accidentibus
1319 2100 1454 2129 veraciter
1488 2101 1635 2129 existunt:
1670 2101 1776 2138 primo,
1810 2101 1857 2130 illa
1869 2104 2000 2128 Quatuorres·

170 2245 178 2258 ¹
196 2245 284 2273 Titulo,
301 2251 372 2274 quem
390 2245 433 2267 hoc
450 2244 588 2272 opusculum
606 2243 629 2266 in
646 2243 683 2266 ed.
701 2244 752 2266 Vat.
769 2246 791 2266 et
807 2250 858 2266 eam
871 2243 952 2266 subse-

107 2283 232 2313 quentibus
257 2283 338 2311 habet,
362 2283 411 2305 scil.
428 2283 460 2305 De
482 2282 668 2312 praeparatione
684 2282 716 2305 ad
731 2282 843 2310 Missam,
861 2288 888 2304 ex
905 2283 952 2305 tere

108 2323 216 2346 omnibus
233 2323 300 2345 codd.
319 2325 341 2345 et
357 2322 438 2350 primis
454 2322 507 2345 edd.
525 2322 673 2345 adiunximus
689 2325 777 2344 tanturn
794 2328 876 2345 vocem
896 2322 952 2345 Tra-

107 2364 197 2390 ctatus,
213 2362 265 2384 licet
281 2362 375 2389 plurimi
392 2361 461 2383 codd.
480 2364 502 2383 et
518 2367 561 2383 11011
579 2361 629 2383 sine
645 2361 732 2383 ratione
749 2361 838 2383 titulum
856 2367 952 2391 qenero-

108 2400 175 2424 liaris
192 2400 363 2429 significationis
381 2400 493 2428 opusculo
512 2399 648 2427 inscribant,
667 2403 691 2422 ut
709 2400 859 2423 Tractatus...
871 2399 898 2422 de
910 2399 952 2423 Sa-

108 2441 229 2463 cramenta
246 2438 404 2462 eucharistiae
415 2439 436 2461 et
444 2438 630 2468 praeparatione
641 2437 672 2461 ad
683 2438 781 2462 Missam
794 2438 871 2467 (codd.
884 2439 901 2460 G
911 2439 950 2467 ll);

110 2479 235 2502 Tractatus
247 2477 274 2501 cle
286 2484 385 2507 corpore
397 2477 485 2500 Christi
502 2478 529 2503 (M
543 2478 585 2506 Q);
600 2478 726 2500 Tractatas
737 2476 764 2499 de
776 2482 875 2506 corpore
887 2476 951 2500 Clu-i-

107 2516 139 2540 sti
154 2515 186 2539 ad
209 2516 260 2539 elas
277 2515 384 2539 devotam
409 2515 580 2545 susceptionem
598 2515 645 2543 (C);
663 2515 748 2538 Sermo
768 2514 858 2538 domini
877 2515 950 2538 Bona-

107 2557 221 2578 venturae
238 2555 286 2584 (ss);
303 2555 340 2577 alii
358 2561 414 2577 vero
430 2555 480 2577 aliis
497 2555 575 2577 verbis
592 2554 712 2577 similibus.

171 2595 221 2617 Vat.
239 2595 351 2623 opusculo
368 2594 492 2623 praemittit
510 2594 611 2616 tabulam
634 2594 658 2616 1-1
676 2593 843 2621 capitulorum,
855 2593 951 2622 quaein

108 2634 208 2656 decursu
225 2634 301 2661 operis
317 2633 411 2661 repetit;
434 2633 483 2655 aliis
507 2633 612 2661 capitulis
630 2634 648 2661 Q
666 2635 688 2655 ct
702 2633 719 2654 B
732 2633 747 2654 E
764 2632 901 2660 opuseulum
919 2632 951 2654 di-

108 2673 238 2701 stinguunt;
255 2673 292 2695 alii
314 2679 369 2695 vero
392 2673 460 2695 codd.
478 2672 582 2700 partibus
599 2673 667 2694 huius
685 2674 793 2694 tractatus
809 2671 886 2694 titulos
905 2678 951 2693 non

108 2712 245 2740 praefigunt.
263 2713 289 2734 Et
305 2718 358 2734 cum
373 2712 471 2739 capitula
484 2712 505 2733 in
517 2711 555 2734 ed.
570 2712 621 2733 Vat.
633 2713 718 2733 textum
732 2711 789 2732 male
802 2710 952 2737 distribuant,

108 2754 130 2773 et
147 2751 196 2778 ipse
212 2753 292 2773 auctor
309 2751 453 2773 tractatulum
472 2750 493 2772 in
511 2750 570 2772 duas
587 2753 663 2777 partes
681 2749 818 2778 principales
834 2749 952 2777 dispertia-

108 2791 152 2816 tur,
169 2795 212 2811 nos
229 2789 276 2811 duo
293 2792 382 2811 tantum
399 2789 546 2811 distinximus
563 2789 669 2817 capitula.

171 2827 265 2850 Collatio
282 2828 388 2850 codicum
406 2830 537 2850 nostrorum
555 2828 623 2850 etiam
642 2828 710 2850 huius
726 2827 830 2855 opusculi
850 2827 952 2850 exhihuit

108 2872 232 2889 numerum
255 2867 398 2889 excessivum
421 2867 560 2889 variantium
583 2867 719 2894 lectionum,
737 2873 795 2895 quas
814 2867 951 2895 plerumque

108 2905 138 2928 ad
161 2906 246 2928 calcem
269 2912 314 2928 non
331 2906 471 2928 notavimus.
487 2906 622 2928 Praesertim
640 2905 691 2928 cod.
709 2906 737 2932 E,
755 2905 795 2927 sed
819 2906 887 2927 ctiam
904 2906 921 2927 Β
933 2906 951 2934 Q

109 2944 216 2966 continuo
238 2944 313 2973 aliqua
334 2944 423 2967 addunt
444 2945 481 2967 vel
504 2945 626 2967 immutant
647 2945 697 2967 sine
719 2944 833 2972 probabili
856 2945 952 2967 ratione.

108 2983 258 3006 Nihilominus
275 2983 297 3005 in
314 2984 370 3006 locis
387 2983 511 3006 Vaticanae
528 2983 642 3011 corruptis
665 2984 711 3005 fere
727 2989 808 3005 omnes
829 2983 884 3006 satis
900 2989 952 3005 con-

1009 2242 1117 2271 veniunt,
1134 2245 1160 2265 ut
1184 2244 1270 2265 textum
1292 2242 1417 2264 emendare
1439 2244 1487 2264 tuto
1511 2241 1663 2270 potuerimus.
1687 2242 1784 2270 Quando
1810 2243 1855 2264 sere

1009 2288 1090 2304 omnes
1107 2282 1176 2304 codd.
1192 2281 1345 2309 conveniunt,
1363 2281 1438 2303 visum
1457 2284 1490 2304 est
1503 2282 1620 2308 sufficere,
1633 2284 1657 2303 ut
1668 2281 1697 2303 ad
1710 2282 1795 2303 calcem
1809 2284 1856 2303 tan-

1009 2321 1130 2344 tummodo
1147 2327 1262 2349 ponamus
1278 2320 1426 2349 reprobatam
1443 2321 1563 2343 tectionem
1581 2321 1686 2343 editionis
1704 2321 1755 2343 Vat.

1071 2359 1080 2372 ²
1097 2360 1154 2383 Cod.
1171 2361 1189 2382 R
1206 2359 1325 2388 subiungit
1347 2361 1368 2382 et
1390 2359 1422 2382 ad
1443 2359 1601 2382 reverentiam
1622 2359 1748 2387 altissimi,·
1771 2360 1855 2382 deinde

1008 2406 1050 2427 pro
1064 2401 1131 2428 potes
1149 2398 1229 2422 lei-iter
1247 2399 1291 2421 ΒΜ
1303 2399 1320 2421 Ο
1334 2398 1425 2428 poteris
1443 2398 1530 2422 leviter.

1071 2438 1080 2450 ⁸
1098 2438 1168 2466 Epist.
1186 2439 1200 2460 l.
1217 2438 1268 2461 Cor.
1288 2438 1295 2460 1
1307 2439 1327 2466 l,
1345 2438 1387 2460 ⁴28:
1406 2437 1488 2460 Probet
1505 2440 1581 2459 autem
1599 2444 1623 2459 se
1635 2438 1711 2465 ipsum
1729 2438 1798 2459 homo
1811 2440 1855 2459 etc.

1008 2490 1039 2494 -
1056 2478 1108 2499 Post
1124 2476 1237 2500 ecc-amine
1255 2477 1306 2499 Vat.
1322 2477 1471 2505 prosequitur
1488 2482 1542 2499 cum
1559 2482 1605 2505 qua
1623 2475 1680 2506 sicle,
1701 2482 1748 2505 (μιο
1768 2482 1854 2505 propo-

1008 2515 1065 2542 sito,
1084 2517 1174 2545 quanta
1191 2515 1303 2543 caritate,
1317 2517 1417 2545 propter
1434 2515 1490 2544 quid
1506 2516 1549 2538 aut
1557 2516 1656 2544 propter
1669 2521 1741 2544 quain
1753 2520 1852 2537 causam

1008 2554 1107 2578 accedis.
1131 2555 1200 2577 Porro
1223 2558 1302 2577 contra
1324 2555 1394 2577 codd.
1416 2554 1480 2576 addit
1503 2556 1528 2576 ut
1544 2553 1578 2576 sic
1594 2553 1724 2576 accedendo
1742 2553 1774 2576 ad
1790 2560 1853 2576 men-

1008 2600 1061 2617 sam
1078 2593 1183 2617 caelestis
1200 2593 1311 2621 convivii,
1330 2593 1399 2616 ittarta
1417 2592 1569 2622 Apostolum,
1584 2592 1670 2621 probes
1687 2594 1708 2615 te
1725 2592 1804 2621 ipsum
1821 2592 1853 2615 ‹li-

1009 2632 1107 2662 liyenter
1131 2632 1300 2655 maminotum.
1325 2633 1421 2654 Tcxtum
1447 2638 1459 2653 a
1485 2631 1551 2654 nohis
1578 2634 1697 2659 receptum
1723 2632 1854 2660 approbant

1008 2673 1055 2694 sere
1071 2678 1151 2694 omnes
1169 2672 1238 2694 codd.
1257 2678 1310 2694 eum
1335 2671 1424 2699 exiguis
1448 2671 1597 2693 variantibus.
1615 2671 1660 2693 Nec
1685 2670 1772 2699 obstat,
1790 2672 1853 2700 quod

1009 2711 1066 2733 infra
1084 2711 1105 2733 in
1124 2711 1264 2738 expositione
1281 2711 1310 2733 de
1327 2710 1427 2733 caritate
1445 2710 1509 2732 tertio
1527 2711 1589 2737 loco,
1608 2711 1637 2733 dc
1656 2710 1779 2740 proposito
1797 2717 1853 2733 vero

1009 2750 1111 2772 secundo
1137 2750 1187 2772 loco
1212 2750 1296 2777 agitur.
1318 2750 1374 2772 Nam
1397 2749 1458 2777 apud
1482 2752 1599 2771 auctorem
1623 2753 1726 2772 nostrum
1750 2756 1796 2772 non
1820 2753 1855 2772 est

1009 2789 1116 2811 inusitata
1133 2789 1213 2811 similis
1230 2788 1389 2811 membrorum
1408 2788 1528 2811 divisionis
1545 2788 1659 2815 inversio,
1677 2789 1801 2811 accedente
1818 2789 1855 2811 ali-

1009 2834 1055 2856 qua
1073 2828 1168 2850 ratione.

1071 2866 1081 2879 ⁴
1098 2866 1153 2889 Cod.
1172 2867 1189 2889 11
1208 2865 1364 2889 ewistentiam.
1381 2867 1439 2889 lutra
1461 2873 1504 2894 pro
1526 2866 1640 2890 catholica
1658 2866 1714 2896 fides
1733 2867 1783 2889 Vat.
1807 2868 1854 2888 tere

1010 2907 1057 2928 sola
1074 2905 1171 2929 ecclesia
1188 2905 1316 2933 catholica,
1334 2908 1356 2928 et
1373 2905 1456 2928 deinde
1474 2912 1516 2934 pro
1534 2905 1578 2929 ista
1595 2905 1638 2929 sub
1655 2905 1702 2928 illis
1720 2905 1788 2928 habet
1810 2904 1853 2928 ista

1010 2944 1131 2974 sequentia
1148 2943 1192 2967 sul)
1209 2943 1263 2967 illis.
