2133 3317
17 289 36 306 Ιθ
46 285 75 303 en

29 585 34 589 .
53 560 83 580 lex

4 1071 72 1114 ..aar

0 2057 76 2081 rogatio.

26 308 85 327 buta.

655 195 850 225 OPUSCULUM
871 196 900 224 11.
923 196 1152 233 SOLILOQUIUM.
1175 197 1243 226 CAP.
1265 197 1284 227 1.

99 272 297 302 aeternitatem.
327 288 363 293 —
392 272 461 301 Haec
491 275 533 301 est
564 272 610 300 illa
640 280 716 300 crux
747 272 843 306 beata,
874 280 942 309 qua-

99 322 164 348 tuor
185 319 287 348 finibus
302 319 455 353 terminata,
478 318 504 347 in
519 326 587 355 qua,
608 326 624 346 o
639 318 730 347 anima
749 318 859 352 devota,
878 327 941 347 cum

99 368 148 394 tuo
167 365 326 394 dulcissimo
344 372 444 401 sponso
465 364 525 393 lesu
539 364 648 393 Christo
668 364 752 393 debes
766 364 867 401 iugiter
884 372 942 393 me-

13 427 89 446 »οπως
99 411 209 440 ditando
224 411 351 448 pendere.
373 411 420 439 Hic
435 414 476 440 est
491 411 542 439 ille
556 419 667 439 currus
687 410 805 447 iyneus,
820 413 941 447 quatuor

99 458 166 487 rotis
187 460 407 491 consummatus,
429 457 456 485 in
478 465 533 494 quo
554 457 637 486 debes
657 460 718 493 post
739 460 819 485 tuum
840 456 941 485 fidelis-

99 504 199 533 simum
220 504 341 533 amicum
357 503 466 532 assidue
490 503 699 540 contemplando
719 503 786 532 caeli
807 503 939 539 palatium

99 550 282 579 conscendere
295 551 313 578 1.
335 550 405 579 Haec
422 552 464 578 est
484 550 530 578 illa
544 549 729 587 quadruplex
749 549 844 586 reyio,
865 549 940 578 vide—

46 598 52 603 '
98 597 161 626 licet
181 596 330 630 orientalis,
351 596 535 630 occidentalis,
556 596 725 632 aquilonaris
739 598 766 624 et
780 595 941 624 meridiona-

98 643 147 677 lis,
168 651 252 680 quam
274 646 320 676 tu,
342 651 358 671 o
372 642 479 676 anima,
500 642 622 679 quotidie
636 642 719 671 debes
740 641 940 678 peregrinando

97 690 201 718 intrare
222 692 250 718 et
270 692 351 718 tuum
371 689 500 718 dilectum
523 688 748 725 specialissimum
770 688 798 716 in
826 696 858 717 ea
879 696 940 725 spe-

97 736 214 765 culando
229 743 363 773 quaerere
384 738 412 764 et
426 735 606 772 investigare,
621 738 653 763 ut
667 735 754 771 possis
769 734 860 763 dicere
875 742 938 763 cum

97 782 231 819 sponsa2:
253 782 288 810 In
309 781 409 810 lectulo
430 789 491 810 mco
505 781 638 819 quaesivi
653 789 708 818 per
728 784 837 809 noctem
856 789 939 818 quem

96 828 192 866 diliyil
212 828 316 857 anima
335 837 408 857 mea.
431 829 500 857 Haec
521 832 641 865 quatuor
666 827 752 864 tangit
778 828 938 864 Apostolus,

97 883 160 904 cum
191 874 352 911 subiungit:
386 875 421 903 Ut
448 874 568 911 possitis
601 873 838 911 comprehendere
871 882 939 902 cum

97 921 231 951 omnibus
245 922 375 956 Sanctis,
390 930 464 960 quae
484 921 521 950 sit
542 921 704 959 longitudo,
720 921 856 955 latitudo,
871 921 938 949 sub-

97 969 206 998 limitas
226 972 251 997 et
267 967 462 1006 profundum.

174 1015 201 1044 3.
222 1015 315 1043 Tertio
335 1014 453 1043 ostendit
473 1013 605 1052 fructum
627 1014 785 1043 salutiferae
802 1014 938 1043 exercita-

96 1061 186 1090 tionis.
207 1061 325 1089 Fructus
351 1063 444 1089 autem
472 1060 552 1089 istius
579 1060 736 1089 salutiferae
763 1060 938 1089 exercitatio-

95 1107 154 1142 nis,
176 1107 198 1137 si
218 1107 300 1144 digne
320 1110 347 1136 et
368 1107 541 1136 laudabiliter
561 1110 742 1144 exsequatur,
763 1111 805 1136 est
824 1107 938 1137 felicitas

96 1157 220 1188 aeterna,
242 1161 313 1191 quae
334 1157 375 1183 est
390 1153 455 1190 quid
477 1154 612 1191 optimum
627 1157 654 1182 et
675 1154 895 1190 pulcherrimum
910 1157 938 1183 et

96 1209 145 1238 per
166 1209 195 1230 se
209 1201 486 1235 sufficientissimum,
508 1201 584 1229 nullo
598 1204 680 1229 extra
701 1209 730 1230 se
748 1201 887 1238 indigens;
909 1201 937 1230 in

95 1247 172 1284 qua³
198 1258 212 1272 α
226 1247 380 1276 videbimus
405 1250 432 1276 et
452 1247 618 1281 amabimus,
641 1247 799 1276 vacabimus
830 1250 857 1276 et
878 1247 936 1276 lau-

94 1293 221 1322 dabimus
235 1305 249 1319 »
274 1293 302 1322 in
323 1297 467 1322 aeternum
489 1296 516 1322 et
536 1293 610 1322 ultra
631 1301 694 1322 eum
723 1293 770 1330 qui
792 1296 833 1322 est
854 1293 937 1322 bene-

94 1339 184 1368 dictus
204 1339 232 1368 in
253 1340 370 1369 saecula.
387 1340 463 1368 Hunc
483 1339 605 1368 fructum
623 1339 758 1376 promittit
779 1340 935 1376 Apostolus,

95 1386 205 1423 quando
225 1394 379 1415 sermonem
401 1386 540 1415 concludit
560 1386 668 1415 dicens:
695 1386 729 1414 Ut
754 1386 938 1423 impleamini

1802 199 1838 227 29

999 273 1030 302 in
1050 282 1161 303 omnem
1172 274 1382 311 plenitudinem
1398 275 1457 304 Dei.
1473 275 1545 304 Hanc
1560 275 1758 312 plenitudinem
1774 278 1840 304 tunc

998 319 1185 355 inveniemus,
1200 321 1334 357 quando*
1352 332 1366 346 «
1379 321 1454 350 Dens
1474 321 1528 350 erit
1542 322 1676 350 voluntati
1690 321 1839 350 multitudo

998 366 1085 401 pacis,
1107 366 1205 394 rationi
1227 367 1368 403 plenitudo
1388 367 1473 402 lucis,
1495 367 1643 397 memoriae
1671 367 1840 397 continuatio

996 411 1166 440 aeternitatis
1181 424 1207 440 ».
1229 413 1305 441 Tunc
1320 414 1392 442 enim
1416 414 1491 442 Deus
1511 414 1564 443 erit
1582 414 1682 443 omnia
1696 414 1727 442 in
1747 414 1840 443 omni-

997 456 1050 484 bus
1061 456 1083 491 ⁵,
1108 468 1122 481 <z
1140 465 1204 486 cum
1235 466 1251 486 a
1281 459 1387 488 ratione
1418 461 1506 489 omnis
1527 468 1622 495 error,
1653 469 1670 489 a
1700 460 1840 490 voluntate

996 503 1084 531 omnis
1104 503 1182 531 dolor
1203 507 1230 532 et
1244 513 1260 532 a
1273 507 1407 534 memoria
1427 507 1516 535 omnis
1537 507 1620 536 timor
1641 507 1797 541 recesserit,
1812 509 1840 537 et

996 550 1161 579 successerit
1180 550 1226 579 illa
1253 559 1336 588 quam
1365 560 1509 589 speramus
1529 554 1601 582 mira
1628 554 1777 588 serenitas,
1798 553 1838 583 di-

996 596 1060 624 vina
1080 596 1248 630 iucunditas,
1268 601 1381 626 aeterna
1402 599 1535 628 securitas
1549 611 1576 628 n.
1835 635 1838 636 V

1074 642 1102 671 [ι.
1124 643 1200 672 Hunc
1222 646 1383 678 tractatum,
1405 645 1550 682 instigante
1571 647 1750 681 conscientia,
1775 655 1838 684 pro-

995 692 1057 726 pter
1078 689 1258 726 simpliciores
1279 698 1405 727 quosque
1426 692 1597 728 simplicibus
1617 693 1710 722 verbis
1724 693 1757 722 de
1772 694 1838 722 San-

995 739 1103 764 ctorum
1117 736 1197 764 dictis
1211 736 1355 772 compilavi
1371 745 1420 774 per
1435 738 1545 767 modum
1568 739 1710 768 cuiusdam
1725 739 1837 777 dialogi,

995 781 1022 810 in
1050 790 1106 818 quo
1131 782 1234 810 anima
1260 782 1371 816 devota,
1394 783 1517 812 veritatis
1541 787 1668 813 aeternae
1688 785 1837 822 discipula,

995 827 1151 856 meditando
1179 828 1355 865 interrogat,
1383 832 1410 856 et
1434 828 1517 858 homo
1538 830 1653 859 interior
1681 831 1837 860 mentaliter

996 874 1132 911 loquendo
1147 874 1295 911 respondet
1307 875 1326 902 ⁶.
1342 891 1378 896 —
1395 874 1428 903 Ut
1445 878 1537 904 autem
1558 876 1591 905 ad
1613 876 1692 905 istius
1712 877 1838 906 mentalis

994 921 1200 949 exercitationis
1220 921 1446 950 inaestimabilem
1468 923 1724 959 contemplationem
1742 932 1838 960 perve-

994 967 1118 1001 niamus,
1139 967 1174 996 ab
1195 967 1310 996 exordIo
1332 968 1495 1004 incipiamus
1516 971 1544 997 et
1566 969 1670 997 Patrem
1701 970 1836 999 luminum

994 1014 1137 1043 humiliter
1158 1014 1309 1043 invocando
1329 1014 1508 1048 accedamus,
1529 1023 1619 1051 genua
1633 1015 1724 1044 cordis
1738 1015 1836 1045 devote

994 1061 1139 1089 flectamus
1159 1063 1222 1089 ante
1243 1061 1375 1089 thronum
1398 1064 1526 1090 aeternae
1545 1061 1706 1096 Maiestatis,
1727 1065 1754 1090 et
1774 1065 1838 1091 ante

994 1107 1093 1136 solium
1125 1107 1281 1136 individuae
1309 1107 1450 1136 Trinitatis
1477 1107 1606 1144 lacrymis
1639 1111 1666 1137 et
1690 1109 1838 1145 gemitibus

994 1153 1162 1182 incessanter
1183 1154 1349 1188 clamemus,
1372 1156 1403 1182 ut
1423 1154 1497 1182 Deus
1517 1154 1594 1183 Pater
1616 1162 1665 1191 per
1687 1162 1769 1183 suum
1790 1155 1837 1184 be-

993 1200 1132 1229 nedictum
1154 1200 1250 1229 Filium
1271 1201 1297 1228 in
1319 1200 1423 1237 Spiritu
1445 1204 1539 1229 sancto
1566 1201 1648 1230 donet
1669 1201 1747 1230 nobis
1774 1210 1837 1239 gra-

994 1246 1058 1275 tiam
1080 1247 1249 1275 exercitandi
1266 1247 1435 1281 mentaliter,
1457 1250 1488 1275 ut
1503 1247 1639 1284 possimus
1657 1256 1835 1284 cognoscere,

993 1302 1067 1331 quae
1092 1294 1130 1322 sil
1160 1293 1323 1331 longitudo,
1355 1294 1492 1328 latitudo,
1524 1294 1690 1323 sublimitas
1717 1298 1743 1323 et
1766 1303 1837 1332 pro-

991 1339 1138 1377 fundum,
1160 1343 1192 1368 ut
1210 1348 1258 1377 per
1280 1340 1351 1369 hanc
1366 1340 1555 1377 pertingamus
1567 1341 1577 1357 ⁷
1599 1341 1633 1369 ad
1653 1349 1717 1370 eum
1732 1341 1780 1378 qui
1795 1343 1837 1370 est

992 1387 1082 1415 omnis
1102 1387 1229 1416 desiderii
1252 1387 1314 1416 finis
1334 1390 1362 1416 et
1381 1388 1622 1424 complementum.
1644 1388 1736 1416 Amen.

865 1520 1026 1549 CArirnLuni
1047 1521 1065 1549 I.

95 1643 241 1679 Quomodo
263 1642 365 1671 anima
385 1651 437 1679 per
457 1642 578 1671 mentale
604 1642 774 1671 exercitium
803 1642 900 1671 debeat
926 1643 1048 1672 radium
1076 1643 1324 1680 contemplationis
1351 1643 1493 1681 reflectere
1520 1644 1561 1672 ad
1588 1644 1732 1673 interiora
1758 1653 1834 1679 sua,

193 1696 226 1722 ut
239 1693 347 1728 videat,
363 1693 488 1731 qualiter
502 1694 541 1722 sit
553 1692 686 1731 formata
697 1697 909 1730 pei-naturam,
925 1693 1092 1732 deformata
1103 1703 1157 1731 per
1171 1694 1287 1731 culpam
1303 1698 1328 1723 et
1343 1694 1507 1732 reformata
1519 1703 1572 1732 per
1585 1695 1726 1733 qratiam.

480 1813 545 1847 51.

423 1912 604 1936 Praeambulum.

173 1999 196 2027 1.
220 1999 421 2027 lurnnnocArro
441 2006 558 2026 aumas.
580 1998 640 2031 Dic,
663 2005 778 2034 quaeso,
799 2006 815 2026 o
836 1998 933 2032 homo,

91 2045 113 2074 si
134 2047 196 2082 post
216 2045 341 2073 devotam
363 2045 563 2073 invocationem
584 2044 692 2073 divinae
716 2044 934 2081 magnificentiae

91 2094 118 2121 et
132 2094 194 2128 post
215 2090 347 2120 humilem
362 2091 581 2128 implorationem
596 2094 723 2119 aeternae
745 2091 892 2127 sapientiae
907 2094 934 2119 et

90 2138 202 2167 demum
224 2140 285 2175 post
305 2137 424 2166 flebilem
445 2137 672 2174 supplicationem
691 2145 828 2173 supernae
848 2137 933 2173 pieta-

91 2185 126 2214 tis
146 2187 174 2213 et
187 2184 360 2218 clementiae,
376 2184 491 2221 gratiam
506 2184 675 2213 exercitandi
690 2184 846 2212 mentaliter
860 2183 933 2212 circa

91 2232 162 2260 hanc
176 2231 398 2270 quadruplicem
419 2230 578 2265 materiam,
593 2230 719 2259 videlicet
740 2230 931 2267 longitudinis,

152 2419 161 2434 ¹
178 2420 240 2443 Libr.
257 2420 294 2443 lV.
311 2420 368 2448 Reg.
384 2420 411 2448 2,
430 2420 471 2442 ii:
488 2420 545 2442 Ecce
562 2425 644 2442 currus
660 2419 765 2448 igneus...
786 2422 808 2442 et
830 2419 933 2442 ascendit

91 2460 149 2482 Elias
166 2466 207 2488 per
225 2459 340 2482 turbinem
358 2459 379 2481 in
397 2459 494 2481 caelum.

152 2497 161 2511 2
178 2498 241 2521 Cant.
259 2498 285 2525 3,
306 2499 324 2520 1.
341 2510 372 2514 -
389 2497 500 2525 Superius
517 2503 559 2524 pro
578 2496 754 2526 pereqrinando
776 2496 868 2520 intrare
885 2498 903 2520 A
915 2496 931 2520 C

90 2537 159 2560 DEF
176 2536 246 2567 quasi
258 2536 434 2566 peregrinando
452 2535 557 2559 incedere
575 2536 601 2564 (Α
619 2535 758 2565 intendere),
775 2538 798 2558 et
818 2542 860 2564 pro
877 2535 933 2559 dile—

90 2578 154 2600 ctum
170 2574 366 2605 specialissimum
383 2574 407 2598 z'n
424 2581 451 2598 ea
468 2575 485 2597 B
502 2574 612 2598 dilectam
628 2574 833 2604 speciosissimum.

152 2614 162 2627 ³
178 2615 207 2637 Ut
229 2614 284 2637 dicit
305 2614 414 2642 August,
436 2614 505 2636 XXll.
528 2613 558 2636 de
579 2613 627 2636 Civ.
651 2613 703 2640 Dei,
725 2619 745 2636 c.
762 2613 799 2635 30.
822 2620 844 2636 n.
862 2613 884 2636 5.
901 2626 932 2630 —

90 2654 160 2677 Exod.
175 2654 215 2681 15,
229 2654 270 2676 118:
282 2653 393 2675 Dominus
409 2652 516 2681 regnabit
527 2652 550 2675 in
565 2654 688 2676 aeternum
699 2653 722 2675 et
732 2652 806 2675 ultra.
816 2665 847 2669 —
858 2652 931 2676 Codd.

90 2692 130 2716 BC
138 2693 208 2720 DEF,
219 2692 305 2715 omisso
319 2693 342 2715 et
352 2691 425 2720 ultra,
438 2694 609 2720 prosequuntur
621 2692 696 2714 Deum
709 2691 734 2719 (Β
744 2691 763 2713 D
771 2692 788 2713 E
799 2691 887 2714 addunt
898 2697 932 2715 ve-

90 2737 158 2760 rum,
178 2731 258 2755 vivum
275 2732 298 2754 et
312 2731 457 2760 aeternum),
475 2730 517 2760 qui
527 2732 643 2759 estsuper
654 2730 734 2753 omnia
746 2729 877 2754 benedictus
888 2733 930 2753 etc.

151 2770 163 2783 ⁴
180 2770 312 2793 Secundum
330 2770 448 2797 Bernard„
466 2770 539 2792 Serm.
558 2771 565 2791 vi
573 2770 593 2792 11,
611 2770 632 2791 in
649 2769 713 2792 Cant.
729 2775 752 2791 n.
771 2769 792 2792 5.
809 2770 852 2792 Pro
868 2770 931 2793 Deus

90 2809 135 2832 erit
150 2810 187 2832 Gt
205 2810 267 2832 Deus
284 2809 369 2838 sactus·
378 2810 412 2832 est
429 2809 511 2837 (textus
528 2808 656 2837 originalis:
674 2808 721 2838 ipse
737 2808 835 2838 futurus
851 2810 903 2838 est).

153 2847 162 2860 ⁵
180 2847 250 2876 Epist.
267 2848 283 2870 1.
299 2847 352 2870 Cor.
370 2847 410 2874 15,
428 2848 470 2876 28,
486 2850 540 2875 post
555 2853 624 2876 quem
642 2847 745 2876 sequitur
756 2847 867 2869 sententia
880 2848 931 2870 Ber-

90 2885 167 2913 nardi,
184 2886 257 2908 serm.
276 2886 312 2908 Μ.
330 2885 352 2908 in
369 2885 432 2908 Cant.
450 2891 471 2908 n.
489 2886 515 2913 6,
533 2885 573 2908 ubi
590 2892 632 2913 pro
648 2884 723 2908 omnis
742 2885 812 2908 Iimor
825 2886 842 2908 Α
854 2885 930 2909 omnis

90 2924 186 2953 oblivio,
204 2931 247 2953 pro
264 2924 343 2948 divina
360 2923 494 2948 iucunditas
511 2927 583 2947 textus
599 2924 716 2952 originalis
729 2924 801 2954 plena
812 2924 930 2953 suavitas,

90 2966 112 2986 et
128 2970 171 2991 pro
187 2963 303 2987 securitas
321 2963 348 2993 (D
359 2964 376 2985 E
392 2963 482 2986 addunt
498 2964 519 2987 et
534 2962 643 2993 felicitas)
660 2963 677 2987 C
694 2963 798 2987 satietas.

993 1812 1160 1846 latitudinis,
1182 1812 1358 1841 sublimitatis
1385 1815 1413 1841 et
1432 1813 1639 1849 profunditatis,
1660 1813 1833 1848 obtinerem;

992 1866 1047 1895 quo
1068 1858 1163 1887 ordine
1185 1859 1328 1893 inchoem,
1349 1867 1383 1888 ne
1405 1859 1534 1888 meritum
1557 1860 1642 1888 huius
1659 1860 1834 1889 exercitatio-

992 1904 1034 1933 nis
1053 1905 1189 1939 amittam,
1211 1905 1232 1934 si
1249 1905 1370 1934 indebito
1384 1905 1479 1934 ordine
1494 1906 1652 1943 ignoranter
1666 1906 1833 1943 procedam?

996 1963 1010 1976 «
1024 1951 1134 1980 Ordinis
1151 1952 1223 1980 enim
1245 1952 1411 1988 ignorantia,
1427 1952 1578 1980 secundum
1594 1953 1705 1981 beatum
1720 1953 1834 1982 Ambro-

992 1998 1101 2032 siumss,
1123 1998 1269 2034 perturbat
1283 1998 1398 2026 formam
1420 1998 1583 2027 meritorum
1599 2009 1630 2027 »ε
1650 2011 1663 2024 ιι
1678 2007 1728 2028 nec
1749 2008 1832 2036 repu-

991 2048 1075 2078 tatur,
1096 2044 1249 2073 secundum
1264 2044 1395 2079 eundem,
1417 2044 1537 2081 perfecta
1554 2045 1594 2073 rei
1610 2046 1727 2082 cognitio
1742 2046 1769 2074 in
1784 2055 1833 2075 no-

990 2091 1032 2119 bis
1052 2091 1188 2124 existere,
1211 2099 1274 2119 cum
1296 2091 1410 2125 scimus,
1432 2091 1498 2128 quid
1520 2091 1688 2127 faciendum,
1709 2095 1736 2121 et
1757 2093 1832 2130 igno-

990 2145 1100 2171 ramus,
1120 2146 1176 2174 quo
1197 2138 1292 2166 ordine
1314 2138 1348 2166 sit
1370 2138 1574 2174 procedendum
1589 2150 1615 2167 ».

1068 2185 1094 2212 2.
1117 2184 1202 2213 Hono.
1225 2183 1247 2212 O
1268 2184 1371 2218 anima,
1403 2184 1554 2213 secundum
1583 2185 1694 2214 beatum
1716 2186 1832 2215 Bernar-

989 2230 1055 2258 dum
1076 2230 1110 2258 ad
1132 2230 1284 2267 Eugenium
1307 2230 1405 2267 Papam
1420 2231 1440 2265 ⁰,
1466 2242 1480 2256 α
1494 2239 1511 2259 a
1531 2234 1557 2260 te
1583 2235 1630 2260 tua
1651 2232 1831 2261 consideratio

1051 2418 1061 2432 ⁶
1077 2419 1181 2442 Eundem
1198 2419 1339 2447 procedendi
1357 2419 1453 2442 modum
1471 2418 1562 2442 exhibet
1577 2420 1644 2447 Ilugo
1662 2426 1674 2441 a
1692 2420 1715 2442 S.
1733 2419 1791 2442 Vici.
1809 2419 1830 2442 in

989 2464 1031 2481 suo
1049 2458 1173 2487 Soliloquio
1185 2458 1214 2481 de
1228 2459 1294 2480 arrha
1313 2458 1415 2485 animae;
1433 2459 1474 2480 cfr.
1486 2458 1576 2485 isidor.,
1588 2458 1626 2480 lib.
1639 2458 1668 2480 de
1680 2458 1830 2486 synonymis,

989 2497 1010 2519 in
1027 2503 1074 2526 quo
1092 2497 1206 2519 inducitur
1223 2496 1292 2520 homo
1310 2497 1414 2519 miserias
1430 2496 1517 2519 deflens
1537 2499 1559 2519 et
1575 2496 1637 2519 ratio
1660 2497 1791 2525 consolans;
1808 2499 1831 2519 et

989 2536 1046 2558 liber
1062 2536 1092 2558 de
1109 2536 1243 2563 Cognitione
1260 2542 1330 2558 verae
1346 2536 1407 2558 vitae
1425 2536 1491 2565 (inter
1508 2541 1578 2564 opera
1601 2535 1720 2564 August),
1737 2535 1761 2557 in
1782 2541 1829 2564 quo

988 2575 1102 2604 magister
1119 2577 1141 2597 et
1158 2573 1297 2604 discipulus.

1052 2613 1060 2626 ⁷
1077 2613 1133 2636 Cod.
1149 2614 1165 2636 F
1181 2613 1362 2642 perreiu'amus;
1380 2619 1421 2641 pro
1438 2612 1470 2635 ad
1486 2618 1540 2635 eum
1552 2611 1568 2635 C
1581 2612 1598 2634 D
1609 2611 1641 2635 ad
1651 2612 1740 2640 Deum,
1752 2615 1774 2635 et
1787 2618 1829 2640 pro

988 2653 1184 2682 complementum
1201 2653 1218 2675 B
1231 2651 1361 2682 plenitudo.

1050 2690 1059 2703 Β
1076 2693 1149 2714 Sei-in.
1168 2691 1188 2713 4.
1206 2691 1228 2713 in
1245 2692 1280 2713 Ps.
1298 2691 1355 2719 1118,
1372 2691 1410 2713 27.
1422 2697 1443 2713 n.
1457 2690 1498 2712 42:
1513 2698 1524 2710 α
1534 2690 1625 2713 Ordinis
1637 2690 1764 2718 ignorantia
1777 2696 1830 2713 con-

988 2730 1063 2754 turbat
1077 2730 1224 2759 negotiorum
1237 2732 1340 2752 naturam
1353 2731 1497 2758 formamque
1511 2729 1644 2751 meritorum
1654 2737 1679 2757 ¹²3
1692 2729 1747 2752 ibid.
1760 2730 1828 2758 paulo

987 2770 1105 2798 superius:
1123 2770 1178 2791 Nam
1191 2769 1256 2795 scire,
1268 2768 1324 2797 quid
1337 2769 1413 2795 facins,
1425 2771 1446 2790 et
1457 2768 1562 2790 ordinem
1574 2768 1662 2790 nescire
1673 2768 1770 2790 faciendi
1783 2774 1827 2791 non

988 2810 1021 2830 est
1037 2809 1150 2836 perfectae
1168 2807 1315 2835 cognitionis;
1332 2806 1450 2828 offendunt
1467 2806 1603 2835 plerumque
1625 2810 1780 2834 praepostera.
1797 2819 1829 2824 —

989 2848 1030 2869 Pro
1048 2845 1200 2870 Ambrosium
1218 2845 1311 2868 ACEF
1328 2844 1487 2868 Bernardnm.

1049 2883 1059 2896 ⁹
1077 2885 1130 2907 Sive
1147 2885 1169 2906 ΙΙ.
1187 2884 1216 2906 de
1233 2883 1372 2906 Considerat.
1385 2889 1404 2905 c.
1417 2883 1438 2905 3.
1450 2889 1474 2905 n.
1486 2883 1498 2905 6
1507 2900 1512 2910 ,
1524 2882 1563 2906 ubi
1575 2883 1593 2906 A
1602 2883 1619 2907 C
1629 2884 1647 2906 D
1656 2884 1663 2906 1
1672 2884 1688 2906 L
1700 2890 1753 2907 cum
1767 2886 1827 2907 textu

987 2924 1092 2952 originali
1109 2925 1130 2947 te
1147 2922 1248 2952 neqleclo
1267 2922 1398 2951 (alloquitur
1415 2922 1561 2952 Eugenium).

1863 656 1942 675 Intentio
1951 662 1984 675 au-

1851 680 1908 699 ctoris
1917 682 1936 699 et
1945 685 1984 699 mo-

1851 704 1886 722 dus
1899 704 1969 727 operis.

1854 885 1938 904 Hui-tatio
1950 885 1975 904 acl

1864 909 1962 927 orandum.

1860 2197 1917 2224 Resp.
1933 2197 1970 2216 Ne-

1848 2224 1926 2239 cessitas
1948 2226 1969 2240 se

1848 2244 1908 2268 ipsum
1939 2249 1969 2263 co-

1848 2267 1955 2291 gnoscendi.
