2133 3317
0 1250 88 1270 tumentia.

0 1646 36 1664 mn
49 1649 91 1663 wn-

0 1668 78 1688 nuntio.

0 1922 91 1947 ballath.

0 2225 90 2248 moliatur

0 2249 82 2266 necator.

485 214 679 242 OPUSCULUM
702 214 740 241 lii.
763 214 885 242 LIGNUM
907 213 929 240 V
932 213 1011 241 ΙΤΑΕ.
1035 213 1077 241 DE
1099 213 1264 241 MYSTERtO
1287 212 1455 241 PASStONts.
1804 214 1841 240 77

180 292 203 320 Ο
218 300 303 320 verax
318 295 345 320 et
359 291 402 328 pie
417 292 492 324 Iesu
508 298 642 327 quaenam
658 291 747 318 anima
763 290 809 318 tibi
832 290 942 324 devota,

8 346 88 390 efflari
103 339 170 368 baec
190 346 305 367 cernens
326 341 352 366 et
379 337 508 370 audiens,
531 337 638 365 valeat¹
662 344 690 365 se
708 337 848 365 continere
869 344 884 364 a
906 336 944 364 la-

104 384 205 421 crymis
225 387 252 413 et
273 384 396 412 internae
418 383 613 420 compassionis
641 383 780 411 occultare
801 382 943 410 dolorem?

337 469 428 502 lesus,
451 467 546 496 Pilato
572 467 708 496 traditus.

180 545 226 574 23.
249 545 389 574 Horrenda
405 553 519 581 prorsus
536 544 697 573 ludaeorum
720 543 856 580 impietas,
872 551 943 579 quae

103 592 185 620 tantis
207 591 314 620 iniuriis
335 591 427 620 satiari
449 599 501 619 non
524 591 628 627 potuit,
651 590 716 626 quin
741 589 844 626 potius,
866 588 942 617 ferali

103 638 178 667 rabie
191 637 327 671 fremens,
350 637 432 674 impio
446 637 528 665 iudici
551 639 680 673 tanquam
696 636 791 664 rabido
813 635 870 664 cani
886 635 944 663 ani-

5 697 87 716 ‚ma-‚20
104 692 176 713 mam
204 684 268 713 iusti
300 683 501 721 deglutiendam
534 683 678 719 exposuit!
711 682 839 710 Vinctum
870 681 942 710 enim

73 724 190 760 1'Iesum
212 734 275 759 ante
294 730 389 759 faciem
412 729 486 758 Piltti
510 728 689 766 perduxer2e
711 728 868 765 pontifices,
897 735 944 764 po-

103 777 251 811 stulantes,
267 776 385 805 interimi
408 776 542 812 supplicio
564 775 655 803 ciucis
669 782 732 803 eum
754 774 801 811 qui
822 782 879 802 non
894 782 944 801 no—

103 826 184 851 verat
205 823 315 851 omnino
335 826 493 859 peceatum.
516 822 574 858 lpse
596 829 661 849 vero
682 820 770 858 quasi
789 828 886 857 aynns
899 827 943 847 co-

104 878 172 898 ram
193 869 321 898 tondente
341 877 370 897 se
391 871 454 897 ante
475 868 592 897 iudicem
616 871 777 896 mansuetus
801 867 890 895 stabat
918 870 944 895 et

105 916 219 950 tacitus,
248 923 311 944 cum
342 915 452 944 fallaces
482 918 509 943 et
530 914 621 951 impii,
643 914 774 942 falsorum
797 913 944 942 criminum

105 962 175 991 mole
189 962 310 996 obiecta,
332 961 511 990 tumultuosis
525 960 767 989 acclamationibus
778 960 788 977 ³
804 964 945 989 auctorem

104 1008 175 1036 vitae
196 1011 293 1045 petunt
318 1008 352 1036 ad
379 1011 495 1036 mortem
525 1011 551 1036 et
572 1007 662 1035 virum
690 1006 853 1035 homicidam
876 1006 946 1034 sedi-

104 1055 262 1091 tiosumque
284 1055 417 1083 latronem
441 1058 551 1083 servant
572 1053 605 1082 ad
627 1054 726 1087 vitam,
749 1053 844 1090 lupum
860 1061 945 1089 agno,

105 1104 222 1130 mortem
244 1101 331 1135 vitae,
354 1101 407 1130 luci
430 1101 557 1130 tenebras
577 1104 631 1129 tam
655 1100 737 1128 stulte
759 1099 945 1136 praeferentes

105 1156 188 1185 quam
208 1148 299 1185 impie.

182 1195 276 1223 Dulcis
298 1195 373 1228 Iesu,
395 1195 458 1231 quis
479 1197 534 1223 tam
555 1194 644 1223 durus
665 1193 733 1227 erit,
761 1197 792 1221 ut
813 1193 946 1221 clamores

105 1241 165 1270 illos
192 1241 358 1269 horribiles:
388 1240 474 1274 Tolle,
504 1240 581 1274 mite,
603 1240 741 1277 erueifiye
768 1240 866 1272 eumz
889 1239 946 1267 sine

105 1287 209 1325 gemitu
236 1290 264 1316 et
284 1288 402 1316 clamore
424 1288 538 1324 spiritus
562 1295 630 1315 aure
651 1287 775 1323 corporis
797 1286 883 1314 valeat
898 1293 947 1314 au-

105 1333 164 1362 dire
185 1341 234 1362 seu
256 1337 346 1362 mente
367 1336 506 1362 tractare?

330 1419 420 1452 Iesus,
442 1422 532 1446 morte
556 1418 724 1446 damnatus.

183 1496 229 1524 ΞΛ.
252 1496 368 1529 Verum,
390 1495 516 1532 quamvis
536 1503 590 1523 non
612 1495 751 1531 ignoraret
772 1494 889 1527 Pilatus,
905 1494 947 1522 Iu-

105 1542 209 1570 daicam
231 1545 339 1578 gentem
355 1541 487 1570 adversus
509 1541 595 1569 iesum
611 1549 664 1569 non
685 1540 819 1574 iustitiae,
842 1539 888 1568 sed
907 1540 947 1568 in—

106 1587 194 1616 vidiae
215 1588 272 1616 zelo
294 1590 474 1620 commotam,
496 1594 559 1615 cum
575 1590 700 1623 patenter
721 1589 870 1619 assereret,
886 1586 947 1614 nul—

106 1634 159 1663 lam
181 1642 210 1663 se
230 1634 257 1662 in
280 1641 312 1662 eo
332 1634 429 1662 mortis
450 1633 573 1662 invenire
594 1633 637 1662 vel
664 1632 798 1661 modicam
820 1640 946 1666 causam;

107 1680 227 1709 humano
249 1683 338 1708 tamen
354 1680 452 1708 timore
473 1679 613 1714 devictus,
631 1679 749 1716 repleuit
769 1679 947 1707 sonaritndi-

105 1726 213 1755 nibus-⁵
234 1727 354 1755 animam
375 1734 453 1755 suam
481 1729 508 1755 et
529 1726 683 1763 piissimum
702 1726 799 1762 Regem
828 1725 948 1754 crudetis

106 1772 232 1810 tyranni,
254 1773 366 1802 Herodis
392 1765 533 1806 videlicet,
564 1772 665 1801 iudicio
696 1772 833 1806 subdidit;
865 1780 947 1808 quem

107 1822 134 1848 et
150 1819 270 1848 ludibrio
301 1818 424 1847 habitum
450 1821 478 1847 et
508 1818 540 1847 ad
573 1826 601 1847 se
631 1818 778 1847 remissum
800 1817 948 1846 crudeliori

107 1865 234 1894 mandato
255 1865 359 1893 nudum
375 1865 402 1893 in
424 1868 572 1901 conspectu
586 1865 742 1893 derisorum
765 1868 855 1893 astare
869 1871 949 1900 prae-

108 1911 191 1948 cepit,
212 1914 244 1940 ut
264 1911 442 1940 atrocissimis
463 1911 626 1940 verberibus
646 1911 797 1948 virgineam
819 1911 893 1939 illam
922 1913 949 1939 et

107 1958 326 1987 candidissimam
348 1965 458 1986 carnem
480 1957 663 1994 flagellatores
690 1957 839 1986 truculenti
864 1957 949 1985 divel-

108 2004 212 2038 lerent,
233 2004 326 2040 plagas
347 2003 449 2040 plagis,
471 2004 571 2032 livores
584 2003 718 2031 livoribus
739 2003 887 2031 crudeliter
909 2003 949 2031 in—

108 2050 240 2088 fligentes.
262 2050 364 2079 Dessuit
394 2051 439 2079 ille
460 2050 572 2087 sanguis
600 2050 813 2087 pretiosissimus
834 2057 883 2087 per
905 2050 950 2078 illa

109 2105 187 2126 sacra
207 2097 293 2125 latera
314 2097 465 2125 innocentis
482 2099 510 2125 et
529 2096 708 2125 amantissimi
730 2096 851 2130 iuvenis,
874 2096 950 2125 nullo

109 2151 224 2180 prorsus
245 2143 272 2171 in
293 2151 326 2172 eo
347 2146 457 2179 reperto
477 2145 564 2171 reatu.

187 2189 219 2218 Et
239 2193 286 2223 tu,
308 2189 412 2226 perdite
433 2189 530 2222 homo,
553 2189 636 2217 totius
657 2188 824 2217 confusionis
839 2192 866 2217 et
886 2196 950 2217 con-

109 2236 228 2264 tritionis
249 2236 333 2264 huius
354 2243 436 2264 causa
456 2235 589 2269 existens,
611 2235 748 2272 quomodo
769 2243 822 2263 non
846 2235 874 2263 in
902 2235 950 2264 sse-

173 2395 181 2408 ¹
199 2395 250 2417 Vat.
268 2394 347 2418 videns
363 2396 385 2418 et
406 2394 504 2418 audiens
527 2395 613 2424 possit,
631 2399 653 2417 et
670 2401 739 2423 supra
758 2399 809 2423 post
827 2402 902 2419 verax
919 2396 949 2418 iu-

111 2434 200 2456 terserit
215 2433 304 2461 dulcis,
325 2434 380 2456 intra
400 2440 455 2456 vero
474 2440 514 2461 pro
531 2433 638 2456 internae
655 2433 825 2463 compassionis
838 2434 906 2456 habet
918 2434 949 2456 ἰη-

112 2472 181 2496 timae
195 2472 321 2502 passionis.
338 2473 390 2495 Post
407 2472 512 2495 dolorem
529 2472 572 2495 AC
583 2473 597 2494 F
608 2473 635 2494 W
646 2473 662 2494 Z
679 2476 701 2495 et
723 2473 727 2494 l
749 2473 836 2495 addunt
853 2472 910 2495 dunt
922 2472 950 2495 si-

112 2511 163 2533 mut
178 2511 280 2534 advertit
294 2512 315 2534 et
331 2512 455 2540 comparat
470 2511 585 2540 ‘laninam
610 2512 664 2533 tuae
689 2510 862 2534 immobilitatis
885 2517 950 2533 man-

112 2548 258 2572 suetudinem
275 2551 296 2572 et
312 2549 430 2572 teoniitam
447 2549 578 2572 atrocitatis
595 2549 705 2572 Iudaicae
720 2549 871 2578 ferocitatem.

174 2586 184 2600 ²
202 2588 252 2610 Vat.
275 2589 330 2610 ante
354 2587 457 2610 Pilatum
480 2587 602 2617 pontifices
623 2587 809 2616 perduxerunt,
835 2591 856 2610 et
883 2588 950 2615 paulo

113 2629 165 2654 post
181 2632 302 2654 perperam
321 2625 415 2649 inteiim
441 2632 482 2653 pro
507 2625 618 2649 interimi.
635 2639 666 2641 —
683 2626 769 2648 Deinde
787 2626 907 2654 respicitur
925 2627 949 2648 ll.

113 2664 164 2688 Cor.
181 2665 202 2693 5,
219 2665 262 2687 21:
279 2665 335 2686 Eum
354 2665 394 2693 qui
410 2671 455 2687 nou
472 2668 567 2686 noverat
584 2667 715 2692 peccatum,
733 2671 774 2692 pro
791 2664 858 2687 nobis
875 2671 952 2692 pecca-

113 2706 161 2726 tum
180 2703 243 2730 tecit,
260 2706 282 2725 et
299 2704 348 2725 lsai.
365 2703 405 2731 53,
422 2703 448 2725 7:
466 2703 535 2732 Quasi
552 2709 627 2731 agnus
643 2709 720 2725 coram
741 2703 848 2726 tondente
870 2710 894 2725 se
911 2703 952 2725 ob-

114 2744 232 2764 mutescet.
249 2741 295 2764 Cir.
312 2742 388 2764 maun.
404 2742 445 2768 27,
463 2742 500 2764 26.
517 2748 582 2770 seqq.

176 2780 186 2792 ⁸
203 2781 253 2802 Vat.
271 2780 459 2803 emanationibus.
483 2781 557 2808 Supra
583 2787 625 2808 pro
649 2780 767 2810 falsorum
784 2780 912 2804 criminum
935 2781 952 2804 D

115 2818 233 2848 falsorum
250 2818 445 2842 testimoniorum.

176 2856 186 2870 ⁴
204 2858 263 2879 ioan.
284 2858 317 2885 19,
337 2858 372 2880 15.
384 2870 415 2874 -
426 2859 500 2885 supra
518 2861 569 2886 post
584 2857 661 2880 durus
673 2858 691 2879 D
700 2858 716 2880 E
728 2857 816 2880 addunt
826 2859 847 2881 et
858 2857 952 2887 impius.

177 2895 187 2908 ⁵
204 2896 289 2918 Taren.
306 2896 328 2923 3,
349 2897 387 2919 ¹5:
404 2896 508 2924 Replevit
526 2902 563 2918 me
578 2896 783 2923 amaritudinibus,
800 2900 822 2919 et
839 2898 906 2919 Rom.
924 2897 936 2919 3
947 2914 952 2924 ‚

117 2933 158 2956 tt:
176 2935 278 2962 Quorum
296 2940 345 2956 os...
362 2935 514 2957 amaritudine
531 2935 623 2963 plenum
641 2938 681 2957 est.
699 2935 757 2957 Vide
775 2936 849 2957 ltlattli.
862 2935 902 2962 27,
919 2935 953 2958 tt.

116 2979 194 3002 seqq.;
210 2973 265 2996 Luc.
282 2973 319 3000 23,
337 2973 358 2995 3.
375 2979 452 3002 seqq.;
471 2974 529 2996 ioan.
551 2974 583 3000 ¹8,
601 2974 638 2996 28.
658 2980 722 3003 seqq.
748 2973 793 2996 Csr.
818 2975 885 2996 ctiam
911 2975 952 2996 Au-

1001 293 1058 318 tum
1080 290 1152 319 foras
1180 290 1346 326 erumpisss?
1369 290 1450 324 Ecce,
1472 289 1711 318 innocentissimus
1732 290 1841 325 Agnus,

1000 339 1031 363 ut
1052 339 1078 364 te
1092 344 1108 364 a
1129 336 1263 364 sententia
1284 336 1371 364 iustae
1385 335 1566 364 damnationis
1587 335 1719 371 eriperet,
1741 335 1842 363 iniusto

1000 386 1113 418 propter
1135 385 1160 410 te
1182 382 1330 418 praeelegit
1348 382 1448 410 iudicio
1466 381 1650 410 condemnari.
1667 381 1747 414 Ecce,
1769 389 1843 418 qliae

999 436 1057 455 non
1078 428 1182 464 rapuit
1208 436 1261 464 pro
1284 432 1308 456 te
1332 428 1433 461 solum
1454 431 1480 456 et
1510 431 1554 461 tu,
1586 427 1676 455 anima
1705 435 1766 455 mea
1796 435 1843 455 ne-

1000 482 1083 510 quam
1105 477 1132 502 et
1153 474 1248 510 impia,
1270 481 1320 502 nec
1340 474 1492 502 devotionis
1512 474 1633 502 exsolvis
1647 473 1841 510 gratitudinem

1000 527 1050 547 nec
1071 520 1266 556 compassionis
1288 520 1415 556 rependis
1435 520 1581 549 affectum!

1112 612 1235 640 Faceres
1256 612 1308 640 Vll.
1330 612 1507 641 Cossnxm
1528 621 1556 641 lx
1578 621 1731 641 srvpmcus,

1200 705 1290 738 Iesus,
1311 708 1427 741 spretus
1447 705 1484 733 ab
1505 705 1646 733 omnibus.

1079 799 1125 825 25.
1148 798 1293 834 Postquam
1315 801 1406 826 autem
1422 798 1524 826 Pilatus
1538 798 1742 826 adiudicaverat
1754 799 1778 832 ⁷,
1793 798 1843 826 im-

1002 844 1111 880 piorum
1141 847 1203 872 vota
1234 844 1383 880 compleri;
1416 852 1469 872 non
1492 844 1599 872 suffecit
1629 844 1763 873 militibus
1790 844 1844 872 illis

1001 890 1140 926 sacrilegis
1161 890 1324 926 crucifigere
1352 890 1536 923 salvatorem,
1557 890 1608 918 nisi
1638 891 1716 926 prius
1737 894 1764 919 et
1792 890 1842 926 ipsi

1001 936 1175 965 illusionibus
1197 936 1356 972 implessent
1383 936 1500 964 animam
1533 944 1621 964 suam.
1643 937 1709 964 Nam
1734 944 1845 973 congre—

1001 986 1063 1020 gata
1084 983 1110 1011 in
1133 983 1302 1019 praetorium
1324 983 1453 1011 universa
1474 983 1603 1017 cohorte,
1625 986 1760 1012 exuentes
1780 991 1844 1012 eum

1002 1028 1125 1057 vestibus
1146 1028 1203 1057 suis
1224 1032 1251 1056 et
1273 1028 1366 1056 tunica
1387 1028 1531 1057 induentes
1552 1029 1692 1062 coccinea,
1722 1029 1844 1065 chlamy-

1001 1075 1062 1103 dem
1085 1075 1122 1103 illi
1145 1075 1387 1112 circumdederunt
1408 1083 1594 1112 purpuream,
1616 1079 1643 1104 et
1668 1083 1769 1104 corona
1789 1075 1844 1112 spi-

1003 1130 1053 1150 nea
1085 1122 1212 1158 imposita
1243 1122 1322 1158 capiti
1355 1122 1415 1150 eius
1446 1126 1473 1150 et
1504 1122 1639 1150 arundine
1670 1122 1698 1150 in
1729 1122 1845 1150 dextera

1003 1176 1102 1202 manu,
1125 1168 1248 1197 irrisorie
1272 1168 1492 1204 genuflectebant
1519 1171 1546 1197 et
1566 1169 1658 1205 alapas
1679 1168 1797 1201 dabant,
1819 1172 1846 1197 et

1003 1218 1171 1251 exspuentes
1192 1215 1218 1243 in
1240 1223 1318 1248 eum,
1340 1222 1449 1243 sacrum
1468 1215 1536 1243 illud
1551 1218 1634 1251 caput
1655 1214 1845 1251 percutiebant

1003 1261 1146 1290 arundine.

1081 1307 1193 1336 Attende
1215 1315 1301 1341 nunc,
1317 1308 1429 1335 humani
1446 1307 1535 1336 cmdis
1553 1307 1695 1344 superbia,
1714 1316 1784 1344 quae
1799 1316 1847 1344 op-
1857 1316 1992 1335 nortanoeon-

1875 1342 1904 1358 tra
1927 1344 1992 1364 super-

1875 1363 1931 1381 biam.

1003 1354 1114 1391 probria
1137 1354 1240 1391 refugis
1260 1358 1287 1382 et
1308 1354 1341 1382 ad
1364 1354 1482 1382 honores
1502 1354 1622 1390 aspiras:
1644 1354 1707 1390 quis
1728 1357 1769 1382 est
1796 1354 1846 1382 iste

1004 1400 1050 1436 qui
1073 1400 1239 1436 ingreditur,
1262 1400 1366 1429 habens
1381 1400 1527 1437 imaginem
1548 1400 1627 1437 quasi
1649 1401 1742 1437 Regis,
1764 1403 1791 1429 et
1805 1400 1846 1429 ni-

1004 1446 1154 1475 hilominus
1181 1447 1253 1475 servi
1284 1446 1480 1483 despectissimi
1513 1446 1671 1475 confusione
1702 1447 1847 1483 repletus?

1006 1493 1065 1530 lpse
1085 1496 1127 1522 est
1147 1494 1205 1522 Rex
1234 1496 1300 1522 tuus
1321 1496 1348 1522 et
1369 1494 1443 1522 Deus
1463 1497 1545 1527 tuus,
1567 1494 1614 1531 qui
1642 1494 1720 1531 quasi
1742 1494 1789 1523 vir
1810 1494 1848 1523 le-

1001 1548 1110 1577 prosus
1131 1543 1158 1568 et
1178 1540 1355 1568 novissimus
1376 1540 1510 1568 virorum
1525 1540 1536 1557 ⁸
1557 1540 1717 1569 aestimatus
1738 1544 1794 1574 est,
1816 1544 1848 1569 ut

1005 1590 1031 1615 te
1058 1586 1092 1615 ab
1120 1589 1232 1615 aeterna
1262 1586 1420 1615 confusione
1452 1587 1571 1623 eriperet
1601 1590 1628 1616 et
1658 1595 1674 1615 a
1702 1587 1848 1624 superbiae

1005 1635 1080 1670 peste
1101 1636 1219 1661 sanaret.
1242 1633 1296 1661 Vae
1317 1633 1402 1669 igitur
1430 1633 1473 1661 his
1494 1633 1578 1662 semel
1600 1636 1626 1662 et
1654 1641 1703 1662 vae
1729 1633 1846 1662 iterum!

1004 1679 1051 1716 qui
1068 1683 1129 1716 post
1150 1683 1204 1707 tam
1219 1679 1392 1716 praeclarum
1414 1679 1578 1708 humilitatis
1592 1680 1735 1717 speculum
1751 1688 1848 1716 super-

1005 1726 1049 1754 bia
1064 1726 1199 1754 tolluntur
1222 1726 1248 1754 in
1263 1726 1350 1754 altum
1363 1749 1369 1760 ,
1391 1734 1500 1754 rursus
1514 1727 1638 1755 ostentui
1651 1725 1784 1755 habentes
1800 1727 1849 1755 Fi-

1005 1771 1077 1800 lt'nm
1097 1771 1183 1805 Dei⁹‚
1205 1779 1288 1808 quem
1309 1774 1385 1800 tanto
1405 1772 1525 1808 amplius
1545 1772 1579 1800 ab
1600 1772 1760 1800 bominibus
1774 1771 1847 1800 omni

1005 1821 1111 1847 constat
1133 1818 1341 1846 honorificentia
1354 1818 1485 1855 dignum,
1507 1821 1610 1855 quanto
1633 1818 1719 1855 magis
1735 1826 1785 1855 pro
1800 1818 1848 1846 lio-

1005 1864 1126 1893 minibus
1146 1864 1257 1901 indigna
1278 1865 1417 1893 sustinuit.

1245 1958 1340 1991 Iesus,
1362 1957 1446 1986 eruci
1465 1957 1606 1986 clavatus.

1084 2050 1130 2078 26.
1153 2049 1260 2078 Satiatis
1281 2050 1335 2078 iam
1349 2050 1441 2087 impiis
1461 2049 1494 2078 de
1508 2050 1664 2086 opprobriis
1685 2050 1849 2079 mansuetis-

1006 2096 1067 2125 simi
1089 2097 1183 2134 Regis,
1205 2105 1319 2126 rursum
1342 2097 1397 2126 Rex
1420 2100 1513 2125 noster
1535 2097 1657 2126 vestibus
1681 2097 1738 2126 suis
1759 2097 1849 2126 indui-

1006 2146 1069 2177 tur,
1090 2143 1180 2172 denuo
1195 2143 1358 2177 exuendus,
1373 2146 1400 2172 et
1415 2143 1552 2172 baiulans
1572 2143 1629 2172 sibi
1648 2152 1764 2172 crucem.
1785 2152 1849 2181 per·
1897 2152 1981 2171 eimau,

1006 2189 1118 2218 ducitur
1140 2190 1181 2218 ad
1203 2190 1358 2218 Calvariae
1378 2189 1472 2218 locam
1485 2190 1517 2224 ¹⁰,
1533 2190 1625 2227 ibique
1641 2193 1714 2219 totus
1729 2193 1848 2225 exutus,
1861 2176 1982 2218 ἲέὲῗῖποω

1006 2236 1052 2264 vili
1073 2235 1220 2264 dumtaxat
1250 2236 1447 2265 circumtectus
1468 2244 1548 2265 renes
1578 2236 1689 2265 sudario
1710 2240 1737 2265 et
1764 2244 1848 2274 super

1005 2397 1081 2424 seim.y
1099 2397 1140 2419 loc.
1159 2397 1196 2418 cit.
1211 2408 1243 2413 -—-
1259 2397 1315 2419 Infra
1333 2403 1375 2424 pro
1395 2396 1526 2419 crudeliori
1546 2396 1659 2419 mandato
1682 2397 1732 2418 Vnt.
1758 2395 1851 2419 crudeli

1006 2434 1130 2463 mundato,
1148 2438 1170 2457 et
1186 2435 1270 2458 deinde
1288 2435 1399 2458 Decurrit
1414 2441 1456 2463 pro
1475 2435 1568 2464 Desinit.

1068 2472 1078 2486 θ
1095 2474 1149 2496 Cod.
1168 2474 1186 2496 U
1200 2473 1340 2503 prorumpis
1346 2482 1355 2502 ,·
1375 2475 1424 2496 Vat.
1441 2473 1508 2503 eleqit
1526 2480 1568 2502 pro
1592 2473 1726 2503 praeeleqit.
1745 2474 1848 2503 Sequens

1007 2512 1070 2534 locus
1087 2516 1120 2534 est
1137 2513 1170 2534 Ρ5.
1189 2513 1231 2538 68,
1249 2513 1275 2535 5:
1293 2513 1357 2540 Quae
1374 2519 1420 2534 non
1437 2513 1504 2540 rapui
1521 2516 1575 2534 tunc
1592 2511 1746 2534 exsolvebam.

1070 2549 1078 2562 ⁷
1096 2550 1150 2572 cod.
1163 2551 1181 2572 D
1192 2550 1343 2573 adiiulicacz't.
1360 2551 1392 2573 De
1404 2550 1553 2579 sequentibus
1566 2551 1618 2572 vide
1631 2551 1706 2572 Martii.
1719 2551 1755 2578 27,
1768 2551 1831 2573 27-31
1843 2560 1848 2578 ;

1008 2589 1074 2611 Marc.
1091 2589 1128 2615 15,
1146 2589 1179 2611 16.
1191 2602 1221 2605 -
1233 2589 1275 2611 Pro
1287 2589 1421 2618 implessent
1431 2589 1449 2611 D
1458 2590 1474 2611 E
1486 2588 1621 2618 implerenty
1634 2590 1649 2611 Α
1661 2589 1677 2612 C
1687 2590 1703 2611 Z
1714 2589 1848 2618 replessent.

1070 2626 1079 2639 Β
1097 2627 1145 2649 lsai.
1162 2627 1204 2655 53,
1223 2627 1243 2649 4.
1261 2630 1282 2649 6ῑ
1299 2628 1320 2649 3.
1338 2640 1368 2643 -
1386 2627 1436 2649 Vat.
1453 2628 1535 2649 omittit
1552 2629 1574 2650 et
1590 2631 1640 2650 ante
1657 2633 1672 2650 av
1688 2627 1818 2657 superbiae.

1038 2661 1042 2667 ’
1070 2664 1079 2677 ⁰
1096 2665 1164 2688 liebr.
1183 2666 1209 2692 ὅ,
1227 2666 1248 2687 6.
1264 2678 1295 2682 -
1312 2667 1384 2693 Supra
1404 2672 1445 2693 pro
1467 2666 1512 2688 Vae
1538 2666 1611 2695 mitur
1628 2665 1664 2689 his
1680 2665 1753 2689 semel
1770 2668 1791 2690 et
1809 2673 1850 2689 cae

1008 2703 1094 2726 iterum
1112 2704 1130 2725 D
1153 2703 1196 2726 Vae
1212 2703 1295 2732 semel,
1315 2710 1355 2726 rae
1372 2703 1406 2726 bis
1423 2705 1444 2727 et
1459 2710 1502 2727 vae
1519 2704 1620 2733 iterum,·
1638 2711 1680 2732 pro
1696 2704 1850 2734 praeclarum

1009 2742 1060 2764 Vat.
1077 2741 1186 2769 clarum,-
1203 2745 1254 2770 post
1266 2741 1295 2765 ab
1307 2741 1440 2765 hominibus
1457 2743 1474 2765 Α
1486 2743 1504 2764 Y
1514 2744 1530 2765 Z
1547 2743 1635 2766 addunt
1651 2743 1796 2772 exliibeitda,·
1814 2744 1850 2767 de-

1009 2781 1079 2809 nique
1093 2787 1135 2808 pro
1147 2782 1234 2810 quanto
1246 2781 1323 2810 mayis
1332 2787 1378 2810 pro
1390 2781 1523 2804 hominibus
1535 2781 1631 2811 z'adiqna
1651 2782 1668 2804 D
1678 2783 1693 2804 E
1703 2783 1718 2804 F
1727 2783 1744 2804 N
1762 2784 1850 2812 quanto

1006 2825 1052 2849 pro
1070 2819 1201 2842 hominibus
1213 2819 1357 2849 incliyniora.
1369 2832 1400 2836 —
1412 2820 1444 2842 De
1456 2821 1499 2842 hoc
1512 2826 1575 2843 num.
1589 2821 1630 2843 cfr.
1641 2821 1747 2849 Ansclm.‚
1759 2821 1802 2844 loc.
1813 2822 1850 2844 cit.

1073 2857 1092 2870 ¹⁰
1109 2859 1170 2880 toan.
1185 2858 1212 2880 i9
1221 2876 1226 2886 ,
1240 2858 1276 2880 117.
1289 2858 1320 2880 De
1332 2858 1444 2881 divisione
1456 2859 1646 2882 vestimentorum
1658 2861 1697 2882 cfr.
1710 2859 1766 2882 ibid.
1776 2866 1799 2882 v.
1808 2860 1850 2887 23;

1010 2897 1085 2918 Manli.
1104 2896 1145 2924 27,
1164 2897 1208 2923 δῦ,
1226 2897 1278 2919 Luc.
1298 2897 1339 2924 23,
1357 2897 1395 2919 34.
1411 2910 1442 2913 -
1460 2898 1517 2920 insi-a
1535 2897 1588 2920 voci
1603 2903 1671 2921 renes
1683 2898 1731 2921 Vat.
1745 2899 1851 2926 praefigit

1010 2935 1053 2962 ad,
1070 2939 1092 2957 et
1109 2941 1151 2963 pro
1168 2934 1294 2958 durissime
1310 2935 1432 2958 sauciatus
1452 2935 1520 2958 habet
1536 2935 1697 2960 crudelissima
1716 2936 1850 2965 sauciatus,

1009 2974 1110 3002 denique
1127 2976 1178 3002 post
1192 2973 1308 3003 praedam
1325 2974 1407 2996 omittit
1424 2976 1452 2997 et.

1861 988 1946 1008 Christus
1957 989 1978 1007 il-

1881 1012 1957 1031 luditur.
