2133 3317
269 213 465 243 OPUSCULUM
485 214 552 242 xtV.
574 213 681 249 QUARE
702 213 847 242 FRATRES
867 214 934 243 MIN.
956 215 1159 244 PRAEDICENT
1183 215 1222 244 ET
1244 215 1484 245 CONFESSIONES
1505 216 1655 245 AUDtANT.
1777 217 1829 246 381

171 292 285 325 Sextus,
301 291 328 319 in
343 291 460 320 articulo
475 290 659 324 necessitatis,
680 290 746 319 dum
769 291 847 320 timet
865 292 934 320 mori

93 341 120 367 et
141 345 223 366 suum
244 345 298 366 non
320 337 403 366 habet
423 337 601 366 sacerdotem.

171 383 321 420 Septimus,
343 391 406 412 cum
427 383 555 412 sacerdos
575 383 693 412 alicuius
713 386 754 412 est
775 383 858 411 idiota
886 391 935 412 nec

92 430 144 460 scit
164 430 191 458 in
214 429 375 458 necessariis
396 429 478 458 saluti
499 437 562 458 eum
585 438 707 466 congrue
728 430 868 466 expedire.

170 476 303 511 Octavus,
325 484 389 505 cum
403 479 445 505 est
466 476 591 505 notorius
606 476 767 511 fornicator,
789 480 855 505 tunc
870 477 935 506 sul)-

91 523 139 553 diti
160 531 214 552 non
236 522 357 552 debent¹
378 523 413 551 ab
434 531 466 552 eo
487 524 662 552 Sacramenta
683 524 836 560 requirere.

169 570 278 604 Nonus,
293 578 355 598 cum
371 570 514 598 consuevit
528 570 651 599 revelare
666 573 772 599 secreta
790 570 935 599 confessio-

92 617 149 651 nis,
171 616 272 646 subditi
287 625 341 645 non
357 619 486 645 tenentur
501 616 524 645 ei
546 616 683 651 confiteri,
699 617 746 653 qui
763 617 814 645 hoc
829 617 934 645 timent.

168 663 312 697 Decimus,
334 671 398 692 cum
425 663 451 691 in
474 663 643 692 confessione
671 663 740 692 solet
767 663 874 700 aliquos
901 663 935 692 ad

92 713 236 747 peccatum
257 709 401 743 iuducere,
423 709 461 737 illi
482 717 535 737 non
557 709 658 737 debent
678 709 808 738 accedere
822 709 934 738 adeum

91 758 204 794 propter
225 756 380 792 periculum
401 756 549 792 utriusque
562 755 581 783 2.

168 803 350 837 Undecimus,
372 810 435 831 cum
457 810 511 831 non
532 802 579 830 dat
598 802 716 831 subditis
740 802 846 839 copiam
869 802 935 831 inte-

89 857 138 887 gre
166 850 313 878 confitendi
340 853 367 878 et
398 857 451 878 ηοη
479 849 607 878 informat
634 857 681 878 eos
705 849 732 877 iu
761 849 804 878 his
832 849 934 886 quibus

89 896 213 933 indigent
234 897 266 925 ad
289 897 414 925 salutem.

169 943 369 977 Duodecimus,
391 943 412 972 si
435 943 562 972 sacerdos
583 946 625 972 est
649 943 683 971 ab
704 943 794 972 officio
822 951 935 980 suspen-

89 998 137 1019 sus
156 998 173 1019 a
193 990 299 1024 iudice,
325 990 368 1018 vel
398 998 414 1018 a
435 989 512 1024 iure,
541 992 607 1018 tunc
635 997 685 1018 nec
712 993 803 1027 potest
827 990 933 1019 solvere

88 1045 139 1066 nec
160 1036 253 1074 ligare.

166 1083 294 1112 Decimus
309 1083 420 1118 tertius,
443 1083 464 1112 si
480 1086 521 1112 est
541 1083 634 1120 aliqua
654 1083 750 1112 maiori
772 1091 934 1112 excommu-

88 1130 224 1159 nicatione
245 1130 358 1167 ligatus,
380 1130 514 1167 quianon
534 1130 635 1159 debent
656 1132 722 1159 tuuc
743 1130 845 1159 subditi
860 1139 934 1160 com-

87 1177 230 1206 municare
251 1177 289 1211 ei,
311 1177 359 1214 qui
381 1177 472 1206 sciunt
483 1177 502 1204 ³.

166 1223 295 1253 Decimus
309 1227 436 1261 quartus,
452 1224 474 1252 si
489 1227 530 1253 est
544 1224 637 1261 aliqua
650 1224 855 1261 irregularitate
870 1232 933 1261 per-

86 1270 203 1308 plexus,
224 1273 291 1299 tunc
311 1278 365 1299 nou
387 1273 475 1307 potest
499 1271 614 1307 exsequi
639 1270 761 1299 officium
787 1271 932 1307 pastorale.

165 1317 294 1346 Decimus
315 1317 446 1354 quintus,
467 1317 489 1346 si
511 1320 553 1346 est
574 1325 721 1354 perversor
742 1318 933 1347 Sacramentu-

87 1372 165 1399 rum,
186 1363 308 1393 vendens
321 1372 354 1392 ea
374 1372 425 1400 pro
439 1364 616 1398 muneribus,
638 1367 705 1393 tunc
719 1367 761 1393 est
781 1372 933 1401 suspensus

87 1413 115 1440 et
135 1411 254 1440 infamis.

165 1457 294 1486 Decimus
314 1460 425 1492 sextus,
454 1457 476 1486 si
497 1460 573 1486 tenet
593 1457 735 1486 ecclesiam
761 1461 858 1486 contra
877 1460 932 1487 sta-

87 1506 148 1533 tuta
168 1511 318 1538 canonum,
340 1507 407 1532 tunc
435 1503 508 1533 enim
530 1504 638 1532 nullum
660 1504 703 1533 ius
729 1504 811 1533 habet
842 1504 869 1532 in
901 1512 932 1533 ea

87 1553 119 1580 ut
132 1550 307 1587 illegitimus,
328 1550 496 1580 simoniacus
510 1553 537 1579 et
554 1550 659 1580 habens
674 1559 757 1580 unam
773 1551 931 1586 ecclesiam,

86 1596 109 1626 si
130 1596 228 1634 recipit
244 1597 374 1631 alteram;
390 1600 457 1626 tunc
477 1597 550 1626 euim
564 1597 640 1634 prior
662 1600 755 1632 vacat3
778 1600 805 1626 et
819 1598 867 1635 qui
880 1606 931 1635 per

86 1643 212 1673 fraudem
229 1643 346 1678 obtinet,
368 1643 411 1672 vel
426 1643 560 1672 violenter
581 1643 678 1679 intrat,
700 1644 742 1673 vel
758 1652 812 1673 non
834 1644 932 1681 recipit

86 1697 146 1719 eam
167 1698 183 1719 a
203 1698 259 1727 quo
280 1690 404 1727 recipere
424 1690 520 1719 debuit
530 1691 550 1718 4.

163 1736 292 1766 Decimus
312 1737 462 1774 septimus,
476 1737 499 1766 si
520 1739 562 1766 est
575 1737 697 1766 vicarius
717 1737 792 1766 illius
812 1737 861 1774 qui
874 1746 929 1767 non

85 1783 170 1812 habet
188 1783 234 1812 ius
253 1783 282 1812 in
301 1783 428 1818 ecclesia,
450 1783 524 1821 quod
545 1784 631 1821 possit
650 1784 729 1813 alteri
750 1783 885 1821 delegare.

1071 294 1116 321 20.
1139 294 1208 322 Sunt
1228 296 1255 322 et
1276 293 1320 322 alii
1348 302 1443 328 casus,
1465 302 1516 331 pro
1536 294 1639 331 quibus
1667 294 1833 331 quandoque
1846 302 1977 322 macasuse.

991 339 1072 368 etiam
1090 340 1218 369 honestae
1233 348 1365 377 personae
1387 341 1483 369 timent
1497 341 1555 370 suis
1569 341 1758 370 sacerdotibus
1772 349 1834 370 con-

992 385 1076 419 fiteri,
1098 386 1201 415 scilicet
1215 386 1279 424 quia
1299 387 1393 415 vicarii
1415 390 1480 416 sunt
1494 387 1634 416 instabiles
1654 391 1681 417 et
1702 388 1833 425 saepius⁵

992 435 1148 466 mutantur,
1170 433 1230 461 ideo
1248 442 1302 462 nou
1323 434 1425 463 audent
1445 435 1485 463 eis
1505 442 1555 463 sua
1576 435 1700 464 revelare
1714 438 1833 469 secreta,

992 486 1055 506 cum
1076 479 1157 507 toties
1176 484 1317 516 oporteret
1337 489 1383 509 eos
1404 481 1511 518 ignotos
1531 481 1634 510 habere
1655 481 1832 510 confessores.

992 541 1030 544 ——
1054 525 1135 559 Item,
1165 526 1230 562 quia
1258 527 1383 564 plerique
1411 527 1534 564 ipsorum
1557 531 1612 557 tam
1641 528 1730 557 vitiosi
1752 531 1833 563 sunt,

992 571 1065 608 quod
1087 572 1201 601 honesta
1228 573 1328 602 semina
1350 574 1427 603 timet
1448 574 1589 609 infamari,
1612 575 1633 604 si
1661 579 1765 604 secrete
1787 583 1833 604 su-

991 619 1146 647 surraverit
1173 627 1237 648 cum
1262 629 1302 649 eo.
1325 638 1362 642 —
1384 621 1466 655 ltem,
1494 621 1559 658 quia
1587 622 1682 658 plures
1710 622 1833 658 ipsorum

991 664 1075 700 ignoti
1097 669 1177 700 sunt,
1199 669 1224 695 et
1248 667 1376 702 timetur,
1397 668 1471 704 quod
1492 668 1547 697 siut
1567 671 1722 705 apostatae,
1744 669 1786 697 vel
1805 669 1831 698 in

991 710 1080 739 officio
1102 712 1284 741 sacerdotali⁶
1305 713 1444 750 impediti,
1466 714 1509 743 vel
1530 714 1600 743 forte
1622 722 1676 742 non
1702 715 1833 744 habentes

990 757 1114 786 ordinem
1136 759 1288 788 sacerdotii.
1304 777 1342 781 —
1358 761 1435 795 Item,
1456 761 1540 798 aliqui
1563 761 1665 790 liabent
1686 761 1748 790 talia
1770 769 1833 798 pec-

991 806 1051 832 cata
1071 804 1099 832 in
1113 805 1291 840 conscieut1a‚
1313 806 1387 843 quod
1409 807 1500 843 potius
1515 807 1611 835 volunt
1631 816 1685 835 non
1707 807 1832 836 confiteri

991 858 1074 886 quam
1096 851 1219 887 plebanis
1240 853 1297 881 suis
1317 861 1349 881 ea
1377 853 1512 890 pandere,
1534 854 1581 891 qui
1610 862 1719 891 semper
1739 854 1833 883 vident

990 904 1049 930 eos,
1071 900 1097 925 et
1112 905 1204 926 coram
1225 899 1327 935 quibus
1345 899 1441 928 timent
1462 902 1519 928 tota
1532 900 1575 928 die
1597 900 1739 935 confundi,
1761 900 1832 929 sicut

990 950 1071 979 saepe
1086 944 1267 981 percepimus.
1279 961 1317 964 —
1329 945 1373 974 His
1388 946 1415 973 in
1431 948 1506 974 tanto
1520 946 1643 983 periculo
1658 954 1693 975 ex
1708 954 1832 984 compas-
1849 953 1962 973 Notandum.

991 989 1066 1018 sione
1088 993 1129 1019 est
1149 992 1369 1020 succurrendum
1392 993 1499 1029 potius,
1521 1001 1603 1030 quam
1626 993 1652 1021 in
1667 993 1832 1030 desperatio-

990 1044 1052 1064 nem
1074 1040 1227 1073 ponantur;
1250 1038 1301 1067 hoc
1315 1039 1360 1067 tali
1384 1039 1464 1068 modo
1484 1042 1547 1076 apte
1563 1039 1608 1074 tit,
1630 1043 1661 1068 ut
1683 1040 1831 1069 confitean-

991 1086 1037 1111 tur
1060 1084 1172 1118 talibns,
1195 1093 1264 1122 quos
1292 1094 1345 1114 ηοη
1368 1086 1479 1121 timent,
1501 1086 1548 1115 ubi
1577 1087 1731 1116 consulitur
1760 1087 1831 1124 ipso-

991 1138 1054 1158 rum
1086 1131 1267 1161 verecundiae
1298 1135 1325 1161 et
1349 1132 1439 1161 saluti.
1471 1133 1528 1161 Non
1560 1133 1632 1162 enim
1664 1133 1761 1163 leviter
1790 1136 1832 1162 est

990 1177 1212 1214 praecipitandus
1236 1178 1263 1206 in
1286 1179 1443 1213 interitum,
1471 1188 1522 1216 pro
1543 1188 1598 1216 quo
1624 1180 1750 1209 Christus
1778 1180 1831 1209 Do-

990 1223 1082 1252 minus
1110 1224 1201 1260 potius
1229 1225 1316 1254 voluit
1343 1229 1460 1255 mortem
1488 1226 1580 1255 crucis
1608 1226 1718 1261 subire,
1746 1235 1830 1264 quam

990 1270 1174 1307 permitteret,
1196 1279 1259 1300 eum
1290 1272 1381 1308 perire
1393 1272 1412 1306 ⁷,
1434 1272 1499 1309 quia
1520 1272 1595 1309 rigor
1616 1273 1686 1301 iuris
1707 1273 1830 1309 positivi,

989 1317 1037 1345 ubi
1058 1317 1182 1353 expedit,
1197 1318 1349 1347 servandus
1370 1322 1423 1353 est,
1439 1319 1486 1347 ubi
1508 1322 1601 1348 autem
1615 1319 1732 1348 salutem
1747 1319 1831 1356 impe-

987 1364 1043 1397 dit,
1064 1364 1245 1393 remittendus
1259 1368 1307 1393 est.
1329 1365 1397 1393 Cum
1419 1365 1491 1393 enim
1515 1368 1634 1402 potestas
1648 1366 1831 1395 ecclesiastica

988 1410 1051 1439 data
1070 1410 1104 1439 sit
1118 1419 1134 1439 a
1148 1411 1263 1439 Domino
1281 1411 1422 1448 praelatis,
1444 1415 1512 1441 teste
1535 1412 1673 1449 Apostolo,
1695 1413 1830 1442 secundae

988 1457 1022 1486 ad
1043 1457 1198 1486 Corinthios
1218 1457 1358 1492 decimos,
1380 1459 1411 1487 in
1429 1458 1657 1495 aedificationem
1678 1463 1704 1487 et
1721 1468 1778 1488 non
1799 1460 1831 1488 in

988 1504 1210 1533 destructionem
1232 1505 1328 1533 salutis
1349 1505 1520 1540 animarum;
1542 1505 1712 1543 ubicumque
1736 1509 1830 1543 aperte

987 1551 1050 1588 quis
1065 1559 1096 1579 ea
1117 1551 1207 1579 utitur
1222 1551 1249 1579 in
1270 1551 1498 1586 destructionem,
1514 1552 1645 1581 virtutem
1662 1560 1740 1581 suam
1754 1553 1831 1581 amit-

988 1597 1028 1626 tit.
1056 1597 1162 1635 «Quod
1189 1598 1262 1626 enim
1290 1606 1341 1635 pro
1372 1599 1484 1627 caritate
1516 1599 1671 1628 institutum
1704 1602 1745 1628 est
1775 1608 1830 1628 non

987 1643 1068 1673 debet
1089 1646 1185 1672 contra
1200 1644 1341 1673 caritatem
1363 1644 1541 1673 militarem.
1560 1645 1651 1673 Amen.
1673 1645 1706 1674 Et
1726 1645 1765 1674 sic
1789 1648 1829 1675 est

987 1690 1050 1719 finis
1070 1690 1144 1719 illius
1165 1691 1340 1729 quaestionis.

1342 1784 1476 1814 Exrucrr.

788 1899 1127 1936 ADDITAMENTUM.

157 2009 226 2034 Sicut
249 2009 379 2039 medicina,
403 2016 467 2039 non,
487 2009 552 2034 sicut
570 2009 682 2041 expedit,
701 2016 776 2041 aegro
799 2009 928 2041 porrecta,

87 2051 172 2083 potius
189 2052 266 2077 laedit
284 2059 353 2082 eum,
373 2059 447 2084 quam
468 2052 554 2084 sanet,
572 2060 627 2077 cum
646 2052 780 2077 medicinae
791 2052 824 2077 ad
841 2059 930 2077 sanan-

85 2094 144 2120 dum
163 2094 189 2120 et:
206 2095 372 2126 reparandum
395 2095 420 2120 et:
437 2102 488 2120 non
506 2095 538 2120 ad
561 2095 722 2120 sauciandum
739 2096 779 2120 vel
803 2095 930 2120 destruen-

147 2233 156 2247 ¹
174 2234 230 2258 Cod.
248 2236 266 2257 Α
279 2237 395 2258 tenentur.

148 2273 157 2286 ²
174 2274 230 2297 Cod.
247 2274 265 2296 Α
281 2276 378 2304 propter
392 2276 517 2304 peccatum
534 2274 659 2305 utriusque
675 2275 712 2298 vel
724 2275 866 2305 pericnlum.

146 2311 157 2325 ⁸
174 2313 203 2335 lta
221 2313 265 2335 AB
282 2316 304 2336 et
321 2313 357 2336 ed.
375 2314 401 2340 2,
419 2315 470 2336 Vat.
492 2320 552 2343 quae
568 2314 654 2337 sciunt.
676 2315 771 2337 Inferius
787 2321 830 2343 pro
852 2315 873 2338 si
894 2316 928 2338 est

85 2351 166 2381 aliqua
185 2352 223 2377 (ita
241 2352 268 2381 A)
285 2352 339 2374 edd.
357 2352 399 2382 qui
413 2353 446 2375 est
463 2352 552 2382 aliqua.

146 2390 156 2403 ⁴
174 2391 203 2413 lta
221 2391 252 2417 Α;
269 2391 322 2413 edd.
339 2397 354 2414 a
372 2397 417 2420 quo
434 2390 504 2414 debet.

147 2428 157 2442 ⁵
174 2429 230 2453 Cod.
246 2430 265 2452 Α
282 2432 304 2453 et
319 2436 399 2453 amine
415 2430 451 2453 vel
467 2430 570 2460 saepius.

147 2466 157 2480 ‘³
173 2467 229 2490 Cod.
246 2468 264 2490 A
282 2469 302 2491 et
319 2468 344 2491 in
361 2467 435 2498 officio
452 2468 596 2492 sacerdolali
610 2468 691 2498 aliquo
708 2469 786 2492 modo.

148 2505 156 2518 ⁷
173 2506 243 2534 Epist.
260 2507 274 2528 1.
292 2506 344 2529 Cor.
362 2507 387 2533 8,
409 2507 447 2529 tt:
465 2508 490 2529 Et
507 2506 590 2535 peribit
607 2507 711 2530 infirmus
728 2508 750 2530 in
767 2510 804 2530 tua
822 2508 927 2536 scientia,

87 2545 166 2572 frater,
185 2549 278 2573 propter
298 2552 368 2574 quem
389 2545 493 2569 Christus
511 2550 615 2569 mortuus
637 2548 689 2569 est?
710 2559 740 2563 —
758 2546 861 2569 Subinde
884 2553 927 2575 pro

89 2583 144 2613 quia
160 2583 227 2613 riqor
245 2584 284 2612 (ita
301 2585 327 2612 Λ)
346 2585 398 2607 cdd.
415 2586 436 2607 el
453 2585 528 2614 rsyor.

147 2621 157 2634 ὃ
174 2623 241 2645 Vers.
256 2624 277 2650 8,
290 2627 342 2651 post
353 2630 422 2652 quem
435 2630 478 2651 pro
490 2623 574 2646 salulLs
586 2623 724 2647 ultimarum
737 2625 754 2646 A
766 2624 927 2648 ecrlesiznvmn,

150 2659 160 2673 ⁹
176 2662 236 2683 llaec
253 2662 361 2684 sententia
376 2661 482 2684 tribuitur
494 2669 505 2684 a
524 2664 545 2684 S.
559 2663 643 2684 Bonav.
661 2663 758 2685 diversis
770 2663 791 2684 in
808 2663 863 2685 locis
876 2663 928 2685 Ber-

90 2700 174 2727 nardo,
191 2707 203 2722 a
220 2707 267 2729 quo
285 2701 411 2723 insinuatur
427 2701 466 2723 lib.
484 2701 513 2723 de
531 2702 654 2729 Praecepto
671 2704 693 2723 ct
709 2701 890 2729 dispensatione,
907 2708 926 2723 c.

88 2739 110 2760 2.
126 2745 148 2760 n.
167 2739 188 2761 55,
205 2740 249 2761 (Σίν.
269 2743 323 2762 tom.
341 2740 378 2762 lV.
396 2746 448 2767 pag.
463 2739 520 2767 453,
539 2743 589 2762 notu
609 2741 633 2767 33
651 2746 705 2767 pag.
723 2740 778 2766 456,
797 2744 849 2762 nota
868 2741 890 2762 5.
907 2744 928 2762 ct

88 2783 141 2805 pag.
159 2779 214 2805 821,
232 2782 283 2801 nota
302 2780 322 2801 ἑ).
347 2792 375 2794 --
400 2780 461 2801 Han(-
479 2779 657 2807 propositionem
674 2778 766 2806 praebet
785 2779 813 2807 A,
831 2779 870 2807 qui
891 2779 927 2800 liic

85 2816 226 2844 opusculum
245 2817 298 2839 [init.
316 2817 371 2839 Cod.
389 2818 406 2839 Α
423 2818 522 2845 scriptus
538 2821 572 2839 cst
589 2824 623 2839 au.
643 2817 707 2839 14:1¹7.

985 2009 1043 2034 dum
1063 2009 1115 2034 sint
1133 2009 1255 2041 repertae.
1276 2019 1291 2032 ⁴<
1303 2010 1423 2035 Cessante
1441 2011 1505 2035 enim
1523 2018 1610 2040 causa,
1628 2011 1710 2036 cessat
1728 2011 1754 2036 et
1772 2011 1829 2037 effe-

986 2052 1041 2077 ctus
1053 2062 1066 2075 »
1081 2051 1104 2082 1;
1125 2053 1182 2084 quia
1201 2053 1269 2084 rigor
1287 2060 1332 2084 pro
1350 2053 1461 2078 utilitate
1473 2054 1613 2078 animarum
1626 2054 1750 2085 statutus,
1764 2054 1828 2079 sicut

985 2095 1123 2120 servandus
1141 2095 1194 2125 est,
1213 2096 1255 2121 ubi
1282 2096 1327 2120 illa
1345 2095 1443 2121 utilitas
1470 2096 1526 2121 inde
1554 2096 1681 2128 provenit,
1709 2104 1754 2128 pro
1779 2104 1827 2129 qua

1049 2238 1091 2260 Pro
1104 2238 1154 2260 loco
1166 2238 1189 2260 S.
1202 2237 1310 2259 Bernardi
1323 2237 1375 2259 cod.
1387 2237 1404 2258 B
1416 2239 1438 2259 et
1449 2243 1529 2259 omnes
1541 2237 1652 2259 editiones
1663 2236 1748 2259 babent
1759 2243 1829 2266 quau-

985 2276 1038 2299 dam
1057 2276 1249 2298 continuationem
1267 2276 1326 2298 illius
1342 2275 1518 2303 propositionis,
1533 2275 1616 2298 deinde
1631 2275 1726 2304 longum
1743 2276 1828 2298 addita-

986 2318 1089 2338 mentum
1101 2315 1219 2338 manifeste
1231 2315 1344 2343 spurium.
1353 2315 1413 2336 Hae(-
1425 2314 1519 2337 assertio
1537 2321 1581 2337 non
1594 2317 1682 2337 tantum
1694 2316 1827 2338 auctoritate

984 2354 1044 2376 illius
1062 2354 1160 2381 codiciS,
1177 2354 1218 2376 sed
1235 2353 1304 2375 etiam
1316 2353 1365 2375 aliis
1376 2353 1518 2381 argumentis
1530 2353 1640 2381 gravibus
1652 2353 1827 2382 comprobatur,

984 2398 1044 2420 quae
1062 2393 1104 2414 boc
1122 2392 1171 2414 loco
1188 2394 1276 2414 tantum
1289 2391 1362 2414 obiter
1374 2391 1497 2419 tangimus.
1515 2391 1590 2414 Primo
1607 2391 1683 2420 itaque
1700 2392 1827 2420 genuinum

985 2430 1122 2458 opusculum
1138 2436 1188 2452 rem
1207 2433 1324 2453 tractatam
1343 2430 1420 2452 ultima
1439 2433 1503 2458 parte
1519 2430 1585 2459 quasi
1602 2431 1693 2459 epilogo
1707 2434 1759 2459 apte
1776 2438 1828 2454 con-

984 2469 1062 2492 cludit.
1080 2469 1199 2496 Secundo,
1217 2472 1289 2491 totum
1307 2469 1488 2491 additamentum
1506 2470 1543 2491 xix
1560 2470 1619 2492 aliud
1638 2469 1707 2492 habet
1722 2470 1764 2492 nisi
1781 2470 1826 2493 iam

984 2508 1098 2530 dictorum
1116 2508 1287 2536 repetitionem,
1303 2508 1413 2530 maiorem
1426 2508 1625 2536 amplificationem
1638 2512 1660 2531 et
1671 2509 1699 2531 ad
1712 2510 1826 2538 quosdam

985 2553 1051 2569 casus
1069 2547 1253 2574 applicationem.
1280 2547 1370 2573 Tertio,
1394 2553 1454 2575 quae
1476 2553 1496 2569 n.
1516 2548 1537 2569 3.
1560 2547 1667 2570 dicuntur
1689 2548 1717 2570 de
1740 2548 1827 2571 clericis

987 2594 998 2605 a
1011 2586 1032 2608 in
1050 2586 1128 2613 Anglia
1143 2586 1177 2607 xcl
1190 2585 1282 2607 Francia
1296 2594 1307 2605 »
1327 2585 1460 2607 melioribus
1472 2592 1517 2608 non
1533 2586 1672 2608 Conveniunt
1683 2593 1735 2609 cum
1749 2587 1826 2610 verbis

984 2625 1006 2646 S.
1016 2625 1118 2646 Ttiomae
1130 2628 1152 2646 et
1163 2625 1335 2646 Bcnavcnturac
1347 2624 1399 2646 alibi
1410 2624 1476 2646 dictis
1488 2627 1509 2647 ct
1522 2625 1651 2652 ostendunt,
1661 2626 1703 2647 boc
1715 2626 1825 2654 scriptum

984 2670 1033 2685 esse
1051 2664 1073 2684 in
1091 2663 1139 2685 aliis
1157 2663 1230 2685 terris.
1247 2664 1345 2691 Quarto,
1366 2663 1387 2685 iu
1411 2664 1454 2685 nne
1476 2664 1530 2686 satis
1551 2664 1610 2686 clare
1628 2664 1765 2692 insinuatur,
1783 2666 1826 2687 hoc

984 2702 1164 2724 additamentum
1183 2702 1294 2729 scriptum
1312 2708 1361 2724 esse
1380 2702 1400 2723 iu
1418 2702 1550 2729 Germania,
1568 2703 1623 2725 dum
1642 2706 1749 2731 tauquam
1770 2703 1826 2726 obli-

985 2740 1098 2767 gatorium
1118 2741 1204 2767 profert
1221 2740 1339 2768 quoddam
1358 2743 1466 2762 statutum
1491 2742 1573 2763 sactum
1597 2741 1626 2763 ab
1648 2742 1758 2769 episcopo
1776 2742 1826 2764 s‘or-

985 2779 1056 2801 tueusi
1075 2785 1116 2806 pro
1137 2778 1272 2801 Theutoniu.
1291 2779 1392 2807 Denique
1405 2779 1453 2807 ipsc
1465 2779 1528 2801 stitus
1540 2783 1561 2801 ct
1573 2780 1660 2802 indoles
1677 2780 1824 2803 additamenti

983 2818 1005 2839 in
1025 2817 1128 2845 pluribus
1145 2817 1200 2839 locis
1218 2824 1261 2839 non
1280 2818 1339 2845 sapit
1356 2818 1473 2845 ingenium
1492 2818 1513 2840 S.
1532 2819 1710 2841 Bonavcnturuc.

794 2875 865 2898 Notae
881 2875 910 2898 ad
927 2875 1115 2898 additamentum.

149 2929 156 2942 ¹
176 2930 207 2952 Dc
226 2931 268 2952 hoc
285 2930 408 2957 axiomatc,
425 2930 487 2958 quod
506 2937 546 2958 por
563 2937 587 2953 sc
609 2934 642 2952 cst
663 2930 770 2957 evidens,
788 2933 810 2952 et
826 2931 889 2958 quod
907 2936 927 2952 c.

89 2958 147 2982 Oum
164 2962 267 2983 cessante
291 2966 364 2983 causa
389 2963 460 2984 cesset
476 2961 570 2990 effertus
589 2962 645 2990 (fio.)
668 2962 697 2983 Χ.
718 2961 747 2984 dt·
768 2961 926 2989 Appellationi·

89 2990 131 3013 bus
146 2995 188 3013 cte.
207 2992 240 3019 (tt.
254 2992 340 3014 Dcrrct.
355 2993 450 3019 tii-egor-
469 2993 505 3014 tx.
522 2993 553 3014 tit.
572 2993 619 3021 ⁶2⁸.)
636 2993 735 3019 att‘crtur,
754 2993 807 3015 vide
824 2993 925 3020 Aristot„

984 2931 1007 2952 ll.
1031 2931 1096 2958 Ptin.
1116 2934 1166 2953 text.
1191 2931 1227 2953 37.
1246 2932 1278 2955 (c.
1296 2932 1338 2959 3.);
1358 2931 1385 2953 V.
1409 2930 1505 2959 Metapti.
1530 2935 1581 2954 text.
1604 2932 1626 2954 3.
1649 2933 1694 2960 (lV.
1717 2939 1736 2955 c.
1754 2933 1784 2961 2.)
1804 2936 1825 2955 et

983 2962 1111 2987 Avircnna,
1130 2963 1226 2989 Met-apti.
1248 2965 1274 2984 tr.
1293 2962 1314 2984 l.
1332 2968 1350 2984 c.
1378 2963 1395 2984 t.
1413 2963 1458 2985 Csr.
1476 2966 1529 2985 tom.
1549 2963 1583 2985 tv.
1602 2969 1655 2991 pag.
1675 2963 1715 2991 97,
1733 2967 1783 2986 nota
1803 2965 1824 2986 2.

981 2996 1003 3014 ct
1021 2999 1074 3020 pag.
1090 2993 1144 3020 493,
1162 2996 1214 3015 nota
1233 2994 1254 3015 6,
