2133 3317
149 489 219 511 Tertio,
232 489 266 507 ho·

172 514 243 532 nestas.

149 877 215 901 Quoad
230 882 268 897 mu-

181 901 234 919 dum.

147 1093 214 1117 Quoad
226 1093 264 1112 dis-

161 1117 266 1136 cretionem

157 1141 260 1165 duplicem.

145 1441 174 1460 De
187 1446 224 1459 non
237 1445 270 1459 ue-

137 1464 220 1483 cessario
241 1465 271 1483 iu-

137 1493 199 1507 cessu.

174 1512 194 1530 in
207 1511 269 1531 domo.

178 2224 198 2242 ln
210 2223 272 2242 horto.

286 236 341 264 606

283 314 420 346 diliyeoztia
439 312 528 343 facite,·
541 312 566 337 et
578 312 685 337 iterum:
699 311 778 343 Ayite
790 311 935 343 diliyenter,
950 312 974 336 et
985 311 1034 336 erit
1046 311 1136 336 Domi-

283 365 333 383 nus
351 357 482 382 vobiscum
495 357 523 381 in
536 356 617 381 bonis.
631 355 676 381 Sic
688 355 769 387 ayetis
787 355 817 380 in
835 355 926 380 timore
938 355 1057 386 Domini,
1076 354 1136 385 fide-

285 400 345 426 liter
363 401 387 425 et
406 399 481 424 corde
495 398 620 430 perfecto.

357 443 380 467 7.
400 443 533 468 Honestas
550 443 576 466 in
599 441 744 473 operatione
769 440 899 470 servatur,
918 441 939 465 si
958 440 1053 469 omnia,
1072 447 1134 470 quae

284 485 407 518 aguntur,
420 493 474 510 cum
489 484 636 510 maturitate
654 492 683 509 ac
701 484 866 515 religiositate
885 483 991 515 quadam
1005 490 1135 508 exercean-

284 529 341 559 tur,
361 529 386 553 et
404 529 431 553 in
449 528 563 554 omnibus
581 528 648 553 nitor
667 527 812 553 inveniatur
830 527 979 557 munditiae,
999 526 1046 552 1100
1068 527 1134 552 enim

283 572 436 603 Religiosum
455 572 561 597 maxime
579 571 657 596 decet.

576 657 725 683 OArirunmu
742 657 840 682 ΧΧΠΙ.

509 745 550 770 De
569 744 710 775 disciplina
729 744 758 769 in
775 742 905 769 incessu¹.

356 831 380 856 1.
399 831 565 862 Disciplinam
577 831 642 856 circa
654 831 778 855 incessum
791 837 867 861 penes
883 830 988 855 modwm
1002 830 1027 855 et
1046 830 1135 855 discre-

285 875 378 900 tionem
396 875 423 899 in
441 874 592 899 ambulando
610 873 774 899 considerent.
801 873 930 899 Honestus
948 873 1022 898 eundi
1044 873 1135 898 modus

284 918 403 950 requirit,
427 928 439 940 κ
450 917 479 942 ut
497 925 547 943 non
559 917 706 948 impetuosis
719 916 744 941 et
757 916 844 941 fractis
856 916 985 948 gressibus
997 916 1135 946 ambulent,

283 968 328 986 nec
347 961 429 986 erecta
447 961 554 991 cervice,
573 967 624 985 non
644 959 795 991 prominenti
814 959 927 991 pectore,
941 966 985 984 seu
1003 959 1079 984 etiam
1097 959 1136 983 in-

284 1004 377 1029 clinato
396 1011 471 1035 super
489 1003 621 1028 humerum
641 1003 736 1034 capite,
750 1003 795 1028 aut
808 1002 956 1034 vagabunde
969 1002 1136 1034 pendentibus

285 1047 414 1077 manibus,
434 1054 497 1078 quae
516 1047 599 1072 omnia
624 1047 664 1071 vel
690 1046 834 1076 levitatem,
859 1046 899 1071 vel
919 1045 1076 1077 superbiam,
1095 1045 1136 1070 vel

286 1091 469 1120 remissionem,
489 1091 529 1115 vel
546 1090 698 1122 hypocrisim
717 1088 839 1121 sapiunt²
850 1100 874 1114 >›.
895 1104 931 1108 —
949 1089 1047 1114 Debent
1059 1088 1136 1113 etiam

285 1135 312 1160 in
331 1135 410 1160 eundo
430 1134 607 1159 discretionem
626 1133 729 1163 habere,
749 1141 779 1158 ne
798 1133 828 1158 de
846 1133 947 1158 illorum
966 1140 1069 1158 numero
1082 1139 1136 1157 cen-

285 1178 402 1207 seantur,
422 1177 451 1202 de
471 1177 561 1209 quibus
580 1177 671 1202 dicitur
688 1184 734 1208 per
751 1176 905 1207 Prophetam
917 1174 940 1200 ³:
960 1176 1023 1201 Non
1042 1176 1080 1200 est
1097 1175 1136 1199 iu-

284 1221 382 1246 dicium
399 1221 428 1245 in
439 1220 571 1252 messibus
589 1227 685 1245 eorum.
699 1220 730 1245 In
747 1227 832 1245 eorum
850 1219 979 1251 gressibus
998 1227 1048 1244 non
1067 1220 1137 1244 inve-

284 1264 354 1289 nitur
372 1264 505 1295 iudicium,
524 1264 567 1295 qui
585 1263 664 1288 eundo
683 1263 871 1294 necessitatem,
892 1262 932 1287 vel
951 1262 1067 1287 ordinem
1086 1269 1136 1287 non

285 1308 429 1333 attendunt.
449 1307 594 1333 Necessitas
612 1307 753 1331 discursum
780 1306 909 1335 inutilem,
930 1306 993 1331 ordo
1013 1305 1137 1330 inordina-

285 1351 361 1376 tionis
380 1350 548 1376 confusionem
568 1349 685 1374 excludit.

356 1394 381 1418 2.
401 1393 548 1418 Discursum
567 1392 646 1425 igitur
659 1400 704 1423 per
717 1392 821 1417 domum
828 1411 835 1423 ,
850 1399 894 1423 per
908 1391 1012 1417 hortum
1025 1391 1051 1416 et
1064 1392 1138 1416 extra

286 1437 399 1468 domum,
418 1437 460 1468 qui
479 1443 598 1468 magnum
617 1435 656 1460 est
674 1435 801 1460 instabilis
819 1435 910 1459 mentis
930 1434 1055 1464 indicium,
1066 1434 1139 1459 caute

287 1480 376 1505 vitent.
395 1494 432 1499 —
450 1480 481 1504 In
501 1479 592 1510 domo,
611 1486 642 1504 ne
662 1478 756 1504 scilicet
784 1486 829 1510 per
856 1478 968 1503 officinas
987 1478 1017 1502 de
1034 1478 1088 1503 loco
1107 1477 1138 1502 ad

286 1524 381 1553 locum,
401 1523 430 1548 de
448 1523 539 1548 Fratre
564 1522 596 1547 ad
620 1522 737 1547 Fratrem
765 1522 890 1547 inutiliter
918 1521 1072 1553 evagentur,
1092 1521 1138 1546 aut

285 1568 339 1593 loca
358 1567 500 1592 rumoribus
527 1567 657 1591 audiendis
684 1566 724 1590 vel
752 1564 978 1591 collocutionibus⁴
998 1565 1059 1596 apta
1087 1565 1138 1590 fre-

286 1611 421 1643 quentent,
441 1610 483 1635 sed
502 1611 528 1635 10
546 1610 607 1635 locis
626 1610 673 1634 sibi
692 1610 823 1639 concessis,
842 1609 872 1634 ut
891 1608 951 1634 sunt
964 1609 1074 1638 ecclesia,
1088 1609 1139 1634 cel-

284 1654 338 1684 lae,
364 1654 517 1685 capitulum,
546 1654 567 1678 si
595 1653 707 1677 extranei
731 1660 781 1677 non
810 1652 943 1681 affuerint,
963 1652 1003 1676 vel
1031 1652 1057 1676 in
1080 1652 1137 1676 aliis

284 1698 359 1727 locis,
380 1698 401 1722 si
420 1705 469 1729 qua
488 1697 535 1722 sibi
553 1696 648 1721 fuerint
667 1695 809 1727 specialiter
831 1695 968 1726 deputata,
987 1702 1043 1720 cum
1062 1695 1138 1720 silen-

285 1740 321 1766 tio
338 1740 484 1766 residentes.
502 1739 614 1765 Officinis
633 1738 754 1770 privatis,
769 1738 846 1770 puta,
860 1738 903 1763 ubi
922 1738 1016 1763 cibaria
1035 1745 1139 1769 praepa-

285 1783 390 1813 rantur,
408 1783 502 1808 infirmi
521 1783 561 1808 vel
580 1782 692 1814 hospites
712 1781 869 1811 recreantur,
884 1781 929 1806 aut
947 1781 1067 1806 Fratrum
1080 1788 1138 1806 con·-

285 1827 438 1859 gregationi,
458 1827 498 1851 vel
516 1826 700 1852 comedentibus
719 1824 764 1850 013Β
784 1825 927 1850 bibentibus
947 1832 972 1850 se
990 1824 1137 1849 nullatenus

285 1870 417 1903 ingerant,
431 1878 479 1896 non
493 1870 583 1896 vocati.
596 1869 754 1894 Erubescant
767 1869 900 1900 praecipue
920 1868 952 1893 ad
971 1868 1136 1893 reficientium

286 1922 397 1940 mensam
416 1914 542 1945 accedere,
562 1913 603 1938 vel
621 1914 657 1938 eis
675 1913 724 1937 nisi
743 1920 788 1944 pro
816 1912 925 1937 evidenti
943 1911 1077 1936 ministerii
1094 1919 1139 1936 ne-

286 1957 403 1983 cessitate
430 1957 556 1982 assistere.
585 1955 708 1981 Effrontis
732 1955 771 1980 est
798 1955 906 1980 hominis
924 1962 975 1979 non
994 1955 1138 1979 erubescere

286 2001 449 2027 comedentes.
477 2000 670 2029 Verumtamen,
690 1999 712 2024 si
740 1999 839 2030 quando
867 2005 908 2024 eos
931 1998 986 2023 loca
1014 1998 1061 2023 sibi
1088 2005 1138 2023 non

286 2052 402 2070 concessa
425 2043 561 2069 necessitas
589 2043 657 2068 adire
675 2042 837 2073 compulerit,
857 2041 889 2066 ad
916 2041 1008 2067 ostium
1036 2041 1138 2072 pulsare

287 2087 472 2119 aliquantulum
492 2086 609 2118 possunt,
629 2086 659 2110 ut
686 2085 727 2110 vel
751 2085 842 2116 aliquis
868 2084 1012 2116 egrediatur
1031 2084 1062 2109 ad
1082 2091 1137 2114 eos,

286 2132 327 2156 vel
345 2132 394 2163 ipsi
412 2131 494 2156 vocati
512 2130 623 2155 securius
641 2129 667 2154 et
684 2128 815 2154 honestius
832 2128 937 2153 intrent.

359 2174 384 2199 3.
403 2174 435 2199 In
454 2174 559 2199 borium
577 2181 627 2198 non
646 2172 741 2197 vadant
765 2172 859 2203 absque
886 2171 1002 2201 licentia,
1019 2171 1069 2196 nisi
1097 2178 1139 2196 eos

288 2218 320 2242 ab
339 2218 422 2249 aliquo
449 2216 561 2248 professo
588 2216 656 2241 mitti
684 2214 817 2246 contigerit
841 2214 886 2238 aut
905 2214 1002 2243 vocari,
1025 2214 1057 2238 ad
1084 2214 1139 2238 loca

288 2268 347 2291 sua,
367 2261 501 2292 postquam
519 2260 551 2284 ab
570 2266 597 2284 eo
616 2258 777 2288 recesserint,
797 2258 837 2282 vel
856 2258 909 2282 eius
932 2257 1061 2288 negotium
1079 2256 1139 2281 fece-

287 2304 353 2334 rint,
372 2312 447 2336 quam
465 2303 539 2328 citius
558 2303 691 2328 reversuri.
710 2301 888 2327 Verumtamen
902 2307 986 2326 eorum
1000 2300 1138 2325 instructor

287 2348 357 2373 iuxta
376 2347 532 2378 superiorum
551 2346 738 2377 dispositionem
757 2351 824 2369 nunc
840 2344 901 2373 hOS.
921 2351 988 2368 nunc
1006 2343 1071 2374 illos,
1092 2343 1137 2368 aut

289 2391 364 2416 etiam
383 2397 468 2416 omnes
487 2389 561 2414 simul
579 2389 611 2413 ad
630 2387 791 2419 spatiandum
810 2387 836 2411 10
854 2386 928 2411 horto
947 2393 1023 2411 causa
1042 2393 1138 2411 recrea-

288 2437 364 2461 tionis
377 2436 417 2461 vel
430 2435 535 2461 alicuius
547 2435 625 2460 bonae
639 2433 779 2459 collationis
790 2431 799 2444 ⁴³
819 2432 913 2463 poterit
932 2439 976 2462 per
995 2439 1021 2456 se
1040 2431 1080 2456 vel
1093 2438 1138 2462 per

288 2480 365 2505 alium
384 2478 500 2504 Fratrem
519 2477 672 2509 professum,
692 2484 747 2501 cum
766 2475 879 2507 expedire
898 2474 1002 2503 viderit,
1022 2481 1118 2499 vocare.

715 232 912 262 OPUSCULUM
933 232 952 260 l.
974 232 1145 261 SPECULUM
1166 232 1375 261 DlSClPLlNAE.
1397 232 1478 261 PARS
1498 232 1606 261 PRIMA.

1262 311 1287 336 4.
1308 311 1427 342 Tempore
1447 310 1602 342 probationis
1620 311 1724 336 domum
1743 311 1811 336 exire
1829 311 1869 336 vel
1889 312 2041 344 propinquos
2058 319 2086 338 Ad
2098 323 2126 340 ext

1192 361 1250 379 suos
1268 354 1372 379 visitare
1390 362 1440 379 non
1458 354 1559 385 curent3
1579 361 1625 379 nec
1643 355 1708 379 enim
1732 354 1800 379 inter
1819 356 1939 386 cognatos
1957 356 1982 380 et
1998 364 2041 381 no·
2129 362 2131 376 ¹

1192 399 1231 423 tos
1250 398 1371 423 Dominus
1390 397 1517 422 invenitur
1528 396 1550 428 7;
1571 398 1635 422 unde
1652 398 1809 422 Bernardus:
1834 408 1846 420 «
1862 398 1987 428 Quomodo
2005 399 2039 429 te,

1191 440 1254 465 bone
1272 440 1339 470 Iesu,
1357 440 1424 465 inter
1443 439 1564 471 cognatos
1583 448 1649 465 meos
1676 441 1817 472 inveniam,
1837 442 1880 472 qui
1899 441 1965 466 inter
1984 441 2042 467 tuos

1191 484 1292 508 minime
1319 491 1345 508 es
1372 483 1530 508 inventusn?
1549 483 1574 508 Si
1601 483 1700 514 quando
1728 484 1842 514 domum,
1868 485 1982 515 quamvis
2011 485 2040 510 de

1191 527 1327 558 superioris
1345 526 1454 556 licentia,
1474 526 1579 556 exeunt,
1599 526 1762 551 nihilominus
1780 527 1865 552 tamen
1878 528 1904 552 id
1916 528 1999 559 ipsum
2013 529 2042 553 si-

1190 570 1311 602 gnificent
1329 577 1374 595 suo
1392 569 1553 600 instructori3
1573 569 1638 601 quod
1657 570 1682 594 et
1701 570 1729 595 de
1748 571 1800 594 suis
1813 571 1870 595 aliis
1889 570 2042 596 notabilibus

1191 612 1264 638 factis
1282 612 1423 638 observent.

1263 657 1288 681 5.
1310 656 1379 682 Ordo
1398 657 1464 682 circa
1489 657 1613 681 incessum
1641 656 1680 681 est
1706 657 1733 681 in
1760 656 1904 682 0001100111Β
1933 658 2042 689 speciali·
2058 660 2133 684 Quoad*

1191 700 1230 725 ter
1248 700 1373 731 Religioso
1391 699 1541 728 servandus,
1561 699 1591 724 ut
1608 699 1634 724 in
1648 699 1845 730 processionibus
1862 699 1977 725 Fratrem
1996 701 2043 726 sibi
2095 689 2126 704 m

1191 743 1361 768 collateralem
1389 742 1518 772 attendat,
1539 742 1569 767 ut
1595 742 1664 767 chori
1692 743 1731 767 sui
1760 743 1858 774 partem
1885 744 1911 768 in
1939 743 2044 769 refecto-

1192 787 1228 811 rio
1247 786 1273 810 et
1290 786 1316 810 in
1335 785 1460 815 clanstro,
1480 792 1535 810 cum
1555 792 1600 816 pro
1618 785 1709 817 gratiis
1733 785 1766 810 ad
1785 786 1913 811 ecclesiam
1930 786 1996 817 itur,
2015 787 2042 812 in

1192 829 1259 854 omni
1277 828 1362 853 teneat
1380 829 1432 854 1000
1451 836 1495 853 000
1524 836 1550 853 50
1577 829 1609 853 ad
1633 829 1733 854 chorum
1754 829 1832 854 alium
1859 830 1899 854 vel
1927 830 1953 854 in
1980 830 2043 855 refe-

1192 872 1269 897 ctorio
1287 872 1327 897 vel
1345 873 1371 897 in
1391 872 1501 897 claustro
1527 879 1570 897 seu
1589 872 1650 897 alibi
1668 872 1821 902 transferat,
1840 873 1889 897 nisi
1907 880 1983 898 causa
2004 881 2042 898 ra-

1192 916 1307 941 tionabili
1326 915 1485 947 perurgente.
1504 915 1536 941 In
1564 915 1666 940 ecclesia
1690 923 1749 941 vero
1776 916 1843 941 inter
1870 915 1998 947 pulpitum
2016 917 2043 941 10
2120 918 2128 936 '⁸

1193 959 1272 984 medio
1290 958 1359 984 chori
1386 959 1496 990 positum
1521 959 1546 984 et
1574 958 1669 988 altare,
1694 959 1799 983 maxime
1819 959 1878 983 dum
1896 959 1931 984 ihi
1948 959 2043 991 aliquid

1193 1002 1298 1034 dicitur,
1317 1009 1367 1027 non
1386 1002 1457 1027 facile
1477 1002 1606 1033 transeat,
1625 1002 1674 1027 nisi
1692 1002 1757 1027 forte
1775 1002 1836 1027 alibi
1847 1002 1910 1027 liber
1929 1010 1979 1028 non
1998 1010 2043 1034 pa-

1193 1044 1247 1070 teat
1265 1044 1401 1074 transitus,
1422 1044 1447 1069 et
1465 1044 1526 1069 tunc
1544 1045 1576 1069 ab
1594 1045 1649 1076 ipso
1668 1045 1767 1076 pulpito
1787 1045 1914 1070 transiens
1933 1044 1958 1070 et
1970 1045 2044 1070 incli-

1193 1095 1265 1117 nans,
1285 1095 1315 1112 ne
1343 1088 1425 1119 ipsum
1445 1088 1573 1119 pulpitum
1600 1087 1716 1112 videatur
1743 1088 1858 1113 venerari
1868 1086 1886 1117 ⁹,
1905 1095 1957 1113 non
1983 1088 2042 1113 ante

1192 1131 1276 1162 ipsum
1295 1131 1401 1160 directe,
1421 1131 1464 1155 sed
1482 1138 1497 1155 a
1516 1131 1595 1155 latere
1614 1131 1740 1156 decentius
1759 1131 1899 1156 inclinabit.

1264 1174 1288 1198 6.
1309 1173 1357 1198 Est
1374 1173 1400 1198 et
1417 1174 1477 1199 ordo
1495 1174 1650 1198 reverentiae
1668 1174 1693 1198 et
1711 1173 1838 1199 decentiae
1856 1174 1882 1199 in
1894 1174 2000 1204 incessu,
2014 1173 2044 1199 ut

1192 1225 1242 1243 non
1255 1218 1350 1249 passim
1368 1218 1489 1242 seniorem
1502 1218 1584 1242 iunior
1596 1217 1740 1247 antecedat,
1754 1217 1810 1247 aut,
1824 1218 1923 1249 quando
1935 1218 2012 1243 vitari
2022 1217 2043 1230 ²⁰

1194 1261 1266 1286 facile
1284 1261 1381 1292 potest,
1401 1261 1544 1293 frequentes
1562 1260 1588 1285 et
1606 1261 1680 1285 nimis
1706 1261 1859 1292 propinquos
1878 1261 1900 1286 ei
1918 1261 2044 1286 transitus

1194 1304 1270 1329 faeiat
1288 1304 1347 1329 ante
1365 1305 1456 1336 ipsum.
1475 1304 1507 1329 In
1526 1304 1629 1329 ecclesia
1647 1311 1744 1335 quoque
1762 1304 1828 1329 inter
1851 1304 1980 1330 ministros
2008 1305 2046 1329 al-

1194 1348 1272 1378 taris,
1292 1348 1471 1373 subdiaconum
1488 1347 1616 1377 videlicet,
1636 1347 1766 1373 diaconum
1784 1347 1810 1372 et
1837 1347 1998 1378 sacerdotem,
2017 1348 2044 1373 in

1195 1391 1274 1417 officio
1293 1399 1337 1417 suo
1367 1391 1511 1416 solemniter
1536 1391 1705 1420 celebrantes,
1724 1398 1769 1416 nec
1787 1398 1838 1416 non
1856 1391 1881 1416 et
1907 1391 1966 1416 ante
1985 1391 2046 1416 Fra-

1194 1434 1247 1459 tres
1265 1433 1362 1459 infra¹¹
1382 1434 1606 1459 deambulatorium
1626 1434 1739 1459 sedilium
1758 1434 1784 1459 et
1807 1434 1945 1459 formarum
1963 1434 2046 1459 minus

1194 1478 1297 1503 honeste
1317 1478 1417 1509 praeter
1435 1477 1609 1502 necessitatem
1629 1477 1768 1507 transitur;
1788 1477 1831 1502 sed
1848 1477 1912 1502 illud
1931 1477 2045 1502 deambu—

1194 1521 1313 1546 latorium
1332 1521 1468 1551 intraturi,
1488 1521 1519 1546 ad
1538 1528 1617 1546 vacua
1635 1521 1727 1546 debent
1744 1521 1831 1546 sedilia
1850 1528 1895 1552 per
1913 1520 2045 1546 introitum

1195 1565 1314 1590 sedilibus
1332 1565 1395 1596 ipsis
1414 1565 1616 1596 propinquiorem
1635 1564 1762 1594 accedere,
1781 1565 1830 1589 nisi
1854 1564 1884 1590 ob
1903 1564 2045 1596 aliquarum

1194 1608 1360 1633 reverentiam
1380 1615 1556 1639 personarum,
1576 1608 1597 1632 si
1616 1607 1681 1632 forte
1700 1607 1861 1633 intermediae
1884 1607 1992 1637 fuerint,
2011 1607 2046 1632 sit

1194 1651 1268 1676 aliter
1286 1651 1434 1676 faciendum.

2062 1172 2109 1192 Ordo
2124 1179 2133 1193 1

2065 1196 2133 1217 renuas

2066 1219 2133 1246 decenn

1491 1738 1639 1763 CAPITULUM
1657 1737 1749 1763 XXIV.

1335 1825 1377 1850 De
1395 1825 1534 1856 disciplina
1552 1825 1582 1849 in
1598 1826 1672 1857 gyestu
1689 1824 1859 1849 membrorum
1869 1823 1899 1849 ¹².

1266 1912 1290 1938 1.
1310 1912 1358 1937 Est
1377 1912 1402 1937 et
1421 1912 1447 1937 in
1465 1912 1522 1937 aliis
1540 1911 1708 1936 membrorum
1736 1911 1861 1942 corporis,
1886 1911 1938 1936 sive
1963 1910 2044 1936 oculo·
2057 1910 2110 1952 mgni&

1194 1964 1268 1988 mim,
1288 1956 1340 1981 sive
1359 1956 1427 1987 oris,
1447 1955 1499 1980 sive
1518 1954 1686 1979 brachiorum
1704 1961 1880 1985 manuumque
1898 1954 1994 1984 officiis,
2007 1954 2045 1979 di-
2066 1957 2133 1976 discinxi

1195 2000 1314 2031 sciplinae
1342 1998 1512 2028 studendum,
1541 1998 1570 2023 de
1602 1998 1692 2029 quibus
1719 1997 1801 2023 adhuc
1825 1998 1910 2029 aliqua
1934 1997 2045 2023 breviter

1194 2042 1376 2074 supponentur.
1403 2056 1439 2060 -——
1464 2041 1597 2066 Amatores
1624 2041 1703 2073 igitur
1729 2040 1870 2066 honestatis
1899 2041 1985 2066 oculos
2012 2041 2043 2066 ab
2059 2040 2133 2083 Ωῡῠῗξῑ

1194 2086 1337 2112 inordinata
1356 2085 1502 2117 evagatione
1521 2085 1546 2110 et
1565 2084 1716 2110 exaltatione
1734 2085 1761 2109 in
1779 2092 1866 2110 mensa
1884 2085 1909 2110 et
1927 2085 1953 2110 in
1969 2085 2043 2111 choro
2105 2069 2110 2083 ‹

1195 2130 1327 2161 praecipue
1341 2129 1474 2161 diligenter
1487 2128 1638 2153 custodiant.
1652 2127 1777 2159 Scriptum
1790 2128 1829 2152 est
1841 2128 1906 2152 enim
1918 2127 1951 2152 ¹⁸:
1969 2128 2044 2153 Oculi

1194 2172 1334 2197 stultorum
1355 2171 1491 2202 infinibus
1512 2172 1611 2201 terrae;
1628 2171 1664 2196 et:
1684 2171 1824 2196 Eoealtatio
1850 2171 1983 2196 oculorum
2008 2172 2045 2197 est

1195 2215 1316 2240 dilatatio
1335 2214 1428 2239 cordis.
1452 2224 1465 2236 ιι
1477 2214 1557 2239 Levat
1575 2214 1673 2246 quidem
1693 2213 1821 2245 Propheta
1839 2214 1936 2246 oculos,
1955 2214 2044 2246 ut-pe-

1194 2257 1234 2283 tat
1246 2258 1379 2287 auxilium,
1398 2257 1532 2287 Dominus,
1545 2257 1575 2282 ut
1586 2257 1723 2288 impendat.
1737 2257 1774 2281 Tu
1786 2264 1896 2288 quoque,
1911 2257 1932 2281 si
1947 2257 2028 2282 locum
2037 2275 2043 2286 ,

1194 2300 1294 2331 tempus
1313 2300 1338 2325 et
1356 2307 1457 2325 causam
1475 2300 1648 2329 considerans,
1665 2299 1710 2324 tua
1723 2299 1763 2324 vel
1775 2299 1875 2324 Fratris
1896 2298 2045 2324 necessitate

1195 2344 1279 2369 oculos
1297 2343 1380 2373 levas,
1400 2350 1451 2368 non
1470 2343 1550 2368 solum
1569 2350 1619 2368 non
1638 2343 1725 2374 culpo,
1746 2343 1788 2367 sed
1807 2342 1882 2368 etiam
1907 2343 2043 2374 plurimum

1194 2386 1282 2417 laudo;
1301 2386 1347 2411 hoc
1365 2386 1431 2410 enim
1449 2386 1551 2410 excusat
1570 2386 1680 2415 miseria,
1693 2385 1756 2410 illud
1774 2385 1930 2410 commendat
1948 2386 2044 2410 miseri-

1194 2430 1285 2455 cordia.
1304 2430 1347 2454 Sin
1366 2430 1443 2459 alias,
1463 2437 1513 2455 non
1532 2429 1685 2460 Prophetae,
1704 2437 1754 2454 non
1767 2429 1880 2458 Domini,
1894 2429 1937 2454 sed
1949 2429 2042 2459 Dinae,

1194 2473 1239 2498 aut
1257 2473 1338 2503 Evae,
1358 2473 1434 2498 immo
1451 2473 1531 2504 ipsius
1551 2473 1654 2497 satanae
1667 2473 1692 2497 te
1704 2472 1856 2498 imitatorem
1872 2472 1974 2497 dixerim
1986 2471 2042 2497 ¹⁴¹».

2118 1726 2133 2039 ⁴23„5i„„„„.

352 2608 360 2621 ¹
378 2608 452 2631 Codd.
469 2608 513 2630 AB
531 2609 553 2630 et
570 2607 607 2629 ed.
624 2608 637 2629 2
655 2606 720 2630 circa
737 2605 863 2629 incessum.

351 2639 360 2652 ²
377 2640 484 2662 Formula
502 2641 612 2661 honestae
628 2639 690 2660 vitae
708 2638 775 2665 (inter
792 2643 863 2665 opera
880 2636 1009 2665 Bernurdi),
1026 2643 1048 2659 n.
1066 2637 1088 2659 4.
1104 2649 1136 2653 —

289 2671 402 2699 Superius
419 2671 464 2693 side
481 2671 499 2693 A
517 2673 539 2693 et
555 2670 593 2693 ed.
610 2671 624 2692 2
642 2669 805 2692 substituimus
822 2669 939 2691 Honeslus
962 2667 1035 2691 eundi
1050 2667 1135 2691 modus

289 2709 332 2731 pro
350 2703 467 2725 Honesta-s*
483 2701 547 2725 enim
564 2701 657 2724 modus.

352 2733 361 2746 ²³
379 2734 427 2756 lsai.
446 2734 488 2761 59,
506 2734 527 2755 5.

351 2765 361 2777 ‘¹
378 2765 435 2788 Cod.
453 2766 471 2787 D
488 2763 660 2791 collationibus,
682 2766 705 2786 et
730 2769 772 2791 pro
798 2763 855 2792 apia
872 2762 888 2784 C
899 2763 914 2784 E
932 2764 1023 2791 aperta.
1041 2762 1137 2785 inferius

289 2803 332 2825 pro
349 2802 396 2819 non
414 2796 529 2826 affuerint
547 2796 586 2825 (ita
611 2796 629 2818 Α
654 2798 677 2817 οι
698 2795 736 2817 ed.
762 2794 784 2823 2)
804 2795 854 2816 Vat.
871 2800 925 2816 cum
943 2794 1012 2817 CDE
1029 2797 1051 2816 et
1068 2794 1104 2816 ed.
1123 2795 1131 2815 ·1

289 2827 410 2858 affuerunt.

355 2858 364 2871 ⁵
382 2858 456 2881 Codd.
473 2858 543 2881 CDE
560 2857 608 2886 vel,
627 2857 664 2880 ed.
681 2858 695 2879 2
713 2858 762 2880 aut.

353 2889 363 2902 ὓ
379 2889 436 2913 Cod.
453 2891 470 2912 A
488 2893 510 2912 et
526 2890 563 2912 ed.
582 2890 595 2911 2
613 2888 784 2912 collocutionis.

352 2920 361 2932 ⁷
379 2922 433 2943 Luc.
450 2922 476 2948 2,
496 2921 533 2943 44.
555 2927 604 2949 seq.
621 2933 650 2936 —
668 2920 789 2946 seward,
815 2919 885 2947 Epist.
904 2920 912 2941 .1
920 2919 956 2941 07.
974 2925 996 2940 u.
1015 2919 1056 2941 v13:
1079 2919 1137 2940 Puer

290 2953 352 2974 lesus
364 2952 424 2975 inter
442 2954 555 2981 cominius
572 2953 594 2975 ei
609 2953 676 2974 notos
688 2958 700 2973 a
713 2950 847 2979 parentibus
859 2951 989 2979 quaeritur,
1001 2956 1043 2972 nec
1060 2953 1136 2972 tamen

290 2984 412 3005 invenitur.
424 2984 488 3011 Fuge
501 2985 581 3006 fratres
593 2986 645 3005 tuos
657 2986 679 3005 et
696 2986 718 3005 tu
727 3000 733 3010 ,
750 2983 768 3004 si
788 2986 849 3004 [uam
868 2982 904 3004 vis
916 2982 1020 3004 invenire
1032 2982 1137 3003 salutern.

290 3014 335 3037 Cfr.
353 3015 423 3068 Epilst.
442 3014 494 3036 412.
512 3021 533 3036 n.
556 3016 573 3036 l.
589 3026 620 3031 —
637 3013 710 3037 Codd.
734 3013 803 3036 CDE
820 3016 842 3035 et
859 3013 896 3035 ed.
914 3014 927 3035 2
945 3013 1053 3035 omittunt
1074 3012 1137 3035 uncle

288 3046 384 3069 Bernar
403 3051 436 3068 us.

1256 2604 1265 2617 Β
1283 2604 1337 2627 Cod.
1356 2604 1373 2626 A
1391 2606 1413 2626 et
1430 2604 1466 2626 ed.
1484 2604 1497 2625 2
1516 2602 1637 2626 comitutu.
1655 2602 1759 2625 Subinde
1775 2602 1793 2624 A
1812 2601 1929 2625 substituit
1946 2603 1968 2625 ei
1990 2601 2042 2625 reli-

1192 2636 1256 2666 qz'ose
1273 2642 1316 2664 pro
1334 2635 1458 2665 Religyz'oso.

1256 2666 1265 2680 ⁹
1282 2667 1356 2690 Codd.
1375 2668 1392 2689 A
1403 2667 1419 2688 B
1437 2670 1459 2689 et
1471 2666 1507 2689 ed.
1521 2667 1533 2688 2
1545 2665 1593 2688 nisi
1604 2665 1631 2695 [A
1643 2665 1673 2694 ει]
1685 2665 1747 2695 forle
1759 2664 1816 2688 liber
1826 2666 1908 2694 pateat
1924 2664 2042 2688 transitus

1192 2698 1289 2728 abipso
1310 2698 1404 2728 pulpito
1430 2697 1534 2721 mullum
1560 2697 1664 2724 distans,
1682 2703 1711 2719 ne
1736 2698 1814 2719 tamen
1840 2696 1901 2719 inter
1919 2695 2041 2725 pulpitum

1193 2730 1312 2753 transiens
1330 2731 1350 2752 et
1367 2729 1498 2757 inclinans,
1517 2729 1596 2758 ipsum
1612 2728 1722 2751 videatur
1731 2727 1854 2757 pulpitum
1865 2727 1984 2750 honorari
1995 2727 2041 2756 [ed.

1193 2763 1206 2784 2
1224 2760 1362 2790 honorare}

1256 2791 1275 2805 ¹⁰
1293 2792 1367 2815 Codd.
1384 2791 1400 2814 C
1411 2792 1455 2814 DE
1472 2791 1556 2814 vilare.

1256 2824 1275 2836 ¹¹
1294 2825 1328 2846 Du
1341 2823 1426 2851 Gange,
1439 2823 1580 2845 Glossarium
1593 2824 1647 2844 etc:
1661 2822 1728 2851 Infra
1740 2822 1826 2849 passim
1838 2827 1881 2849 pro
1893 2821 1966 2848 intra,
1979 2821 2041 2843 unde

1192 2856 1294 2878 Italicum
1311 2855 1358 2884 fra.
1375 2867 1406 2871 —
1424 2855 1464 2877 Ed.
1483 2856 1495 2876 2
1513 2854 1586 2877 inira.
1599 2854 1693 2875 inferius
1710 2859 1753 2881 pro
1770 2853 1910 2882 aliquarum
1923 2853 1974 2875 Vat.
1986 2858 2040 2875 cum

1193 2887 1229 2909 ed.
1249 2888 1256 2908 l
1279 2886 1399 2916 aliquam,
1417 2890 1439 2908 et
1456 2892 1498 2914 pro
1516 2884 1669 2908 mim-mediae
1685 2885 1722 2907 etl.
1740 2886 1753 2906 2
1771 2884 1796 2906 in
1812 2884 1896 2906 medlo.

1253 2917 1275 2932 Ἡ
1293 2918 1366 2940 Codd.
1385 2919 1401 2940 A
1415 2918 1430 2939 B
1448 2920 1470 2939 et
1486 2917 1523 2939 ed.
1542 2918 1555 2938 2
1572 2917 1605 2939 De
1622 2915 1747 2945 disciplina
1764 2915 1829 2939 circa
1842 2914 1958 2944 quaedam
1970 2920 2040 2937 mem-

1193 2949 1293 2972 brorum
1311 2949 1394 2979 officia..

1256 2980 1275 2992 ¹⁵
1293 2981 1360 3002 Prov.
1379 2980 1415 3007 r17,
1434 2979 1475 3006 ⁴24,
1493 2981 1545 3007 post
1561 2985 1631 3007 quern
1650 2979 1687 3005 21,
1707 2978 1726 3000 4.

1256 3011 1276 3024 ¹4
1294 3011 1411 3038 Bernard„
1429 3011 1458 3033 de
1474 3010 1590 3033 Gradibus
1607 3010 1752 3036 humilitatis,
1770 3015 1789 3031 0.
1806 3010 1840 3031 10.
1851 3015 1874 3031 n.
1886 3009 1926 3031 ⁴29:
1944 3007 2040 3030 Levavit

1193 3043 1271 3065 oculos
1289 3043 1363 3065 David
1389 3043 1410 3064 in
1436 3044 1538 3069 montes,
1555 3045 1579 3064 ut
1604 3044 1692 3069 peteret
1709 3040 1757 3070 [Ps.
1778 3041 1836 3068 ⁴20,
1857 3041 1896 3069 i.];
1914 3040 1999 3062 levavit
2017 3041 2040 3061 et
