2133 3317
726 379 1034 416 OPUSGULUM
1065 380 1176 416 XIII.

111 514 1051 580 DETERMINATIONES
1092 515 1800 590 QUAESTIONUM

497 673 637 716 CIRGA
664 673 899 716 REGULAM
927 673 1159 716 FRATRUM
1186 674 1415 717 MINORUM

833 810 988 855 PARS
1017 810 1040 856 I
1055 805 1075 855 ¹.

871 1207 1046 1237 PROLOGUS.

164 1295 232 1324 Cum
254 1294 325 1324 inter
346 1294 413 1323 alios
433 1294 550 1323 Ordines
564 1294 763 1331 Religiosorum
779 1294 853 1323 Ordo
868 1295 929 1323 Fra-

4 1350 61 1377 ψῃ,
86 1345 161 1371 trum
183 1341 317 1370 lilinorum
339 1341 420 1370 datus
441 1341 476 1369 sit
497 1341 631 1370 Ecclesiae
652 1341 685 1369 ad
710 1341 927 1370 aedificationem

0 1373 70 1415 ξ’.»ιῗῖῗῖ
85 1388 206 1417 fidelium
219 1389 229 1404 ²
250 1387 277 1416 in
299 1387 353 1416 fide
374 1391 400 1416 et
421 1388 547 1417 moribus
568 1395 617 1424 per
639 1387 723 1416 verba
744 1388 885 1417 doetrinae
901 1390 929 1416 et

0 1424 70 1462 ffiusss'
84 1435 211 1472 exempla
231 1435 318 1463 bonae
339 1435 570 1468 conversationis,
592 1434 694 1471 quibus
713 1437 740 1463 et
754 1434 849 1463 fideles
863 1442 927 1463 eru-

986 1294 1017 1323 Et
1038 1294 1098 1323 ideo
1120 1294 1232 1332 expedit
1253 1295 1280 1324 in
1302 1295 1392 1324 lucem
1413 1303 1515 1332 ponere
1536 1298 1563 1324 et
1577 1295 1724 1330 rationem,
1739 1299 1770 1324 ut
1786 1296 1829 1325 lu-

984 1345 1058 1376 ceat,
1079 1342 1223 1370 ostendere
1243 1341 1277 1370 de
1298 1342 1341 1371 his
1362 1350 1433 1379 quae
1464 1350 1517 1370 non
1550 1342 1686 1371 intellecta
1716 1345 1827 1379 possent

985 1388 1075 1425 putari
1099 1388 1243 1423 tenebrae,
1265 1392 1292 1417 et
1313 1397 1361 1426 per
1382 1397 1552 1427 consequens
1574 1392 1684 1426 possent
1704 1390 1823 1418 aliorum

984 1434 1199 1463 aedificationem
1220 1435 1254 1464 de
1275 1435 1353 1464 nobis
1380 1435 1554 1472 aliquatenus
1582 1436 1722 1472 impedire.
1752 1436 1828 1465 Sicut

9 1866 69 1881 reeen-

0 2286 18 2300 ιο
24 2281 70 2301 ratio

0 2304 70 2324 [amris

0 1468 49 1486 ’Μ’
84 1482 194 1511 diantur
215 1481 250 1510 ad
270 1481 449 1516 imitandum,
470 1484 497 1510 et
515 1481 583 1510 fides
597 1481 739 1510 muniatur
754 1485 849 1510 contra
864 1490 927 1518 pra-

83 1529 195 1558 vitatem
218 1529 400 1563 haereticam,
422 1529 493 1557 sicut
515 1529 628 1557 lucerna
658 1528 757 1565 fugans
788 1528 815 1557 in
846 1528 927 1557 domo

83 1575 212 1605 tenebras
232 1578 259 1604 et
279 1576 452 1612 operationes
474 1583 653 1612 promovens3
676 1578 706 1604 ut
731 1575 825 1604 eadem
854 1575 926 1604 aedi-

83 1622 173 1651 ficatio
193 1622 289 1651 afferat
310 1622 432 1651 fructum
453 1622 631 1658 ampliorem,
653 1630 763 1650 necesse
778 1625 832 1656 est,
847 1621 927 1650 Ordi-

82 1676 146 1698 nem
167 1668 257 1705 ipsum
278 1671 399 1706 quatuor
419 1669 588 1697 ornamentis
606 1677 665 1698 esse
680 1668 853 1705 praeditum,
868 1668 927 1697 sine

83 1715 185 1753 quibus
207 1715 299 1744 minus
320 1716 467 1752 proficeret
489 1716 516 1744 in
537 1715 613 1750 aliis,
640 1715 703 1744 licet
734 1715 805 1744 forte
836 1715 927 1752 quoad

83 1769 112 1791 se
132 1762 225 1799 aliquo
247 1762 358 1790 illorum
380 1765 471 1799 posset
492 1770 596 1791 carere.

162 1808 283 1837 Primum
298 1812 339 1837 est
354 1808 415 1836 vita
430 1807 705 1845 irreprehensibilis,
720 1816 791 1845 quae
806 1808 928 1837 maxime

84 1854 193 1884 sibimet
213 1855 324 1892 prodest
339 1858 365 1883 et
379 1855 446 1883 alios
460 1855 593 1884 aedificat.
609 1855 766 1884 Secundum
781 1857 823 1884 est
836 1855 927 1883 scien-

85 1901 127 1930 tia
146 1909 251 1930 sacrae
272 1901 460 1938 Seriptarae,
482 1901 540 1930 sine
561 1909 617 1938 qua
631 1909 681 1929 nec
696 1909 793 1930 secure
809 1909 858 1930 nec
874 1901 927 1929 uti-

83 1947 146 1988 liter
160 1951 252 1985 posset
265 1948 333 1977 alios
347 1948 454 1977 docere.
470 1948 595 1977 Tertium
609 1951 650 1977 est
664 1948 829 1977 auctoritas
839 1957 928 1986 prae-

84 1995 205 2024 dicandi
225 1999 250 2023 ec
270 1993 463 2032 confessiones
477 1995 618 2024 audiendi
623 2018 631 2029 ‚
647 1995 673 2024 in
689 1995 792 2032 quibus
806 1995 928 2024 maxime

83 2045 201 2078 prosunt
221 2041 348 2070 fidelibus
370 2042 485 2071 Fratres.
508 2042 644 2079 Quartum
659 2045 700 2071 est
715 2043 791 2071 ratio
806 2041 928 2079 satisfa-

85 2087 177 2116 ctoria
197 2096 281 2124 super
303 2088 468 2125 quibusdam
489 2088 580 2117 dubiis
607 2088 680 2126 apud
708 2088 796 2118 alios³
818 2105 856 2109 —
880 2088 928 2126 qui

84 2142 137 2162 non
152 2134 317 2171 intelligunt,
332 2135 450 2172 qualiter
465 2135 531 2164 fiant
545 2138 571 2164 et
586 2135 784 2164 rationabiliter
800 2139 826 2164 et
841 2135 927 2170 licite,

84 2180 167 2209 immo
182 2181 336 2210 necessario
356 2185 383 2210 et
400 2182 541 2211 meritorie
556 2182 581 2210 in
597 2182 712 2216 Ordine,
728 2190 812 2219 super
827 2182 929 2219 quibus

85 2228 297 2262 ammirantur,
318 2232 367 2257 aut
387 2229 606 2258 scandalizantur
628 2245 664 2250 —-
687 2233 717 2258 ut
732 2229 827 2263 sciant,
842 2237 929 2266 quare

86 2277 112 2303 et
133 2274 269 2311 quomodo
290 2275 342 2304 ista
363 2275 429 2304 fiant
450 2275 657 2305 rationabiliter.
681 2292 717 2296 —
739 2276 806 2304 Cum
829 2276 928 2305 adhoc

45 2341 50 2347 .
86 2323 244 2355 teneamur,
269 2324 300 2350 ut
321 2330 421 2350 coram
436 2330 519 2350 caeco
534 2321 738 2360 offendiculam
760 2331 818 2350 non
837 2331 929 2359 pona-

86 2376 166 2401 muS,
181 2375 265 2404 opera
282 2372 376 2397 nostra
394 2368 444 2396 lux
459 2368 558 2397 debent
573 2376 631 2397 esse
646 2377 738 2397 coram
754 2369 928 2403 hominibus,

87 2413 166 2443 iuxta
186 2414 253 2443 illud
274 2415 401 2444 Matthaei
423 2415 555 2452 quint04:
584 2416 636 2444 Vos
656 2416 723 2444 estis
744 2416 796 2444 lux
817 2416 928 2444 mandi.

985 1481 1057 1510 enim
1078 1482 1146 1510 artis
1173 1482 1289 1510 alicuius
1320 1482 1433 1519 ignarus
1458 1482 1546 1517 videt,
1567 1482 1659 1520 aliqua
1689 1483 1724 1511 ab
1754 1483 1828 1511 illius

985 1528 1052 1555 artis
1073 1527 1217 1564 opificibus
1240 1529 1421 1557 instrumenta
1442 1529 1553 1563 haberi,
1575 1537 1646 1566 quae
1667 1538 1721 1557 non
1748 1529 1827 1557 intel-

985 1574 1044 1611 ligit
1064 1574 1098 1603 ad
1119 1575 1185 1611 quid
1201 1575 1322 1608 valeant;
1338 1575 1374 1603 ita
1389 1575 1553 1613 plerumque
1568 1576 1723 1605 saeculares
1737 1580 1765 1605 et
1779 1584 1827 1605 ru-

984 1621 1032 1650 des
1053 1621 1201 1655 mirantur,
1223 1630 1309 1659 quare
1330 1622 1487 1659 spirituales
1508 1623 1575 1651 haec
1590 1626 1616 1651 et
1631 1623 1698 1651 haec
1712 1623 1826 1658 faciant,

985 1668 1022 1696 ita
1043 1671 1074 1696 ut
1095 1668 1175 1697 etiam
1197 1668 1325 1705 expediat
1346 1669 1438 1705 aliqua
1458 1669 1492 1697 ab
1513 1669 1552 1697 eis
1571 1669 1754 1704 abscondere,
1770 1677 1824 1698 non

984 1723 1020 1743 ex
1042 1715 1223 1743 simulationis
1245 1715 1414 1751 palliatione,
1436 1715 1482 1744 sed
1504 1724 1555 1752 pro
1576 1716 1697 1750 cautela,
1719 1719 1750 1745 ut
1771 1725 1825 1745 non

984 1765 1103 1798 ponatur
1124 1762 1318 1790 ostendiculum
1340 1762 1472 1796 infirmis,
1493 1766 1520 1791 et
1542 1762 1633 1799 pusilli
1649 1763 1827 1800 intelligentia

985 1809 1127 1837 materiam
1156 1808 1274 1837 scandali
1304 1809 1366 1837 inde
1390 1812 1508 1837 sumant.
1530 1809 1612 1843 Nam,
1634 1809 1723 1847 aufer
1744 1810 1826 1838 rubi-

983 1855 1080 1893 ginem
1101 1855 1135 1883 (le
1155 1859 1292 1892 arqento,
1314 1859 1338 1884 et
1352 1855 1515 1893 egredietur
1526 1856 1722 1893 purissimam
1738 1865 1792 1885 vas
1803 1857 1826 1891 ⁵,

986 1902 1036 1930 hoc
1057 1905 1114 1936 est,
1137 1902 1199 1930 tolle
1220 1902 1253 1930 de
1274 1902 1360 1936 bono,
1382 1902 1455 1939 quod
1474 1902 1555 1937 sacis,
1577 1903 1760 1940 suspicionem
1783 1912 1827 1932 ra-

986 1948 1085 1977 tionem
1118 1948 1271 1983 reddendo,
1300 1952 1327 1977 et
1357 1949 1499 1986 apparebit
1530 1958 1633 1986 purum
1664 1953 1691 1979 et
1721 1950 1825 1979 bonum

985 1995 1058 2033 quod
1080 1995 1230 2032 putabatur
1252 1995 1396 2030 vitiosum;
1418 1996 1508 2032 prima
1530 1996 1616 2025 Petri:
1632 1997 1741 2025 Parati
1753 2006 1826 2025 sem-

982 2051 1036 2079 per
1047 2042 1086 2070 ad
1096 2041 1326 2080 satisfactionem
1337 2043 1417 2071 omiti
1424 2043 1553 2079 poscenti
1564 2052 1612 2072 vos
1624 2043 1766 2072 rationem
1775 2046 1825 2072 etc.

986 2089 1045 2126 Ipsa
1065 2089 1137 2117 enim
1158 2097 1243 2126 opera
1264 2089 1311 2118 Dei
1333 2089 1480 2125 purissima
1501 2089 1529 2118 in
1550 2098 1579 2118 se
1600 2098 1680 2127 saepe
1708 2093 1773 2119 sunt
1798 2090 1825 2119 in

986 2135 1103 2164 rudibus
1124 2138 1151 2164 et
1172 2135 1199 2163 in
1219 2135 1375 2164 infidelibus
1396 2136 1501 2164 occasio
1523 2136 1658 2171 scandali,
1680 2145 1743 2165 cum
1770 2145 1825 2166 non

986 2182 1142 2219 intelligunt
1170 2185 1197 2210 et
1227 2182 1337 2211 sinistre
1368 2190 1399 2211 ac
1430 2190 1560 2219 perverse
1590 2182 1826 2220 interpretantur3

986 2229 1113 2258 Matthaei
1135 2229 1318 2258 utidecimo⁶2
1342 2230 1465 2264 Beatus,
1486 2230 1538 2268 qai
1558 2238 1615 2260 non
1635 2229 1728 2267 fuerit
1741 2239 1826 2259 scan-

986 2275 1137 2304 dalizatas
1159 2276 1190 2304 in
1210 2284 1270 2310 me,
1292 2276 1329 2304 ait
1351 2276 1497 2310 Dominus;
1519 2279 1545 2305 et
1573 2277 1723 2313 Propheta:
1754 2276 1826 2306 Cum

986 2327 1086 2351 sancto
1107 2326 1227 2351 sanctus
1248 2323 1306 2351 eris
1333 2327 1358 2351 et
1385 2331 1451 2351 eum
1478 2331 1615 2359 perverso
1643 2324 1825 2360 perverteris,

987 2369 1020 2398 Ut
1041 2377 1107 2406 ergo
1128 2369 1242 2397 lucerna
1262 2370 1363 2398 clarius
1385 2369 1489 2403 luceat,
1507 2370 1702 2399 offendiculum
1717 2370 1826 2399 auferas

988 2416 1028 2450 ei,
1049 2419 1076 2444 et
1098 2415 1238 2452 limpidius
1260 2416 1352 2444 lumen
1374 2416 1502 2444 effundet.

146 2606 154 2620 ¹
176 2608 248 2630 Huius
264 2608 370 2636 opusculi
392 2611 469 2636 partes
485 2608 650 2636 distinguimus
671 2609 742 2637 duas,
758 2615 857 2638 quarum
876 2615 929 2636 pars

86 2646 190 2669 secunda
206 2648 327 2676 hucusque
345 2647 456 2675 impressa
474 2648 515 2670 suit
532 2650 557 2670 ut
573 2648 710 2675 opusculum
726 2647 858 2670 distinctum
874 2654 928 2670 cum

86 2685 151 2708 titulo
167 2685 235 2708 Liber
252 2685 412 2715 apologeticus
427 2685 453 2709 in
469 2692 508 2709 eos
525 2685 567 2715 qui
578 2685 663 2709 ordini
678 2686 795 2709 Fratrum
806 2686 929 2709 Minoi-um

86 2723 251 2747 adversantur.
270 2724 315 2746 Sed
333 2725 478 2747 manifestum
495 2728 541 2752 est,
560 2726 620 2747 hunc
638 2724 740 2747 libellum
756 2731 802 2747 non
818 2731 868 2747 esse
884 2725 928 2747 nisi

86 2763 278 2785 continuationem
296 2764 377 2786 harum
396 2763 639 2793 Determimztionum;
651 2763 680 2786 de
692 2770 739 2792 quo
752 2764 816 2791 plura
834 2764 855 2786 in
869 2764 929 2792 prin-

86 2801 146 2829 cipio
169 2802 239 2829 partis
263 2802 288 2824 ll.
313 2802 342 2824 ad
366 2802 452 2824 calcem
476 2802 590 2824 dicentur.
607 2815 635 2818 —
656 2802 728 2825 Codd.
745 2803 762 2824 Α
775 2803 791 2824 Β
809 2805 831 2825 et
848 2802 884 2824 ed.
902 2803 928 2825 t:

87 2840 199 2868 incipiunt
215 2840 418 2863 determinationes
433 2841 595 2869 quaestionum
612 2841 758 2870 quarundam
778 2841 822 2870 [ed.
844 2842 850 2862 t
872 2842 927 2863 mul-

87 2878 170 2908 tarum]
188 2879 262 2901 editae
281 2885 294 2901 a
316 2879 410 2902 doctore
427 2880 524 2907 devoto,
542 2880 626 2902 scilicet
643 2880 666 2901 S.
683 2880 841 2901 Bonaventura
860 2879 928 2908 [quae

86 2920 214 2946 sequuntur
225 2918 309 2940 omittit
319 2918 356 2940 ed.
370 2917 404 2946 =l],
415 2918 445 2940 de
456 2921 515 2940 statu
532 2918 624 2941 Ordinis
636 2918 739 2940 Fratrum
752 2918 865 2940 Minorum
877 2925 929 2940 con·

87 2958 120 2978 tra
131 2956 272 2978 detractores
284 2957 384 2984 [tegulae
401 2957 423 2979 S.
437 2957 559 2979 Francisci.
576 2970 607 2973 -
624 2957 675 2979 Vat.
687 2957 739 2979 huic
752 2958 848 2985 Prologo
865 2963 929 2985 prae-

88 2994 155 3017 mittit
169 3001 286 3017 summam
298 2995 472 3024 quaestionum,
484 3002 544 3024 quae
555 2997 598 3018 hoc
612 2996 724 3024 opusculo
741 2996 929 3019 determinantur.

180 3041 206 3065 S.
218 3042 307 3065 Bonav.
318 3054 349 3058 ——
361 3042 428 3064 Tom.
441 3042 496 3064 Vlll.

1048 2608 1057 2621 ²
1074 2609 1146 2631 Codd.
1163 2609 1180 2631 B
1192 2608 1208 2632 C
1225 2609 1332 2631 omittunt
1355 2608 1467 2639 fidelium.
1493 2610 1587 2632 interius
1611 2616 1654 2637 pro
1678 2610 1826 2639 operationes

986 2648 1024 2675 (ita
1043 2648 1068 2676 B)
1086 2647 1139 2669 edd.
1156 2649 1293 2676 operantes,
1311 2654 1371 2676 quae
1388 2648 1456 2670 etiam
1474 2647 1572 2670 subinde
1588 2648 1686 2671 vocibus
1703 2649 1729 2671 ul
1745 2648 1827 2672 eadem

985 2688 1064 2708 contra
1081 2685 1097 2708 C
1115 2686 1252 2708 interserunt
1267 2687 1356 2709 autem.

1047 2723 1056 2736 ³
1074 2725 1104 2746 tta
1122 2725 1138 2746 Β
1150 2724 1180 2751 C;
1197 2725 1250 2747 edd.
1267 2724 1332 2754 apud
1349 2724 1414 2753 illos,
1430 2727 1453 2747 et
1469 2725 1563 2748 interius
1574 2728 1626 2753 post
1637 2725 1714 2749 sciant
1725 2725 1827 2755 qualiter

985 2769 1027 2790 pro
1044 2769 1119 2792 quare
1136 2763 1175 2791 (ita
1192 2763 1210 2785 Α
1223 2763 1257 2791 B).

1046 2801 1056 2814 ⁴
1075 2802 1138 2824 Vers.
1157 2802 1194 2824 it.
1210 2803 1267 2825 Edd.
1284 2803 1415 2830 praefigunt
1430 2809 1452 2825 v.
1475 2803 1516 2825 16:
1538 2803 1578 2826 Sic
1598 2802 1676 2827 luceat
1691 2806 1734 2826 etc.
1752 2805 1826 2832 Supra

984 2841 1105 2869 respicitur
1117 2841 1171 2863 Lev.
1182 2841 1218 2868 119,
1234 2841 1268 2863 14.
1279 2854 1308 2857 -
1322 2842 1432 2869 Superius
1445 2842 1496 2864 cdd.
1508 2845 1586 2865 contra
1599 2843 1666 2865 codd.
1679 2843 1758 2871 legunt
1767 2843 1826 2873 fiant

985 2879 1165 2908 rationabiliter,
1183 2885 1237 2903 cum
1253 2879 1286 2903 ad
1301 2879 1345 2903 hoc
1356 2882 1486 2904 teneamur.
1497 2881 1561 2905 Nam
1572 2882 1599 2904 ut
1610 2887 1692 2905 cora-m
1703 2888 1771 2905 caeco
1783 2885 1825 2904 etc.

984 2919 1079 2942 inferius
1096 2925 1122 2941 ex
1139 2919 1208 2941 codd.
1225 2919 1385 2947 supplevimus
1402 2921 1427 2942 ut
1445 2919 1529 2943 luceat.

1047 2957 1056 2969 ⁵
1074 2958 1140 2980 Prov.
1158 2958 1200 2986 25,
1218 2957 1239 2980 4.
1255 2970 1287 2975 -
1304 2958 1408 2981 Subinde
1424 2959 1535 2987 allegatur
1551 2960 1567 2982 1.
1583 2960 1642 2982 Petr.
1658 2960 1685 2987 3,
1705 2960 1739 2983 ¹5.

1047 2995 1057 3009 ⁶
1075 2997 1139 3019 Vers.
1158 2997 1184 3025 Β,
1201 3000 1253 3025 post
1270 3003 1339 3026 quem
1359 2998 1392 3020 Ps.
1414 2998 1449 3025 17,
1468 2999 1505 3020 26.

1703 3045 1731 3068 43

1842 1675 1909 1699 Aliqua
1917 1675 1974 1695 etiam

1847 1699 1964 1718 absconden-
