2133 3317
154 785 206 807 nem,
222 785 280 803 disso-

170 809 267 827 lutionem.

148 1260 200 1282 item,
215 1260 282 1278 tumul-

196 1285 241 1302 tum.

162 2080 189 2098 De
203 2079 281 2098 decente

153 2105 172 2122 et
193 2103 282 2121 uniformi

152 2128 236 2150 corporis
245 2127 283 2145 dis-

153 2150 255 2174 positione.

164 2174 194 2192 Sit
206 2173 281 2196 decens,

173 2203 210 2216 non
223 2203 275 2220 vaga.

295 232 349 259 596

293 310 344 334 sive
364 309 452 340 capitis
472 309 497 333 in
516 308 719 339 circumagendo,
740 307 791 332 sive
811 307 938 332 oculorum
955 307 981 332 in
1000 308 1141 338 circumspi-

292 352 376 377 ciendo
396 359 439 383 per
459 351 561 376 chorum
581 351 620 375 vel
640 351 699 375 alibi
711 365 743 368 —
763 350 794 375 ad
813 350 905 375 librum
919 350 1003 381 potius
1016 358 1061 382 pro
1074 351 1143 382 psal-

293 396 339 419 mis
358 395 433 419 etiam
462 394 564 419 usitatis
589 394 703 423 tenendi,
723 394 763 418 vel
782 393 813 418 ad
832 393 925 418 terram
946 401 991 425 pro
1014 394 1086 425 vagis
1106 401 1143 418 ar-

292 438 375 463 cendis
394 437 549 468 respectibus
568 437 658 462 mentis
677 444 726 462 non
746 436 901 461 mediocriter
913 436 1072 468 vagationem
1086 444 1144 462 cau-

293 481 407 505 santibus
426 480 532 511 urgendi
549 480 609 505 sunt
621 495 656 497 —
669 481 720 505 sive
734 487 852 504 manuum
865 480 891 504 111
904 479 1027 510 fricando,
1042 480 1081 504 vel
1094 480 1143 505 vol-

293 524 371 549 vendo
390 524 511 549 librorum
530 523 590 548 folia
608 524 715 553 curiose,
735 523 775 548 vel
794 523 862 548 aliud
881 523 1005 554 superflue
1018 523 1142 553 faciend03

294 568 345 591 sive
364 566 454 597 pedum
474 567 499 591 in
519 566 693 596 discurrendo,
713 566 742 590 ut
761 566 782 590 si
802 566 857 597 quis
875 567 1013 591 oratorium
1032 566 1143 597 frequen-

293 610 331 634 ter
350 609 434 638 exeat,
454 609 499 634 aut
518 617 563 640 per
581 609 683 634 chorum
713 608 809 634 frivolis
838 609 1006 634 occasionibus
1034 609 1143 634 inventis

293 653 426 677 discurrat.
445 653 513 677 Tunc
526 653 591 677 enim
605 653 680 677 etiam
693 653 766 677 utilia
786 652 845 677 sunt
864 652 996 684 aliquoties
1009 652 1143 677 differenda

292 696 396 728 propter
414 696 560 721 vitationem
580 696 716 720 discursus.

364 740 388 764 6.
399 739 545 764 Dissoiutio
559 747 617 764 vero
630 746 679 764 non
694 739 773 764 solum
787 740 812 763 in
825 739 908 764 verbis
922 740 966 764 aut
979 739 1042 770 risu,
1054 739 1143 770 quibus

292 783 317 807 in
331 783 405 808 choro
418 783 581 807 vanissimum
595 782 633 807 est
646 782 756 811 dissolvi,
770 790 856 807 verum
870 782 943 807 etiam
958 783 985 807 in
998 783 1077 807 cantu
1090 790 1143 807 cou-

293 826 397 850 siderari
411 825 505 856 potest,
520 825 548 849 ut
562 826 582 849 si
596 825 663 856 quis,
678 825 783 856 punctos
797 826 822 850 in
835 825 895 851 nota
914 833 980 850 nunc
996 825 1142 855 diminuens,

292 876 359 893 nunc
372 876 416 900 pro
437 876 481 893 suo
497 868 571 893 libitu
584 868 691 899 addens,
706 876 788 893 vocem
802 868 956 893 muliebriter
970 869 1085 900 frangat,
1099 868 1144 893 aut

293 913 318 937 in
338 912 455 937 falsetum
467 911 474 924 ¹
499 912 617 941 extollat,
637 912 701 943 quod
727 912 765 936 est
790 911 886 936 cunctis
906 912 931 936 et
949 913 1054 936 maxime
1073 912 1144 936 novis

294 955 428 980 Fratribus
441 956 540 980 omnino
553 955 724 986 impertinens.
738 955 874 986 Nunquam
886 956 913 989 111
926 955 1000 980 011010
1013 955 1090 979 0111113
1106 962 1144 979 00-

295 999 356 1024 teris
369 999 484 1028 cantent,
505 999 547 1023 sed
567 1006 720 1023 communem
746 998 906 1030 psallentium
927 1005 1011 1023 vocem
1033 998 1143 1023 teneant.

295 1043 435 1067 Ridiculum
449 1042 536 1071 etiam,
557 1042 577 1066 si
597 1042 681 1067 altiori
700 1042 788 1066 ceteris
807 1049 865 1067 voce
885 1043 940 1073 quis
954 1042 1072 1071 cantans,
1087 1042 1145 1073 post

295 1086 425 1110 dictionem
455 1085 494 1109 vel
514 1085 636 1116 syllabam
662 1085 693 1109 ab
720 1085 765 1109 illa
784 1085 851 1110 vocis
870 1085 1003 1109 altitudine
1021 1085 1143 1114 recidens,

295 1129 334 1153 vel
354 1136 408 1153 eam
428 1136 471 1160 per
490 1128 697 1159 interpolationes
717 1135 859 1157 resumens,
874 1135 923 1153 non
939 1128 1067 1153 continuet
1080 1128 1145 1159 quod

296 1173 396 1203 incepit.

366 1214 389 1238 7.
412 1214 551 1239 Tumultus
569 1215 594 1238 in
614 1214 687 1239 choro
708 1222 751 1245 per
771 1215 837 1239 vocis
856 1214 1020 1246 susurrium,
1035 1222 1078 1245 per
1098 1214 1145 1238 iim

292 1258 480 1290 poriuniz‘utem
498 1257 608 1288 spuendi
627 1265 670 1282 seu
688 1258 837 1282 exscreandi
862 1257 886 1282 et
912 1266 955 1289 per
975 1258 1145 1289 impetuosam

295 1302 457 1326 elevationem
480 1301 519 1325 vel
542 1300 723 1332 depositionem
748 1301 869 1326 sedilium
894 1301 947 1325 fieri
973 1301 1044 1327 solet.
1067 1301 1145 1331 Quam

295 1345 369 1376 turpe
390 1345 423 1369 sit
442 1345 467 1369 in
487 1344 560 1369 choro
589 1344 750 1375 susurrium,
776 1344 860 1375 palam
889 1344 943 1374 est3
963 1344 1043 1369 nescit
1061 1344 1146 1369 tamen

295 1387 498 1419 indisciplinatus
528 1387 553 1412 et
579 1387 642 1412 levis
669 1387 791 1412 lubricam
820 1388 934 1419 linguam
962 1395 977 1412 a
1002 1387 1082 1412 sibilis
1106 1388 1146 1412 vel

295 1430 513 1455 mussitationibus
533 1430 654 1454 cohibere.
675 1430 784 1454 Vitanda
804 1438 899 1461 quoque
920 1430 959 1455 est
978 1431 1004 1455 in
1023 1430 1147 1455 conventu

295 1481 337 1498 seu
357 1473 549 1505 congregatione
569 1473 648 1498 oratio
668 1473 778 1498 sibilosa.
805 1473 897 1504 inepta
921 1480 1028 1505 namque
1051 1474 1145 1503 oratio,

294 1525 357 1549 quae
375 1525 426 1542 una
440 1517 538 1548 plures,
555 1517 579 1541 et
593 1524 665 1548 saepe
679 1517 786 1542 deterior
798 1517 902 1548 impedit
917 1517 1037 1542 meliores.
1051 1531 1087 1536 —
1099 1517 1147 1542 Est

296 1561 371 1586 etiam
390 1560 462 1586 caute
481 1560 627 1589 vitandum,
647 1568 691 1590 ne,
712 1560 771 1585 (111111
791 1560 954 1592 singulariter
967 1561 1052 1592 aliqua
1064 1561 1147 1585 dicun-

295 1605 338 1629 tur
356 1605 382 1629 in
401 1604 483 1633 chore,
504 1603 533 1628 ut
553 1603 613 1628 sunt
631 1603 760 1633 collectae,
781 1604 905 1634 capitula,
932 1604 1057 1633 lectiones,
1077 1604 1147 1629 nota-

295 1648 352 1672 bilis
371 1646 483 1678 spuendo
502 1646 540 1671 vel
559 1646 714 1672 exscreando
735 1647 832 1671 sonitus
851 1646 911 1676 fiat,
932 1654 1010 1678 usque
1029 1647 1087 1671 dum
1107 1655 1147 1672 ca-

296 1690 378 1722 pitula
403 1691 472 1721 ipsa,
493 1690 609 1715 collectae
638 1690 677 1714 vel
701 1690 814 1715 lectionis
840 1691 956 1721 periodus
983 1691 1146 1722 compleatur.

297 1735 368 1759 Circa
386 1734 432 1758 1100
451 1734 541 1763 0110111,
561 1733 618 1758 dum
639 1733 798 1764 praedicatur
817 1734 862 1758 aut
881 1734 988 1765 legitur,
1008 1734 1096 1759 similis
1109 1734 1148 1759 est

297 1777 474 1809 opportunitas
494 1776 658 1801 observanda.
676 1791 711 1794 —
731 1776 830 1801 Sedula
848 1784 906 1802 vero
926 1777 1016 1802 debent
1030 1785 1079 1802 non
1093 1785 1148 1809 pas-

298 1822 345 1845 sim
364 1828 419 1845 cum
440 1820 515 1851 pede,
536 1820 578 1844 sed
597 1827 652 1844 cum
672 1827 747 1844 manu
767 1820 859 1844 elevari
879 1820 904 1844 et
922 1820 994 1845 caute
1007 1820 1103 1851 deponi,
1117 1828 1148 1845 ne

297 1864 387 1895 aliquis
407 1872 435 1888 ex
455 1863 500 1888 hoc
520 1864 617 1888 sonitus
636 1864 663 1887 in
681 1863 752 1888 domo
772 1863 817 1888 Dei
836 1863 961 1888 audiatur.
982 1863 1095 1895 Congrue
1112 1864 1148 1889 ta-

297 1915 352 1932 men
371 1907 501 1932 lectionem
524 1907 563 1931 vel
583 1906 714 1937 epistolam
733 1907 878 1938 incepturus
898 1907 1037 1938 exspectet,
1057 1915 1148 1939 quous-

296 1958 354 1982 que,
375 1950 565 1976 consedentibus
578 1949 722 1979 Fratribus,
738 1949 863 1979 sedilium,
884 1951 905 1974 si
924 1951 980 1981 quis
998 1950 1088 1980 fuerit,
1108 1950 1148 1975 tu-

297 1994 393 2019 multus
413 1993 543 2025 quieverit.

369 2037 393 2061 8.
413 2037 453 2062 Ad
464 2036 473 2049 ²
487 2037 559 2066 haec,
573 2036 671 2062 honesti
690 2036 794 2061 Fratres
806 2037 832 2061 in
846 2037 962 2067 corporis
981 2037 1149 2068 dispositione

301 2080 413 2105 (lecenter
443 2080 467 2104 et
495 2079 661 2110 uniformiter
689 2080 785 2104 sintin
811 2080 896 2105 choro:
917 2080 1032 2105 decenter
1050 2080 1148 2112 quidem

300 2124 352 2148 sine
371 2131 438 2154 vuffa.
468 2123 629 2154 dispositione
657 2123 696 2148 vel
717 2124 801 2154 teupi:
819 2131 901 2155 vuffa,
921 2124 958 2153 ut,
978 2124 1076 2155 quando
1095 2123 1149 2149 cho-

299 2174 355 2191 rum
374 2167 495 2197 ingressi,
515 2166 627 2191 intrante
646 2167 686 2190 vel
716 2166 816 2191 astante
835 2166 966 2195 conventu,
987 2174 1052 2191 nunc
1071 2168 1150 2198 segni-

300 2209 339 2234 ter
357 2209 484 2238 resident,
504 2217 569 2233 nnnc
597 2209 695 2234 stantes
723 2209 820 2240 quidem
845 2209 893 2234 hac
912 2209 937 2233 et
955 2210 1013 2234 illac
1031 2210 1150 2235 membro-

299 2261 355 2277 rum
375 2253 404 2277 ut
433 2252 607 2284 languentium
632 2253 770 2284 incongrua
794 2252 900 2283 quadam
930 2252 1097 2284 exagitatione
1125 2260 1150 2277 se

301 2296 408 2328 gyrant,
428 2303 494 2320 nnnc
523 2295 623 2320 statuae
651 2296 733 2320 instar
761 2295 836 2321 stallo
856 2295 923 2320 affixi
943 2295 1064 2321 tantum⁸
1084 2304 1096 2321 e
1115 2304 1150 2321 re-

300 2340 372 2371 gione
401 2339 531 2370 dispositi,
551 2339 621 2364 velut
649 2340 687 2363 sui
706 2338 789 2369 obliti,
809 2346 853 2364 nec
872 2339 904 2364 ad
929 2339 1009 2364 altare
1029 2340 1150 2370 demissis,

300 2382 329 2407 ut
347 2382 430 2412 decet,
458 2382 607 2411 luminibus,
634 2382 692 2406 01110
718 2382 843 2413 inceptum
872 2382 979 2408 officium
1005 2383 1101 2407 oraturi
1125 2391 1151 2408 se

301 2426 418 2455 vertunt,
439 2426 478 2451 vel
499 2426 562 2450 alias
582 2426 695 2457 religiose
715 2425 865 2457 disponunt,
887 2426 943 2455 sed,
964 2426 1057 2451 nudato
1077 2426 1152 2451 etiam

301 2469 434 2500 aliquando
464 2469 559 2500 capite,
579 2469 783 2500 circumquaque,
803 2469 832 2493 ut
851 2476 939 2494 cervus
966 2469 991 2494 in
1011 2470 1092 2499 saltu,
1113 2470 1153 2495 vel

728 229 926 257 OPUSCULUM
949 228 965 256 1.
988 228 1160 257 SPECULUM
1174 212 1389 258 DlSClPLINAE.
1412 230 1491 258 PARS
1513 230 1618 259 PRIMA.

1200 308 1292 332 ruralis
1310 309 1335 332 in
1355 308 1466 338 theatro,
1492 309 1632 333 inordinate
1644 307 1653 320 4
1672 309 1849 340 gyrovagando
1877 310 2043 341 respectibus,

1200 352 1283 376 oculos
1310 352 1335 376 in
1364 352 1548 377 advenientium
1577 352 1615 377 vel
1644 352 1812 377 coastantium
1831 352 1917 377 vultus
1936 353 2045 385 infigunt

1200 402 1293 426 suoque
1311 395 1497 426 indisciplinato
1509 395 1604 420 intuitu
1617 395 1798 421 collateralium
1813 396 1957 426 orationem,
1971 404 2045 428 quam

1199 438 1248 468 ipsi
1266 438 1412 469 negligunt,
1433 438 1507 462 etiam
1526 438 1673 469 impediunt.

1271 480 1296 504 9.
1317 481 1413 511 Turpis
1432 480 1515 505 autem
1529 481 1589 510 erit,
1610 482 1631 505 si
1650 481 1702 506 sint
1720 482 1754 506 ibi
1766 482 1876 507 molliter
1888 482 1933 507 aut
1945 483 2046 508 remisse

1200 530 1225 547 se
1244 523 1270 547 in
1289 523 1372 547 stallis
1392 523 1457 552 suis,
1478 523 1585 547 brachiis
1612 524 1728 555 tibiisque
1747 524 1878 554 resolutis,
1902 524 2047 550 notabiliter

1200 566 1366 595 incurvando,
1387 566 1476 591 autin
1500 566 1597 597 partem
1625 574 1701 591 unam
1729 567 1843 599 penitus,
1872 567 1901 592 ut
1926 568 2045 599 possunt,

1200 609 1332 640 protenso,
1361 610 1387 634 in
1415 609 1521 634 alteram
1551 616 1653 640 corpore
1680 610 1833 640 accubaudo,
1858 609 1915 635 ita⁵
1934 611 1964 635 ut
1990 611 2048 636 lecti

1200 652 1329 677 mollitiem
1354 660 1471 683 quaerere
1496 652 1644 683 videantur,
1664 653 1709 677 0111
1727 653 1799 683 dum,
1819 654 1851 678 ad
1869 653 1950 678 altare
1968 655 2046 685 versi,

1201 703 1275 727 super
1294 696 1403 727 lignum,
1418 695 1483 727 quod
1498 696 1574 720 stalla
1588 696 1690 725 dividit,
1712 704 1736 721 se
1756 697 1885 726 inclinent,
1905 697 2045 722 extensione

1201 739 1360 770 scapularum
1380 739 1419 763 vel
1439 738 1529 770 capitis
1542 738 1675 763 anterioris
1694 739 1764 764 stalli
1780 739 1889 770 spatium
1908 740 2048 771 occupando

1200 782 1225 807 et
1244 782 1344 813 tergum
1362 782 1394 806 ad
1414 782 1481 806 retro
1501 781 1610 806 stantem
1630 783 1721 807 socium
1736 782 1918 813 protendendo,
1932 783 1977 808 aut
1990 783 2048 808 dum

1201 825 1300 854 sedent,
1322 825 1396 856 pedes
1415 832 1473 849 suos
1492 832 1569 856 usque
1583 825 1615 849 ad
1627 825 1762 850 scabellum
1777 826 1870 851 formae
1881 825 1891 838 ⁶
1904 826 2049 858 contiguum

1200 868 1315 893 licentius
1335 868 1496 893 extendendo.
1516 868 1642 893 Notabilis
1662 868 1779 893 tibiarum
1799 869 1909 894 extensio
1929 869 1968 894 vel
1986 869 2049 894 dila-

1200 911 1278 941 tatio,
1291 911 1350 936 dum
1364 911 1477 940 sedetur,
1492 912 1573 936 minus
1586 911 1692 936 honesta
1705 912 1750 936 est.
1764 912 1884 937 Indecens
1903 920 1973 944 ergo,
1986 920 2048 943 quae

1200 962 1265 986 vaga
1285 954 1309 978 et
1329 954 1411 985 turpis
1431 954 1469 979 est
1489 954 1629 985 dispositio,
1643 955 1716 980 immo
1736 955 1892 985 deformitas,
1909 955 2047 987 utrobique,

1202 998 1244 1022 sed
1264 998 1368 1022 maxime
1387 998 1412 1022 in
1432 998 1477 1022 Dei
1489 996 1497 1009 ⁷
1517 997 1610 1027 officio,
1630 998 1753 1023 conventu
1769 998 1917 1028 assistente,
1938 998 2048 1023 vitanda.

1201 1040 1327 1065 Honestos
1352 1041 1417 1065 enim
1446 1048 1489 1071 per
1517 1041 1600 1065 omnia
1624 1041 1701 1072 exigit
1719 1048 1800 1066 mores
1819 1042 1990 1066 conventualis
2009 1041 2049 1067 ho-

1200 1084 1294 1108 nestas.

1274 1127 1315 1151 10.
1341 1126 1511 1157 Uniformitas
1522 1126 1531 1139 ‘³
1551 1127 1589 1152 est
1607 1128 1633 1152 in
1647 1128 1826 1158 prostratione
1845 1128 1870 1152 et
1882 1128 2049 1153 inclinatione

1202 1170 1357 1201 specialiter,
1372 1178 1520 1201 quamquam
1536 1170 1561 1195 et
1577 1170 1603 1194 in
1621 1171 1678 1195 aliis
1696 1171 1860 1202 generaliter,
1880 1171 2047 1196 observanda:

1201 1213 1228 1237 in
1241 1214 1435 1245 prostratione,
1456 1213 1553 1238 utnon
1581 1214 1645 1238 alius
1669 1214 1758 1238 subtus
1784 1213 1888 1239 formam
1916 1214 1999 1243 chori,
2025 1214 2050 1239 et

1202 1257 1267 1281 alius
1287 1264 1361 1287 super
1382 1257 1471 1287 sedile,
1491 1257 1534 1281 sed
1561 1264 1645 1281 omnes
1665 1264 1741 1288 supra
1760 1257 1852 1282 dictam
1871 1257 1976 1282 formam
1999 1258 2050 1282 uni-

1202 1299 1315 1325 formiter
1335 1307 1360 1324 se
1388 1299 1565 1331 prosternant,
1590 1299 1615 1324 et
1634 1300 1720 1331 operto
1739 1300 1819 1331 capite
1844 1301 1947 1325 silenter
1966 1301 2049 1330 orent,

1202 1350 1232 1367 ne
1252 1343 1389 1374 impediant
1408 1343 1613 1372 circumstantes,
1632 1350 1709 1368 manu
1733 1344 1765 1368 ad
1789 1351 1867 1375 genas
1889 1344 2050 1369 accubitando

1202 1393 1330 1417 nunquam
1350 1386 1491 1417 applicata,
1511 1386 1556 1411 aut
1584 1386 1692 1411 brachiis
1720 1386 1791 1412 extra
1816 1387 1918 1412 eandem
1946 1387 2050 1412 formam

1202 1429 1321 1459 extentis,
1342 1430 1384 1454 sed
1403 1437 1478 1460 super
1496 1429 1571 1454 istam
1590 1430 1693 1455 honeste
1713 1430 1738 1455 et
1756 1430 1884 1455 humiliter
1897 1431 2032 1462 dispositis.

1275 1472 1316 1497 11.
1336 1473 1367 1498 In
1386 1473 1569 1504 inclinatione,
1590 1473 1619 1497 ut
1643 1472 1801 1498 uniformiter
1825 1473 1892 1504 apud
1915 1481 1998 1499 omnes
2018 1473 2051 1498 sit

1204 1517 1361 1547 tempestiva,
1381 1516 1484 1547 devota,
1498 1515 1628 1547 sufficiens
1646 1516 1672 1541 et
1691 1516 1805 1541 honesta.
1826 1517 1985 1548 Tempestiva
1998 1517 2051 1548 qui-

1203 1560 1272 1589 dem,
1292 1560 1321 1584 ut
1339 1560 1507 1584 inclinaturus
1526 1560 1649 1591 surgendo
1669 1560 1694 1585 et
1713 1560 1832 1585 elevando
1851 1560 1933 1590 sedile,
1952 1560 2051 1592 tempus

1203 1603 1243 1627 vel
1271 1603 1401 1634 paululum
1427 1602 1596 1627 inclinationis
1625 1603 1782 1634 praeveniat,
1810 1603 1839 1628 ut
1866 1603 1936 1628 verbi
1963 1610 2050 1634 causa,

1204 1646 1302 1676 quando
1322 1646 1380 1677 post
1399 1646 1523 1677 psalmum
1552 1645 1628 1670 fuerit
1654 1646 1838 1676 inclinandum,
1864 1654 1952 1671 versus
1970 1646 2053 1671 ultimi

1204 1689 1253 1714 fine
1273 1690 1322 1714 iam
1343 1689 1480 1718 accedente,
1501 1689 1634 1721 surgatur,
1654 1690 1778 1720 quatenus
1801 1690 1887 1715 deinde
1914 1690 1991 1714 libere
2018 1690 2052 1714 in-

1204 1732 1311 1757 clinetur
1321 1752 1327 1763 ,
1347 1733 1386 1757 vel
1406 1732 1472 1757 certe
1490 1733 1676 1757 inclinationem
1689 1733 1754 1758 sedis
1767 1733 1863 1764 aptatio
1877 1733 2052 1764 subsequatur.

1204 1790 1238 1793 —
1258 1776 1290 1800 In
1318 1776 1480 1801 inclinatione
1507 1783 1564 1801 vero
1592 1776 1664 1800 debet
1682 1776 1778 1801 devotio
1798 1784 1933 1808 apparere,
1959 1776 1988 1801 ut
2007 1776 2053 1801 fiat

1204 1818 1333 1843 humiliter
1353 1819 1378 1843 et
1397 1818 1526 1850 profunde.
1546 1818 1603 1843 Nou
1622 1818 1661 1843 est
1683 1818 1773 1849 devoti,
1793 1819 1836 1844 sed
1855 1820 1921 1851 pigri
1935 1818 1953 1849 Β,
1973 1819 2052 1851 rigido

1205 1862 1289 1887 stante
1319 1869 1435 1894 corpore,
1455 1862 1524 1887 tenui
1551 1862 1620 1887 motu
1646 1862 1736 1893 capitis
1761 1863 1890 1887 inclinare.
1913 1863 1960 1887 Est
1988 1863 2052 1888 enim

1205 1913 1310 1937 00111113,
1331 1906 1456 1937 depressis
1482 1905 1666 1937 aliquantulum
1696 1906 1811 1935 renibus,
1830 1913 1861 1931 ne
1885 1906 1961 1937 capiti
1988 1913 2053 1931 coae-

1205 1950 1312 1981 quetur,
1333 1949 1392 1974 adeo
1415 1949 1608 1979 demittendum,
1628 1949 1657 1973 ut
1684 1950 1767 1981 ipsum
1795 1949 1845 1975 fere
1864 1957 1939 1981 snper
1957 1957 2052 1982 genua,

1206 1993 1314 2017 brachiis
1333 1992 1504 2023 interpositis,
1524 1992 1672 2022 reclinatum
1691 1992 1801 2023 alioquin
1819 1993 1926 2022 inclina,
1946 1993 1967 2017 si
1979 1992 2052 2023 nosti,

1205 2036 1318 2065 facilius,
1338 2036 1468 2060 humiliter
1487 2035 1570 2060 tamen
1599 2035 1624 2060 et
1651 2035 1780 2067 profunde.
1800 2036 1880 2060 Extra
1897 2036 2000 2061 chorum
2018 2035 2054 2061 ta-

1206 2087 1262 2104 men
1281 2079 1306 2104 et
1325 2079 1459 2110 aliquando
1479 2078 1543 2104 forte
1561 2079 1586 2103 in
1606 2078 1691 2108 choro,
1712 2079 1738 2103 in
1767 2078 1845 2104 officie
1865 2079 1939 2110 plane
1958 2079 1983 2104 et
2002 2079 2053 2104 sine

1206 2122 1282 2147 cantu
1301 2122 1366 2147 dicto
1378 2121 1406 2151 ¹⁰,
1426 2122 1506 2146 minor
1525 2121 1638 2146 sufficere
1657 2121 1751 2152 poterit
1768 2121 1937 2147 inclinationis
1955 2121 2054 2153 profun-

1206 2166 1279 2190 ditas.
1301 2165 1365 2189 Sunt
1384 2165 1439 2196 qui,
1460 2164 1579 2195 culpabili
1603 2164 1734 2189 admodum
1760 2165 1903 2189 remissione
1931 2164 2053 2195 traducti,

1206 2209 1273 2234 hunc
1292 2208 1446 2233 reverentiae
1465 2208 1559 2233 cultum
1579 2207 1684 2233 Domino
1710 2207 1899 2237 subtrahentes,
1919 2208 2054 2238 evacuant,

1207 2252 1266 2276 dum
1286 2252 1330 2276 aut
1350 2251 1461 2276 resident
1486 2258 1589 2282 prorsus
1613 2258 1691 2282 usque
1720 2251 1777 2282 post
1800 2251 1893 2276 factam
1913 2252 2055 2277 memoriam

1208 2295 1353 2324 Trinitatis,
1375 2294 1419 2319 0111
1438 2294 1498 2318 111110
1517 2293 1591 2318 0110111
1612 2293 1720 2325 surgunt
1748 2294 1773 2318 et
1792 2294 1863 2318 sedili
1882 2293 2000 2319 elevando
2017 2294 2056 2318 in-

1208 2337 1328 2367 tendunt,
1349 2337 1448 2369 quando
1467 2336 1550 2361 fuerat
1568 2336 1750 2366 inclinandum,
1770 2336 1815 2361 aut
1843 2344 1871 2361 ex
1889 2337 2055 2369 negligentiae

1208 2381 1268 2405 vitio
1288 2388 1338 2406 non
1367 2379 1499 2405 inclinant.
1528 2379 1621 2409 Quanti
1645 2379 1729 2404 tamen
1759 2380 1792 2404 sit
1819 2379 1879 2405 haec
1898 2387 1962 2405 noxa
1980 2379 2056 2405 detri-

1208 2424 1300 2453 menti,
1320 2424 1394 2448 beata
1422 2423 1467 2448 Dei
1492 2423 1605 2447 Genitrix
1630 2423 1721 2448 seniori
1739 2423 1836 2448 cuidam
1855 2424 1881 2448 iu
1899 2423 1973 2449 choro
1991 2423 2055 2455 psal-

1208 2469 1314 2495 lentium
1332 2469 1453 2494 Fratrum
1470 2468 1592 2493 indicasse
1611 2468 1733 2499 refertur,
1753 2476 1815 2500 quae
1833 2469 2012 2494 inclinantibus
2024 2467 2055 2493 ad

365 2659 372 2671 ¹
391 2659 424 2681 Du
444 2659 533 2687 Gange,
552 2660 693 2681 Glossarium
720 2663 775 2682 ete:
801 2659 937 2687 Falsetum,
964 2663 1031 2682 tonus
1056 2663 1150 2687 acutus,

301 2691 357 2712 Gall.
382 2691 489 2713 Fausset.
512 2703 542 2706 —
566 2691 677 2718 Superius
702 2697 729 2713 ex
755 2691 825 2713 CDE
842 2694 864 2713 et
886 2691 922 2713 ed.
949 2692 961 2713 2
988 2692 1150 2720 supplevimus

303 2728 389 2745 rocem.

364 2752 373 2765 2
391 2752 464 2775 Coun.
486 2754 530 2775 AB
548 2755 606 2775 lianc
631 2753 749 2776 rubricam
776 2754 938 2782 praemittunt:
964 2754 997 2777 De
1022 2754 1152 2783 disposilio-

303 2790 330 2807 ue
348 2784 410 2811 (ΜΕΝ
429 2786 468 2806 cfr.
487 2791 557 2812 supra
575 2791 595 2806 n.
614 2785 635 2807 5.

365 2815 374 2828 ³
393 2817 422 2838 110
441 2816 456 2838 C
468 2816 509 2838 DE
526 2819 548 2838 et
565 2816 618 2839 edd.
637 2817 660 2843 1,
680 2817 692 2838 2
710 2816 757 2844 (ed.
775 2817 788 2838 2
806 2816 893 2846 affixae
911 2818 1028 2845 lanium),
1047 2818 1097 2839 Vat.
1118 2818 1151 2845 et,

303 2853 363 2875 quae
380 2847 448 2869 etiam
467 2854 520 2869 cum
538 2848 574 2870 ecl.
594 2848 601 2869 1
624 2848 740 2870 substituit
758 2847 890 2877 irreliqiose
908 2854 950 2876 pro
971 2848 1099 2878 reliqiosoe
1120 2848 1151 2870 ibi

304 2879 339 2900 ed.
358 2879 371 2900 2
391 2879 520 2906 transponit
536 2880 562 2901 ‘ui
579 2878 648 2902 decet.

365 2908 375 2921 *¹
393 2910 448 2932 Fide
466 2911 509 2932 AB
527 2914 549 2932 et
567 2911 602 2932 ed.
621 2911 634 2932 -2
652 2910 814 2938 supplevimus
831 2910 977 2938 inordinate,
990 2917 1032 2938 pro
1052 2917 1099 2939 quo
1111 2911 1152 2933 CD

304 2941 320 2962 E
338 2940 496 2969 inffl·(ll'12rllis,·
514 2942 598 2964 deiude
616 2948 658 2970 pro
676 2941 848 2971 ¹[syroragyundo
866 2942 883 2964 Α
894 2942 910 2964 13
928 2945 950 2964 et
968 2942 1004 2964 011.
1023 2943 1036 2964 2
1054 2948 1153 2972 911101111-

304 2973 399 3000 yantas,
421 2972 439 2993 D
457 2973 638 3002 ambustumque.

367 3002 376 3014 ⁵
394 3002 467 3025 Coun.
484 3003 500 3026 C
512 3004 529 3025 D
546 3007 568 3025 et
584 3005 621 3026 ed.
643 3006 647 3025 1
670 3005 778 3027 omittunt
801 3004 848 3033 ita,-
866 3005 882 3027 E
900 3004 1018 3027 substituit
1036 3006 1061 3027 ut
1077 3004 1104 3027 si.
1123 3005 1153 3027 ln-

306 3034 376 3056 serius
394 3040 436 3061 pro
456 3034 490 3057 cei
507 3035 589 3064 capue
609 3036 656 3057 Vnt.
675 3035 711 3058 rel
729 3035 811 3065 cupite.

1271 2659 1280 2672 θ
1297 2659 1343 2682 Csr.
1363 2666 1433 2687 supra
1452 2665 1506 2687 pag.
1523 2659 1581 2685 588,
1599 2662 1651 2681 nola
1670 2659 1691 2681 3.

1271 2690 1280 2703 ⁷
1298 2691 1350 2725 Yat.
1367 2691 1451 2714 omittit
1468 2690 1520 2719 Dei,
1541 2693 1562 2712 ct
1588 2691 1681 2713 Inferius
1698 2690 1769 2713 CDE
1790 2693 1812 2713 et
1834 2690 1888 2713 edd.
1913 2691 1936 2717 l,
1954 2691 1966 2712 2
1992 2690 2054 2712 omit-

1208 2726 1259 2745 tunt
1271 2729 1371 2776 Βεῃᾱῃιζέᾱ.
1390 2754 1434 2775 ΑΒ
1453 2755 1510 2775 lianc
1534 2753 1651 2775 rubricam
1677 2753 1839 2781 praemittunt:
1866 2752 2010 2781 Secundum,
2027 2751 2054 2775 de

1208 2785 1252 2808 hoc
1268 2785 1332 2813 duo‚·
1350 2786 1391 2807 cfr.
1403 2791 1425 2807 n.
1438 2785 1459 2807 8.
1472 2785 1565 2807 inferius
1582 2785 1632 2807 Vat.
1650 2785 1733 2807 omittit
1749 2783 1914 2813 uniformiter,
1930 2790 1972 2812 pro
1989 2789 2053 2807 accu-

1209 2816 1303 2839 biianclo
1323 2817 1340 2838 l)
1358 2816 1475 2839 substiuut
1492 2815 1631 2843 cubitando,
1649 2819 1671 2838 et
1688 2822 1730 2843 pro
1752 2822 1824 2845 super
1847 2815 1916 2838 isium
1942 2815 2011 2838 CDE
2033 2814 2072 2837 et*

1208 2848 1263 2871 edd.
1284 2849 1307 2875 l,
1326 2849 1338 2869 2
1357 2854 1429 2877 super
1447 2847 1532 2877 ipsum.

1272 2878 1281 2891 ⁹
1298 2879 1372 2902 Codd.
1394 2880 1437 2901 DE
1455 2882 1477 2900 et
1493 2879 1529 2901 ed.
1548 2879 1561 2900 2
1580 2880 1602 2901 et
1617 2877 1721 2907 impiyri.
1741 2879 1834 2901 Inferius
1852 2878 1897 2900 [ide
1914 2878 1932 2900 A
1949 2881 1971 2900 et
1987 2877 2022 2900 ed.
2040 2878 2052 2899 2

1209 2910 1371 2933 substituimus
1388 2910 1471 2939 capitis
1490 2916 1531 2938 pro
1549 2910 1664 2939 corporis.
1678 2909 1782 2932 Subinde
1794 2916 1836 2938 pro
1849 2911 1990 2939 coaequetur
2001 2908 2052 2931 edd.

1211 2943 1218 2964 11
1231 2959 1236 2969 ‚
1255 2943 1267 2964 2
1286 2943 1454 2971 coaequentur.

1272 2972 1292 2985 ¹⁰
1309 2973 1382 2996 Codd.
1400 2973 1444 2995 CD
1462 2972 1556 3002 quando
1573 2972 1675 3002 officium
1689 2972 1762 3001 plane
1779 2971 1880 3000 (licitur,
1892 2973 1909 2994 E
1920 2974 1942 2994 et
1958 2971 2010 2994 edd.
2029 2971 2052 2999 1,

1210 3005 1223 3027 2
1241 3004 1273 3027 11ίί
1289 3004 1391 3034 officinm
1407 3004 1479 3033 plane
1496 3003 1591 3027 dicium.
1615 3003 1717 3026 Subinde
1744 3010 1785 3032 pro
1807 3003 1908 3033 polerit,
1931 3004 1950 3025 D
1965 3003 2052 3032 potest,

1210 3035 1246 3058 ed.
1267 3036 1273 3057 l
1294 3035 1376 3065 possit,
1397 3036 1448 3058 Vat.
1465 3035 1565 3058 videtur.

2063 485 2101 506 Nee
2112 489 2130 507 tu

2063 1130 2088 1149 De
2096 1116 2133 1150 unilt

2066 1155 2101 1172 tate
2110 1155 2133 1181 ‚11³

2065 1179 2132 1198 stratio.

2074 1495 2078 1499 .
2085 1471 2104 1490 In
2123 1471 2133 1491 li

2066 1497 2113 1522 tione
2123 1501 2133 1515 n

2064 1521 2114 1538 stiva.

2120 1547 2121 1555 l

2063 1778 2106 1797 Item
2116 1780 2133 1826 jv(
