2133 3317
121 497 253 521 Hieronymus.

268 229 325 259 ⁶288

269 309 427 338 divinorum
450 305 685 338 ministeriorum,
708 304 745 332 ita
766 307 873 338 tamen,
897 303 972 340 quod
994 311 1025 332 ea
1046 311 1117 340 quae

269 355 332 384 inde
354 353 557 391 percipiebant,
579 350 756 388 proprietatis
777 350 839 379 iure
860 349 892 378 ad
915 358 996 384 suos,
1017 353 1050 379 ut
1077 350 1117 378 di-

269 405 344 430 ctum
366 404 407 429 est
420 401 438 434 ¹,
461 397 686 427 transmittebant
717 397 849 431 heredes,
871 397 952 433 quia,
984 397 1055 426 sicut
1085 397 1117 425 il-

269 449 302 478 lis
323 447 423 476 indicta
444 454 498 474 non
520 447 580 474 erat
601 444 733 473 castitatis
747 443 906 480 integritas,
922 443 960 472 sic
981 452 1031 472 nec
1052 452 1117 472 con-

269 496 341 525 sulta
362 496 519 531 paupertas.
542 491 617 520 Unde
638 491 821 527 Hieronymus
841 490 875 519 ad
898 490 1076 519 Eustochium
1089 491 1115 519 2;

273 553 286 567 «
302 541 358 569 Alia
379 540 432 569 fuit
452 539 480 568 in
502 538 589 568 veteri
611 538 669 575 lege
691 537 821 571 felicitas,
842 537 870 565 in
892 545 948 574 qua
962 537 1061 566 beatus
1076 537 1117 566 di-

269 589 341 617 citur
363 587 415 625 qut
436 585 519 614 habet
538 593 634 614 semen
662 585 694 613 iu
715 584 794 618 Sion,
823 587 850 612 et
880 584 1058 621 repromissio
1086 584 1117 612 fit

267 634 436 663 divitiarum.
459 633 555 661 Statim
576 635 685 665 autem,
708 634 739 659 ut
760 631 843 659 Filius
857 630 905 659 Dei
920 631 1062 667 ingressus
1076 634 1117 659 est

268 689 353 718 super
375 683 495 714 terram,
517 687 616 708 novam
638 678 688 707 sibi
711 678 798 715 legem
820 677 955 712 instituit,
970 680 1001 706 ut
1016 677 1063 714 qui
1082 677 1116 706 al]

231 728 237 739 ¹
268 727 375 764 Angelis
396 726 564 755 adorabatur
586 726 612 754 in
635 725 717 754 caelis
745 725 860 753 haberet
888 725 1003 761 Angelos
1031 727 1058 753 et
1088 724 1116 752 in

136 1386 201 1405 Novae
214 1386 251 1410 legi

145 1411 238 1433 competit

128 1435 230 1457 paupertas
238 1435 256 1452 et

149 1457 231 1475 castitas.

132 1901 248 1921 Bernartius.

267 775 358 804 terris.
381 775 458 802 Tunc
480 773 631 802 Holofernis
652 775 735 809 caput
757 771 846 800 Iudith
862 772 1004 801 continens
1018 779 1116 808 ampu-

268 822 367 856 tavit³,
390 824 456 850 tunc
478 821 592 849 Iacobus
613 823 640 848 et
662 820 790 853 loannes,
817 819 913 848 relicto
941 822 1035 855 patre,
1065 819 1116 847 reti

267 872 294 898 et
316 868 459 902 navicula,
481 867 567 896 secuti
590 870 655 896 sunt
684 867 869 900 salvatorem,
897 866 1026 894 affectum
1054 874 1116 894 san-

268 916 359 953 guinis
380 919 407 944 et
428 915 539 944 vincula
569 914 671 943 saeculi
701 917 728 942 et
758 921 854 942 curam
886 913 984 941 domus
1012 913 1116 950 pariter

268 963 465 999 relinquentes.
495 962 572 990 Tunc
601 961 722 997 primum
750 960 876 989 auditum
898 963 953 989 est:
978 960 1036 996 Qui
1056 959 1117 988 vult

270 1009 365 1038 uenire
391 1012 456 1046 post
483 1017 527 1036 me
556 1007 675 1045 abuegyel
695 1007 881 1044 semelzpmm
902 1010 926 1035 el
948 1006 1027 1035 tollat
1049 1015 1116 1035 oru-

268 1065 328 1085 cem
349 1064 436 1084 suam
458 1059 484 1083 et
504 1059 646 1093 sequatur
668 1063 720 1083 me.
751 1054 835 1083 Nemo
857 1054 931 1082 enim
954 1054 1031 1082 miles
1053 1061 1116 1082 cum

268 1111 358 1132 uxore
387 1103 477 1140 pergit
497 1102 530 1130 ad
553 1102 699 1138 proelium.
727 1101 867 1138 Discipulo
888 1101 921 1129 ad
943 1101 1116 1137 sepulturam

268 1151 355 1187 patris
384 1151 424 1178 ire
453 1149 574 1186 cupienti
604 1157 658 1177 non
684 1148 864 1185 permittitur.
894 1148 995 1184 Vulpes
1016 1147 1117 1184 foveas

269 1197 374 1226 habeut
395 1201 419 1225 el
443 1197 572 1225 uolucres
594 1196 667 1224 caeli
684 1196 786 1229 nidos,
803 1195 899 1223 Filius
913 1198 1011 1223 aulem
1027 1194 1116 1223 stomi-

268 1245 314 1273 uls
335 1253 393 1272 nou
415 1243 507 1277 habel,
536 1243 587 1271 ubl
615 1247 704 1280 caput
723 1251 813 1271 suum
835 1242 968 1275 reclinet,
992 1250 1025 1271 ne
1047 1242 1117 1270 forte

268 1292 455 1325 contristeris,
477 1291 497 1320 si
521 1294 637 1328 anguste
658 1290 845 1327 permanseris
860 1302 886 1317 ».

348 1339 372 1367 6.
387 1339 414 1366 111
427 1338 470 1366 1115
482 1338 662 1373 Hieronymus
675 1339 800 1373 patenter
812 1336 942 1370 affirmat,
958 1336 1032 1372 quod
1047 1336 1118 1364 sicut

269 1387 351 1415 statui
375 1385 529 1415 testamenti
551 1385 652 1413 veteris
673 1384 784 1412 divitiae
806 1383 998 1420 competebant
1019 1386 1045 1411 et
1067 1391 1118 1411 1111-

269 1434 359 1471 ptiae;
382 1433 419 1461 ita
440 1432 600 1469 perFectioui
623 1439 709 1459 novae
731 1431 797 1467 legis
819 1434 968 1467 paupertas
989 1434 1016 1459 et
1037 1430 1117 1459 casti-

268 1485 317 1509 tas.
341 1481 416 1509 Sicut
437 1479 522 1516 igitur
551 1478 693 1515 virginitas
715 1486 764 1514 per
786 1477 928 1506 Christum
961 1477 1118 1505 introducta

268 1529 364 1565 Legem
386 1535 442 1555 non
463 1525 558 1559 solvit,
581 1525 627 1554 sed
650 1525 785 1561 implet43
814 1524 853 1553 sic
875 1532 924 1553 nec
947 1524 1118 1560 paupertatis

267 1573 412 1602 consilium
426 1573 521 1609 Legem
534 1571 667 1605 destruit,
680 1571 726 1599 sed
739 1574 928 1604 consummat,
944 1570 1010 1607 quia
1024 1578 1073 1599 nec
1089 1570 1116 1598 in

267 1620 362 1649 eadem
378 1619 535 1657 evangelica
547 1619 605 1655 lege
618 1618 730 1647 consilia
739 1618 892 1654 praeceptis
900 1617 1116 1651 contrariantur,

267 1667 314 1696 sed
330 1668 422 1704 potius
436 1666 541 1695 addunt
555 1666 589 1694 ad
609 1665 805 1702 perfectionem
828 1664 955 1693 iustitiae.
972 1664 1117 1693 Concludi-

267 1718 313 1743 tur
336 1715 428 1750 itaque
450 1721 499 1750 per
523 1713 590 1746 hoc,
612 1712 685 1749 quod
708 1712 780 1740 sicut
804 1720 820 1739 a
844 1711 949 1740 ratione
974 1711 1116 1739 dissonum

266 1765 320 1795 est,
343 1761 460 1789 formam
482 1760 618 1797 perfectae
640 1759 772 1788 castitatis
794 1759 1003 1787 constituerem
1019 1758 1117 1787 uxori-

267 1810 319 1838 bus
341 1808 514 1837 sacerdotum
539 1807 683 1844 legalinm3
707 1807 744 1835 sic
767 1814 848 1835 sanae
863 1806 1004 1835 doctrinae
1020 1806 1117 1834 adver—

267 1859 359 1890 satur,
383 1855 577 1892 perfectionem
600 1854 772 1891 paupertatis
794 1854 928 1882 collocare
957 1853 983 1881 in
1010 1860 1117 1889 posses—

267 1902 390 1932 sionibus
412 1902 567 1930 levitarum.
591 1917 627 1922 —
650 1901 694 1929 His
715 1903 846 1929 consonat
865 1903 892 1929 et
906 1899 1063 1929 Bernardus
1083 1899 1117 1928 de

266 1949 408 1986 Colloquio
433 1948 550 1977 Simonis
576 1951 602 1977 et
626 1947 726 1976 tesufi:
753 1958 766 1972 «
781 1948 888 1984 Longe,
914 1947 1020 1983 inquit,
1042 1946 1116 1975 aliud

266 1999 307 2025 est
328 1997 355 2024 111
378 1997 436 2024 luto
463 2003 599 2032 aquarum
629 1995 781 2023 multarum
811 1994 889 2023 divisi
919 1994 1004 2023 fundo
1032 1994 1117 2022 maris

267 2043 318 2072 iter
341 2050 470 2079 carpere,
492 2046 603 2071 terrena
625 2042 698 2070 licite
720 2041 899 2078 possidendO,
925 2042 1000 2070 aliud
1029 2042 1116 2078 ipsam

267 2090 345 2118 novis
366 2089 508 2126 gressibus
529 2089 631 2117 undam
654 2089 776 2122 calcare,
805 2089 896 2117 omnia
924 2088 1114 2124 relinquendo.

268 2137 317 2165 Sed
341 2137 457 2173 tempori
472 2136 577 2173 gratiae
592 2136 784 2172 praerogativa
799 2135 866 2163 haec
880 2135 1043 2168 debebatur,
1067 2135 1113 2163 Pe-

268 2187 311 2211 tro
339 2191 442 2212 novum
471 2184 523 2212 iter
551 2187 578 2211 et
599 2183 661 2211 novi
685 2186 767 2218 typus
788 2182 895 2210 itineris
917 2182 1081 2210 servabatur
1093 2182 1113 2209 6.

268 2230 451 2267 Antiquorum
474 2237 539 2258 sane
562 2230 672 2257 Patrum
696 2229 809 2262 diebus,
831 2228 917 2257 donec
931 2228 959 2256 in
976 2228 1057 2257 terris
1079 2228 1115 2256 vi-

268 2278 382 2306 deretur
403 2280 430 2305 et
452 2279 665 2305 conversaretur
681 2276 752 2305 inter
769 2276 895 2304 homines
909 2275 1042 2304 Dominus
1057 2283 1114 2303 ma-

268 2324 386 2358 iestatis,
410 2332 463 2352 uon
485 2326 544 2352 erat
566 2323 739 2360 evangelicae
757 2323 845 2351 forma
861 2322 1051 2359 perfectionis,
1067 2322 1114 2351 sed

268 2371 396 2408 spiritum
419 2371 527 2399 Domini
550 2370 607 2399 solo
629 2370 739 2398 interim
755 2369 854 2406 spiritu
870 2368 1067 2406 sequebantur.
1084 2370 1115 2397 stt

735 225 933 255 OPUSCULUM
955 225 996 254 XI.
1019 225 1180 254 APOLOGIA
1201 226 1382 255 PAUPERL'M.
1404 226 1472 255 CAP.
1494 226 1558 255 vlit.

1176 304 1224 333 uhi
1252 304 1375 333 Verbum
1396 313 1467 333 caro
1488 303 1603 342 factum
1623 308 1664 333 est
1692 307 1717 333 ct
1745 303 1888 333 habitavit
1913 305 1945 333 iu
1972 314 2022 335 uo-

1176 349 1259 384 11137,
1282 351 1334 379 iam
1356 351 1384 379 in
1405 358 1438 379 eo
1459 350 1559 379 tradita
1587 353 1628 380 est
1655 351 1745 388 imago
1767 350 1839 380 vitae
1860 354 1887 380 et
1908 359 2023 381 conver-

1175 397 1288 426 sationis
1308 398 1469 434 exemplar,
1494 398 1569 435 quod
1589 401 1715 434 oporteat
1736 398 1819 427 etiam
1841 399 2022 435 corporaliter

1176 444 1292 479 imitari,
1314 447 1345 473 ut
1366 447 1487 481 utroque
1508 447 1656 481 sequentes
1676 445 1806 482 vestigio,
1827 453 1883 474 non
1904 445 2023 475 ulterius

1175 499 1240 520 cum
1261 491 1420 528 patriarcha
1443 492 1520 520 iacob
1534 492 1621 520 altero
1636 492 1740 520 femore
1755 492 1950 521 claudicemus.
1973 493 2022 522 Ne-

1175 546 1230 575 que
1251 538 1278 567 id
1299 538 1433 572 dicimus,
1455 542 1588 575 tanquam
1609 539 1710 567 salvari
1731 539 1794 576 quis
1816 539 1860 568 vel
1881 540 1933 569 hoc
1954 543 2022 569 tem-

1175 593 1242 622 pore
1262 589 1397 622 nequeat,
1419 586 1441 613 si
1463 592 1542 614 secus
1564 585 1666 621 egerit,
1688 586 1736 614 sed
1757 588 1789 614 ut
1803 586 1919 623 gradum
1939 594 2021 623 agno-

1175 635 1232 660 scat
1252 632 1397 668 proprium
1419 635 1447 661 et
1469 632 1559 660 locum
1581 631 1772 668 perfectionis,
1800 635 1849 661 aut
1873 632 2021 670 discipula-

1176 682 1220 707 tus
1234 679 1356 708 osficium
1372 687 1427 707 non
1442 681 1560 715 usurpet
1575 690 1601 706 ».
1618 679 1687 707 Haec
1702 679 1868 708 Bernardus.
1884 680 1934 709 Per
1949 688 2021 717 quae

1175 726 1341 763 cupidorum
1369 729 1453 763 atque
1475 725 1626 754 carnalium
1640 725 1650 742 ³
1672 734 1752 754 error
1774 734 1924 765 perversus
1945 727 2022 756 elidi-

1175 775 1237 807 tur,
1266 781 1281 801 a
1309 773 1412 810 quibus
1441 773 1493 801 sub
1522 772 1630 809 pietatis
1659 773 1749 809 specie
1771 781 1820 810 per
1842 767 2022 811 antiquorum

1176 820 1287 848 Patrum
1302 820 1411 848 divitias
1432 822 1582 856 paupertas
1603 819 1792 856 impugnatur.
1818 820 1857 848 Ex
1878 820 1982 857 quibus
1996 824 2023 850 et

1175 867 1243 895 illud
1265 866 1460 903 consequitur,
1490 866 1564 903 quod
1595 866 1618 895 is
1646 866 1689 895 cui
1723 867 1939 903 respondemus,
1968 876 2023 896 non

1175 916 1307 950 tanquam
1328 913 1500 950 paupertatis
1521 913 1644 947 amicus,
1660 913 1706 942 sed
1721 913 1898 943 adversarius
1920 922 2023 951 paupe-

1176 968 1254 993 rum,
1276 968 1361 996 super
1382 960 1541 989 huiusmodi
1565 960 1751 996 possessiones
1767 968 1795 989 se
1810 960 1944 995 fundans,
1961 969 2023 998 per-

1175 1007 1299 1035 fectionis
1320 1007 1499 1036 fundamenta
1520 1015 1574 1035 non
1596 1007 1708 1041 statuit,
1731 1007 1778 1036 sed
1799 1007 1944 1036 subvertit.

1254 1056 1279 1082 7.
1304 1054 1498 1083 Perfectionem
1520 1054 1614 1091 itaque
1636 1054 1807 1091 paupertatis
1822 1057 1964 1084 extremae
1985 1055 2023 1084 le-

1175 1101 1242 1137 galis
1263 1101 1439 1129 observantia
1464 1109 1518 1129 non
1539 1104 1696 1138 oppugnat,
1719 1101 1765 1130 sed
1788 1109 1837 1130 nec
1858 1100 1959 1138 forma
1980 1103 2023 1131 vi-

1175 1148 1260 1176 vetult‘
1281 1147 1489 1184 Apostolorum
1503 1156 1553 1176 nec
1569 1147 1656 1176 loculi
1672 1147 1782 1177 Clu‘lslz'
1800 1156 1850 1177 nec
1862 1149 2022 1185 pro-missio

1175 1195 1316 1232 centupli,
1339 1195 1411 1224 sicut
1432 1203 1468 1224 ex
1489 1198 1552 1224 ante
1580 1195 1681 1224 dictis³
1710 1199 1751 1224 est
1772 1199 1884 1232 patens,
1907 1196 2022 1233 insuper

1176 1250 1226 1270 nec
1247 1241 1401 1278 affluentia
1426 1240 1606 1278 facultatum
1624 1242 1782 1276 Ecclesiae,
1804 1251 1860 1280 qua
1881 1243 1958 1272 velut
1978 1251 2023 1272 ar-

1176 1292 1285 1317 matura
1307 1291 1509 1325 consequenter
1524 1296 1553 1317 se
1568 1289 1659 1317 munit
1674 1297 1830 1326 pauperum
1849 1290 1952 1324 hostis,
1968 1298 2022 1319 non

1177 1339 1231 1364 tam
1253 1335 1286 1364 ad
1308 1335 1505 1364 defensandum
1521 1338 1624 1364 statum
1639 1336 1838 1365 ecclesiasticae
1853 1337 2023 1366 celsitudinis

1176 1390 1258 1419 quam
1281 1382 1314 1410 ad
1336 1382 1518 1411 dejiciendum
1541 1382 1651 1411 culmen
1674 1383 1847 1420 evangelicae
1874 1386 2023 1420 pauperta-

1177 1430 1219 1458 tis.
1243 1430 1268 1458 Si
1291 1430 1363 1458 enim
1393 1430 1579 1466 possessiones
1601 1429 1736 1459 Ecclesiae
1758 1431 1963 1460 commendaret
1991 1434 2022 1461 ut

1176 1476 1288 1510 licitas,
1311 1479 1342 1504 ut
1363 1476 1558 1513 erpedt'entes,
1575 1479 1606 1505 ut
1618 1476 1793 1514 perfectioni
1807 1478 2021 1515 couzposslbz'les

1177 1523 1202 1551 in
1225 1523 1268 1551 his
1289 1523 1336 1560 qui
1359 1524 1551 1551 communiter
1569 1524 1736 1560 possident,
1752 1527 1779 1553 et
1794 1525 1821 1552 in
1837 1525 1877 1554 eis
1891 1526 1939 1562 qui
1953 1535 2023 1555 sau-

1175 1574 1216 1599 611)
1237 1570 1424 1607 (lispmtsctnm
1447 1571 1518 1598 viam
1534 1574 1700 1607 sequeretur
1717 1579 1860 1600 sacrorum
1875 1572 2021 1602 doctorum

1175 1621 1202 1645 et
1222 1617 1364 1645 Canonum
1387 1617 1588 1646 confutantium
1611 1625 1757 1654 perversos
1779 1619 1948 1653 haereticos,
1974 1621 2021 1657 qui

1175 1664 1321 1692 Ecclesiam
1352 1664 1399 1692 Dei
1422 1667 1536 1701 propter
1557 1665 1743 1701 possessiones
1764 1669 1890 1703 acceptas
1911 1674 1927 1695 a
1948 1670 2021 1696 statu

1175 1711 1295 1739 iustitiae
1316 1715 1343 1739 et
1364 1711 1540 1748 perfectionis
1561 1715 1693 1740 asserunt·
1714 1720 1773 1741 esse
1792 1713 1956 1750 collapsam,
1971 1722 2021 1742 nec

1175 1761 1285 1787 sanctae
1306 1758 1460 1795 paupertati
1490 1758 1693 1795 praeiudicaret
1720 1759 1748 1787 in
1776 1759 1869 1796 aliquo
1897 1760 2023 1789 doctrina

1175 1805 1351 1839 huiusmodi,
1373 1814 1424 1842 pro
1445 1813 1477 1834 eo
1498 1805 1572 1842 quod
1594 1806 1662 1834 varii
1685 1809 1751 1835 sunt
1771 1806 1799 1835 in
1820 1814 1852 1836 ea
1871 1807 1943 1836 modi
1959 1815 2022 1844 per-

1174 1852 1314 1886 fectionis,
1336 1853 1408 1881 sicut
1429 1852 1502 1881 circa
1524 1853 1711 1889 responsionis
1739 1853 1823 1882 huius
1852 1854 2020 1891 principium

1174 1899 1227 1928 fuit
1248 1902 1389 1928 ostensum
1406 1899 1434 1927 ¹0.
1458 1900 1535 1928 Nunc
1549 1902 1655 1934 autem,
1671 1900 1736 1937 quia
1751 1900 1868 1929 suadere
1889 1904 2021 1935 conatur,

1174 1946 1360 1983 possessiones
1391 1946 1589 1975 ecclesiasticas
1609 1946 1643 1975 ad
1664 1946 1841 1983 perfectionis
1862 1947 1952 1977 facere
1973 1956 2022 1977 cu-

1174 1994 1298 2028 mulum,
1322 1997 1453 2031 tanquam
1482 1994 1632 2030 perfectius
1659 1994 1694 2023 sit
1722 1995 1761 2023 eis
1787 1995 1814 2023 in
1843 1995 1952 2024 Christo
1980 1996 2019 2024 af—

1174 2040 1261 2069 fluere
1283 2049 1367 2077 quam
1389 2049 1440 2077 pro
1461 2041 1571 2069 Christo
1592 2049 1707 2075 carere;
1730 2050 1783 2070 non
1799 2042 1889 2070 solum
1904 2042 2020 2079 gloriam

1173 2087 1345 2124 paupertatis
1366 2091 1496 2120 evacuat,
1519 2096 1618 2116 verum
1640 2088 1721 2116 etiam
1740 2088 1919 2118 fundamenta
1933 2089 2020 2126 ipsius

1174 2134 1308 2163 Ecclesiae
1329 2134 1455 2168 subruit,
1477 2134 1543 2163 dum
1565 2134 1706 2163 Christum
1735 2138 1762 2164 et
1790 2136 1931 2172 Apostolos
1952 2140 2020 2165 tem-

1174 2181 1277 2217 poralia
1292 2181 1444 2217 possedisse
1458 2181 1492 2210 ad
1507 2181 1627 2210 dandum
1644 2182 1819 2218 perfectionis
1841 2183 2019 2219 exemplum,

1172 2232 1328 2256 monstrare
1349 2228 1497 2256 contendit.

1251 2275 1276 2303 8.
1300 2275 1422 2309 Etenim,
1438 2283 1501 2303 cum
1517 2275 1643 2304 Christus
1664 2276 1698 2304 de
1719 2284 1748 2304 se
1769 2276 1924 2311 diceretss,
1947 2277 2020 2314 quod

1172 2330 1225 2350 non
1256 2322 1385 2356 haberet,
1415 2322 1461 2350 uhi
1492 2322 1638 2351 reclinaret
1670 2326 1766 2359 caput,
1790 2323 1834 2352 hic
1866 2332 1880 2352 e
1911 2326 2019 2353 contra-

1172 2369 1213 2397 rio
1235 2369 1414 2405 dogmatizat,
1436 2369 1509 2406 quod
1538 2369 1678 2398 «domum
1702 2370 1814 2404 hahuit,
1830 2370 1895 2407 quia
1916 2370 2019 2400 dixisse

331 2521 337 2533 ¹
357 2522 430 2548 Supra
449 2527 470 2542 11,
489 2522 510 2543 Ξ.
529 2521 550 2542 111
569 2522 620 2543 tine.

331 2560 339 2572 ²
358 2561 426 2588 Epist.
445 2561 480 2582 22.
499 2567 520 2582 11.
539 2561 575 2582 211
593 2560 709 2587 Aliegatur
729 2560 777 2582 lsai.
794 2561 834 2586 31,
848 2561 869 2582 9.
882 2560 1010 2582 secundum
1024 2561 1117 2587 Septua-

268 2600 329 2627 ginta
349 2600 468 2627 mutuata:
486 2598 557 2621 Cuius
575 2599 633 2626 iguis
651 2599 673 2621 111
692 2599 763 2627 Sion).
782 2598 884 2621 Subinde
905 2602 978 2621 textus
999 2599 1116 2627 originalis

268 2639 331 2666 plura
343 2639 406 2661 addit
415 2641 436 2660 et
446 2644 488 2666 pro
499 2637 544 2661 stoi
555 2637 628 2666 leuem
638 2637 739 2661 institnit
752 2638 815 2666 ponit
824 2637 869 2660 stoi
879 2637 997 2667 familiam
1007 2637 1116 2661 instituit.

331 2676 339 2689 ³
358 2678 429 2700 ludith
453 2678 476 2699 13
486 2695 491 2704 ,
513 2678 549 2705 107
568 2680 620 2705 post
636 2683 707 2706 quem
720 2680 793 2699 textus
806 2677 921 2705 originalis
934 2677 1010 2699 addit:
1025 2686 1036 2696 «
1050 2677 1115 2699 Tunc·

268 2717 352 2743 Amen,
371 2717 411 2745 qui
429 2717 590 2745 interpretatur
608 2716 733 2746 iniquitas,
752 2723 794 2739 suo
816 2716 951 2739 combustus
974 2719 1007 2739 est
1030 2716 1076 2744 igni
1090 2725 1115 2743 »ς

269 2759 290 2778 et
307 2756 427 2783 respicitur
445 2756 520 2778 Matth.
540 2755 565 2782 4,
584 2756 621 2778 21.
639 2762 687 2784 seq.
706 2756 745 2783 (de
763 2755 843 2777 turono
862 2758 884 2777 et
901 2756 1004 2784 Ioanne),
1022 2759 1044 2788 et.
1067 2755 1115 2777 alle-

269 2798 352 2822 gantur
370 2795 445 2817 Matth.
467 2795 504 2821 16,
523 2795 561 2817 24.
578 2798 600 2817 et
618 2795 670 2817 Luc.
688 2796 715 2822 9,
734 2795 771 2817 (50.
792 2795 829 2817 58.

333 2833 341 2845 ⁴
359 2834 435 2856 matth.
452 2834 478 2861 5,
501 2834 541 2856 17:
560 2834 632 2856 Nolite
652 2836 746 2861 putare,
770 2834 879 2862 quoniam
897 2834 950 2856 veui
968 2835 1057 2856 solvere
1076 2835 1114 2856 Le-

270 2879 335 2900 gem,
353 2876 391 2895 aut
410 2874 547 2901 Proptretas3
567 2879 612 2895 non
631 2873 684 2895 reni
702 2873 806 2900 solvere,
824 2873 863 2895 sed
882 2873 1061 2901 adimplere.—
1073 2874 1116 2895 Su-

270 2912 347 2939 perius
365 2918 407 2939 pro
424 2911 529 2941 affirmat
553 2912 606 2934 edd.
633 2915 711 2934 contra
736 2912 803 2935 codd.
827 2912 940 2935 insinuat.
959 2912 1054 2935 inferius
1072 2918 1113 2940 pro

269 2949 360 2972 utlrluul
378 2950 423 2972 DG
440 2950 569 2973 adduntur.

333 2988 341 3000 5
359 2989 412 3011 Sire
424 2989 548 3012 Declamat.
560 2993 603 3012 ete.
616 2990 666 3017 (ct'r.
679 2996 749 3018 supra
762 2996 815 3018 pag.
829 2990 869 3017 45,
886 2993 937 3012 nota
953 2990 984 3019 S.)
998 2990 1044 3012 Vll.
1057 2996 1078 3012 n.
1092 2990 1113 3011 7.

333 3027 342 3040 ὓ
359 3029 436 3050 11111111.
458 3029 497 3055 19,
516 3029 552 3051 27:
571 3030 635 3051 Tunc
653 3029 795 3056 respondens
813 3029 903 3057 Petrus,
922 3029 977 3051 dixit
993 3029 1029 3051 oi:
1047 3029 1111 3056 Ecce,

1173 2526 1214 2541 nos
1231 2520 1368 2548 reliquimus
1385 2520 1461 2542 omnia
1480 2523 1502 2542 et
1519 2520 1590 2542 secuti
1607 2526 1689 2542 sumus
1707 2523 1736 2542 te.
1752 2533 1782 2535 —
1801 2520 1905 2543 Subinde
1924 2521 2020 2548 respici-

1174 2563 1209 2581 tur
1228 2560 1315 2581 Bai-urii
1334 2559 1360 2585 3,
1379 2559 1422 2581 38:
1443 2560 1494 2581 Post
1511 2560 1567 2581 haec
1584 2559 1606 2580 in
1625 2559 1690 2581 terris
1706 2559 1769 2581 risus
1786 2562 1819 2581 est
1837 2562 1859 2581 et
1876 2566 1929 2581 cum
1948 2560 2020 2582 homi-

1173 2598 1241 2620 nibus
1258 2601 1409 2620 conversatus
1426 2601 1467 2620 est.
1485 2611 1515 2614 —-
1533 2598 1627 2620 Interius
1644 2604 1686 2625 pro
1704 2598 1815 2627 spa-itum
1834 2597 1930 2621 Domina*
1946 2602 2019 2621 textus

1173 2638 1292 2665 originalis
1309 2637 1419 2667 spiritum
1439 2638 1522 2660 Deum.

1236 2675 1244 2688 ⁷
1262 2678 1321 2699 loun.
1344 2677 1361 2703 l,
1385 2676 1417 2699 14.
1435 2690 1465 2692 —
1483 2676 1585 2699 Subinde
1597 2677 1718 2704 respicitur
1736 2678 1792 2699 Gen.
1810 2677 1852 2704 32,
1871 2678 1916 2700 25:
1934 2678 2017 2705 Tetigit

1174 2715 1294 2745 [Angelus]
1313 2721 1410 2737 nervum
1429 2716 1521 2738 femoris
1538 2716 1600 2742 eius,
1612 2719 1634 2737 ot
1645 2716 1720 2738 statim
1734 2716 1857 2744 emarcum
1876 2723 1898 2738 v.
1911 2716 1951 2738 31:
1966 2717 2015 2744 lpse

1173 2760 1228 2777 vero
1246 2754 1335 2784 [iacob]
1354 2754 1499 2777 claudICabat
1516 2755 1584 2783 pede.

1236 2793 1244 2805 ³
1262 2794 1317 2816 Fide
1333 2794 1400 2816 codd.
1419 2794 1580 2822 supplevimus
1597 2795 1666 2823 alque
1683 2794 1828 2817 carnalium.

1235 2832 1244 2844 ⁹
1261 2832 1318 2861 Cap.
1337 2833 1358 2855 7.
1376 2839 1399 2855 u.
1417 2833 1455 2855 20.
1473 2836 1494 2854 et
1512 2833 1556 2860 323
1575 2839 1595 2855 n.
1615 2833 1652 2855 35.
1670 2839 1750 2861 seqq.;
1769 2839 1791 2855 11.
1809 2833 1885 2855 29-31.

1236 2871 1255 2883 ¹0
1272 2871 1328 2899 Cap.
1345 2872 1366 2893 7.
1385 2878 1406 2894 u.
1425 2872 1446 2894 4.
1463 2878 1528 2900 seqq.
1545 2885 1575 2888 -—
1593 2872 1704 2900 Superius
1723 2878 1765 2900 pro
1779 2871 1958 2901 praetuclicaret
1979 2872 2016 2901 (ita

1172 2910 1188 2933 C
1198 2911 1214 2932 E
1224 2911 1251 2939 G)
1269 2911 1322 2933 edd.
1338 2910 1526 2940 pruelucllculur.
1540 2911 1634 2933 inferius
1648 2917 1689 2939 pro
1701 2910 1826 2934 cumulum
1843 2911 1882 2939 (ita
1899 2911 1917 2933 A
1927 2912 1959 2940 B;
1976 2912 2016 2934 cfr.

1171 2950 1227 2972 infra
1246 2957 1268 2972 u.
1285 2951 1307 2972 9.
1325 2953 1347 2972 et
1368 2950 1411 2979 10.)
1429 2950 1482 2973 edd.
1500 2950 1601 2978 culmen,
1622 2954 1644 2973 et
1661 2957 1703 2978 pro
1721 2950 1753 2973 et's
1771 2950 1794 2973 in
1813 2950 1905 2973 Cltrislo
1918 2950 2017 2980 affluere

1173 2989 1210 3015 (ita
1229 2989 1271 3012 BC
1282 2990 1359 3018 EFG)
1377 2990 1430 3012 edd.
1448 2989 1472 3011 in
1489 2989 1521 3012 eis
1539 2989 1562 3012 in
1580 2989 1645 3019 [Vnt.
1661 2990 1745 3012 omittit
1757 2989 1790 3018 in]
1804 2989 1897 3012 Clu-isto
1908 2989 2014 3019 affluere.

1235 3028 1251 3040 ¹¹
1271 3029 1347 3051 Matth.
1365 3029 1390 3057 S,
1408 3029 1445 3050 20.
1463 3032 1484 3050 et
1501 3028 1600 3051 subinde
1617 3029 1654 3055 21,
1677 3029 1710 3050 13.

2040 686 2108 708 Notand
2115 705 2119 711 ,

2044 1064 2120 1087 556111111,7

2044 1087 2112 1108 adversa

2047 1116 2112 1134 argum«

2072 1137 2112 1154 tum.

2040 1438 2111 1458 Notaud
2121 1454 2124 1460 .

2038 2283 2109 2302 Dictum
2116 2282 2124 2309 >1

2053 2311 2125 2325 versari.
