<?xml version="1.0" encoding="UTF-8"?>
<!DOCTYPE html PUBLIC "-//W3C//DTD XHTML 1.0 Transitional//EN"
    "http://www.w3.org/TR/xhtml1/DTD/xhtml1-transitional.dtd">
<html xmlns="http://www.w3.org/1999/xhtml" xml:lang="en" lang="en">
 <head>
  <title>
</title>
<meta http-equiv="Content-Type" content="text/html;charset=utf-8" />
  <meta name='ocr-system' content='tesseract 3.04.00' />
  <meta name='ocr-capabilities' content='ocr_page ocr_carea ocr_par ocr_line ocrx_word'/>
</head>
<body>
  <div class='ocr_page' id='page_1' title='image "./doctorisseraphic08bona_0099.png"; bbox 0 0 2133 3317; ppageno 0'>
   <div class='ocr_carea' id='block_1_1' title="bbox 781 206 1124 236">
    <p class='ocr_par' dir='ltr' id='par_1_1' title="bbox 781 206 1124 236">
     <span class='ocr_line' id='line_1_1' title="bbox 781 206 1124 236; baseline 0.003 -1"><span class='ocrx_word' id='word_1_1' title='bbox 781 206 1023 236; x_wconf 76' lang='lat' dir='ltr'>PROLEGOMENA</span> <span class='ocrx_word' id='word_1_2' title='bbox 1044 208 1072 236; x_wconf 91' lang='lat' dir='ltr'>C.</span> <span class='ocrx_word' id='word_1_3' title='bbox 1095 208 1124 236; x_wconf 91' lang='lat' dir='ltr'>II.</span> 
     </span>
    </p>
   </div>
   <div class='ocr_carea' id='block_1_2' title="bbox 79 284 925 2972">
    <p class='ocr_par' dir='ltr' id='par_1_2' title="bbox 81 284 922 449">
     <span class='ocr_line' id='line_1_2' title="bbox 81 284 922 314; baseline -0.004 -5"><span class='ocrx_word' id='word_1_4' title='bbox 81 287 137 309; x_wconf 85' lang='lat' dir='ltr'>Hinc</span> <span class='ocrx_word' id='word_1_5' title='bbox 153 286 258 308; x_wconf 77' lang='lat' dir='ltr'>additur:</span> <span class='ocrx_word' id='word_1_6' title='bbox 275 286 303 308; x_wconf 84' lang='grc' dir='ltr'>1η</span> <span class='ocrx_word' id='word_1_7' title='bbox 318 285 376 314; x_wconf 86' lang='lat' dir='ltr'>sesto</span> <span class='ocrx_word' id='word_1_8' title='bbox 388 284 559 308; x_wconf 83' lang='lat' dir='ltr'>translationis.</span> <span class='ocrx_word' id='word_1_9' title='bbox 569 285 608 307; x_wconf 89' lang='lat' dir='ltr'>Est</span> <span class='ocrx_word' id='word_1_10' title='bbox 619 284 744 312; x_wconf 87' lang='lat' dir='ltr'>capitulum</span> <span class='ocrx_word' id='word_1_11' title='bbox 762 285 868 307; x_wconf 85' lang='lat' dir='ltr'>ultimum</span> <span class='ocrx_word' id='word_1_12' title='bbox 881 285 922 307; x_wconf 89' lang='lat' dir='ltr'>Le-</span> 
     </span>
     <span class='ocr_line' id='line_1_3' title="bbox 82 331 922 361; baseline -0.001 -6"><span class='ocrx_word' id='word_1_13' title='bbox 82 333 170 361; x_wconf 85' lang='lat' dir='ltr'>gendae</span> <span class='ocrx_word' id='word_1_14' title='bbox 187 332 280 355; x_wconf 84' lang='lat' dir='ltr'>maioris</span> <span class='ocrx_word' id='word_1_15' title='bbox 296 332 319 354; x_wconf 90' lang='lat' dir='ltr'>in</span> <span class='ocrx_word' id='word_1_16' title='bbox 330 332 438 354; x_wconf 87' lang='lat' dir='ltr'>lectiones</span> <span class='ocrx_word' id='word_1_17' title='bbox 455 331 595 353; x_wconf 85' lang='lat' dir='ltr'>distinctum.</span> <span class='ocrx_word' id='word_1_18' title='bbox 607 331 693 353; x_wconf 79' lang='lat' dir='ltr'>Desinit</span> <span class='ocrx_word' id='word_1_19' title='bbox 711 331 748 353; x_wconf 82' lang='lat' dir='ltr'>sol.</span> <span class='ocrx_word' id='word_1_20' title='bbox 766 331 803 353; x_wconf 81' lang='lat'>38.</span> <span class='ocrx_word' id='word_1_21' title='bbox 822 337 854 354; x_wconf 88' lang='lat' dir='ltr'>r.:</span> <span class='ocrx_word' id='word_1_22' title='bbox 871 336 922 354; x_wconf 84' lang='lat' dir='ltr'>ma-</span> 
     </span>
     <span class='ocr_line' id='line_1_4' title="bbox 82 377 922 410; baseline -0.002 -8"><span class='ocrx_word' id='word_1_23' title='bbox 82 378 214 410; x_wconf 73' lang='lat' dir='ltr'>qnificentia</span> <span class='ocrx_word' id='word_1_24' title='bbox 238 378 333 401; x_wconf 80' lang='lat' dir='ltr'>virtutis</span> <span class='ocrx_word' id='word_1_25' title='bbox 357 377 485 406; x_wconf 84' lang='lat' dir='ltr'>Altissimi,</span> <span class='ocrx_word' id='word_1_26' title='bbox 503 377 542 401; x_wconf 82' lang='lat' dir='ltr'>cui</span> <span class='ocrx_word' id='word_1_27' title='bbox 565 379 600 401; x_wconf 88' lang='lat' dir='ltr'>est</span> <span class='ocrx_word' id='word_1_28' title='bbox 615 377 692 401; x_wconf 84' lang='lat' dir='ltr'>honor</span> <span class='ocrx_word' id='word_1_29' title='bbox 716 379 739 401; x_wconf 90' lang='lat' dir='ltr'>et</span> <span class='ocrx_word' id='word_1_30' title='bbox 753 377 832 407; x_wconf 69' lang='lat' dir='ltr'>aleria</span> <span class='ocrx_word' id='word_1_31' title='bbox 849 377 873 400; x_wconf 88' lang='lat' dir='ltr'>in</span> <span class='ocrx_word' id='word_1_32' title='bbox 890 384 922 401; x_wconf 82' lang='lat' dir='ltr'>se·</span> 
     </span>
     <span class='ocr_line' id='line_1_5' title="bbox 82 424 395 449; baseline -0.006 0"><span class='ocrx_word' id='word_1_33' title='bbox 82 425 136 449; x_wconf 85' lang='lat' dir='ltr'>cula</span> <span class='ocrx_word' id='word_1_34' title='bbox 150 424 294 448; x_wconf 82' lang='lat' dir='ltr'>seculorum.</span> <span class='ocrx_word' id='word_1_35' title='bbox 312 425 395 448; x_wconf 86' lang='lat' dir='ltr'>Amen.</span> 
     </span>
    </p>

    <p class='ocr_par' dir='ltr' id='par_1_3' title="bbox 81 470 923 632">
     <span class='ocr_line' id='line_1_6' title="bbox 146 470 921 499; baseline -0.001 -5"><span class='ocrx_word' id='word_1_36' title='bbox 146 472 151 494; x_wconf 98' lang='grc'>1</span> <span class='ocrx_word' id='word_1_37' title='bbox 162 472 179 494; x_wconf 93' lang='grc'>1.</span> <span class='ocrx_word' id='word_1_38' title='bbox 198 470 354 498; x_wconf 72' lang='lat' dir='ltr'>Carlsmltae,</span> <span class='ocrx_word' id='word_1_39' title='bbox 366 470 505 494; x_wconf 80' lang='lat' dir='ltr'>bibliotheca</span> <span class='ocrx_word' id='word_1_40' title='bbox 517 471 684 499; x_wconf 80' lang='lat' dir='ltr'>Archiducalis,</span> <span class='ocrx_word' id='word_1_41' title='bbox 696 471 747 494; x_wconf 89' lang='lat' dir='ltr'>cod.</span> <span class='ocrx_word' id='word_1_42' title='bbox 759 471 810 493; x_wconf 94' lang='lat' dir='ltr'>XV.</span> <span class='ocrx_word' id='word_1_43' title='bbox 823 470 921 493; x_wconf 82' lang='lat' dir='ltr'><strong>membr.</strong></span> 
     </span>
     <span class='ocr_line' id='line_1_7' title="bbox 81 517 923 545; baseline -0.004 -3"><span class='ocrx_word' id='word_1_44' title='bbox 81 519 104 542; x_wconf 93' lang='lat' dir='ltr'>in</span> <span class='ocrx_word' id='word_1_45' title='bbox 121 519 158 541; x_wconf 82' lang='grc'>42.</span> <span class='ocrx_word' id='word_1_46' title='bbox 174 524 234 542; x_wconf 89' lang='lat' dir='ltr'>saec.</span> <span class='ocrx_word' id='word_1_47' title='bbox 251 518 307 540; x_wconf 85' lang='lat' dir='ltr'><strong>XIII.</strong></span> <span class='ocrx_word' id='word_1_48' title='bbox 324 517 435 540; x_wconf 85' lang='lat' dir='ltr'>exeuntis.</span> <span class='ocrx_word' id='word_1_49' title='bbox 451 529 482 534; x_wconf 95' lang='lat'><strong>—</strong></span> <span class='ocrx_word' id='word_1_50' title='bbox 499 517 623 545; x_wconf 86' lang='lat' dir='ltr'>Legendae</span> <span class='ocrx_word' id='word_1_51' title='bbox 639 517 806 545; x_wconf 84' lang='lat' dir='ltr'>praemittitur:</span> <span class='ocrx_word' id='word_1_52' title='bbox 824 517 851 540; x_wconf 86' lang='grc' dir='ltr'>1η</span> <span class='ocrx_word' id='word_1_53' title='bbox 868 523 923 540; x_wconf 85' lang='lat' dir='ltr'>con-</span> 
     </span>
     <span class='ocr_line' id='line_1_8' title="bbox 81 563 923 593; baseline -0.004 -5"><span class='ocrx_word' id='word_1_54' title='bbox 81 563 186 588; x_wconf 78' lang='lat' dir='ltr'><em>versione</em></span> <span class='ocrx_word' id='word_1_55' title='bbox 201 563 279 587; x_wconf 77' lang='lat' dir='ltr'>sancti</span> <span class='ocrx_word' id='word_1_56' title='bbox 294 563 424 587; x_wconf 87' lang='lat' dir='ltr'>Francisci.</span> <span class='ocrx_word' id='word_1_57' title='bbox 442 563 562 593; x_wconf 74' lang='lat' dir='ltr'><em>Apparuit</em></span> <span class='ocrx_word' id='word_1_58' title='bbox 578 563 658 593; x_wconf 76' lang='lat' dir='ltr'>qratia</span> <span class='ocrx_word' id='word_1_59' title='bbox 674 563 717 586; x_wconf 88' lang='lat' dir='ltr'>Dei</span> <span class='ocrx_word' id='word_1_60' title='bbox 732 566 775 586; x_wconf 88' lang='lat' dir='ltr'>etc.</span> <span class='ocrx_word' id='word_1_61' title='bbox 794 563 878 586; x_wconf 80' lang='lat' dir='ltr'>Desinit</span> <span class='ocrx_word' id='word_1_62' title='bbox 898 566 923 586; x_wconf 89' lang='lat' dir='ltr'>ut</span> 
     </span>
     <span class='ocr_line' id='line_1_9' title="bbox 81 609 226 632; baseline -0.007 0"><span class='ocrx_word' id='word_1_63' title='bbox 81 609 103 632; x_wconf 92' lang='lat' dir='ltr'>in</span> <span class='ocrx_word' id='word_1_64' title='bbox 119 609 226 632; x_wconf 80' lang='lat' dir='ltr'>editione.</span> 
     </span>
    </p>

    <p class='ocr_par' dir='ltr' id='par_1_4' title="bbox 80 654 923 818">
     <span class='ocr_line' id='line_1_10' title="bbox 146 654 922 683; baseline 0 -5"><span class='ocrx_word' id='word_1_65' title='bbox 146 656 180 678; x_wconf 84' lang='lat' dir='ltr'>I2.</span> <span class='ocrx_word' id='word_1_66' title='bbox 196 654 294 683; x_wconf 84' lang='lat' dir='ltr'>Ibidem,</span> <span class='ocrx_word' id='word_1_67' title='bbox 312 655 363 678; x_wconf 88' lang='lat' dir='ltr'>cod.</span> <span class='ocrx_word' id='word_1_68' title='bbox 386 655 447 678; x_wconf 93' lang='lat' dir='ltr'><strong>XVI.</strong></span> <span class='ocrx_word' id='word_1_69' title='bbox 472 655 571 678; x_wconf 83' lang='lat' dir='ltr'>membr.</span> <span class='ocrx_word' id='word_1_70' title='bbox 589 656 610 678; x_wconf 91' lang='lat' dir='ltr'>in</span> <span class='ocrx_word' id='word_1_71' title='bbox 630 656 665 678; x_wconf 88' lang='grc'>42.</span> <span class='ocrx_word' id='word_1_72' title='bbox 690 661 751 678; x_wconf 88' lang='lat' dir='ltr'>saec.</span> <span class='ocrx_word' id='word_1_73' title='bbox 775 655 833 678; x_wconf 85' lang='lat' dir='ltr'><strong>XIV.</strong></span> <span class='ocrx_word' id='word_1_74' title='bbox 851 667 881 671; x_wconf 86' lang='lat'>—</span> <span class='ocrx_word' id='word_1_75' title='bbox 898 656 922 678; x_wconf 92' lang='lat' dir='ltr'>In</span> 
     </span>
     <span class='ocr_line' id='line_1_11' title="bbox 82 701 923 731; baseline 0 -6"><span class='ocrx_word' id='word_1_76' title='bbox 82 704 136 726; x_wconf 79' lang='lat' dir='ltr'>festo</span> <span class='ocrx_word' id='word_1_77' title='bbox 153 703 175 724; x_wconf 85' lang='lat' dir='ltr'>S.</span> <span class='ocrx_word' id='word_1_78' title='bbox 191 702 316 729; x_wconf 86' lang='lat' dir='ltr'>Francisci,</span> <span class='ocrx_word' id='word_1_79' title='bbox 333 705 356 725; x_wconf 89' lang='lat' dir='ltr'>et</span> <span class='ocrx_word' id='word_1_80' title='bbox 372 702 394 724; x_wconf 92' lang='lat' dir='ltr'>in</span> <span class='ocrx_word' id='word_1_81' title='bbox 409 701 492 725; x_wconf 87' lang='lat' dir='ltr'>diebus</span> <span class='ocrx_word' id='word_1_82' title='bbox 508 702 608 725; x_wconf 87' lang='lat' dir='ltr'>Octavae</span> <span class='ocrx_word' id='word_1_83' title='bbox 625 705 659 725; x_wconf 90' lang='lat' dir='ltr'>est</span> <span class='ocrx_word' id='word_1_84' title='bbox 671 705 747 731; x_wconf 84' lang='lat' dir='ltr'>aptata</span> <span class='ocrx_word' id='word_1_85' title='bbox 763 702 871 730; x_wconf 83' lang='lat' dir='ltr'>Legenda</span> <span class='ocrx_word' id='word_1_86' title='bbox 883 702 923 724; x_wconf 92' lang='lat' dir='ltr'>mi-</span> 
     </span>
     <span class='ocr_line' id='line_1_12' title="bbox 81 749 923 778; baseline -0.001 -6"><span class='ocrx_word' id='word_1_87' title='bbox 81 756 122 773; x_wconf 91' lang='lat' dir='ltr'>nor</span> <span class='ocrx_word' id='word_1_88' title='bbox 138 752 162 772; x_wconf 89' lang='lat' dir='ltr'>ut</span> <span class='ocrx_word' id='word_1_89' title='bbox 178 749 200 772; x_wconf 91' lang='lat' dir='ltr'>in</span> <span class='ocrx_word' id='word_1_90' title='bbox 217 749 298 772; x_wconf 88' lang='lat' dir='ltr'>codiee</span> <span class='ocrx_word' id='word_1_91' title='bbox 323 749 469 777; x_wconf 84' lang='lat' dir='ltr'>praecedenti</span> <span class='ocrx_word' id='word_1_92' title='bbox 475 757 481 777; x_wconf 84' lang='lat'><em>3</em></span> <span class='ocrx_word' id='word_1_93' title='bbox 507 752 604 778; x_wconf 86' lang='lat' dir='ltr'>uterque</span> <span class='ocrx_word' id='word_1_94' title='bbox 627 749 689 772; x_wconf 91' lang='lat' dir='ltr'>enim</span> <span class='ocrx_word' id='word_1_95' title='bbox 706 749 759 772; x_wconf 91' lang='lat' dir='ltr'>cod.</span> <span class='ocrx_word' id='word_1_96' title='bbox 783 752 817 771; x_wconf 87' lang='lat' dir='ltr'>est</span> <span class='ocrx_word' id='word_1_97' title='bbox 835 749 923 771; x_wconf 85' lang='lat' dir='ltr'>Brevia-</span> 
     </span>
     <span class='ocr_line' id='line_1_13' title="bbox 80 795 339 818; baseline -0.004 0"><span class='ocrx_word' id='word_1_98' title='bbox 80 796 140 818; x_wconf 90' lang='lat' dir='ltr'>rium</span> <span class='ocrx_word' id='word_1_99' title='bbox 156 795 339 818; x_wconf 82' lang='lat' dir='ltr'>Franciscanum.</span> 
     </span>
    </p>

    <p class='ocr_par' dir='ltr' id='par_1_5' title="bbox 80 841 923 1060">
     <span class='ocr_line' id='line_1_14' title="bbox 143 841 923 870; baseline -0.001 -5"><span class='ocrx_word' id='word_1_100' title='bbox 143 843 151 864; x_wconf 87' lang='lat' dir='ltr'><strong>I</strong></span> <span class='ocrx_word' id='word_1_101' title='bbox 158 843 179 865; x_wconf 89' lang='lat'>3.</span> <span class='ocrx_word' id='word_1_102' title='bbox 197 841 318 870; x_wconf 85' lang='lat' dir='ltr'>Coloniae,</span> <span class='ocrx_word' id='word_1_103' title='bbox 331 841 469 865; x_wconf 85' lang='lat' dir='ltr'>bibliotheca</span> <span class='ocrx_word' id='word_1_104' title='bbox 480 842 590 865; x_wconf 89' lang='lat' dir='ltr'>ecclesiae</span> <span class='ocrx_word' id='word_1_105' title='bbox 602 842 793 870; x_wconf 82' lang='lat' dir='ltr'>Metropolitanae‚</span> <span class='ocrx_word' id='word_1_106' title='bbox 805 842 857 865; x_wconf 88' lang='lat' dir='ltr'>cod.</span> <span class='ocrx_word' id='word_1_107' title='bbox 870 843 878 864; x_wconf 88' lang='grc'>4</span> <span class='ocrx_word' id='word_1_108' title='bbox 885 842 923 865; x_wconf 84' lang='lat'>67.</span> 
     </span>
     <span class='ocr_line' id='line_1_15' title="bbox 80 889 921 917; baseline -0.001 -5"><span class='ocrx_word' id='word_1_109' title='bbox 80 889 178 912; x_wconf 84' lang='lat' dir='ltr'>membr.</span> <span class='ocrx_word' id='word_1_110' title='bbox 195 889 217 912; x_wconf 92' lang='lat' dir='ltr'>in</span> <span class='ocrx_word' id='word_1_111' title='bbox 235 889 256 912; x_wconf 88' lang='lat'>4.</span> <span class='ocrx_word' id='word_1_112' title='bbox 280 895 341 911; x_wconf 87' lang='lat' dir='ltr'>saec.</span> <span class='ocrx_word' id='word_1_113' title='bbox 358 889 414 912; x_wconf 84' lang='lat' dir='ltr'><strong>XIII.</strong></span> <span class='ocrx_word' id='word_1_114' title='bbox 431 890 541 912; x_wconf 87' lang='lat' dir='ltr'>exeuntis.</span> <span class='ocrx_word' id='word_1_115' title='bbox 561 901 591 906; x_wconf 83' lang='lat'>—</span> <span class='ocrx_word' id='word_1_116' title='bbox 607 889 715 917; x_wconf 79' lang='lat' dir='ltr'>Legenda</span> <span class='ocrx_word' id='word_1_117' title='bbox 731 889 810 917; x_wconf 82' lang='lat' dir='ltr'>incipit</span> <span class='ocrx_word' id='word_1_118' title='bbox 829 890 866 912; x_wconf 79' lang='lat' dir='ltr'>tol.</span> <span class='ocrx_word' id='word_1_119' title='bbox 883 889 921 912; x_wconf 80' lang='grc'>51.</span> 
     </span>
     <span class='ocr_line' id='line_1_16' title="bbox 80 936 923 966; baseline 0 -7"><span class='ocrx_word' id='word_1_120' title='bbox 80 943 100 960; x_wconf 93' lang='lat' dir='ltr'>r.</span> <span class='ocrx_word' id='word_1_121' title='bbox 117 942 170 960; x_wconf 90' lang='lat' dir='ltr'>cum</span> <span class='ocrx_word' id='word_1_122' title='bbox 187 936 292 959; x_wconf 81' lang='lat' dir='ltr'>rubrica:</span> <span class='ocrx_word' id='word_1_123' title='bbox 315 938 343 960; x_wconf 87' lang='lat' dir='ltr'>In</span> <span class='ocrx_word' id='word_1_124' title='bbox 365 936 443 960; x_wconf 81' lang='lat' dir='ltr'>natali</span> <span class='ocrx_word' id='word_1_125' title='bbox 462 936 541 960; x_wconf 83' lang='lat' dir='ltr'>sancti</span> <span class='ocrx_word' id='word_1_126' title='bbox 556 936 686 960; x_wconf 81' lang='lat' dir='ltr'>Francisci.</span> <span class='ocrx_word' id='word_1_127' title='bbox 707 936 827 966; x_wconf 76' lang='lat' dir='ltr'>Apparuit</span> <span class='ocrx_word' id='word_1_128' title='bbox 843 936 923 966; x_wconf 76' lang='lat' dir='ltr'>qratia</span> 
     </span>
     <span class='ocr_line' id='line_1_17' title="bbox 81 982 923 1011; baseline 0 -5"><span class='ocrx_word' id='word_1_129' title='bbox 81 983 123 1006; x_wconf 87' lang='lat' dir='ltr'>Dei</span> <span class='ocrx_word' id='word_1_130' title='bbox 138 986 180 1006; x_wconf 88' lang='lat' dir='ltr'>etc.</span> <span class='ocrx_word' id='word_1_131' title='bbox 194 983 280 1006; x_wconf 84' lang='lat' dir='ltr'>Desinit</span> <span class='ocrx_word' id='word_1_132' title='bbox 292 984 330 1006; x_wconf 87' lang='lat' dir='ltr'>sol.</span> <span class='ocrx_word' id='word_1_133' title='bbox 347 984 385 1006; x_wconf 79' lang='lat'>53.</span> <span class='ocrx_word' id='word_1_134' title='bbox 396 990 414 1006; x_wconf 91' lang='lat' dir='ltr'>r.</span> <span class='ocrx_word' id='word_1_135' title='bbox 432 983 455 1006; x_wconf 90' lang='lat' dir='ltr'>in</span> <span class='ocrx_word' id='word_1_136' title='bbox 466 983 563 1006; x_wconf 90' lang='lat' dir='ltr'>lectione</span> <span class='ocrx_word' id='word_1_137' title='bbox 579 983 690 1011; x_wconf 85' lang='lat' dir='ltr'>septima:</span> <span class='ocrx_word' id='word_1_138' title='bbox 702 984 790 1006; x_wconf 85' lang='lat' dir='ltr'>Amore</span> <span class='ocrx_word' id='word_1_139' title='bbox 805 982 870 1006; x_wconf 80' lang='lat' dir='ltr'>illius</span> <span class='ocrx_word' id='word_1_140' title='bbox 881 989 923 1006; x_wconf 84' lang='lat' dir='ltr'>nu-</span> 
     </span>
     <span class='ocr_line' id='line_1_18' title="bbox 80 1028 880 1060; baseline -0.001 -7"><span class='ocrx_word' id='word_1_141' title='bbox 80 1029 136 1053; x_wconf 85' lang='lat' dir='ltr'>dari</span> <span class='ocrx_word' id='word_1_142' title='bbox 150 1035 199 1053; x_wconf 87' lang='lat' dir='ltr'>non</span> <span class='ocrx_word' id='word_1_143' title='bbox 215 1029 323 1058; x_wconf 79' lang='lat' dir='ltr'>horruit,</span> <span class='ocrx_word' id='word_1_144' title='bbox 341 1030 383 1060; x_wconf 84' lang='lat' dir='ltr'>qui</span> <span class='ocrx_word' id='word_1_145' title='bbox 398 1029 477 1053; x_wconf 85' lang='lat' dir='ltr'>nudus</span> <span class='ocrx_word' id='word_1_146' title='bbox 491 1036 538 1059; x_wconf 88' lang='lat' dir='ltr'>pro</span> <span class='ocrx_word' id='word_1_147' title='bbox 555 1029 621 1053; x_wconf 80' lang='lat' dir='ltr'>nobis</span> <span class='ocrx_word' id='word_1_148' title='bbox 638 1029 663 1052; x_wconf 89' lang='lat' dir='ltr'>in</span> <span class='ocrx_word' id='word_1_149' title='bbox 680 1035 750 1053; x_wconf 85' lang='lat' dir='ltr'>cruce</span> <span class='ocrx_word' id='word_1_150' title='bbox 763 1028 880 1059; x_wconf 82' lang='lat' dir='ltr'>pependit.</span> 
     </span>
    </p>

    <p class='ocr_par' dir='ltr' id='par_1_6' title="bbox 80 1075 924 1339">
     <span class='ocr_line' id='line_1_19' title="bbox 143 1075 922 1104; baseline -0.001 -6"><span class='ocrx_word' id='word_1_151' title='bbox 143 1077 151 1098; x_wconf 83' lang='lat' dir='ltr'><strong>I</strong></span> <span class='ocrx_word' id='word_1_152' title='bbox 159 1076 180 1099; x_wconf 79' lang='lat'>4.</span> <span class='ocrx_word' id='word_1_153' title='bbox 196 1076 300 1100; x_wconf 85' lang='lat' dir='ltr'>Dresdae</span> <span class='ocrx_word' id='word_1_154' title='bbox 316 1077 338 1099; x_wconf 94' lang='lat' dir='ltr'>in</span> <span class='ocrx_word' id='word_1_155' title='bbox 357 1077 465 1104; x_wconf 84' lang='lat' dir='ltr'>Saxonia,</span> <span class='ocrx_word' id='word_1_156' title='bbox 481 1076 619 1099; x_wconf 84' lang='lat' dir='ltr'>bibliotheca</span> <span class='ocrx_word' id='word_1_157' title='bbox 636 1076 720 1104; x_wconf 86' lang='lat' dir='ltr'>Regia,</span> <span class='ocrx_word' id='word_1_158' title='bbox 742 1075 794 1098; x_wconf 90' lang='lat' dir='ltr'>cod.</span> <span class='ocrx_word' id='word_1_159' title='bbox 812 1075 879 1098; x_wconf 88' lang='lat' dir='ltr'>theol.</span> <span class='ocrx_word' id='word_1_160' title='bbox 897 1076 922 1098; x_wconf 88' lang='lat' dir='ltr'>A.</span> 
     </span>
     <span class='ocr_line' id='line_1_20' title="bbox 81 1123 924 1146; baseline 0 -1"><span class='ocrx_word' id='word_1_161' title='bbox 81 1123 134 1145; x_wconf 84' lang='grc'>206.</span> <span class='ocrx_word' id='word_1_162' title='bbox 150 1123 249 1146; x_wconf 89' lang='lat' dir='ltr'>membr.</span> <span class='ocrx_word' id='word_1_163' title='bbox 274 1123 298 1145; x_wconf 89' lang='lat' dir='ltr'>in</span> <span class='ocrx_word' id='word_1_164' title='bbox 317 1123 338 1146; x_wconf 83' lang='lat'>4.</span> <span class='ocrx_word' id='word_1_165' title='bbox 361 1129 421 1146; x_wconf 83' lang='lat' dir='ltr'>saec.</span> <span class='ocrx_word' id='word_1_166' title='bbox 446 1124 498 1146; x_wconf 97' lang='lat' dir='ltr'>XV.</span> <span class='ocrx_word' id='word_1_167' title='bbox 514 1136 545 1140; x_wconf 97' lang='lat'><strong>—</strong></span> <span class='ocrx_word' id='word_1_168' title='bbox 562 1124 600 1146; x_wconf 82' lang='lat' dir='ltr'>Est</span> <span class='ocrx_word' id='word_1_169' title='bbox 624 1123 768 1145; x_wconf 90' lang='lat' dir='ltr'>Breviarium</span> <span class='ocrx_word' id='word_1_170' title='bbox 793 1123 924 1145; x_wconf 84' lang='lat' dir='ltr'>Francisca-</span> 
     </span>
     <span class='ocr_line' id='line_1_21' title="bbox 81 1170 924 1199; baseline -0.001 -6"><span class='ocrx_word' id='word_1_171' title='bbox 81 1176 144 1193; x_wconf 92' lang='lat' dir='ltr'>num.</span> <span class='ocrx_word' id='word_1_172' title='bbox 160 1170 268 1199; x_wconf 82' lang='lat' dir='ltr'>Legenda</span> <span class='ocrx_word' id='word_1_173' title='bbox 285 1170 401 1198; x_wconf 79' lang='lat' dir='ltr'>assignata</span> <span class='ocrx_word' id='word_1_174' title='bbox 418 1174 452 1193; x_wconf 90' lang='lat' dir='ltr'>est</span> <span class='ocrx_word' id='word_1_175' title='bbox 469 1170 514 1193; x_wconf 86' lang='lat' dir='ltr'>dIei</span> <span class='ocrx_word' id='word_1_176' title='bbox 532 1171 589 1193; x_wconf 86' lang='lat' dir='ltr'>sesto</span> <span class='ocrx_word' id='word_1_177' title='bbox 603 1170 674 1193; x_wconf 87' lang='lat' dir='ltr'>sancti</span> <span class='ocrx_word' id='word_1_178' title='bbox 686 1170 797 1192; x_wconf 84' lang='lat' dir='ltr'>Francisci</span> <span class='ocrx_word' id='word_1_179' title='bbox 815 1170 853 1192; x_wconf 83' lang='lat' dir='ltr'>sol.</span> <span class='ocrx_word' id='word_1_180' title='bbox 870 1170 924 1192; x_wconf 84' lang='grc'>295.</span> 
     </span>
     <span class='ocr_line' id='line_1_22' title="bbox 81 1216 922 1247; baseline 0 -7"><span class='ocrx_word' id='word_1_181' title='bbox 81 1223 104 1239; x_wconf 90' lang='lat' dir='ltr'>v.</span> <span class='ocrx_word' id='word_1_182' title='bbox 120 1217 204 1240; x_wconf 84' lang='lat' dir='ltr'>Desinit</span> <span class='ocrx_word' id='word_1_183' title='bbox 221 1217 258 1240; x_wconf 86' lang='lat' dir='ltr'>sol.</span> <span class='ocrx_word' id='word_1_184' title='bbox 276 1218 329 1240; x_wconf 84' lang='grc'>319.</span> <span class='ocrx_word' id='word_1_185' title='bbox 346 1223 364 1240; x_wconf 95' lang='lat' dir='ltr'>r.</span> <span class='ocrx_word' id='word_1_186' title='bbox 381 1217 472 1240; x_wconf 82' lang='lat' dir='ltr'>verbis:</span> <span class='ocrx_word' id='word_1_187' title='bbox 488 1217 664 1247; x_wconf 74' lang='lat' dir='ltr'>maquificentia</span> <span class='ocrx_word' id='word_1_188' title='bbox 681 1216 776 1240; x_wconf 85' lang='lat' dir='ltr'>virtutis</span> <span class='ocrx_word' id='word_1_189' title='bbox 795 1216 922 1244; x_wconf 85' lang='lat' dir='ltr'>Altissimi,</span> 
     </span>
     <span class='ocr_line' id='line_1_23' title="bbox 81 1263 922 1295; baseline -0.002 -7"><span class='ocrx_word' id='word_1_190' title='bbox 81 1263 120 1288; x_wconf 88' lang='lat' dir='ltr'>cui</span> <span class='ocrx_word' id='word_1_191' title='bbox 135 1266 168 1288; x_wconf 87' lang='lat' dir='ltr'>est</span> <span class='ocrx_word' id='word_1_192' title='bbox 184 1264 261 1288; x_wconf 86' lang='lat' dir='ltr'>honor</span> <span class='ocrx_word' id='word_1_193' title='bbox 277 1266 300 1288; x_wconf 84' lang='lat' dir='ltr'>et</span> <span class='ocrx_word' id='word_1_194' title='bbox 314 1264 394 1294; x_wconf 77' lang='lat' dir='ltr'>yloria</span> <span class='ocrx_word' id='word_1_195' title='bbox 409 1270 452 1294; x_wconf 82' lang='lat' dir='ltr'>per</span> <span class='ocrx_word' id='word_1_196' title='bbox 469 1264 562 1295; x_wconf 79' lang='lat' dir='ltr'>infinita</span> <span class='ocrx_word' id='word_1_197' title='bbox 579 1263 659 1288; x_wconf 81' lang='lat' dir='ltr'>secula</span> <span class='ocrx_word' id='word_1_198' title='bbox 675 1263 819 1287; x_wconf 80' lang='lat' dir='ltr'>seculorum.</span> <span class='ocrx_word' id='word_1_199' title='bbox 841 1264 922 1287; x_wconf 86' lang='lat' dir='ltr'>Amen.</span> 
     </span>
     <span class='ocr_line' id='line_1_24' title="bbox 80 1310 308 1339; baseline 0 -6"><span class='ocrx_word' id='word_1_200' title='bbox 80 1310 125 1334; x_wconf 80' lang='lat' dir='ltr'>Cir.</span> <span class='ocrx_word' id='word_1_201' title='bbox 143 1317 212 1339; x_wconf 88' lang='lat' dir='ltr'>supra</span> <span class='ocrx_word' id='word_1_202' title='bbox 230 1317 252 1334; x_wconf 92' lang='lat' dir='ltr'>n.</span> <span class='ocrx_word' id='word_1_203' title='bbox 274 1312 308 1334; x_wconf 89' lang='lat'>10.</span> 
     </span>
    </p>

    <p class='ocr_par' dir='ltr' id='par_1_7' title="bbox 80 1358 925 1568">
     <span class='ocr_line' id='line_1_25' title="bbox 143 1358 923 1387; baseline -0.001 -6"><span class='ocrx_word' id='word_1_204' title='bbox 143 1358 180 1380; x_wconf 84' lang='grc'>45.</span> <span class='ocrx_word' id='word_1_205' title='bbox 196 1358 318 1381; x_wconf 87' lang='lat' dir='ltr'>Dunelmii</span> <span class='ocrx_word' id='word_1_206' title='bbox 333 1359 357 1381; x_wconf 90' lang='lat' dir='ltr'>in</span> <span class='ocrx_word' id='word_1_207' title='bbox 373 1359 467 1387; x_wconf 85' lang='lat' dir='ltr'>Anglia,</span> <span class='ocrx_word' id='word_1_208' title='bbox 485 1358 622 1381; x_wconf 87' lang='lat' dir='ltr'>bibliotheca</span> <span class='ocrx_word' id='word_1_209' title='bbox 642 1358 754 1381; x_wconf 83' lang='lat' dir='ltr'>Ecclesiae</span> <span class='ocrx_word' id='word_1_210' title='bbox 774 1358 923 1385; x_wconf 57' lang='lat' dir='ltr'>cathedram,</span> 
     </span>
     <span class='ocr_line' id='line_1_26' title="bbox 81 1404 922 1433; baseline -0.001 -5"><span class='ocrx_word' id='word_1_211' title='bbox 81 1405 133 1428; x_wconf 86' lang='lat' dir='ltr'>cod.</span> <span class='ocrx_word' id='word_1_212' title='bbox 148 1406 175 1428; x_wconf 80' lang='lat' dir='ltr'>A.</span> <span class='ocrx_word' id='word_1_213' title='bbox 191 1405 229 1428; x_wconf 90' lang='lat' dir='ltr'>IV.</span> <span class='ocrx_word' id='word_1_214' title='bbox 247 1405 268 1428; x_wconf 89' lang='grc'>9.</span> <span class='ocrx_word' id='word_1_215' title='bbox 286 1405 384 1428; x_wconf 81' lang='lat' dir='ltr'>membr.</span> <span class='ocrx_word' id='word_1_216' title='bbox 402 1411 462 1428; x_wconf 82' lang='lat' dir='ltr'>saec.</span> <span class='ocrx_word' id='word_1_217' title='bbox 485 1406 540 1428; x_wconf 89' lang='lat' dir='ltr'><strong>XIII.</strong></span> <span class='ocrx_word' id='word_1_218' title='bbox 558 1418 589 1422; x_wconf 97' lang='lat'><strong>—</strong></span> <span class='ocrx_word' id='word_1_219' title='bbox 606 1406 713 1433; x_wconf 86' lang='lat' dir='ltr'>Legenda</span> <span class='ocrx_word' id='word_1_220' title='bbox 731 1405 811 1433; x_wconf 84' lang='lat' dir='ltr'>incipit</span> <span class='ocrx_word' id='word_1_221' title='bbox 832 1404 922 1428; x_wconf 86' lang='lat' dir='ltr'>verbis:</span> 
     </span>
     <span class='ocr_line' id='line_1_27' title="bbox 81 1450 925 1481; baseline 0 -7"><span class='ocrx_word' id='word_1_222' title='bbox 81 1450 225 1474; x_wconf 68' lang='lat' dir='ltr'>Franciscus</span> <span class='ocrx_word' id='word_1_223' title='bbox 242 1451 269 1474; x_wconf 87' lang='lat' dir='ltr'>de</span> <span class='ocrx_word' id='word_1_224' title='bbox 294 1451 363 1475; x_wconf 85' lang='lat' dir='ltr'>vallis</span> <span class='ocrx_word' id='word_1_225' title='bbox 380 1451 521 1481; x_wconf 85' lang='lat' dir='ltr'>Spoletanae</span> <span class='ocrx_word' id='word_1_226' title='bbox 544 1451 655 1481; x_wconf 84' lang='lat' dir='ltr'>partibus</span> <span class='ocrx_word' id='word_1_227' title='bbox 680 1453 702 1474; x_wconf 87' lang='lat' dir='ltr'>et</span> <span class='ocrx_word' id='word_1_228' title='bbox 726 1450 817 1474; x_wconf 85' lang='lat' dir='ltr'>civitate</span> <span class='ocrx_word' id='word_1_229' title='bbox 838 1450 925 1474; x_wconf 83' lang='lat' dir='ltr'>Assisii</span> 
     </span>
     <span class='ocr_line' id='line_1_28' title="bbox 80 1497 924 1528; baseline 0 -8"><span class='ocrx_word' id='word_1_230' title='bbox 80 1497 176 1521; x_wconf 81' lang='lat' dir='ltr'>trahens</span> <span class='ocrx_word' id='word_1_231' title='bbox 193 1497 320 1527; x_wconf 70' lang='lat' dir='ltr'>oriqinem,</span> <span class='ocrx_word' id='word_1_232' title='bbox 335 1498 444 1528; x_wconf 86' lang='lat' dir='ltr'>primum</span> <span class='ocrx_word' id='word_1_233' title='bbox 460 1498 578 1521; x_wconf 80' lang='lat' dir='ltr'>Iohannes</span> <span class='ocrx_word' id='word_1_234' title='bbox 594 1499 692 1521; x_wconf 84' lang='lat' dir='ltr'>vocatus</span> <span class='ocrx_word' id='word_1_235' title='bbox 704 1501 758 1526; x_wconf 87' lang='lat' dir='ltr'>etc.;</span> <span class='ocrx_word' id='word_1_236' title='bbox 771 1498 818 1520; x_wconf 87' lang='lat' dir='ltr'>vid.</span> <span class='ocrx_word' id='word_1_237' title='bbox 835 1497 859 1520; x_wconf 92' lang='lat' dir='ltr'>in</span> <span class='ocrx_word' id='word_1_238' title='bbox 875 1498 924 1521; x_wconf 91' lang='lat' dir='ltr'>edi-</span> 
     </span>
     <span class='ocr_line' id='line_1_29' title="bbox 81 1543 406 1568; baseline 0.003 -2"><span class='ocrx_word' id='word_1_239' title='bbox 81 1543 141 1567; x_wconf 87' lang='lat' dir='ltr'>tione</span> <span class='ocrx_word' id='word_1_240' title='bbox 157 1545 207 1567; x_wconf 86' lang='lat' dir='ltr'>lect.</span> <span class='ocrx_word' id='word_1_241' title='bbox 226 1545 247 1568; x_wconf 87' lang='grc'>4,</span> <span class='ocrx_word' id='word_1_242' title='bbox 266 1545 304 1567; x_wconf 82' lang='lat' dir='ltr'>Est</span> <span class='ocrx_word' id='word_1_243' title='bbox 319 1545 406 1567; x_wconf 88' lang='lat' dir='ltr'>mutila.</span> 
     </span>
    </p>

    <p class='ocr_par' dir='ltr' id='par_1_8' title="bbox 80 1590 925 1802">
     <span class='ocr_line' id='line_1_30' title="bbox 143 1590 924 1619; baseline 0 -7"><span class='ocrx_word' id='word_1_244' title='bbox 143 1590 181 1613; x_wconf 85' lang='grc'>46.</span> <span class='ocrx_word' id='word_1_245' title='bbox 196 1590 342 1619; x_wconf 76' lang='lat' dir='ltr'>Florentiae,</span> <span class='ocrx_word' id='word_1_246' title='bbox 364 1590 504 1614; x_wconf 82' lang='lat' dir='ltr'>bibliotheca</span> <span class='ocrx_word' id='word_1_247' title='bbox 525 1590 863 1619; x_wconf 81' lang='lat' dir='ltr'>Mediceo-Laurentiana‚cod.</span> <span class='ocrx_word' id='word_1_248' title='bbox 887 1591 924 1612; x_wconf 92' lang='grc'>42.</span> 
     </span>
     <span class='ocr_line' id='line_1_31' title="bbox 82 1637 924 1665; baseline 0 -5"><span class='ocrx_word' id='word_1_249' title='bbox 82 1637 217 1660; x_wconf 89' lang='lat' dir='ltr'>Bisci0nian.</span> <span class='ocrx_word' id='word_1_250' title='bbox 235 1637 335 1660; x_wconf 89' lang='lat' dir='ltr'>membr.</span> <span class='ocrx_word' id='word_1_251' title='bbox 352 1638 375 1660; x_wconf 93' lang='lat' dir='ltr'>in</span> <span class='ocrx_word' id='word_1_252' title='bbox 393 1638 414 1660; x_wconf 83' lang='lat'>4.</span> <span class='ocrx_word' id='word_1_253' title='bbox 430 1644 490 1660; x_wconf 87' lang='lat' dir='ltr'>saec.</span> <span class='ocrx_word' id='word_1_254' title='bbox 508 1638 563 1660; x_wconf 90' lang='lat' dir='ltr'><strong>Xlll.</strong></span> <span class='ocrx_word' id='word_1_255' title='bbox 581 1638 692 1660; x_wconf 79' lang='lat' dir='ltr'>exeuntis.</span> <span class='ocrx_word' id='word_1_256' title='bbox 712 1650 744 1654; x_wconf 97' lang='lat'><strong>—</strong></span> <span class='ocrx_word' id='word_1_257' title='bbox 763 1638 870 1665; x_wconf 81' lang='lat' dir='ltr'>Legenda</span> <span class='ocrx_word' id='word_1_258' title='bbox 887 1644 924 1660; x_wconf 87' lang='lat' dir='ltr'>no·</span> 
     </span>
     <span class='ocr_line' id='line_1_32' title="bbox 81 1684 924 1714; baseline 0 -7"><span class='ocrx_word' id='word_1_259' title='bbox 81 1686 141 1707; x_wconf 81' lang='lat' dir='ltr'>tatur</span> <span class='ocrx_word' id='word_1_260' title='bbox 158 1685 196 1708; x_wconf 80' lang='lat' dir='ltr'>tol.</span> <span class='ocrx_word' id='word_1_261' title='bbox 213 1690 259 1707; x_wconf 93' lang='lat' dir='ltr'>non</span> <span class='ocrx_word' id='word_1_262' title='bbox 276 1687 398 1707; x_wconf 89' lang='lat' dir='ltr'>numerato</span> <span class='ocrx_word' id='word_1_263' title='bbox 416 1685 458 1707; x_wconf 87' lang='lat' dir='ltr'>hac</span> <span class='ocrx_word' id='word_1_264' title='bbox 475 1684 580 1707; x_wconf 87' lang='lat' dir='ltr'>rubrica:</span> <span class='ocrx_word' id='word_1_265' title='bbox 598 1684 681 1714; x_wconf 77' lang='lat' dir='ltr'>Incipit</span> <span class='ocrx_word' id='word_1_266' title='bbox 698 1684 745 1707; x_wconf 87' lang='lat' dir='ltr'>vita</span> <span class='ocrx_word' id='word_1_267' title='bbox 768 1684 829 1708; x_wconf 86' lang='lat' dir='ltr'>beati</span> <span class='ocrx_word' id='word_1_268' title='bbox 849 1684 924 1707; x_wconf 87' lang='lat' dir='ltr'>Fran-</span> 
     </span>
     <span class='ocr_line' id='line_1_33' title="bbox 81 1730 925 1761; baseline 0 -6"><span class='ocrx_word' id='word_1_269' title='bbox 81 1730 148 1760; x_wconf 84' lang='lat' dir='ltr'>cisci,</span> <span class='ocrx_word' id='word_1_270' title='bbox 167 1733 188 1755; x_wconf 86' lang='lat' dir='ltr'>et</span> <span class='ocrx_word' id='word_1_271' title='bbox 202 1731 283 1761; x_wconf 85' lang='lat' dir='ltr'>primo</span> <span class='ocrx_word' id='word_1_272' title='bbox 300 1731 327 1755; x_wconf 85' lang='lat' dir='ltr'>de</span> <span class='ocrx_word' id='word_1_273' title='bbox 344 1731 494 1755; x_wconf 75' lang='lat' dir='ltr'>conversione</span> <span class='ocrx_word' id='word_1_274' title='bbox 512 1731 599 1761; x_wconf 86' lang='lat' dir='ltr'>ipsius,</span> <span class='ocrx_word' id='word_1_275' title='bbox 617 1731 682 1755; x_wconf 85' lang='lat' dir='ltr'>lectio</span> <span class='ocrx_word' id='word_1_276' title='bbox 701 1730 722 1754; x_wconf 64' lang='lat' dir='ltr'>«t.</span> <span class='ocrx_word' id='word_1_277' title='bbox 733 1731 852 1761; x_wconf 80' lang='lat' dir='ltr'>Apparuit</span> <span class='ocrx_word' id='word_1_278' title='bbox 869 1737 925 1761; x_wconf 73' lang='lat' dir='ltr'>pra-</span> 
     </span>
     <span class='ocr_line' id='line_1_34' title="bbox 80 1777 481 1802; baseline 0 -1"><span class='ocrx_word' id='word_1_279' title='bbox 80 1777 114 1802; x_wconf 78' lang='lat' dir='ltr'>tia</span> <span class='ocrx_word' id='word_1_280' title='bbox 129 1781 174 1802; x_wconf 87' lang='lat' dir='ltr'>etc.</span> <span class='ocrx_word' id='word_1_281' title='bbox 190 1779 276 1801; x_wconf 86' lang='lat' dir='ltr'>Desinit</span> <span class='ocrx_word' id='word_1_282' title='bbox 293 1782 317 1802; x_wconf 91' lang='lat' dir='ltr'>ut</span> <span class='ocrx_word' id='word_1_283' title='bbox 335 1779 357 1801; x_wconf 92' lang='lat' dir='ltr'>in</span> <span class='ocrx_word' id='word_1_284' title='bbox 374 1779 481 1802; x_wconf 86' lang='lat' dir='ltr'>editione.</span> 
     </span>
    </p>

    <p class='ocr_par' dir='ltr' id='par_1_9' title="bbox 79 1825 925 2180">
     <span class='ocr_line' id='line_1_35' title="bbox 144 1825 923 1853; baseline 0.001 -5"><span class='ocrx_word' id='word_1_285' title='bbox 144 1825 182 1848; x_wconf 93' lang='grc'>47.</span> <span class='ocrx_word' id='word_1_286' title='bbox 202 1825 301 1853; x_wconf 80' lang='lat' dir='ltr'>Ibidem,</span> <span class='ocrx_word' id='word_1_287' title='bbox 319 1826 376 1848; x_wconf 86' lang='lat' dir='ltr'>Plut.</span> <span class='ocrx_word' id='word_1_288' title='bbox 390 1826 498 1848; x_wconf 83' lang='lat' dir='ltr'><strong>XXXVI.</strong></span> <span class='ocrx_word' id='word_1_289' title='bbox 515 1826 561 1848; x_wconf 90' lang='lat' dir='ltr'>Sin.</span> <span class='ocrx_word' id='word_1_290' title='bbox 574 1826 626 1849; x_wconf 87' lang='lat' dir='ltr'>cod.</span> <span class='ocrx_word' id='word_1_291' title='bbox 638 1826 659 1848; x_wconf 88' lang='grc'>6.</span> <span class='ocrx_word' id='word_1_292' title='bbox 677 1826 775 1849; x_wconf 89' lang='lat' dir='ltr'>membr.</span> <span class='ocrx_word' id='word_1_293' title='bbox 793 1826 814 1848; x_wconf 92' lang='lat' dir='ltr'>in</span> <span class='ocrx_word' id='word_1_294' title='bbox 830 1827 851 1849; x_wconf 83' lang='lat' dir='ltr'>S.</span> <span class='ocrx_word' id='word_1_295' title='bbox 862 1832 923 1849; x_wconf 88' lang='lat' dir='ltr'>saec.</span> 
     </span>
     <span class='ocr_line' id='line_1_36' title="bbox 81 1871 925 1902; baseline 0.002 -8"><span class='ocrx_word' id='word_1_296' title='bbox 81 1871 142 1894; x_wconf 87' lang='lat' dir='ltr'>XIV.</span> <span class='ocrx_word' id='word_1_297' title='bbox 158 1884 189 1888; x_wconf 86' lang='lat'>-—</span> <span class='ocrx_word' id='word_1_298' title='bbox 205 1872 252 1894; x_wconf 88' lang='lat' dir='ltr'>Fol.</span> <span class='ocrx_word' id='word_1_299' title='bbox 274 1872 327 1894; x_wconf 85' lang='lat'><strong>268.</strong></span> <span class='ocrx_word' id='word_1_300' title='bbox 350 1879 387 1895; x_wconf 92' lang='lat' dir='ltr'>v.:</span> <span class='ocrx_word' id='word_1_301' title='bbox 412 1871 497 1902; x_wconf 80' lang='lat' dir='ltr'>Incipit</span> <span class='ocrx_word' id='word_1_302' title='bbox 521 1871 628 1901; x_wconf 63' lang='lat' dir='ltr'>Legenda</span> <span class='ocrx_word' id='word_1_303' title='bbox 645 1872 706 1896; x_wconf 88' lang='lat' dir='ltr'>beati</span> <span class='ocrx_word' id='word_1_304' title='bbox 730 1872 867 1900; x_wconf 86' lang='lat' dir='ltr'>Francisci,</span> <span class='ocrx_word' id='word_1_305' title='bbox 894 1872 925 1896; x_wconf 89' lang='lat' dir='ltr'>le-</span> 
     </span>
     <span class='ocr_line' id='line_1_37' title="bbox 80 1917 923 1948; baseline 0.001 -7"><span class='ocrx_word' id='word_1_306' title='bbox 80 1917 126 1942; x_wconf 82' lang='lat' dir='ltr'>ctio</span> <span class='ocrx_word' id='word_1_307' title='bbox 143 1919 161 1941; x_wconf 91' lang='lat' dir='ltr'>I.</span> <span class='ocrx_word' id='word_1_308' title='bbox 178 1918 298 1948; x_wconf 80' lang='lat' dir='ltr'>Apparuit</span> <span class='ocrx_word' id='word_1_309' title='bbox 313 1918 393 1948; x_wconf 69' lang='lat' dir='ltr'>qratia</span> <span class='ocrx_word' id='word_1_310' title='bbox 415 1918 458 1942; x_wconf 84' lang='lat' dir='ltr'>Dei</span> <span class='ocrx_word' id='word_1_311' title='bbox 480 1921 523 1941; x_wconf 90' lang='lat' dir='ltr'>etc.</span> <span class='ocrx_word' id='word_1_312' title='bbox 548 1919 601 1941; x_wconf 84' lang='lat' dir='ltr'>Post</span> <span class='ocrx_word' id='word_1_313' title='bbox 617 1919 707 1941; x_wconf 88' lang='lat' dir='ltr'>titulum</span> <span class='ocrx_word' id='word_1_314' title='bbox 732 1919 786 1941; x_wconf 91' lang='lat' dir='ltr'><strong>VIII.</strong></span> <span class='ocrx_word' id='word_1_315' title='bbox 806 1919 923 1948; x_wconf 86' lang='lat' dir='ltr'>sequitur:</span> 
     </span>
     <span class='ocr_line' id='line_1_38' title="bbox 81 1964 924 1995; baseline 0 -7"><span class='ocrx_word' id='word_1_316' title='bbox 81 1964 125 1987; x_wconf 85' lang='lat' dir='ltr'>IX.</span> <span class='ocrx_word' id='word_1_317' title='bbox 141 1965 174 1988; x_wconf 90' lang='lat' dir='ltr'>De</span> <span class='ocrx_word' id='word_1_318' title='bbox 190 1964 292 1988; x_wconf 79' lang='lat' dir='ltr'>mortuis</span> <span class='ocrx_word' id='word_1_319' title='bbox 310 1965 464 1988; x_wconf 82' lang='lat' dir='ltr'>resuscitatis.</span> <span class='ocrx_word' id='word_1_320' title='bbox 480 1965 511 1988; x_wconf 84' lang='lat' dir='ltr'>X.</span> <span class='ocrx_word' id='word_1_321' title='bbox 525 1966 557 1988; x_wconf 83' lang='lat' dir='ltr'>De</span> <span class='ocrx_word' id='word_1_322' title='bbox 574 1965 610 1988; x_wconf 78' lang='lat' dir='ltr'>Itis</span> <span class='ocrx_word' id='word_1_323' title='bbox 622 1971 680 1994; x_wconf 82' lang='lat' dir='ltr'>quos</span> <span class='ocrx_word' id='word_1_324' title='bbox 692 1971 707 1988; x_wconf 92' lang='lat' dir='ltr'>a</span> <span class='ocrx_word' id='word_1_325' title='bbox 719 1965 802 1989; x_wconf 82' lang='lat' dir='ltr'>mortis</span> <span class='ocrx_word' id='word_1_326' title='bbox 818 1965 924 1995; x_wconf 76' lang='lat' dir='ltr'>periculo</span> 
     </span>
     <span class='ocr_line' id='line_1_39' title="bbox 81 2009 924 2041; baseline 0 -7"><span class='ocrx_word' id='word_1_327' title='bbox 81 2009 195 2034; x_wconf 85' lang='lat' dir='ltr'>liberavit.</span> <span class='ocrx_word' id='word_1_328' title='bbox 212 2012 256 2034; x_wconf 84' lang='grc' dir='ltr'>ΧΙ.</span> <span class='ocrx_word' id='word_1_329' title='bbox 272 2012 306 2034; x_wconf 82' lang='lat' dir='ltr'>De</span> <span class='ocrx_word' id='word_1_330' title='bbox 322 2018 338 2034; x_wconf 90' lang='lat' dir='ltr'>a</span> <span class='ocrx_word' id='word_1_331' title='bbox 354 2011 490 2041; x_wconf 66' lang='lat' dir='ltr'>naufragiis</span> <span class='ocrx_word' id='word_1_332' title='bbox 514 2011 626 2035; x_wconf 83' lang='lat' dir='ltr'>liberatis.</span> <span class='ocrx_word' id='word_1_333' title='bbox 652 2012 739 2034; x_wconf 87' lang='lat' dir='ltr'>Desinit</span> <span class='ocrx_word' id='word_1_334' title='bbox 765 2012 801 2034; x_wconf 83' lang='lat' dir='ltr'>rol.</span> <span class='ocrx_word' id='word_1_335' title='bbox 827 2013 880 2034; x_wconf 85' lang='lat'><strong>282.</strong></span> <span class='ocrx_word' id='word_1_336' title='bbox 906 2018 924 2035; x_wconf 91' lang='lat' dir='ltr'>r.</span> 
     </span>
     <span class='ocr_line' id='line_1_40' title="bbox 81 2057 924 2089; baseline 0.002 -8"><span class='ocrx_word' id='word_1_337' title='bbox 81 2057 171 2081; x_wconf 84' lang='lat' dir='ltr'>verbis:</span> <span class='ocrx_word' id='word_1_338' title='bbox 189 2059 276 2082; x_wconf 82' lang='lat' dir='ltr'>Frater</span> <span class='ocrx_word' id='word_1_339' title='bbox 292 2058 390 2082; x_wconf 85' lang='lat' dir='ltr'>Iacobus</span> <span class='ocrx_word' id='word_1_340' title='bbox 407 2059 532 2087; x_wconf 73' lang='lat' dir='ltr'>Reatinus,</span> <span class='ocrx_word' id='word_1_341' title='bbox 552 2065 606 2082; x_wconf 87' lang='lat' dir='ltr'>cum</span> <span class='ocrx_word' id='word_1_342' title='bbox 624 2059 649 2082; x_wconf 85' lang='lat' dir='ltr'>in</span> <span class='ocrx_word' id='word_1_343' title='bbox 664 2059 777 2082; x_wconf 77' lang='lat' dir='ltr'>navicula</span> <span class='ocrx_word' id='word_1_344' title='bbox 788 2065 865 2088; x_wconf 83' lang='lat' dir='ltr'>parva</span> <span class='ocrx_word' id='word_1_345' title='bbox 881 2059 924 2089; x_wconf 84' lang='lat' dir='ltr'>slu-</span> 
     </span>
     <span class='ocr_line' id='line_1_41' title="bbox 79 2103 924 2135; baseline 0.002 -8"><span class='ocrx_word' id='word_1_346' title='bbox 79 2103 145 2127; x_wconf 81' lang='lat' dir='ltr'>vium</span> <span class='ocrx_word' id='word_1_347' title='bbox 168 2105 285 2134; x_wconf 80' lang='lat' dir='ltr'>quendam</span> <span class='ocrx_word' id='word_1_348' title='bbox 307 2111 362 2129; x_wconf 89' lang='lat' dir='ltr'>cum</span> <span class='ocrx_word' id='word_1_349' title='bbox 383 2105 437 2129; x_wconf 80' lang='lat' dir='ltr'>aliis</span> <span class='ocrx_word' id='word_1_350' title='bbox 457 2105 573 2135; x_wconf 78' lang='lat' dir='ltr'>fratribus</span> <span class='ocrx_word' id='word_1_351' title='bbox 593 2106 760 2135; x_wconf 85' lang='lat' dir='ltr'>pertransiret.</span> <span class='ocrx_word' id='word_1_352' title='bbox 782 2106 862 2129; x_wconf 79' lang='lat' dir='ltr'>Cetera</span> <span class='ocrx_word' id='word_1_353' title='bbox 887 2107 924 2129; x_wconf 91' lang='lat' dir='ltr'>de-</span> 
     </span>
     <span class='ocr_line' id='line_1_42' title="bbox 81 2150 500 2180; baseline 0.005 -8"><span class='ocrx_word' id='word_1_354' title='bbox 81 2153 141 2173; x_wconf 83' lang='lat' dir='ltr'>sunt.</span> <span class='ocrx_word' id='word_1_355' title='bbox 157 2150 216 2173; x_wconf 84' lang='lat' dir='ltr'>Vide</span> <span class='ocrx_word' id='word_1_356' title='bbox 232 2151 286 2174; x_wconf 90' lang='lat' dir='ltr'>edit.</span> <span class='ocrx_word' id='word_1_357' title='bbox 303 2157 357 2180; x_wconf 86' lang='lat' dir='ltr'>pag.</span> <span class='ocrx_word' id='word_1_358' title='bbox 375 2151 419 2173; x_wconf 81' lang='lat'>556</span> <span class='ocrx_word' id='word_1_359' title='bbox 437 2158 461 2174; x_wconf 92' lang='lat' dir='ltr'>n.</span> <span class='ocrx_word' id='word_1_360' title='bbox 478 2152 500 2174; x_wconf 88' lang='lat'><strong>3.</strong></span> 
     </span>
    </p>

    <p class='ocr_par' dir='ltr' id='par_1_10' title="bbox 82 2197 924 2506">
     <span class='ocr_line' id='line_1_43' title="bbox 146 2197 924 2226; baseline 0 -5"><span class='ocrx_word' id='word_1_361' title='bbox 146 2199 182 2220; x_wconf 86' lang='lat' dir='ltr'>l8.</span> <span class='ocrx_word' id='word_1_362' title='bbox 199 2197 299 2226; x_wconf 80' lang='lat' dir='ltr'>Ibidem,</span> <span class='ocrx_word' id='word_1_363' title='bbox 319 2199 374 2221; x_wconf 75' lang='lat' dir='ltr'>mut.</span> <span class='ocrx_word' id='word_1_364' title='bbox 392 2199 476 2221; x_wconf 83' lang='lat' dir='ltr'><strong>XXXI.</strong></span> <span class='ocrx_word' id='word_1_365' title='bbox 494 2199 541 2221; x_wconf 83' lang='lat' dir='ltr'>Sin.</span> <span class='ocrx_word' id='word_1_366' title='bbox 558 2199 611 2221; x_wconf 91' lang='lat' dir='ltr'>cod.</span> <span class='ocrx_word' id='word_1_367' title='bbox 629 2199 651 2221; x_wconf 81' lang='lat'>5.</span> <span class='ocrx_word' id='word_1_368' title='bbox 668 2198 766 2221; x_wconf 90' lang='lat' dir='ltr'>membr.</span> <span class='ocrx_word' id='word_1_369' title='bbox 783 2199 807 2221; x_wconf 87' lang='lat' dir='ltr'>in</span> <span class='ocrx_word' id='word_1_370' title='bbox 825 2199 847 2221; x_wconf 95' lang='grc'>4.</span> <span class='ocrx_word' id='word_1_371' title='bbox 864 2205 924 2222; x_wconf 90' lang='lat' dir='ltr'>saec.</span> 
     </span>
     <span class='ocr_line' id='line_1_44' title="bbox 82 2244 923 2273; baseline 0.002 -6"><span class='ocrx_word' id='word_1_372' title='bbox 82 2244 143 2267; x_wconf 91' lang='lat' dir='ltr'><strong>XIV.</strong></span> <span class='ocrx_word' id='word_1_373' title='bbox 153 2256 184 2261; x_wconf 88' lang='lat'><strong>—</strong></span> <span class='ocrx_word' id='word_1_374' title='bbox 200 2245 309 2273; x_wconf 84' lang='lat' dir='ltr'>Legenda</span> <span class='ocrx_word' id='word_1_375' title='bbox 326 2245 405 2273; x_wconf 83' lang='lat' dir='ltr'>Incipit</span> <span class='ocrx_word' id='word_1_376' title='bbox 422 2246 460 2267; x_wconf 80' lang='lat' dir='ltr'>sol.</span> <span class='ocrx_word' id='word_1_377' title='bbox 478 2245 515 2268; x_wconf 76' lang='lat'>53.</span> <span class='ocrx_word' id='word_1_378' title='bbox 527 2251 553 2273; x_wconf 84' lang='lat' dir='ltr'>r.‚</span> <span class='ocrx_word' id='word_1_379' title='bbox 566 2245 694 2273; x_wconf 86' lang='lat' dir='ltr'>praemisso</span> <span class='ocrx_word' id='word_1_380' title='bbox 706 2248 805 2268; x_wconf 87' lang='lat' dir='ltr'>tantum:</span> <span class='ocrx_word' id='word_1_381' title='bbox 819 2246 894 2269; x_wconf 83' lang='lat' dir='ltr'>Lectio</span> <span class='ocrx_word' id='word_1_382' title='bbox 906 2247 923 2269; x_wconf 90' lang='lat' dir='ltr'>I.</span> 
     </span>
     <span class='ocr_line' id='line_1_45' title="bbox 85 2291 924 2321; baseline 0.002 -8"><span class='ocrx_word' id='word_1_383' title='bbox 85 2291 108 2314; x_wconf 95' lang='lat' dir='ltr'>ln</span> <span class='ocrx_word' id='word_1_384' title='bbox 124 2292 169 2313; x_wconf 80' lang='lat' dir='ltr'>siue</span> <span class='ocrx_word' id='word_1_385' title='bbox 186 2291 278 2314; x_wconf 88' lang='lat' dir='ltr'>additur</span> <span class='ocrx_word' id='word_1_386' title='bbox 295 2292 421 2320; x_wconf 82' lang='lat' dir='ltr'>capitulum</span> <span class='ocrx_word' id='word_1_387' title='bbox 439 2292 490 2314; x_wconf 91' lang='lat' dir='ltr'>XV.</span> <span class='ocrx_word' id='word_1_388' title='bbox 508 2292 631 2320; x_wconf 86' lang='lat' dir='ltr'>Legendae</span> <span class='ocrx_word' id='word_1_389' title='bbox 655 2292 748 2315; x_wconf 89' lang='lat' dir='ltr'>maioris</span> <span class='ocrx_word' id='word_1_390' title='bbox 765 2293 866 2315; x_wconf 75' lang='lat' dir='ltr'>dlvisum</span> <span class='ocrx_word' id='word_1_391' title='bbox 883 2299 924 2321; x_wconf 89' lang='lat' dir='ltr'>per</span> 
     </span>
     <span class='ocr_line' id='line_1_46' title="bbox 83 2337 924 2367; baseline 0.004 -8"><span class='ocrx_word' id='word_1_392' title='bbox 83 2337 97 2359; x_wconf 84' lang='lat'>9</span> <span class='ocrx_word' id='word_1_393' title='bbox 109 2337 227 2365; x_wconf 86' lang='lat' dir='ltr'>lectiones,</span> <span class='ocrx_word' id='word_1_394' title='bbox 240 2340 265 2360; x_wconf 91' lang='lat' dir='ltr'>ut</span> <span class='ocrx_word' id='word_1_395' title='bbox 276 2337 362 2360; x_wconf 85' lang='lat' dir='ltr'>habent</span> <span class='ocrx_word' id='word_1_396' title='bbox 373 2338 441 2360; x_wconf 81' lang='lat' dir='ltr'>etiam</span> <span class='ocrx_word' id='word_1_397' title='bbox 454 2338 489 2360; x_wconf 90' lang='lat' dir='ltr'>alii</span> <span class='ocrx_word' id='word_1_398' title='bbox 507 2338 599 2361; x_wconf 88' lang='lat' dir='ltr'>codices</span> <span class='ocrx_word' id='word_1_399' title='bbox 616 2345 687 2367; x_wconf 87' lang='lat' dir='ltr'>supra</span> <span class='ocrx_word' id='word_1_400' title='bbox 702 2339 772 2361; x_wconf 86' lang='lat' dir='ltr'>notati</span> <span class='ocrx_word' id='word_1_401' title='bbox 784 2346 806 2362; x_wconf 92' lang='lat' dir='ltr'>n.</span> <span class='ocrx_word' id='word_1_402' title='bbox 820 2339 840 2362; x_wconf 98' lang='lat'>4.</span> <span class='ocrx_word' id='word_1_403' title='bbox 853 2340 873 2362; x_wconf 84' lang='grc'>6.</span> <span class='ocrx_word' id='word_1_404' title='bbox 888 2340 924 2366; x_wconf 83' lang='grc'>40,</span> 
     </span>
     <span class='ocr_line' id='line_1_47' title="bbox 85 2384 924 2412; baseline 0.004 -6"><span class='ocrx_word' id='word_1_405' title='bbox 85 2384 121 2407; x_wconf 91' lang='lat' dir='ltr'>cui</span> <span class='ocrx_word' id='word_1_406' title='bbox 137 2385 289 2412; x_wconf 84' lang='lat' dir='ltr'>praemittitur</span> <span class='ocrx_word' id='word_1_407' title='bbox 307 2384 412 2407; x_wconf 83' lang='lat' dir='ltr'>rubrica:</span> <span class='ocrx_word' id='word_1_408' title='bbox 431 2385 457 2408; x_wconf 86' lang='lat' dir='ltr'>In</span> <span class='ocrx_word' id='word_1_409' title='bbox 474 2384 630 2408; x_wconf 83' lang='lat' dir='ltr'>translatione</span> <span class='ocrx_word' id='word_1_410' title='bbox 647 2385 725 2408; x_wconf 87' lang='lat' dir='ltr'>sancti</span> <span class='ocrx_word' id='word_1_411' title='bbox 735 2385 866 2409; x_wconf 77' lang='lat' dir='ltr'>Francisci.</span> <span class='ocrx_word' id='word_1_412' title='bbox 883 2386 924 2409; x_wconf 91' lang='lat' dir='ltr'>De-</span> 
     </span>
     <span class='ocr_line' id='line_1_48' title="bbox 82 2430 924 2456; baseline 0.004 -3"><span class='ocrx_word' id='word_1_413' title='bbox 82 2430 134 2454; x_wconf 87' lang='lat' dir='ltr'>sinit</span> <span class='ocrx_word' id='word_1_414' title='bbox 150 2431 188 2454; x_wconf 86' lang='lat' dir='ltr'>sol.</span> <span class='ocrx_word' id='word_1_415' title='bbox 204 2432 243 2454; x_wconf 90' lang='lat'>66.</span> <span class='ocrx_word' id='word_1_416' title='bbox 259 2438 281 2454; x_wconf 83' lang='lat' dir='ltr'>v.</span> <span class='ocrx_word' id='word_1_417' title='bbox 300 2434 324 2454; x_wconf 88' lang='lat' dir='ltr'>ut</span> <span class='ocrx_word' id='word_1_418' title='bbox 335 2432 358 2454; x_wconf 94' lang='lat' dir='ltr'>in</span> <span class='ocrx_word' id='word_1_419' title='bbox 376 2432 450 2454; x_wconf 89' lang='lat' dir='ltr'>editis.</span> <span class='ocrx_word' id='word_1_420' title='bbox 468 2432 500 2454; x_wconf 88' lang='lat' dir='ltr'>De</span> <span class='ocrx_word' id='word_1_421' title='bbox 517 2432 560 2454; x_wconf 90' lang='lat' dir='ltr'>hoc</span> <span class='ocrx_word' id='word_1_422' title='bbox 577 2432 656 2455; x_wconf 88' lang='lat' dir='ltr'>codice</span> <span class='ocrx_word' id='word_1_423' title='bbox 673 2433 741 2455; x_wconf 85' lang='lat' dir='ltr'>locuti</span> <span class='ocrx_word' id='word_1_424' title='bbox 758 2439 839 2455; x_wconf 89' lang='lat' dir='ltr'>sumus</span> <span class='ocrx_word' id='word_1_425' title='bbox 855 2433 924 2456; x_wconf 82' lang='lat' dir='ltr'>etiam</span> 
     </span>
     <span class='ocr_line' id='line_1_49' title="bbox 83 2477 474 2506; baseline 0.005 -7"><span class='ocrx_word' id='word_1_426' title='bbox 83 2477 105 2500; x_wconf 87' lang='lat' dir='ltr'>in</span> <span class='ocrx_word' id='word_1_427' title='bbox 121 2478 267 2506; x_wconf 84' lang='lat' dir='ltr'>praecedenti</span> <span class='ocrx_word' id='word_1_428' title='bbox 284 2480 379 2501; x_wconf 87' lang='lat' dir='ltr'>elencho</span> <span class='ocrx_word' id='word_1_429' title='bbox 396 2486 419 2501; x_wconf 91' lang='lat' dir='ltr'>n.</span> <span class='ocrx_word' id='word_1_430' title='bbox 436 2479 474 2501; x_wconf 88' lang='lat'>34.</span> 
     </span>
    </p>

    <p class='ocr_par' dir='ltr' id='par_1_11' title="bbox 82 2525 925 2784">
     <span class='ocr_line' id='line_1_50' title="bbox 146 2525 924 2554; baseline 0.003 -7"><span class='ocrx_word' id='word_1_431' title='bbox 146 2525 183 2548; x_wconf 88' lang='grc'>49.</span> <span class='ocrx_word' id='word_1_432' title='bbox 200 2525 318 2549; x_wconf 85' lang='lat' dir='ltr'>Foroiulii</span> <span class='ocrx_word' id='word_1_433' title='bbox 334 2526 356 2548; x_wconf 96' lang='lat' dir='ltr'>in</span> <span class='ocrx_word' id='word_1_434' title='bbox 373 2526 447 2553; x_wconf 89' lang='lat' dir='ltr'>Italia,</span> <span class='ocrx_word' id='word_1_435' title='bbox 473 2525 610 2549; x_wconf 91' lang='lat' dir='ltr'>bibliotheca</span> <span class='ocrx_word' id='word_1_436' title='bbox 632 2526 742 2554; x_wconf 82' lang='lat' dir='ltr'>Capituli,</span> <span class='ocrx_word' id='word_1_437' title='bbox 767 2527 820 2549; x_wconf 83' lang='lat' dir='ltr'>cod.</span> <span class='ocrx_word' id='word_1_438' title='bbox 846 2526 924 2550; x_wconf 85' lang='lat' dir='ltr'><strong>XCIV.</strong></span> 
     </span>
     <span class='ocr_line' id='line_1_51' title="bbox 85 2564 925 2601; baseline 0.004 -8"><span class='ocrx_word' id='word_1_439' title='bbox 85 2564 182 2594; x_wconf 80' lang='lat' dir='ltr'>membr.</span> <span class='ocrx_word' id='word_1_440' title='bbox 200 2572 221 2594; x_wconf 91' lang='lat' dir='ltr'>in</span> <span class='ocrx_word' id='word_1_441' title='bbox 239 2573 261 2595; x_wconf 88' lang='lat'>8.</span> <span class='ocrx_word' id='word_1_442' title='bbox 277 2578 338 2595; x_wconf 90' lang='lat' dir='ltr'>saec.</span> <span class='ocrx_word' id='word_1_443' title='bbox 355 2573 406 2595; x_wconf 95' lang='lat' dir='ltr'>XV.</span> <span class='ocrx_word' id='word_1_444' title='bbox 422 2585 454 2589; x_wconf 97' lang='lat'><strong>—</strong></span> <span class='ocrx_word' id='word_1_445' title='bbox 471 2574 508 2595; x_wconf 87' lang='lat' dir='ltr'>Est</span> <span class='ocrx_word' id='word_1_446' title='bbox 525 2573 667 2596; x_wconf 87' lang='lat' dir='ltr'>BreviarIum</span> <span class='ocrx_word' id='word_1_447' title='bbox 680 2576 702 2596; x_wconf 88' lang='lat' dir='ltr'>et</span> <span class='ocrx_word' id='word_1_448' title='bbox 718 2580 761 2601; x_wconf 87' lang='lat' dir='ltr'>pro</span> <span class='ocrx_word' id='word_1_449' title='bbox 773 2573 810 2596; x_wconf 84' lang='lat' dir='ltr'>die</span> <span class='ocrx_word' id='word_1_450' title='bbox 827 2573 848 2596; x_wconf 86' lang='lat'>4.</span> <span class='ocrx_word' id='word_1_451' title='bbox 860 2574 925 2596; x_wconf 88' lang='lat' dir='ltr'>Octo-</span> 
     </span>
     <span class='ocr_line' id='line_1_52' title="bbox 86 2616 924 2649; baseline 0.004 -9"><span class='ocrx_word' id='word_1_452' title='bbox 86 2616 133 2640; x_wconf 82' lang='lat' dir='ltr'>bris</span> <span class='ocrx_word' id='word_1_453' title='bbox 149 2618 231 2646; x_wconf 84' lang='lat' dir='ltr'>legitur</span> <span class='ocrx_word' id='word_1_454' title='bbox 248 2625 348 2647; x_wconf 86' lang='lat' dir='ltr'>sequens</span> <span class='ocrx_word' id='word_1_455' title='bbox 365 2619 469 2642; x_wconf 82' lang='lat' dir='ltr'>rubrica:</span> <span class='ocrx_word' id='word_1_456' title='bbox 486 2620 514 2642; x_wconf 85' lang='lat' dir='ltr'>In</span> <span class='ocrx_word' id='word_1_457' title='bbox 537 2619 616 2643; x_wconf 81' lang='lat' dir='ltr'>sancti</span> <span class='ocrx_word' id='word_1_458' title='bbox 635 2619 761 2643; x_wconf 80' lang='lat' dir='ltr'>Franciscz‘</span> <span class='ocrx_word' id='word_1_459' title='bbox 783 2619 924 2649; x_wconf 82' lang='lat' dir='ltr'>confessoris</span> 
     </span>
     <span class='ocr_line' id='line_1_53' title="bbox 82 2663 925 2696; baseline 0.004 -9"><span class='ocrx_word' id='word_1_460' title='bbox 82 2665 106 2687; x_wconf 86' lang='lat' dir='ltr'>et</span> <span class='ocrx_word' id='word_1_461' title='bbox 120 2663 214 2688; x_wconf 82' lang='lat' dir='ltr'>diaconi</span> <span class='ocrx_word' id='word_1_462' title='bbox 231 2664 327 2688; x_wconf 83' lang='lat' dir='ltr'>Ordinis</span> <span class='ocrx_word' id='word_1_463' title='bbox 345 2665 468 2689; x_wconf 87' lang='lat' dir='ltr'>Minorum</span> <span class='ocrx_word' id='word_1_464' title='bbox 490 2665 589 2696; x_wconf 81' lang='lat' dir='ltr'>primi...</span> <span class='ocrx_word' id='word_1_465' title='bbox 607 2666 682 2690; x_wconf 79' lang='lat' dir='ltr'>Lectio</span> <span class='ocrx_word' id='word_1_466' title='bbox 701 2667 717 2689; x_wconf 95' lang='lat' dir='ltr'>I.</span> <span class='ocrx_word' id='word_1_467' title='bbox 736 2666 856 2696; x_wconf 88' lang='lat' dir='ltr'>Apparuit</span> <span class='ocrx_word' id='word_1_468' title='bbox 871 2673 925 2696; x_wconf 73' lang='lat' dir='ltr'>yra-</span> 
     </span>
     <span class='ocr_line' id='line_1_54' title="bbox 84 2709 925 2741; baseline 0.002 -8"><span class='ocrx_word' id='word_1_469' title='bbox 84 2709 118 2733; x_wconf 78' lang='lat' dir='ltr'>tia</span> <span class='ocrx_word' id='word_1_470' title='bbox 134 2713 176 2734; x_wconf 92' lang='lat' dir='ltr'>etc.</span> <span class='ocrx_word' id='word_1_471' title='bbox 193 2712 250 2734; x_wconf 83' lang='lat' dir='ltr'>Sunt</span> <span class='ocrx_word' id='word_1_472' title='bbox 266 2714 353 2734; x_wconf 86' lang='lat' dir='ltr'>tantum</span> <span class='ocrx_word' id='word_1_473' title='bbox 371 2718 457 2735; x_wconf 80' lang='lat' dir='ltr'>novem</span> <span class='ocrx_word' id='word_1_474' title='bbox 474 2713 582 2736; x_wconf 86' lang='lat' dir='ltr'>lectiones</span> <span class='ocrx_word' id='word_1_475' title='bbox 599 2719 641 2741; x_wconf 88' lang='lat' dir='ltr'>pro</span> <span class='ocrx_word' id='word_1_476' title='bbox 659 2713 697 2735; x_wconf 84' lang='lat' dir='ltr'>dic</span> <span class='ocrx_word' id='word_1_477' title='bbox 714 2713 763 2735; x_wconf 80' lang='lat' dir='ltr'>sesti</span> <span class='ocrx_word' id='word_1_478' title='bbox 781 2719 807 2736; x_wconf 85' lang='lat' dir='ltr'>ex</span> <span class='ocrx_word' id='word_1_479' title='bbox 825 2714 868 2736; x_wconf 87' lang='lat' dir='ltr'>hac</span> <span class='ocrx_word' id='word_1_480' title='bbox 884 2714 925 2735; x_wconf 89' lang='lat' dir='ltr'>Le-</span> 
     </span>
     <span class='ocr_line' id='line_1_55' title="bbox 85 2757 317 2784; baseline 0.009 -5"><span class='ocrx_word' id='word_1_481' title='bbox 85 2757 159 2784; x_wconf 83' lang='lat' dir='ltr'>genda</span> <span class='ocrx_word' id='word_1_482' title='bbox 176 2759 317 2781; x_wconf 79' lang='lat' dir='ltr'>efformatae.</span> 
     </span>
    </p>

    <p class='ocr_par' dir='ltr' id='par_1_12' title="bbox 84 2803 925 2972">
     <span class='ocr_line' id='line_1_56' title="bbox 146 2803 925 2833; baseline 0.003 -7"><span class='ocrx_word' id='word_1_483' title='bbox 146 2804 183 2826; x_wconf 91' lang='grc'>20.</span> <span class='ocrx_word' id='word_1_484' title='bbox 201 2803 300 2833; x_wconf 84' lang='lat' dir='ltr'>Ibidem,</span> <span class='ocrx_word' id='word_1_485' title='bbox 317 2805 370 2828; x_wconf 90' lang='lat' dir='ltr'>cod.</span> <span class='ocrx_word' id='word_1_486' title='bbox 394 2805 450 2828; x_wconf 91' lang='lat' dir='ltr'><strong>CVI.</strong></span> <span class='ocrx_word' id='word_1_487' title='bbox 473 2805 571 2828; x_wconf 90' lang='lat' dir='ltr'>membr.</span> <span class='ocrx_word' id='word_1_488' title='bbox 589 2805 613 2828; x_wconf 91' lang='lat' dir='ltr'>in</span> <span class='ocrx_word' id='word_1_489' title='bbox 638 2807 660 2828; x_wconf 84' lang='lat'>8.</span> <span class='ocrx_word' id='word_1_490' title='bbox 685 2811 746 2828; x_wconf 89' lang='lat' dir='ltr'>saec.</span> <span class='ocrx_word' id='word_1_491' title='bbox 763 2806 823 2828; x_wconf 85' lang='lat' dir='ltr'><strong>XIV.</strong></span> <span class='ocrx_word' id='word_1_492' title='bbox 839 2818 870 2823; x_wconf 94' lang='lat'><strong>—</strong></span> <span class='ocrx_word' id='word_1_493' title='bbox 887 2806 925 2828; x_wconf 89' lang='lat' dir='ltr'>Est</span> 
     </span>
     <span class='ocr_line' id='line_1_57' title="bbox 84 2849 924 2881; baseline 0.005 -9"><span class='ocrx_word' id='word_1_494' title='bbox 84 2849 225 2874; x_wconf 75' lang='lat' dir='ltr'>Breviarittm</span> <span class='ocrx_word' id='word_1_495' title='bbox 243 2854 268 2874; x_wconf 90' lang='lat' dir='ltr'>ut</span> <span class='ocrx_word' id='word_1_496' title='bbox 284 2852 434 2880; x_wconf 79' lang='lat' dir='ltr'>praecedens.</span> <span class='ocrx_word' id='word_1_497' title='bbox 451 2853 493 2875; x_wconf 82' lang='lat' dir='ltr'>Pro</span> <span class='ocrx_word' id='word_1_498' title='bbox 511 2853 549 2876; x_wconf 87' lang='lat' dir='ltr'>die</span> <span class='ocrx_word' id='word_1_499' title='bbox 566 2853 588 2875; x_wconf 91' lang='grc'>4.</span> <span class='ocrx_word' id='word_1_500' title='bbox 599 2853 704 2876; x_wconf 85' lang='lat' dir='ltr'>Octobris</span> <span class='ocrx_word' id='word_1_501' title='bbox 721 2856 743 2876; x_wconf 92' lang='lat' dir='ltr'>et</span> <span class='ocrx_word' id='word_1_502' title='bbox 759 2859 800 2881; x_wconf 89' lang='lat' dir='ltr'>per</span> <span class='ocrx_word' id='word_1_503' title='bbox 813 2853 924 2876; x_wconf 87' lang='lat' dir='ltr'>Octavam</span> 
     </span>
     <span class='ocr_line' id='line_1_58' title="bbox 84 2896 924 2927; baseline 0.005 -8"><span class='ocrx_word' id='word_1_504' title='bbox 84 2896 190 2925; x_wconf 84' lang='lat' dir='ltr'>Legenda</span> <span class='ocrx_word' id='word_1_505' title='bbox 208 2898 317 2926; x_wconf 84' lang='lat' dir='ltr'>disposita</span> <span class='ocrx_word' id='word_1_506' title='bbox 335 2901 380 2926; x_wconf 86' lang='lat' dir='ltr'>est;</span> <span class='ocrx_word' id='word_1_507' title='bbox 398 2899 476 2927; x_wconf 86' lang='lat' dir='ltr'>incipit</span> <span class='ocrx_word' id='word_1_508' title='bbox 493 2905 505 2922; x_wconf 86' lang='lat' dir='ltr'>a</span> <span class='ocrx_word' id='word_1_509' title='bbox 523 2899 618 2922; x_wconf 88' lang='lat' dir='ltr'>lectione</span> <span class='ocrx_word' id='word_1_510' title='bbox 635 2899 750 2923; x_wconf 83' lang='lat' dir='ltr'>secunda:</span> <span class='ocrx_word' id='word_1_511' title='bbox 767 2901 847 2923; x_wconf 82' lang='lat' dir='ltr'>Inerat</span> <span class='ocrx_word' id='word_1_512' title='bbox 857 2906 924 2923; x_wconf 85' lang='lat' dir='ltr'>nam-</span> 
     </span>
     <span class='ocr_line' id='line_1_59' title="bbox 84 2943 924 2972; baseline 0.005 -6"><span class='ocrx_word' id='word_1_513' title='bbox 84 2948 128 2972; x_wconf 73' lang='lat' dir='ltr'>que</span> <span class='ocrx_word' id='word_1_514' title='bbox 143 2943 234 2967; x_wconf 80' lang='lat' dir='ltr'>iuvenis</span> <span class='ocrx_word' id='word_1_515' title='bbox 251 2944 376 2969; x_wconf 83' lang='lat' dir='ltr'>Fraucisci</span> <span class='ocrx_word' id='word_1_516' title='bbox 401 2948 444 2968; x_wconf 92' lang='lat' dir='ltr'>etc.</span> <span class='ocrx_word' id='word_1_517' title='bbox 467 2946 589 2969; x_wconf 78' lang='lat' dir='ltr'>Adduntur</span> <span class='ocrx_word' id='word_1_518' title='bbox 611 2947 679 2969; x_wconf 88' lang='lat' dir='ltr'>etiam</span> <span class='ocrx_word' id='word_1_519' title='bbox 702 2946 810 2970; x_wconf 85' lang='lat' dir='ltr'>lectiones</span> <span class='ocrx_word' id='word_1_520' title='bbox 827 2947 850 2969; x_wconf 91' lang='lat' dir='ltr'>in</span> <span class='ocrx_word' id='word_1_521' title='bbox 868 2948 924 2970; x_wconf 85' lang='lat' dir='ltr'>sesto</span> 
     </span>
    </p>
   </div>
   <div class='ocr_carea' id='block_1_3' title="bbox 950 296 956 2048">
    <p class='ocr_par' dir='ltr' id='par_1_13' title="bbox 950 296 956 2048">
     <span class='ocr_line' id='line_1_60' title="bbox 950 296 956 2048; baseline 0 0"><span class='ocrx_word' id='word_1_522' title='bbox 950 296 956 2048; x_wconf 95' lang='lat' dir='ltr'> </span> 
     </span>
    </p>
   </div>
   <div class='ocr_carea' id='block_1_4' title="bbox 950 2273 955 2972">
    <p class='ocr_par' dir='ltr' id='par_1_14' title="bbox 950 2273 955 2972">
     <span class='ocr_line' id='line_1_61' title="bbox 950 2273 955 2972; baseline 0 0"><span class='ocrx_word' id='word_1_523' title='bbox 950 2273 955 2972; x_wconf 95' lang='lat' dir='ltr'> </span> 
     </span>
    </p>
   </div>
   <div class='ocr_carea' id='block_1_5' title="bbox 1744 210 1820 239">
    <p class='ocr_par' dir='ltr' id='par_1_15' title="bbox 1744 210 1820 239">
     <span class='ocr_line' id='line_1_62' title="bbox 1744 210 1820 239; baseline 0.013 -1"><span class='ocrx_word' id='word_1_524' title='bbox 1744 210 1820 239; x_wconf 83' lang='lat' dir='ltr'><strong>XCIII</strong></span> 
     </span>
    </p>
   </div>
   <div class='ocr_carea' id='block_1_6' title="bbox 976 285 1823 2980">
    <p class='ocr_par' dir='ltr' id='par_1_16' title="bbox 979 285 1819 408">
     <span class='ocr_line' id='line_1_63' title="bbox 980 285 1818 315; baseline 0.002 -8"><span class='ocrx_word' id='word_1_525' title='bbox 980 285 1142 308; x_wconf 84' lang='lat' dir='ltr'>Translationis</span> <span class='ocrx_word' id='word_1_526' title='bbox 1164 292 1191 309; x_wconf 89' lang='lat' dir='ltr'>ex</span> <span class='ocrx_word' id='word_1_527' title='bbox 1215 292 1267 314; x_wconf 85' lang='lat' dir='ltr'>cap.</span> <span class='ocrx_word' id='word_1_528' title='bbox 1291 287 1342 309; x_wconf 89' lang='lat' dir='ltr'>XV.</span> <span class='ocrx_word' id='word_1_529' title='bbox 1360 287 1481 315; x_wconf 84' lang='lat' dir='ltr'>Legendae</span> <span class='ocrx_word' id='word_1_530' title='bbox 1506 287 1606 310; x_wconf 86' lang='lat' dir='ltr'>maioris.</span> <span class='ocrx_word' id='word_1_531' title='bbox 1623 287 1709 310; x_wconf 88' lang='lat' dir='ltr'>Desinit</span> <span class='ocrx_word' id='word_1_532' title='bbox 1725 287 1818 309; x_wconf 76' lang='lat' dir='ltr'>verbis:</span> 
     </span>
     <span class='ocr_line' id='line_1_64' title="bbox 979 331 1819 363; baseline 0.004 -10"><span class='ocrx_word' id='word_1_533' title='bbox 979 331 1155 362; x_wconf 74' lang='lat' dir='ltr'>maqnificentia</span> <span class='ocrx_word' id='word_1_534' title='bbox 1178 332 1274 356; x_wconf 81' lang='lat' dir='ltr'>virtutis</span> <span class='ocrx_word' id='word_1_535' title='bbox 1299 332 1427 362; x_wconf 85' lang='lat' dir='ltr'>Altissimi,</span> <span class='ocrx_word' id='word_1_536' title='bbox 1444 333 1483 357; x_wconf 90' lang='lat' dir='ltr'>cui</span> <span class='ocrx_word' id='word_1_537' title='bbox 1502 335 1536 357; x_wconf 83' lang='lat' dir='ltr'>est</span> <span class='ocrx_word' id='word_1_538' title='bbox 1552 333 1628 357; x_wconf 83' lang='lat' dir='ltr'>honor</span> <span class='ocrx_word' id='word_1_539' title='bbox 1645 334 1666 357; x_wconf 88' lang='lat' dir='ltr'>et</span> <span class='ocrx_word' id='word_1_540' title='bbox 1682 333 1761 363; x_wconf 66' lang='lat' dir='ltr'>gloria</span> <span class='ocrx_word' id='word_1_541' title='bbox 1775 339 1819 363; x_wconf 87' lang='lat' dir='ltr'>per</span> 
     </span>
     <span class='ocr_line' id='line_1_65' title="bbox 979 377 1429 408; baseline 0.004 -7"><span class='ocrx_word' id='word_1_542' title='bbox 979 377 1072 408; x_wconf 75' lang='lat' dir='ltr'>infinita</span> <span class='ocrx_word' id='word_1_543' title='bbox 1089 378 1169 402; x_wconf 81' lang='lat' dir='ltr'>secula</span> <span class='ocrx_word' id='word_1_544' title='bbox 1185 379 1328 403; x_wconf 82' lang='lat' dir='ltr'>seculorum.</span> <span class='ocrx_word' id='word_1_545' title='bbox 1346 381 1429 403; x_wconf 87' lang='lat' dir='ltr'>Amen.</span> 
     </span>
    </p>

    <p class='ocr_par' dir='ltr' id='par_1_17' title="bbox 978 425 1820 778">
     <span class='ocr_line' id='line_1_66' title="bbox 1042 425 1819 454; baseline 0.001 -7"><span class='ocrx_word' id='word_1_546' title='bbox 1042 425 1079 447; x_wconf 87' lang='grc'>24.</span> <span class='ocrx_word' id='word_1_547' title='bbox 1098 425 1208 449; x_wconf 85' lang='lat' dir='ltr'>Gandavi</span> <span class='ocrx_word' id='word_1_548' title='bbox 1228 426 1252 448; x_wconf 89' lang='lat' dir='ltr'>in</span> <span class='ocrx_word' id='word_1_549' title='bbox 1276 426 1366 454; x_wconf 81' lang='lat' dir='ltr'>Belgio,</span> <span class='ocrx_word' id='word_1_550' title='bbox 1389 425 1527 449; x_wconf 85' lang='lat' dir='ltr'>bibliotheca</span> <span class='ocrx_word' id='word_1_551' title='bbox 1552 426 1666 454; x_wconf 84' lang='lat' dir='ltr'>Civitatis,</span> <span class='ocrx_word' id='word_1_552' title='bbox 1688 425 1740 449; x_wconf 94' lang='lat' dir='ltr'>cod.</span> <span class='ocrx_word' id='word_1_553' title='bbox 1766 426 1819 448; x_wconf 80' lang='grc'>532.</span> 
     </span>
     <span class='ocr_line' id='line_1_67' title="bbox 980 471 1820 502; baseline 0.002 -9"><span class='ocrx_word' id='word_1_554' title='bbox 980 471 1034 493; x_wconf 91' lang='grc'>226.</span> <span class='ocrx_word' id='word_1_555' title='bbox 1051 471 1149 494; x_wconf 87' lang='lat' dir='ltr'>membr.</span> <span class='ocrx_word' id='word_1_556' title='bbox 1167 473 1189 495; x_wconf 92' lang='lat' dir='ltr'>in</span> <span class='ocrx_word' id='word_1_557' title='bbox 1207 473 1228 495; x_wconf 89' lang='grc'>4.</span> <span class='ocrx_word' id='word_1_558' title='bbox 1245 479 1304 495; x_wconf 87' lang='lat' dir='ltr'>saec.</span> <span class='ocrx_word' id='word_1_559' title='bbox 1322 473 1379 496; x_wconf 85' lang='lat' dir='ltr'><strong>XIII.</strong></span> <span class='ocrx_word' id='word_1_560' title='bbox 1396 473 1509 502; x_wconf 84' lang='lat' dir='ltr'>exeuntis,</span> <span class='ocrx_word' id='word_1_561' title='bbox 1531 473 1561 496; x_wconf 83' lang='lat' dir='ltr'>de</span> <span class='ocrx_word' id='word_1_562' title='bbox 1577 479 1624 502; x_wconf 86' lang='lat' dir='ltr'>quo</span> <span class='ocrx_word' id='word_1_563' title='bbox 1641 479 1712 501; x_wconf 86' lang='lat' dir='ltr'>supra</span> <span class='ocrx_word' id='word_1_564' title='bbox 1728 473 1820 501; x_wconf 86' lang='lat' dir='ltr'>egimus</span> 
     </span>
     <span class='ocr_line' id='line_1_68' title="bbox 979 518 1819 546; baseline 0.002 -6"><span class='ocrx_word' id='word_1_565' title='bbox 979 524 1033 546; x_wconf 85' lang='lat' dir='ltr'>pag.</span> <span class='ocrx_word' id='word_1_566' title='bbox 1050 518 1092 540; x_wconf 89' lang='lat' dir='ltr'>XV</span> <span class='ocrx_word' id='word_1_567' title='bbox 1110 524 1133 541; x_wconf 91' lang='lat' dir='ltr'>n.</span> <span class='ocrx_word' id='word_1_568' title='bbox 1149 519 1188 541; x_wconf 84' lang='lat'>79.</span> <span class='ocrx_word' id='word_1_569' title='bbox 1205 531 1237 536; x_wconf 91' lang='lat'>—-</span> <span class='ocrx_word' id='word_1_570' title='bbox 1254 519 1355 542; x_wconf 85' lang='lat' dir='ltr'>Rubrica</span> <span class='ocrx_word' id='word_1_571' title='bbox 1373 519 1441 542; x_wconf 88' lang='lat' dir='ltr'>huius</span> <span class='ocrx_word' id='word_1_572' title='bbox 1461 522 1496 542; x_wconf 85' lang='lat' dir='ltr'>est</span> <span class='ocrx_word' id='word_1_573' title='bbox 1520 520 1557 542; x_wconf 84' lang='lat' dir='ltr'>fol.</span> <span class='ocrx_word' id='word_1_574' title='bbox 1574 520 1628 542; x_wconf 84' lang='grc'>292.</span> <span class='ocrx_word' id='word_1_575' title='bbox 1642 526 1661 542; x_wconf 91' lang='lat' dir='ltr'>r.</span> <span class='ocrx_word' id='word_1_576' title='bbox 1684 520 1718 542; x_wconf 89' lang='lat' dir='ltr'>his</span> <span class='ocrx_word' id='word_1_577' title='bbox 1742 519 1819 542; x_wconf 82' lang='lat' dir='ltr'>verbis</span> 
     </span>
     <span class='ocr_line' id='line_1_69' title="bbox 979 564 1819 595; baseline 0.002 -9"><span class='ocrx_word' id='word_1_578' title='bbox 979 570 1100 592; x_wconf 83' lang='lat' dir='ltr'>expressa:</span> <span class='ocrx_word' id='word_1_579' title='bbox 1117 564 1200 594; x_wconf 82' lang='lat' dir='ltr'>Incipit</span> <span class='ocrx_word' id='word_1_580' title='bbox 1216 565 1296 589; x_wconf 81' lang='lat' dir='ltr'>minor</span> <span class='ocrx_word' id='word_1_581' title='bbox 1311 565 1410 595; x_wconf 63' lang='lat' dir='ltr'>legenda</span> <span class='ocrx_word' id='word_1_582' title='bbox 1435 565 1496 589; x_wconf 87' lang='lat' dir='ltr'>beati</span> <span class='ocrx_word' id='word_1_583' title='bbox 1518 565 1650 589; x_wconf 84' lang='lat' dir='ltr'>Francisci.</span> <span class='ocrx_word' id='word_1_584' title='bbox 1676 566 1763 589; x_wconf 86' lang='lat' dir='ltr'>Desinit</span> <span class='ocrx_word' id='word_1_585' title='bbox 1781 567 1819 589; x_wconf 82' lang='lat' dir='ltr'>rol.</span> 
     </span>
     <span class='ocr_line' id='line_1_70' title="bbox 979 610 1820 640; baseline 0.002 -8"><span class='ocrx_word' id='word_1_586' title='bbox 979 610 1033 632; x_wconf 84' lang='grc'>302.</span> <span class='ocrx_word' id='word_1_587' title='bbox 1051 616 1072 632; x_wconf 82' lang='lat' dir='ltr'>v.</span> <span class='ocrx_word' id='word_1_588' title='bbox 1090 616 1143 633; x_wconf 91' lang='lat' dir='ltr'>cum</span> <span class='ocrx_word' id='word_1_589' title='bbox 1161 611 1258 633; x_wconf 81' lang='lat' dir='ltr'>lectione</span> <span class='ocrx_word' id='word_1_590' title='bbox 1275 612 1296 633; x_wconf 88' lang='grc'>8.</span> <span class='ocrx_word' id='word_1_591' title='bbox 1314 611 1336 634; x_wconf 92' lang='lat' dir='ltr'>in</span> <span class='ocrx_word' id='word_1_592' title='bbox 1355 613 1412 634; x_wconf 86' lang='lat' dir='ltr'>sesto</span> <span class='ocrx_word' id='word_1_593' title='bbox 1426 611 1601 640; x_wconf 81' lang='lat' dir='ltr'>Translationis‚</span> <span class='ocrx_word' id='word_1_594' title='bbox 1613 618 1639 635; x_wconf 80' lang='lat' dir='ltr'>ex</span> <span class='ocrx_word' id='word_1_595' title='bbox 1651 617 1703 640; x_wconf 88' lang='lat' dir='ltr'>cap.</span> <span class='ocrx_word' id='word_1_596' title='bbox 1716 612 1768 635; x_wconf 90' lang='lat' dir='ltr'>XV.</span> <span class='ocrx_word' id='word_1_597' title='bbox 1779 612 1820 634; x_wconf 92' lang='lat' dir='ltr'>Le-</span> 
     </span>
     <span class='ocr_line' id='line_1_71' title="bbox 979 657 1818 689; baseline 0.002 -10"><span class='ocrx_word' id='word_1_598' title='bbox 979 657 1069 684; x_wconf 85' lang='lat' dir='ltr'>gendae</span> <span class='ocrx_word' id='word_1_599' title='bbox 1091 657 1184 680; x_wconf 86' lang='lat' dir='ltr'>maioris</span> <span class='ocrx_word' id='word_1_600' title='bbox 1201 664 1223 680; x_wconf 91' lang='lat' dir='ltr'>n.</span> <span class='ocrx_word' id='word_1_601' title='bbox 1240 658 1269 680; x_wconf 86' lang='lat'>8:</span> <span class='ocrx_word' id='word_1_602' title='bbox 1295 659 1321 680; x_wconf 85' lang='lat' dir='ltr'>ut</span> <span class='ocrx_word' id='word_1_603' title='bbox 1345 664 1388 688; x_wconf 83' lang='lat' dir='ltr'>per</span> <span class='ocrx_word' id='word_1_604' title='bbox 1413 658 1510 681; x_wconf 84' lang='lat' dir='ltr'>odorem</span> <span class='ocrx_word' id='word_1_605' title='bbox 1534 657 1608 688; x_wconf 74' lang='lat' dir='ltr'>ipsius</span> <span class='ocrx_word' id='word_1_606' title='bbox 1632 658 1765 689; x_wconf 75' lang='lat' dir='ltr'>salvificum</span> <span class='ocrx_word' id='word_1_607' title='bbox 1786 658 1818 688; x_wconf 79' lang='lat' dir='ltr'>as-</span> 
     </span>
     <span class='ocr_line' id='line_1_72' title="bbox 978 702 1819 734; baseline 0.004 -9"><span class='ocrx_word' id='word_1_608' title='bbox 978 702 1052 732; x_wconf 82' lang='lat' dir='ltr'>fectus</span> <span class='ocrx_word' id='word_1_609' title='bbox 1070 702 1205 726; x_wconf 78' lang='lat' dir='ltr'>traheretur</span> <span class='ocrx_word' id='word_1_610' title='bbox 1222 703 1327 733; x_wconf 82' lang='lat' dir='ltr'>fidelium</span> <span class='ocrx_word' id='word_1_611' title='bbox 1343 703 1375 727; x_wconf 88' lang='lat' dir='ltr'>ad</span> <span class='ocrx_word' id='word_1_612' title='bbox 1392 703 1539 727; x_wconf 84' lang='lat' dir='ltr'>currendum</span> <span class='ocrx_word' id='word_1_613' title='bbox 1552 706 1608 733; x_wconf 87' lang='lat' dir='ltr'>post</span> <span class='ocrx_word' id='word_1_614' title='bbox 1618 705 1701 728; x_wconf 84' lang='lat' dir='ltr'>Xtum.</span> <span class='ocrx_word' id='word_1_615' title='bbox 1714 704 1819 734; x_wconf 64' lang='lat' dir='ltr'>Explicit</span> 
     </span>
     <span class='ocr_line' id='line_1_73' title="bbox 979 748 1299 778; baseline 0.003 -6"><span class='ocrx_word' id='word_1_616' title='bbox 979 748 1077 778; x_wconf 72' lang='lat' dir='ltr'>leyenda</span> <span class='ocrx_word' id='word_1_617' title='bbox 1093 749 1154 773; x_wconf 86' lang='lat' dir='ltr'>beati</span> <span class='ocrx_word' id='word_1_618' title='bbox 1169 750 1299 773; x_wconf 85' lang='lat' dir='ltr'>Francisci.</span> 
     </span>
    </p>

    <p class='ocr_par' dir='ltr' id='par_1_18' title="bbox 976 796 1819 1055">
     <span class='ocr_line' id='line_1_74' title="bbox 1042 796 1819 825; baseline 0.003 -7"><span class='ocrx_word' id='word_1_619' title='bbox 1042 797 1080 818; x_wconf 84' lang='lat'>22.</span> <span class='ocrx_word' id='word_1_620' title='bbox 1097 796 1263 824; x_wconf 84' lang='lat' dir='ltr'>Hannoverae,</span> <span class='ocrx_word' id='word_1_621' title='bbox 1284 796 1422 820; x_wconf 86' lang='lat' dir='ltr'>bibliotheca</span> <span class='ocrx_word' id='word_1_622' title='bbox 1440 797 1545 825; x_wconf 82' lang='lat' dir='ltr'>Publica,</span> <span class='ocrx_word' id='word_1_623' title='bbox 1562 798 1615 820; x_wconf 89' lang='lat' dir='ltr'>cod.</span> <span class='ocrx_word' id='word_1_624' title='bbox 1638 798 1690 820; x_wconf 81' lang='grc'>488.</span> <span class='ocrx_word' id='word_1_625' title='bbox 1706 799 1779 821; x_wconf 81' lang='lat' dir='ltr'>chart.</span> <span class='ocrx_word' id='word_1_626' title='bbox 1796 798 1819 820; x_wconf 91' lang='lat' dir='ltr'>in</span> 
     </span>
     <span class='ocr_line' id='line_1_75' title="bbox 981 843 1819 873; baseline 0.002 -8"><span class='ocrx_word' id='word_1_627' title='bbox 981 843 1017 865; x_wconf 84' lang='lat' dir='ltr'>sol.</span> <span class='ocrx_word' id='word_1_628' title='bbox 1035 849 1096 866; x_wconf 88' lang='lat' dir='ltr'>saec.</span> <span class='ocrx_word' id='word_1_629' title='bbox 1114 843 1164 866; x_wconf 87' lang='lat' dir='ltr'>XV.</span> <span class='ocrx_word' id='word_1_630' title='bbox 1187 846 1240 871; x_wconf 84' lang='lat' dir='ltr'>post</span> <span class='ocrx_word' id='word_1_631' title='bbox 1264 844 1375 867; x_wconf 88' lang='lat' dir='ltr'>medium.</span> <span class='ocrx_word' id='word_1_632' title='bbox 1391 857 1422 860; x_wconf 74' lang='lat'><em>—</em></span> <span class='ocrx_word' id='word_1_633' title='bbox 1440 845 1547 873; x_wconf 83' lang='lat' dir='ltr'>Legenda</span> <span class='ocrx_word' id='word_1_634' title='bbox 1564 847 1598 867; x_wconf 89' lang='lat' dir='ltr'>est</span> <span class='ocrx_word' id='word_1_635' title='bbox 1615 845 1651 867; x_wconf 79' lang='lat' dir='ltr'>sol.</span> <span class='ocrx_word' id='word_1_636' title='bbox 1678 845 1700 867; x_wconf 90' lang='grc'>4.</span> <span class='ocrx_word' id='word_1_637' title='bbox 1724 851 1742 867; x_wconf 92' lang='lat' dir='ltr'>r.</span> <span class='ocrx_word' id='word_1_638' title='bbox 1765 851 1819 867; x_wconf 88' lang='lat' dir='ltr'>cum</span> 
     </span>
     <span class='ocr_line' id='line_1_76' title="bbox 979 889 1819 920; baseline 0.002 -8"><span class='ocrx_word' id='word_1_639' title='bbox 979 889 1084 912; x_wconf 85' lang='lat' dir='ltr'>rubrica:</span> <span class='ocrx_word' id='word_1_640' title='bbox 1109 889 1193 919; x_wconf 86' lang='lat' dir='ltr'>Incipit</span> <span class='ocrx_word' id='word_1_641' title='bbox 1214 890 1262 913; x_wconf 83' lang='lat' dir='ltr'>vita</span> <span class='ocrx_word' id='word_1_642' title='bbox 1287 890 1366 914; x_wconf 84' lang='lat' dir='ltr'>minor</span> <span class='ocrx_word' id='word_1_643' title='bbox 1392 890 1452 914; x_wconf 85' lang='lat' dir='ltr'>beati</span> <span class='ocrx_word' id='word_1_644' title='bbox 1472 890 1596 914; x_wconf 84' lang='lat' dir='ltr'>Francisci</span> <span class='ocrx_word' id='word_1_645' title='bbox 1619 891 1773 920; x_wconf 80' lang='lat' dir='ltr'>confessoris,</span> <span class='ocrx_word' id='word_1_646' title='bbox 1798 893 1819 914; x_wconf 90' lang='lat' dir='ltr'>et</span> 
     </span>
     <span class='ocr_line' id='line_1_77' title="bbox 976 937 1818 968; baseline 0.001 -8"><span class='ocrx_word' id='word_1_647' title='bbox 976 937 1057 967; x_wconf 85' lang='lat' dir='ltr'>primo</span> <span class='ocrx_word' id='word_1_648' title='bbox 1075 937 1102 960; x_wconf 85' lang='lat' dir='ltr'>de</span> <span class='ocrx_word' id='word_1_649' title='bbox 1119 938 1269 961; x_wconf 80' lang='lat' dir='ltr'>conversione</span> <span class='ocrx_word' id='word_1_650' title='bbox 1285 938 1335 962; x_wconf 82' lang='lat' dir='ltr'>eius</span> <span class='ocrx_word' id='word_1_651' title='bbox 1353 938 1463 962; x_wconf 86' lang='lat' dir='ltr'>mirabili.</span> <span class='ocrx_word' id='word_1_652' title='bbox 1480 938 1600 968; x_wconf 85' lang='lat' dir='ltr'>Apparuit</span> <span class='ocrx_word' id='word_1_653' title='bbox 1615 941 1657 961; x_wconf 88' lang='lat' dir='ltr'>etc.</span> <span class='ocrx_word' id='word_1_654' title='bbox 1675 938 1761 961; x_wconf 85' lang='lat' dir='ltr'>Desinit</span> <span class='ocrx_word' id='word_1_655' title='bbox 1779 939 1818 961; x_wconf 84' lang='lat' dir='ltr'>fol.</span> 
     </span>
     <span class='ocr_line' id='line_1_78' title="bbox 980 985 1818 1015; baseline 0.002 -9"><span class='ocrx_word' id='word_1_656' title='bbox 980 985 1018 1007; x_wconf 91' lang='grc'>44.</span> <span class='ocrx_word' id='word_1_657' title='bbox 1035 991 1066 1007; x_wconf 85' lang='lat' dir='ltr'>r.:</span> <span class='ocrx_word' id='word_1_658' title='bbox 1084 985 1159 1008; x_wconf 82' lang='lat' dir='ltr'>omnis</span> <span class='ocrx_word' id='word_1_659' title='bbox 1176 985 1205 1009; x_wconf 85' lang='lat' dir='ltr'>sit</span> <span class='ocrx_word' id='word_1_660' title='bbox 1222 985 1288 1014; x_wconf 75' lang='lat' dir='ltr'>laus,</span> <span class='ocrx_word' id='word_1_661' title='bbox 1309 985 1384 1009; x_wconf 83' lang='lat' dir='ltr'>honor</span> <span class='ocrx_word' id='word_1_662' title='bbox 1402 987 1423 1009; x_wconf 89' lang='lat' dir='ltr'>et</span> <span class='ocrx_word' id='word_1_663' title='bbox 1439 985 1517 1015; x_wconf 68' lang='lat' dir='ltr'>ploria</span> <span class='ocrx_word' id='word_1_664' title='bbox 1534 985 1559 1009; x_wconf 87' lang='lat' dir='ltr'>in</span> <span class='ocrx_word' id='word_1_665' title='bbox 1575 985 1656 1009; x_wconf 78' lang='lat' dir='ltr'>secula</span> <span class='ocrx_word' id='word_1_666' title='bbox 1672 985 1818 1008; x_wconf 85' lang='lat' dir='ltr'>seculorum.</span> 
     </span>
     <span class='ocr_line' id='line_1_79' title="bbox 980 1032 1060 1055; baseline -0.013 0"><span class='ocrx_word' id='word_1_667' title='bbox 980 1032 1060 1055; x_wconf 82' lang='lat' dir='ltr'>Amen.</span> 
     </span>
    </p>

    <p class='ocr_par' dir='ltr' id='par_1_19' title="bbox 979 1078 1821 1430">
     <span class='ocr_line' id='line_1_80' title="bbox 1043 1078 1820 1109; baseline 0 -7"><span class='ocrx_word' id='word_1_668' title='bbox 1043 1079 1081 1102; x_wconf 80' lang='lat'>23.</span> <span class='ocrx_word' id='word_1_669' title='bbox 1098 1078 1228 1109; x_wconf 84' lang='lat' dir='ltr'>Herbipoli,</span> <span class='ocrx_word' id='word_1_670' title='bbox 1246 1079 1385 1102; x_wconf 83' lang='lat' dir='ltr'>bibli0theca</span> <span class='ocrx_word' id='word_1_671' title='bbox 1401 1082 1493 1102; x_wconf 83' lang='lat' dir='ltr'>sanctae</span> <span class='ocrx_word' id='word_1_672' title='bbox 1510 1079 1590 1103; x_wconf 88' lang='lat' dir='ltr'>Crucis</span> <span class='ocrx_word' id='word_1_673' title='bbox 1600 1080 1693 1102; x_wconf 76' lang='lat' dir='ltr'>Patrum</span> <span class='ocrx_word' id='word_1_674' title='bbox 1708 1080 1820 1102; x_wconf 83' lang='lat' dir='ltr'>Minorum</span> 
     </span>
     <span class='ocr_line' id='line_1_81' title="bbox 980 1125 1819 1153; baseline 0 -5"><span class='ocrx_word' id='word_1_675' title='bbox 980 1125 1183 1153; x_wconf 87' lang='lat' dir='ltr'>Conventualium,</span> <span class='ocrx_word' id='word_1_676' title='bbox 1200 1126 1252 1149; x_wconf 91' lang='lat' dir='ltr'>cod.</span> <span class='ocrx_word' id='word_1_677' title='bbox 1270 1127 1284 1148; x_wconf 96' lang='lat' dir='ltr'>I.</span> <span class='ocrx_word' id='word_1_678' title='bbox 1303 1127 1355 1149; x_wconf 83' lang='grc'>437.</span> <span class='ocrx_word' id='word_1_679' title='bbox 1373 1126 1471 1149; x_wconf 84' lang='lat' dir='ltr'>membr.</span> <span class='ocrx_word' id='word_1_680' title='bbox 1488 1127 1512 1149; x_wconf 92' lang='lat' dir='ltr'>in</span> <span class='ocrx_word' id='word_1_681' title='bbox 1529 1127 1551 1148; x_wconf 87' lang='grc'>8.</span> <span class='ocrx_word' id='word_1_682' title='bbox 1568 1132 1627 1149; x_wconf 91' lang='lat' dir='ltr'>saec.</span> <span class='ocrx_word' id='word_1_683' title='bbox 1639 1126 1695 1149; x_wconf 92' lang='lat' dir='ltr'><strong>Xlll.</strong></span> <span class='ocrx_word' id='word_1_684' title='bbox 1709 1126 1819 1149; x_wconf 82' lang='lat' dir='ltr'>exeuntis.</span> 
     </span>
     <span class='ocr_line' id='line_1_82' title="bbox 979 1172 1819 1203; baseline 0.002 -9"><span class='ocrx_word' id='word_1_685' title='bbox 979 1185 1010 1189; x_wconf 96' lang='lat'><strong>—</strong></span> <span class='ocrx_word' id='word_1_686' title='bbox 1028 1173 1073 1195; x_wconf 89' lang='lat' dir='ltr'>Fol.</span> <span class='ocrx_word' id='word_1_687' title='bbox 1091 1179 1114 1195; x_wconf 91' lang='lat' dir='ltr'>v.</span> <span class='ocrx_word' id='word_1_688' title='bbox 1131 1179 1177 1195; x_wconf 91' lang='lat' dir='ltr'>non</span> <span class='ocrx_word' id='word_1_689' title='bbox 1194 1176 1328 1196; x_wconf 88' lang='lat' dir='ltr'>numerato:</span> <span class='ocrx_word' id='word_1_690' title='bbox 1347 1173 1430 1203; x_wconf 88' lang='lat' dir='ltr'>Incipit</span> <span class='ocrx_word' id='word_1_691' title='bbox 1447 1173 1494 1197; x_wconf 88' lang='lat' dir='ltr'>vita</span> <span class='ocrx_word' id='word_1_692' title='bbox 1512 1173 1573 1197; x_wconf 89' lang='lat' dir='ltr'>beati</span> <span class='ocrx_word' id='word_1_693' title='bbox 1587 1172 1724 1202; x_wconf 82' lang='lat' dir='ltr'>Francisci,</span> <span class='ocrx_word' id='word_1_694' title='bbox 1739 1173 1819 1203; x_wconf 88' lang='lat' dir='ltr'>primo</span> 
     </span>
     <span class='ocr_line' id='line_1_83' title="bbox 980 1219 1820 1249; baseline 0 -7"><span class='ocrx_word' id='word_1_695' title='bbox 980 1219 1007 1242; x_wconf 89' lang='lat' dir='ltr'>de</span> <span class='ocrx_word' id='word_1_696' title='bbox 1024 1219 1175 1242; x_wconf 70' lang='lat' dir='ltr'>conversione</span> <span class='ocrx_word' id='word_1_697' title='bbox 1192 1219 1258 1242; x_wconf 82' lang='lat' dir='ltr'>lectio</span> <span class='ocrx_word' id='word_1_698' title='bbox 1283 1220 1301 1242; x_wconf 94' lang='lat' dir='ltr'>I.</span> <span class='ocrx_word' id='word_1_699' title='bbox 1322 1219 1444 1249; x_wconf 83' lang='lat' dir='ltr'>Apparuit</span> <span class='ocrx_word' id='word_1_700' title='bbox 1464 1219 1543 1249; x_wconf 70' lang='lat' dir='ltr'>qratia</span> <span class='ocrx_word' id='word_1_701' title='bbox 1565 1223 1607 1242; x_wconf 84' lang='lat' dir='ltr'>etc.</span> <span class='ocrx_word' id='word_1_702' title='bbox 1626 1220 1712 1242; x_wconf 87' lang='lat' dir='ltr'>Desinit</span> <span class='ocrx_word' id='word_1_703' title='bbox 1728 1219 1820 1243; x_wconf 80' lang='lat' dir='ltr'>verbis:</span> 
     </span>
     <span class='ocr_line' id='line_1_84' title="bbox 980 1265 1821 1295; baseline 0.001 -7"><span class='ocrx_word' id='word_1_704' title='bbox 980 1265 1085 1295; x_wconf 65' lang='lat' dir='ltr'>Explicit</span> <span class='ocrx_word' id='word_1_705' title='bbox 1100 1265 1148 1288; x_wconf 89' lang='lat' dir='ltr'>vita</span> <span class='ocrx_word' id='word_1_706' title='bbox 1166 1265 1295 1289; x_wconf 85' lang='lat' dir='ltr'>Francisci.</span> <span class='ocrx_word' id='word_1_707' title='bbox 1313 1267 1370 1289; x_wconf 71' lang='lat' dir='ltr'>HInc</span> <span class='ocrx_word' id='word_1_708' title='bbox 1386 1266 1502 1295; x_wconf 83' lang='lat' dir='ltr'>sequitur:</span> <span class='ocrx_word' id='word_1_709' title='bbox 1526 1267 1552 1289; x_wconf 87' lang='lat' dir='ltr'>In</span> <span class='ocrx_word' id='word_1_710' title='bbox 1577 1265 1733 1290; x_wconf 86' lang='lat' dir='ltr'>translatione</span> <span class='ocrx_word' id='word_1_711' title='bbox 1758 1265 1821 1289; x_wconf 88' lang='lat' dir='ltr'>beati</span> 
     </span>
     <span class='ocr_line' id='line_1_85' title="bbox 979 1312 1821 1342; baseline 0 -7"><span class='ocrx_word' id='word_1_712' title='bbox 979 1312 1105 1336; x_wconf 86' lang='lat' dir='ltr'>Francisci</span> <span class='ocrx_word' id='word_1_713' title='bbox 1121 1312 1186 1335; x_wconf 85' lang='lat' dir='ltr'>lectio</span> <span class='ocrx_word' id='word_1_714' title='bbox 1199 1313 1216 1335; x_wconf 89' lang='lat' dir='ltr'>I.</span> <span class='ocrx_word' id='word_1_715' title='bbox 1228 1312 1372 1336; x_wconf 85' lang='lat' dir='ltr'>Franciscus</span> <span class='ocrx_word' id='word_1_716' title='bbox 1389 1312 1462 1342; x_wconf 74' lang='lat' dir='ltr'>iqitur</span> <span class='ocrx_word' id='word_1_717' title='bbox 1478 1319 1561 1336; x_wconf 72' lang='lat' dir='ltr'>servus</span> <span class='ocrx_word' id='word_1_718' title='bbox 1578 1315 1600 1336; x_wconf 88' lang='lat' dir='ltr'>et</span> <span class='ocrx_word' id='word_1_719' title='bbox 1615 1312 1706 1336; x_wconf 86' lang='lat' dir='ltr'>amicus</span> <span class='ocrx_word' id='word_1_720' title='bbox 1723 1315 1765 1335; x_wconf 88' lang='lat' dir='ltr'>cte.</span> <span class='ocrx_word' id='word_1_721' title='bbox 1783 1313 1821 1335; x_wconf 89' lang='lat' dir='ltr'>Est</span> 
     </span>
     <span class='ocr_line' id='line_1_86' title="bbox 980 1360 1820 1388; baseline 0 -6"><span class='ocrx_word' id='word_1_722' title='bbox 980 1360 1086 1382; x_wconf 88' lang='lat' dir='ltr'>ultimum</span> <span class='ocrx_word' id='word_1_723' title='bbox 1109 1366 1159 1388; x_wconf 87' lang='lat' dir='ltr'>cap.</span> <span class='ocrx_word' id='word_1_724' title='bbox 1182 1360 1303 1388; x_wconf 81' lang='lat' dir='ltr'>Legendae</span> <span class='ocrx_word' id='word_1_725' title='bbox 1328 1360 1434 1388; x_wconf 84' lang='lat' dir='ltr'>maioris,</span> <span class='ocrx_word' id='word_1_726' title='bbox 1457 1363 1482 1383; x_wconf 86' lang='lat' dir='ltr'>ut</span> <span class='ocrx_word' id='word_1_727' title='bbox 1503 1366 1573 1388; x_wconf 89' lang='lat' dir='ltr'>supra</span> <span class='ocrx_word' id='word_1_728' title='bbox 1597 1360 1666 1383; x_wconf 92' lang='lat' dir='ltr'>etiam</span> <span class='ocrx_word' id='word_1_729' title='bbox 1688 1360 1820 1383; x_wconf 90' lang='lat' dir='ltr'>notavimus</span> 
     </span>
     <span class='ocr_line' id='line_1_87' title="bbox 980 1407 1057 1430; baseline 0.013 -1"><span class='ocrx_word' id='word_1_730' title='bbox 980 1413 1002 1430; x_wconf 92' lang='lat' dir='ltr'>n.</span> <span class='ocrx_word' id='word_1_731' title='bbox 1020 1407 1057 1430; x_wconf 88' lang='grc'>40.</span> 
     </span>
    </p>

    <p class='ocr_par' dir='ltr' id='par_1_20' title="bbox 980 1453 1821 1663">
     <span class='ocr_line' id='line_1_88' title="bbox 1044 1453 1819 1483; baseline 0 -6"><span class='ocrx_word' id='word_1_732' title='bbox 1044 1454 1081 1477; x_wconf 86' lang='grc'>24.</span> <span class='ocrx_word' id='word_1_733' title='bbox 1098 1453 1196 1481; x_wconf 85' lang='lat' dir='ltr'>Ibidem,</span> <span class='ocrx_word' id='word_1_734' title='bbox 1215 1453 1352 1477; x_wconf 90' lang='lat' dir='ltr'>bibliotheca</span> <span class='ocrx_word' id='word_1_735' title='bbox 1369 1454 1538 1483; x_wconf 74' lang='lat' dir='ltr'>Universitatis,</span> <span class='ocrx_word' id='word_1_736' title='bbox 1555 1454 1608 1477; x_wconf 90' lang='lat' dir='ltr'>cod.</span> <span class='ocrx_word' id='word_1_737' title='bbox 1624 1454 1691 1477; x_wconf 87' lang='lat' dir='ltr'>theol.</span> <span class='ocrx_word' id='word_1_738' title='bbox 1704 1454 1726 1477; x_wconf 88' lang='lat' dir='ltr'>in</span> <span class='ocrx_word' id='word_1_739' title='bbox 1744 1455 1764 1477; x_wconf 89' lang='lat'>8.</span> <span class='ocrx_word' id='word_1_740' title='bbox 1784 1455 1819 1477; x_wconf 88' lang='grc'>49.</span> 
     </span>
     <span class='ocr_line' id='line_1_89' title="bbox 980 1501 1821 1529; baseline 0 -6"><span class='ocrx_word' id='word_1_741' title='bbox 980 1507 1041 1523; x_wconf 85' lang='lat' dir='ltr'>saec.</span> <span class='ocrx_word' id='word_1_742' title='bbox 1058 1501 1119 1523; x_wconf 92' lang='lat' dir='ltr'><strong>XIV.</strong></span> <span class='ocrx_word' id='word_1_743' title='bbox 1138 1501 1248 1523; x_wconf 82' lang='lat' dir='ltr'>exeuntis.</span> <span class='ocrx_word' id='word_1_744' title='bbox 1264 1513 1296 1517; x_wconf 97' lang='lat'><strong>—</strong></span> <span class='ocrx_word' id='word_1_745' title='bbox 1312 1502 1349 1523; x_wconf 87' lang='lat' dir='ltr'>Est</span> <span class='ocrx_word' id='word_1_746' title='bbox 1367 1507 1421 1529; x_wconf 88' lang='lat' dir='ltr'>pars</span> <span class='ocrx_word' id='word_1_747' title='bbox 1438 1501 1548 1523; x_wconf 79' lang='lat' dir='ltr'>Breviarii</span> <span class='ocrx_word' id='word_1_748' title='bbox 1569 1501 1726 1528; x_wconf 88' lang='lat' dir='ltr'>Franciscani‚</span> <span class='ocrx_word' id='word_1_749' title='bbox 1743 1501 1767 1523; x_wconf 88' lang='lat' dir='ltr'>in</span> <span class='ocrx_word' id='word_1_750' title='bbox 1785 1501 1821 1523; x_wconf 77' lang='lat' dir='ltr'>fol.</span> 
     </span>
     <span class='ocr_line' id='line_1_90' title="bbox 981 1546 1821 1575; baseline -0.001 -6"><span class='ocrx_word' id='word_1_751' title='bbox 981 1546 1017 1569; x_wconf 85' lang='lat'>58.</span> <span class='ocrx_word' id='word_1_752' title='bbox 1035 1553 1053 1569; x_wconf 91' lang='lat' dir='ltr'>r.</span> <span class='ocrx_word' id='word_1_753' title='bbox 1071 1547 1181 1575; x_wconf 89' lang='lat' dir='ltr'>incipiunt</span> <span class='ocrx_word' id='word_1_754' title='bbox 1197 1547 1305 1569; x_wconf 90' lang='lat' dir='ltr'>lectiones</span> <span class='ocrx_word' id='word_1_755' title='bbox 1322 1553 1348 1569; x_wconf 90' lang='lat' dir='ltr'>ex</span> <span class='ocrx_word' id='word_1_756' title='bbox 1365 1546 1472 1574; x_wconf 85' lang='lat' dir='ltr'>Legenda</span> <span class='ocrx_word' id='word_1_757' title='bbox 1490 1546 1578 1569; x_wconf 86' lang='lat' dir='ltr'>minore</span> <span class='ocrx_word' id='word_1_758' title='bbox 1595 1552 1637 1574; x_wconf 87' lang='lat' dir='ltr'>pro</span> <span class='ocrx_word' id='word_1_759' title='bbox 1649 1546 1687 1568; x_wconf 91' lang='lat' dir='ltr'>die</span> <span class='ocrx_word' id='word_1_760' title='bbox 1702 1547 1758 1568; x_wconf 84' lang='lat' dir='ltr'>sesto</span> <span class='ocrx_word' id='word_1_761' title='bbox 1770 1551 1821 1568; x_wconf 86' lang='lat' dir='ltr'>san-</span> 
     </span>
     <span class='ocr_line' id='line_1_91' title="bbox 981 1592 1820 1622; baseline -0.002 -6"><span class='ocrx_word' id='word_1_762' title='bbox 981 1594 1010 1616; x_wconf 84' lang='lat' dir='ltr'>cti</span> <span class='ocrx_word' id='word_1_763' title='bbox 1027 1594 1154 1621; x_wconf 88' lang='lat' dir='ltr'>Francisci,</span> <span class='ocrx_word' id='word_1_764' title='bbox 1172 1600 1213 1621; x_wconf 92' lang='lat' dir='ltr'>per</span> <span class='ocrx_word' id='word_1_765' title='bbox 1229 1596 1299 1616; x_wconf 78' lang='lat' dir='ltr'>totam</span> <span class='ocrx_word' id='word_1_766' title='bbox 1317 1593 1440 1622; x_wconf 83' lang='lat' dir='ltr'>Octavam,</span> <span class='ocrx_word' id='word_1_767' title='bbox 1459 1599 1484 1615; x_wconf 87' lang='lat' dir='ltr'>ac</span> <span class='ocrx_word' id='word_1_768' title='bbox 1496 1593 1564 1615; x_wconf 92' lang='lat' dir='ltr'>etiam</span> <span class='ocrx_word' id='word_1_769' title='bbox 1576 1599 1618 1620; x_wconf 85' lang='lat' dir='ltr'>pro</span> <span class='ocrx_word' id='word_1_770' title='bbox 1630 1593 1705 1615; x_wconf 87' lang='lat' dir='ltr'>officio</span> <span class='ocrx_word' id='word_1_771' title='bbox 1717 1592 1820 1615; x_wconf 88' lang='lat' dir='ltr'>eiusdem</span> 
     </span>
     <span class='ocr_line' id='line_1_92' title="bbox 982 1639 1601 1663; baseline -0.002 0"><span class='ocrx_word' id='word_1_772' title='bbox 982 1641 1147 1663; x_wconf 83' lang='lat' dir='ltr'>Translationis</span> <span class='ocrx_word' id='word_1_773' title='bbox 1165 1643 1189 1663; x_wconf 88' lang='lat' dir='ltr'>ut</span> <span class='ocrx_word' id='word_1_774' title='bbox 1205 1640 1229 1662; x_wconf 91' lang='lat' dir='ltr'>in</span> <span class='ocrx_word' id='word_1_775' title='bbox 1246 1640 1352 1662; x_wconf 90' lang='lat' dir='ltr'>editione.</span> <span class='ocrx_word' id='word_1_776' title='bbox 1371 1640 1456 1663; x_wconf 87' lang='lat' dir='ltr'>Desinit</span> <span class='ocrx_word' id='word_1_777' title='bbox 1473 1640 1511 1662; x_wconf 83' lang='lat' dir='ltr'>sol.</span> <span class='ocrx_word' id='word_1_778' title='bbox 1526 1639 1565 1662; x_wconf 83' lang='lat'>79.</span> <span class='ocrx_word' id='word_1_779' title='bbox 1582 1646 1601 1662; x_wconf 94' lang='lat' dir='ltr'>r.</span> 
     </span>
    </p>

    <p class='ocr_par' dir='ltr' id='par_1_21' title="bbox 981 1685 1821 1901">
     <span class='ocr_line' id='line_1_93' title="bbox 1044 1685 1820 1716; baseline -0.001 -7"><span class='ocrx_word' id='word_1_780' title='bbox 1044 1686 1081 1708; x_wconf 80' lang='grc'>25.</span> <span class='ocrx_word' id='word_1_781' title='bbox 1099 1686 1206 1716; x_wconf 84' lang='lat' dir='ltr'>Leopoli,</span> <span class='ocrx_word' id='word_1_782' title='bbox 1226 1686 1364 1709; x_wconf 88' lang='lat' dir='ltr'>bibliotheca</span> <span class='ocrx_word' id='word_1_783' title='bbox 1381 1685 1487 1713; x_wconf 89' lang='lat' dir='ltr'>Publica,</span> <span class='ocrx_word' id='word_1_784' title='bbox 1504 1686 1555 1709; x_wconf 90' lang='lat' dir='ltr'>cod.</span> <span class='ocrx_word' id='word_1_785' title='bbox 1573 1686 1626 1708; x_wconf 90' lang='grc'>402.</span> <span class='ocrx_word' id='word_1_786' title='bbox 1637 1685 1736 1709; x_wconf 87' lang='lat' dir='ltr'>membr.</span> <span class='ocrx_word' id='word_1_787' title='bbox 1748 1686 1771 1708; x_wconf 92' lang='lat' dir='ltr'>in</span> <span class='ocrx_word' id='word_1_788' title='bbox 1783 1686 1820 1708; x_wconf 83' lang='lat' dir='ltr'>sol.</span> 
     </span>
     <span class='ocr_line' id='line_1_94' title="bbox 982 1732 1821 1762; baseline 0 -6"><span class='ocrx_word' id='word_1_789' title='bbox 982 1739 1042 1756; x_wconf 87' lang='lat' dir='ltr'>saec.</span> <span class='ocrx_word' id='word_1_790' title='bbox 1063 1734 1124 1756; x_wconf 91' lang='lat' dir='ltr'><strong>XIV.</strong></span> <span class='ocrx_word' id='word_1_791' title='bbox 1141 1734 1251 1756; x_wconf 83' lang='lat' dir='ltr'>exeuntis.</span> <span class='ocrx_word' id='word_1_792' title='bbox 1267 1746 1298 1750; x_wconf 77' lang='lat'>-—</span> <span class='ocrx_word' id='word_1_793' title='bbox 1321 1734 1366 1756; x_wconf 89' lang='lat' dir='ltr'>Fol.</span> <span class='ocrx_word' id='word_1_794' title='bbox 1395 1733 1448 1756; x_wconf 85' lang='grc'>420.</span> <span class='ocrx_word' id='word_1_795' title='bbox 1470 1740 1493 1755; x_wconf 94' lang='lat' dir='ltr'>v.</span> <span class='ocrx_word' id='word_1_796' title='bbox 1518 1733 1611 1761; x_wconf 83' lang='lat' dir='ltr'>legitur:</span> <span class='ocrx_word' id='word_1_797' title='bbox 1636 1732 1719 1762; x_wconf 84' lang='lat' dir='ltr'>Incipit</span> <span class='ocrx_word' id='word_1_798' title='bbox 1742 1732 1821 1756; x_wconf 81' lang='lat' dir='ltr'>minor</span> 
     </span>
     <span class='ocr_line' id='line_1_95' title="bbox 981 1778 1820 1809; baseline -0.001 -7"><span class='ocrx_word' id='word_1_799' title='bbox 981 1778 1030 1802; x_wconf 75' lang='lat' dir='ltr'>vita</span> <span class='ocrx_word' id='word_1_800' title='bbox 1048 1778 1109 1802; x_wconf 88' lang='lat' dir='ltr'>beati</span> <span class='ocrx_word' id='word_1_801' title='bbox 1123 1779 1255 1803; x_wconf 82' lang='lat' dir='ltr'>Francisci.</span> <span class='ocrx_word' id='word_1_802' title='bbox 1271 1779 1392 1809; x_wconf 86' lang='lat' dir='ltr'>Apparuit</span> <span class='ocrx_word' id='word_1_803' title='bbox 1408 1779 1488 1809; x_wconf 75' lang='lat' dir='ltr'>qratia</span> <span class='ocrx_word' id='word_1_804' title='bbox 1503 1779 1546 1802; x_wconf 88' lang='lat' dir='ltr'>Dei</span> <span class='ocrx_word' id='word_1_805' title='bbox 1561 1781 1605 1802; x_wconf 85' lang='lat' dir='ltr'>etc.</span> <span class='ocrx_word' id='word_1_806' title='bbox 1617 1779 1701 1802; x_wconf 90' lang='lat' dir='ltr'>Desinit</span> <span class='ocrx_word' id='word_1_807' title='bbox 1714 1779 1751 1801; x_wconf 83' lang='lat' dir='ltr'>sol.</span> <span class='ocrx_word' id='word_1_808' title='bbox 1768 1779 1820 1802; x_wconf 85' lang='lat'><strong>423.</strong></span> 
     </span>
     <span class='ocr_line' id='line_1_96' title="bbox 981 1825 1821 1855; baseline 0 -6"><span class='ocrx_word' id='word_1_809' title='bbox 981 1832 1017 1848; x_wconf 89' lang='lat' dir='ltr'>v.:</span> <span class='ocrx_word' id='word_1_810' title='bbox 1035 1825 1060 1848; x_wconf 87' lang='lat' dir='ltr'>in</span> <span class='ocrx_word' id='word_1_811' title='bbox 1078 1825 1153 1849; x_wconf 87' lang='lat' dir='ltr'>tribus</span> <span class='ocrx_word' id='word_1_812' title='bbox 1177 1825 1290 1849; x_wconf 84' lang='lat' dir='ltr'>institutis</span> <span class='ocrx_word' id='word_1_813' title='bbox 1312 1825 1436 1849; x_wconf 84' lang='lat' dir='ltr'>ordinibus</span> <span class='ocrx_word' id='word_1_814' title='bbox 1460 1825 1579 1849; x_wconf 85' lang='lat' dir='ltr'>cernimus</span> <span class='ocrx_word' id='word_1_815' title='bbox 1596 1831 1645 1849; x_wconf 85' lang='lat' dir='ltr'>esse</span> <span class='ocrx_word' id='word_1_816' title='bbox 1665 1825 1821 1855; x_wconf 82' lang='lat' dir='ltr'>completum,-</span> 
     </span>
     <span class='ocr_line' id='line_1_97' title="bbox 981 1872 1311 1901; baseline 0.003 -7"><span class='ocrx_word' id='word_1_817' title='bbox 981 1872 1036 1895; x_wconf 91' lang='lat' dir='ltr'>vide</span> <span class='ocrx_word' id='word_1_818' title='bbox 1054 1873 1104 1895; x_wconf 87' lang='lat' dir='ltr'>lect.</span> <span class='ocrx_word' id='word_1_819' title='bbox 1121 1873 1142 1894; x_wconf 87' lang='grc'>9.</span> <span class='ocrx_word' id='word_1_820' title='bbox 1161 1873 1218 1895; x_wconf 91' lang='lat' dir='ltr'>tituli</span> <span class='ocrx_word' id='word_1_821' title='bbox 1235 1873 1311 1901; x_wconf 87' lang='lat' dir='ltr'>primi.</span> 
     </span>
    </p>

    <p class='ocr_par' dir='ltr' id='par_1_22' title="bbox 980 1919 1822 2130">
     <span class='ocr_line' id='line_1_98' title="bbox 1046 1919 1821 1947; baseline 0 -5"><span class='ocrx_word' id='word_1_822' title='bbox 1046 1920 1082 1941; x_wconf 85' lang='grc'>26.</span> <span class='ocrx_word' id='word_1_823' title='bbox 1100 1919 1221 1942; x_wconf 76' lang='lat' dir='ltr'>Lacernae</span> <span class='ocrx_word' id='word_1_824' title='bbox 1238 1919 1261 1942; x_wconf 90' lang='lat' dir='ltr'>in</span> <span class='ocrx_word' id='word_1_825' title='bbox 1277 1919 1391 1947; x_wconf 77' lang='lat' dir='ltr'>HelvetIa,</span> <span class='ocrx_word' id='word_1_826' title='bbox 1409 1919 1547 1943; x_wconf 88' lang='lat' dir='ltr'>bibliotheca</span> <span class='ocrx_word' id='word_1_827' title='bbox 1563 1919 1704 1947; x_wconf 87' lang='lat' dir='ltr'>Cantonalis,</span> <span class='ocrx_word' id='word_1_828' title='bbox 1721 1920 1772 1943; x_wconf 92' lang='lat' dir='ltr'>cod.</span> <span class='ocrx_word' id='word_1_829' title='bbox 1785 1920 1821 1943; x_wconf 80' lang='lat'>50.</span> 
     </span>
     <span class='ocr_line' id='line_1_99' title="bbox 982 1965 1822 1995; baseline 0.001 -7"><span class='ocrx_word' id='word_1_830' title='bbox 982 1965 1081 1988; x_wconf 89' lang='lat' dir='ltr'>membr.</span> <span class='ocrx_word' id='word_1_831' title='bbox 1098 1966 1121 1988; x_wconf 94' lang='lat' dir='ltr'>in</span> <span class='ocrx_word' id='word_1_832' title='bbox 1139 1966 1159 1988; x_wconf 87' lang='lat'>4.</span> <span class='ocrx_word' id='word_1_833' title='bbox 1182 1972 1243 1989; x_wconf 88' lang='lat' dir='ltr'>saec.</span> <span class='ocrx_word' id='word_1_834' title='bbox 1265 1967 1324 1989; x_wconf 88' lang='lat' dir='ltr'><strong>XIV.</strong></span> <span class='ocrx_word' id='word_1_835' title='bbox 1350 1966 1454 1989; x_wconf 89' lang='lat' dir='ltr'>ineuntis.</span> <span class='ocrx_word' id='word_1_836' title='bbox 1474 1979 1503 1983; x_wconf 71' lang='lat'>—</span> <span class='ocrx_word' id='word_1_837' title='bbox 1525 1967 1646 1995; x_wconf 86' lang='lat' dir='ltr'>Legendae</span> <span class='ocrx_word' id='word_1_838' title='bbox 1670 1967 1822 1995; x_wconf 89' lang='lat' dir='ltr'>praemittitur</span> 
     </span>
     <span class='ocr_line' id='line_1_100' title="bbox 982 2012 1822 2042; baseline 0.004 -8"><span class='ocrx_word' id='word_1_839' title='bbox 982 2013 1021 2035; x_wconf 86' lang='lat' dir='ltr'>sol.</span> <span class='ocrx_word' id='word_1_840' title='bbox 1038 2019 1055 2034; x_wconf 91' lang='lat' dir='ltr'>r.</span> <span class='ocrx_word' id='word_1_841' title='bbox 1074 2018 1118 2035; x_wconf 90' lang='lat' dir='ltr'>non</span> <span class='ocrx_word' id='word_1_842' title='bbox 1136 2015 1269 2035; x_wconf 88' lang='lat' dir='ltr'>numerato:</span> <span class='ocrx_word' id='word_1_843' title='bbox 1287 2012 1371 2042; x_wconf 85' lang='lat' dir='ltr'>Incipit</span> <span class='ocrx_word' id='word_1_844' title='bbox 1387 2013 1435 2037; x_wconf 84' lang='lat' dir='ltr'>vita</span> <span class='ocrx_word' id='word_1_845' title='bbox 1452 2012 1513 2037; x_wconf 87' lang='lat' dir='ltr'>beati</span> <span class='ocrx_word' id='word_1_846' title='bbox 1523 2013 1652 2037; x_wconf 85' lang='lat' dir='ltr'>Francisci.</span> <span class='ocrx_word' id='word_1_847' title='bbox 1664 2014 1761 2037; x_wconf 88' lang='lat' dir='ltr'>Desinit:</span> <span class='ocrx_word' id='word_1_848' title='bbox 1773 2020 1822 2037; x_wconf 86' lang='lat' dir='ltr'>ma-</span> 
     </span>
     <span class='ocr_line' id='line_1_101' title="bbox 982 2059 1822 2091; baseline 0.001 -9"><span class='ocrx_word' id='word_1_849' title='bbox 982 2059 1117 2090; x_wconf 71' lang='lat' dir='ltr'>qnificentia</span> <span class='ocrx_word' id='word_1_850' title='bbox 1133 2059 1228 2083; x_wconf 74' lang='lat' dir='ltr'>virtutis</span> <span class='ocrx_word' id='word_1_851' title='bbox 1245 2059 1367 2088; x_wconf 79' lang='lat' dir='ltr'>Altissimi,</span> <span class='ocrx_word' id='word_1_852' title='bbox 1387 2060 1426 2083; x_wconf 84' lang='lat' dir='ltr'>cui</span> <span class='ocrx_word' id='word_1_853' title='bbox 1441 2061 1474 2083; x_wconf 85' lang='lat' dir='ltr'>est</span> <span class='ocrx_word' id='word_1_854' title='bbox 1491 2059 1567 2083; x_wconf 80' lang='lat' dir='ltr'>honor</span> <span class='ocrx_word' id='word_1_855' title='bbox 1583 2061 1605 2083; x_wconf 90' lang='lat' dir='ltr'>et</span> <span class='ocrx_word' id='word_1_856' title='bbox 1620 2060 1697 2090; x_wconf 77' lang='lat' dir='ltr'>qtoria</span> <span class='ocrx_word' id='word_1_857' title='bbox 1712 2067 1757 2090; x_wconf 86' lang='lat' dir='ltr'>per</span> <span class='ocrx_word' id='word_1_858' title='bbox 1772 2060 1822 2091; x_wconf 84' lang='lat' dir='ltr'>infi-</span> 
     </span>
     <span class='ocr_line' id='line_1_102' title="bbox 980 2106 1624 2130; baseline 0.002 -1"><span class='ocrx_word' id='word_1_859' title='bbox 980 2106 1032 2130; x_wconf 85' lang='lat' dir='ltr'>nita</span> <span class='ocrx_word' id='word_1_860' title='bbox 1048 2106 1129 2130; x_wconf 85' lang='lat' dir='ltr'>secula</span> <span class='ocrx_word' id='word_1_861' title='bbox 1145 2106 1290 2130; x_wconf 83' lang='lat' dir='ltr'>seculorum.</span> <span class='ocrx_word' id='word_1_862' title='bbox 1306 2107 1389 2130; x_wconf 83' lang='lat' dir='ltr'>Amen.</span> <span class='ocrx_word' id='word_1_863' title='bbox 1406 2107 1452 2130; x_wconf 84' lang='lat' dir='ltr'>Csr.</span> <span class='ocrx_word' id='word_1_864' title='bbox 1468 2114 1491 2130; x_wconf 92' lang='lat' dir='ltr'>n.</span> <span class='ocrx_word' id='word_1_865' title='bbox 1509 2107 1530 2130; x_wconf 86' lang='lat'>4.</span> <span class='ocrx_word' id='word_1_866' title='bbox 1547 2109 1569 2130; x_wconf 89' lang='lat' dir='ltr'>et</span> <span class='ocrx_word' id='word_1_867' title='bbox 1586 2107 1624 2130; x_wconf 89' lang='grc'>40.</span> 
     </span>
    </p>

    <p class='ocr_par' dir='ltr' id='par_1_23' title="bbox 980 2153 1823 2414">
     <span class='ocr_line' id='line_1_103' title="bbox 1044 2153 1821 2181; baseline 0.003 -6"><span class='ocrx_word' id='word_1_868' title='bbox 1044 2153 1083 2176; x_wconf 85' lang='grc'>27.</span> <span class='ocrx_word' id='word_1_869' title='bbox 1100 2153 1209 2181; x_wconf 85' lang='lat' dir='ltr'>Madriti,</span> <span class='ocrx_word' id='word_1_870' title='bbox 1227 2153 1366 2176; x_wconf 84' lang='lat' dir='ltr'>bibliotheca</span> <span class='ocrx_word' id='word_1_871' title='bbox 1388 2154 1520 2180; x_wconf 84' lang='lat' dir='ltr'>Nationalis,</span> <span class='ocrx_word' id='word_1_872' title='bbox 1540 2154 1592 2176; x_wconf 92' lang='lat' dir='ltr'>cod.</span> <span class='ocrx_word' id='word_1_873' title='bbox 1615 2153 1640 2177; x_wconf 91' lang='lat' dir='ltr'>C.</span> <span class='ocrx_word' id='word_1_874' title='bbox 1665 2154 1702 2176; x_wconf 84' lang='lat'>68.</span> <span class='ocrx_word' id='word_1_875' title='bbox 1723 2154 1821 2177; x_wconf 88' lang='lat' dir='ltr'>membr.</span> 
     </span>
     <span class='ocr_line' id='line_1_104' title="bbox 982 2199 1820 2224; baseline 0.002 -2"><span class='ocrx_word' id='word_1_876' title='bbox 982 2200 1003 2222; x_wconf 95' lang='lat' dir='ltr'>in</span> <span class='ocrx_word' id='word_1_877' title='bbox 1022 2200 1058 2222; x_wconf 82' lang='lat' dir='ltr'>sol.</span> <span class='ocrx_word' id='word_1_878' title='bbox 1076 2205 1138 2222; x_wconf 85' lang='lat' dir='ltr'>saec.</span> <span class='ocrx_word' id='word_1_879' title='bbox 1154 2200 1204 2222; x_wconf 90' lang='lat' dir='ltr'>XV.</span> <span class='ocrx_word' id='word_1_880' title='bbox 1221 2213 1252 2216; x_wconf 87' lang='lat'><strong>—</strong></span> <span class='ocrx_word' id='word_1_881' title='bbox 1267 2200 1306 2222; x_wconf 90' lang='lat' dir='ltr'>Est</span> <span class='ocrx_word' id='word_1_882' title='bbox 1322 2200 1464 2222; x_wconf 89' lang='lat' dir='ltr'>Breviarium</span> <span class='ocrx_word' id='word_1_883' title='bbox 1481 2199 1573 2223; x_wconf 84' lang='lat' dir='ltr'>OrdInis</span> <span class='ocrx_word' id='word_1_884' title='bbox 1583 2201 1687 2223; x_wconf 90' lang='lat' dir='ltr'>Fratrum</span> <span class='ocrx_word' id='word_1_885' title='bbox 1699 2201 1820 2224; x_wconf 85' lang='lat' dir='ltr'>MInorum.</span> 
     </span>
     <span class='ocr_line' id='line_1_105' title="bbox 980 2245 1823 2270; baseline 0.002 -2"><span class='ocrx_word' id='word_1_886' title='bbox 980 2246 1027 2268; x_wconf 83' lang='lat' dir='ltr'>Fol.</span> <span class='ocrx_word' id='word_1_887' title='bbox 1046 2246 1098 2268; x_wconf 83' lang='lat'><strong>303.</strong></span> <span class='ocrx_word' id='word_1_888' title='bbox 1116 2252 1134 2268; x_wconf 89' lang='lat' dir='ltr'>r.</span> <span class='ocrx_word' id='word_1_889' title='bbox 1153 2245 1249 2269; x_wconf 85' lang='lat' dir='ltr'>habetur</span> <span class='ocrx_word' id='word_1_890' title='bbox 1266 2246 1370 2269; x_wconf 85' lang='lat' dir='ltr'>rubrica:</span> <span class='ocrx_word' id='word_1_891' title='bbox 1388 2247 1416 2269; x_wconf 83' lang='lat' dir='ltr'>In</span> <span class='ocrx_word' id='word_1_892' title='bbox 1433 2246 1590 2270; x_wconf 85' lang='lat' dir='ltr'>translatione</span> <span class='ocrx_word' id='word_1_893' title='bbox 1614 2246 1676 2270; x_wconf 85' lang='lat' dir='ltr'>beati</span> <span class='ocrx_word' id='word_1_894' title='bbox 1698 2246 1823 2270; x_wconf 82' lang='lat' dir='ltr'>Francisci</span> 
     </span>
     <span class='ocr_line' id='line_1_106' title="bbox 980 2292 1821 2323; baseline 0.002 -8"><span class='ocrx_word' id='word_1_895' title='bbox 980 2292 1008 2323; x_wconf 81' lang='lat' dir='ltr'>fit</span> <span class='ocrx_word' id='word_1_896' title='bbox 1024 2292 1125 2323; x_wconf 76' lang='lat' dir='ltr'>officium</span> <span class='ocrx_word' id='word_1_897' title='bbox 1142 2292 1203 2316; x_wconf 88' lang='lat' dir='ltr'>sicut</span> <span class='ocrx_word' id='word_1_898' title='bbox 1220 2292 1243 2315; x_wconf 83' lang='lat' dir='ltr'>in</span> <span class='ocrx_word' id='word_1_899' title='bbox 1265 2292 1348 2316; x_wconf 82' lang='lat' dir='ltr'>Natali</span> <span class='ocrx_word' id='word_1_900' title='bbox 1368 2293 1430 2321; x_wconf 83' lang='lat' dir='ltr'>eius,</span> <span class='ocrx_word' id='word_1_901' title='bbox 1444 2294 1525 2322; x_wconf 87' lang='lat' dir='ltr'>preter</span> <span class='ocrx_word' id='word_1_902' title='bbox 1543 2292 1662 2322; x_wconf 86' lang='lat' dir='ltr'>lectiones,</span> <span class='ocrx_word' id='word_1_903' title='bbox 1680 2299 1723 2323; x_wconf 86' lang='lat' dir='ltr'>que</span> <span class='ocrx_word' id='word_1_904' title='bbox 1743 2293 1821 2323; x_wconf 72' lang='lat' dir='ltr'>lequu-</span> 
     </span>
     <span class='ocr_line' id='line_1_107' title="bbox 981 2339 1821 2369; baseline 0.001 -7"><span class='ocrx_word' id='word_1_905' title='bbox 981 2341 1024 2362; x_wconf 83' lang='lat' dir='ltr'>tur</span> <span class='ocrx_word' id='word_1_906' title='bbox 1041 2339 1066 2362; x_wconf 81' lang='lat' dir='ltr'>in</span> <span class='ocrx_word' id='word_1_907' title='bbox 1084 2339 1248 2362; x_wconf 84' lang='lat' dir='ltr'>translatione.</span> <span class='ocrx_word' id='word_1_908' title='bbox 1264 2339 1408 2363; x_wconf 79' lang='lat' dir='ltr'>Franciscus</span> <span class='ocrx_word' id='word_1_909' title='bbox 1425 2339 1498 2369; x_wconf 59' lang='lat' dir='ltr'>icitur</span> <span class='ocrx_word' id='word_1_910' title='bbox 1515 2342 1559 2362; x_wconf 69' lang='lat' dir='ltr'>etc.</span> <span class='ocrx_word' id='word_1_911' title='bbox 1577 2340 1595 2362; x_wconf 88' lang='lat' dir='ltr'>A</span> <span class='ocrx_word' id='word_1_912' title='bbox 1612 2340 1665 2363; x_wconf 81' lang='lat' dir='ltr'>solio</span> <span class='ocrx_word' id='word_1_913' title='bbox 1682 2340 1734 2363; x_wconf 87' lang='lat'><strong>380.</strong></span> <span class='ocrx_word' id='word_1_914' title='bbox 1752 2347 1775 2363; x_wconf 93' lang='lat' dir='ltr'>v.</span> <span class='ocrx_word' id='word_1_915' title='bbox 1792 2341 1821 2364; x_wconf 90' lang='lat' dir='ltr'>ad</span> 
     </span>
     <span class='ocr_line' id='line_1_108' title="bbox 982 2386 1527 2414; baseline 0 -6"><span class='ocrx_word' id='word_1_916' title='bbox 982 2387 1019 2409; x_wconf 86' lang='lat' dir='ltr'>sol.</span> <span class='ocrx_word' id='word_1_917' title='bbox 1036 2386 1090 2408; x_wconf 86' lang='grc'>393.</span> <span class='ocrx_word' id='word_1_918' title='bbox 1107 2392 1124 2408; x_wconf 88' lang='lat' dir='ltr'>r.</span> <span class='ocrx_word' id='word_1_919' title='bbox 1143 2386 1242 2409; x_wconf 89' lang='lat' dir='ltr'>occurrit</span> <span class='ocrx_word' id='word_1_920' title='bbox 1259 2388 1304 2409; x_wconf 87' lang='lat' dir='ltr'>tota</span> <span class='ocrx_word' id='word_1_921' title='bbox 1322 2387 1396 2409; x_wconf 90' lang='lat' dir='ltr'>minor</span> <span class='ocrx_word' id='word_1_922' title='bbox 1413 2386 1527 2414; x_wconf 85' lang='lat' dir='ltr'>Legenda.</span> 
     </span>
    </p>

    <p class='ocr_par' dir='ltr' id='par_1_24' title="bbox 982 2431 1823 2601">
     <span class='ocr_line' id='line_1_109' title="bbox 1045 2431 1822 2460; baseline 0.004 -6"><span class='ocrx_word' id='word_1_923' title='bbox 1045 2432 1081 2454; x_wconf 83' lang='lat'>28.</span> <span class='ocrx_word' id='word_1_924' title='bbox 1100 2431 1199 2460; x_wconf 81' lang='lat' dir='ltr'>Ibidem,</span> <span class='ocrx_word' id='word_1_925' title='bbox 1219 2432 1270 2454; x_wconf 87' lang='lat' dir='ltr'>cod.</span> <span class='ocrx_word' id='word_1_926' title='bbox 1288 2432 1312 2455; x_wconf 89' lang='lat' dir='ltr'>C.</span> <span class='ocrx_word' id='word_1_927' title='bbox 1329 2432 1366 2455; x_wconf 85' lang='grc'>74.</span> <span class='ocrx_word' id='word_1_928' title='bbox 1384 2432 1482 2455; x_wconf 89' lang='lat' dir='ltr'>membr.</span> <span class='ocrx_word' id='word_1_929' title='bbox 1500 2433 1522 2455; x_wconf 90' lang='lat' dir='ltr'>in</span> <span class='ocrx_word' id='word_1_930' title='bbox 1540 2432 1561 2455; x_wconf 84' lang='grc'>4.</span> <span class='ocrx_word' id='word_1_931' title='bbox 1578 2439 1637 2456; x_wconf 86' lang='lat' dir='ltr'>saec.</span> <span class='ocrx_word' id='word_1_932' title='bbox 1654 2433 1714 2456; x_wconf 89' lang='lat' dir='ltr'><strong>XIV.</strong></span> <span class='ocrx_word' id='word_1_933' title='bbox 1729 2447 1760 2450; x_wconf 83' lang='lat'>—-</span> <span class='ocrx_word' id='word_1_934' title='bbox 1776 2434 1822 2457; x_wconf 88' lang='lat' dir='ltr'>Fol.</span> 
     </span>
     <span class='ocr_line' id='line_1_110' title="bbox 982 2479 1823 2510; baseline 0.004 -9"><span class='ocrx_word' id='word_1_935' title='bbox 982 2479 1036 2501; x_wconf 88' lang='grc'>464.</span> <span class='ocrx_word' id='word_1_936' title='bbox 1052 2485 1075 2501; x_wconf 90' lang='lat' dir='ltr'>v.</span> <span class='ocrx_word' id='word_1_937' title='bbox 1093 2479 1173 2507; x_wconf 86' lang='lat' dir='ltr'>incipit</span> <span class='ocrx_word' id='word_1_938' title='bbox 1189 2479 1310 2507; x_wconf 82' lang='lat' dir='ltr'>Legenda:</span> <span class='ocrx_word' id='word_1_939' title='bbox 1327 2479 1447 2509; x_wconf 83' lang='lat' dir='ltr'>Apparuit</span> <span class='ocrx_word' id='word_1_940' title='bbox 1471 2479 1550 2510; x_wconf 73' lang='lat' dir='ltr'>qratia</span> <span class='ocrx_word' id='word_1_941' title='bbox 1572 2480 1614 2503; x_wconf 90' lang='lat' dir='ltr'>Dei</span> <span class='ocrx_word' id='word_1_942' title='bbox 1634 2482 1676 2503; x_wconf 92' lang='lat' dir='ltr'>etc.</span> <span class='ocrx_word' id='word_1_943' title='bbox 1701 2481 1823 2504; x_wconf 84' lang='lat' dir='ltr'>Adduntur</span> 
     </span>
     <span class='ocr_line' id='line_1_111' title="bbox 982 2525 1823 2556; baseline 0.004 -8"><span class='ocrx_word' id='word_1_944' title='bbox 982 2526 1103 2548; x_wconf 84' lang='lat' dir='ltr'>lectiones:</span> <span class='ocrx_word' id='word_1_945' title='bbox 1115 2526 1142 2548; x_wconf 88' lang='lat' dir='ltr'>In</span> <span class='ocrx_word' id='word_1_946' title='bbox 1154 2526 1212 2555; x_wconf 84' lang='lat' dir='ltr'>sesto</span> <span class='ocrx_word' id='word_1_947' title='bbox 1229 2525 1394 2549; x_wconf 80' lang='lat' dir='ltr'>translationis</span> <span class='ocrx_word' id='word_1_948' title='bbox 1413 2526 1474 2550; x_wconf 85' lang='lat' dir='ltr'>beati</span> <span class='ocrx_word' id='word_1_949' title='bbox 1487 2526 1612 2551; x_wconf 81' lang='lat' dir='ltr'>Francisci</span> <span class='ocrx_word' id='word_1_950' title='bbox 1621 2534 1648 2551; x_wconf 86' lang='lat' dir='ltr'>ex</span> <span class='ocrx_word' id='word_1_951' title='bbox 1659 2534 1709 2556; x_wconf 85' lang='lat' dir='ltr'>cap.</span> <span class='ocrx_word' id='word_1_952' title='bbox 1722 2528 1773 2551; x_wconf 89' lang='lat' dir='ltr'>XV.</span> <span class='ocrx_word' id='word_1_953' title='bbox 1785 2529 1823 2551; x_wconf 81' lang='lat' dir='ltr'>Le·</span> 
     </span>
     <span class='ocr_line' id='line_1_112' title="bbox 983 2573 1456 2601; baseline 0.002 -6"><span class='ocrx_word' id='word_1_954' title='bbox 983 2573 1073 2601; x_wconf 86' lang='lat' dir='ltr'>gendae</span> <span class='ocrx_word' id='word_1_955' title='bbox 1091 2573 1192 2595; x_wconf 84' lang='lat' dir='ltr'>maioris.</span> <span class='ocrx_word' id='word_1_956' title='bbox 1210 2573 1296 2596; x_wconf 86' lang='lat' dir='ltr'>Desinit</span> <span class='ocrx_word' id='word_1_957' title='bbox 1313 2573 1349 2596; x_wconf 87' lang='lat' dir='ltr'>sol.</span> <span class='ocrx_word' id='word_1_958' title='bbox 1368 2573 1420 2596; x_wconf 87' lang='grc'>469,</span> <span class='ocrx_word' id='word_1_959' title='bbox 1437 2580 1456 2596; x_wconf 93' lang='lat' dir='ltr'>r.</span> 
     </span>
    </p>

    <p class='ocr_par' dir='ltr' id='par_1_25' title="bbox 981 2619 1823 2876">
     <span class='ocr_line' id='line_1_113' title="bbox 1045 2619 1821 2650; baseline 0.004 -8"><span class='ocrx_word' id='word_1_960' title='bbox 1045 2621 1083 2642; x_wconf 83' lang='grc'>29.</span> <span class='ocrx_word' id='word_1_961' title='bbox 1101 2619 1199 2648; x_wconf 87' lang='lat' dir='ltr'>Ibidem,</span> <span class='ocrx_word' id='word_1_962' title='bbox 1219 2619 1356 2643; x_wconf 86' lang='lat' dir='ltr'>bibliotheca</span> <span class='ocrx_word' id='word_1_963' title='bbox 1374 2621 1506 2650; x_wconf 86' lang='lat' dir='ltr'>Escurialis,</span> <span class='ocrx_word' id='word_1_964' title='bbox 1523 2621 1575 2644; x_wconf 87' lang='lat' dir='ltr'>cod.</span> <span class='ocrx_word' id='word_1_965' title='bbox 1591 2622 1636 2644; x_wconf 87' lang='lat' dir='ltr'>Est.</span> <span class='ocrx_word' id='word_1_966' title='bbox 1654 2622 1692 2644; x_wconf 80' lang='lat'>95.</span> <span class='ocrx_word' id='word_1_967' title='bbox 1707 2622 1741 2645; x_wconf 93' lang='lat' dir='ltr'>lll.</span> <span class='ocrx_word' id='word_1_968' title='bbox 1760 2629 1781 2645; x_wconf 89' lang='lat' dir='ltr'>a.</span> <span class='ocrx_word' id='word_1_969' title='bbox 1801 2623 1821 2645; x_wconf 87' lang='lat'>3.</span> 
     </span>
     <span class='ocr_line' id='line_1_114' title="bbox 981 2666 1822 2696; baseline 0.004 -7"><span class='ocrx_word' id='word_1_970' title='bbox 981 2666 1082 2690; x_wconf 88' lang='lat' dir='ltr'>membr.</span> <span class='ocrx_word' id='word_1_971' title='bbox 1100 2667 1125 2689; x_wconf 92' lang='lat' dir='ltr'>in</span> <span class='ocrx_word' id='word_1_972' title='bbox 1142 2667 1178 2690; x_wconf 81' lang='lat' dir='ltr'>fol.</span> <span class='ocrx_word' id='word_1_973' title='bbox 1195 2673 1255 2690; x_wconf 89' lang='lat' dir='ltr'>saec.</span> <span class='ocrx_word' id='word_1_974' title='bbox 1272 2667 1323 2689; x_wconf 90' lang='lat' dir='ltr'>XV.</span> <span class='ocrx_word' id='word_1_975' title='bbox 1341 2667 1446 2690; x_wconf 85' lang='lat' dir='ltr'>ineuntis.</span> <span class='ocrx_word' id='word_1_976' title='bbox 1464 2680 1494 2684; x_wconf 88' lang='lat'>—</span> <span class='ocrx_word' id='word_1_977' title='bbox 1512 2668 1590 2696; x_wconf 85' lang='lat' dir='ltr'>Incipit</span> <span class='ocrx_word' id='word_1_978' title='bbox 1610 2669 1647 2691; x_wconf 79' lang='lat' dir='ltr'>tol.</span> <span class='ocrx_word' id='word_1_979' title='bbox 1671 2675 1717 2692; x_wconf 87' lang='lat' dir='ltr'>non</span> <span class='ocrx_word' id='word_1_980' title='bbox 1742 2675 1822 2692; x_wconf 90' lang='lat' dir='ltr'>nume-</span> 
     </span>
     <span class='ocr_line' id='line_1_115' title="bbox 982 2713 1822 2743; baseline 0.004 -8"><span class='ocrx_word' id='word_1_981' title='bbox 982 2716 1031 2736; x_wconf 86' lang='lat' dir='ltr'>rato</span> <span class='ocrx_word' id='word_1_982' title='bbox 1049 2719 1102 2736; x_wconf 90' lang='lat' dir='ltr'>cum</span> <span class='ocrx_word' id='word_1_983' title='bbox 1120 2713 1224 2736; x_wconf 85' lang='lat' dir='ltr'>rubrica:</span> <span class='ocrx_word' id='word_1_984' title='bbox 1241 2713 1269 2736; x_wconf 87' lang='lat' dir='ltr'>In</span> <span class='ocrx_word' id='word_1_985' title='bbox 1293 2713 1374 2743; x_wconf 73' lang='lat' dir='ltr'>cipitia</span> <span class='ocrx_word' id='word_1_986' title='bbox 1399 2713 1476 2737; x_wconf 85' lang='lat' dir='ltr'>sancti</span> <span class='ocrx_word' id='word_1_987' title='bbox 1499 2714 1629 2738; x_wconf 84' lang='lat' dir='ltr'>Francisci.</span> <span class='ocrx_word' id='word_1_988' title='bbox 1650 2715 1736 2738; x_wconf 88' lang='lat' dir='ltr'>Desinit</span> <span class='ocrx_word' id='word_1_989' title='bbox 1751 2716 1776 2738; x_wconf 92' lang='lat' dir='ltr'>in</span> <span class='ocrx_word' id='word_1_990' title='bbox 1794 2716 1822 2738; x_wconf 90' lang='lat' dir='ltr'>le-</span> 
     </span>
     <span class='ocr_line' id='line_1_116' title="bbox 981 2759 1822 2793; baseline 0.005 -11"><span class='ocrx_word' id='word_1_991' title='bbox 981 2761 1057 2783; x_wconf 85' lang='lat' dir='ltr'>ctione</span> <span class='ocrx_word' id='word_1_992' title='bbox 1074 2760 1154 2789; x_wconf 87' lang='lat' dir='ltr'>quinta</span> <span class='ocrx_word' id='word_1_993' title='bbox 1172 2760 1186 2782; x_wconf 94' lang='lat' dir='ltr'>l.</span> <span class='ocrx_word' id='word_1_994' title='bbox 1203 2760 1260 2783; x_wconf 84' lang='lat' dir='ltr'>tituli</span> <span class='ocrx_word' id='word_1_995' title='bbox 1276 2759 1366 2783; x_wconf 85' lang='lat' dir='ltr'>verbis:</span> <span class='ocrx_word' id='word_1_996' title='bbox 1384 2762 1406 2784; x_wconf 92' lang='lat' dir='ltr'>et</span> <span class='ocrx_word' id='word_1_997' title='bbox 1422 2760 1471 2790; x_wconf 85' lang='lat' dir='ltr'>ipse</span> <span class='ocrx_word' id='word_1_998' title='bbox 1492 2761 1643 2791; x_wconf 87' lang='lat' dir='ltr'>postmodum</span> <span class='ocrx_word' id='word_1_999' title='bbox 1661 2762 1706 2786; x_wconf 78' lang='lat' dir='ltr'>sibi</span> <span class='ocrx_word' id='word_1_1000' title='bbox 1721 2763 1822 2793; x_wconf 81' lang='lat' dir='ltr'>familia-</span> 
     </span>
     <span class='ocr_line' id='line_1_117' title="bbox 981 2806 1823 2833; baseline 0.005 -4"><span class='ocrx_word' id='word_1_1001' title='bbox 981 2806 1048 2829; x_wconf 85' lang='lat' dir='ltr'>ribus</span> <span class='ocrx_word' id='word_1_1002' title='bbox 1072 2806 1191 2830; x_wconf 81' lang='lat' dir='ltr'>revelavit.</span> <span class='ocrx_word' id='word_1_1003' title='bbox 1214 2806 1290 2830; x_wconf 85' lang='lat' dir='ltr'>Codex</span> <span class='ocrx_word' id='word_1_1004' title='bbox 1312 2810 1346 2830; x_wconf 89' lang='lat' dir='ltr'>est</span> <span class='ocrx_word' id='word_1_1005' title='bbox 1369 2807 1511 2831; x_wconf 88' lang='lat' dir='ltr'>Breviarium</span> <span class='ocrx_word' id='word_1_1006' title='bbox 1538 2808 1629 2832; x_wconf 85' lang='lat' dir='ltr'>Ordinis</span> <span class='ocrx_word' id='word_1_1007' title='bbox 1655 2809 1760 2833; x_wconf 84' lang='lat' dir='ltr'>Fratrum</span> <span class='ocrx_word' id='word_1_1008' title='bbox 1787 2810 1823 2833; x_wconf 80' lang='lat' dir='ltr'>Mi-</span> 
     </span>
     <span class='ocr_line' id='line_1_118' title="bbox 981 2860 1073 2876; baseline 0 0"><span class='ocrx_word' id='word_1_1009' title='bbox 981 2860 1073 2876; x_wconf 90' lang='lat' dir='ltr'>norum.</span> 
     </span>
    </p>

    <p class='ocr_par' dir='ltr' id='par_1_26' title="bbox 982 2899 1822 2980">
     <span class='ocr_line' id='line_1_119' title="bbox 1044 2899 1822 2928; baseline 0.006 -6"><span class='ocrx_word' id='word_1_1010' title='bbox 1044 2900 1081 2922; x_wconf 87' lang='lat'>30.</span> <span class='ocrx_word' id='word_1_1011' title='bbox 1100 2899 1198 2928; x_wconf 83' lang='lat' dir='ltr'>Ibidem,</span> <span class='ocrx_word' id='word_1_1012' title='bbox 1217 2900 1268 2923; x_wconf 93' lang='lat' dir='ltr'>cod.</span> <span class='ocrx_word' id='word_1_1013' title='bbox 1284 2901 1330 2924; x_wconf 89' lang='lat' dir='ltr'>Est.</span> <span class='ocrx_word' id='word_1_1014' title='bbox 1347 2901 1384 2924; x_wconf 86' lang='grc'>96.</span> <span class='ocrx_word' id='word_1_1015' title='bbox 1410 2902 1433 2924; x_wconf 96' lang='lat' dir='ltr'>II.</span> <span class='ocrx_word' id='word_1_1016' title='bbox 1457 2901 1479 2924; x_wconf 93' lang='lat' dir='ltr'>b.</span> <span class='ocrx_word' id='word_1_1017' title='bbox 1498 2903 1534 2925; x_wconf 79' lang='grc'>45.</span> <span class='ocrx_word' id='word_1_1018' title='bbox 1551 2902 1651 2926; x_wconf 92' lang='lat' dir='ltr'>membr.</span> <span class='ocrx_word' id='word_1_1019' title='bbox 1667 2903 1690 2926; x_wconf 91' lang='lat' dir='ltr'>in</span> <span class='ocrx_word' id='word_1_1020' title='bbox 1716 2903 1737 2926; x_wconf 87' lang='grc'>4.</span> <span class='ocrx_word' id='word_1_1021' title='bbox 1761 2910 1822 2927; x_wconf 88' lang='lat' dir='ltr'>saec.</span> 
     </span>
     <span class='ocr_line' id='line_1_120' title="bbox 982 2947 1821 2980; baseline 0.007 -12"><span class='ocrx_word' id='word_1_1022' title='bbox 982 2947 1034 2969; x_wconf 90' lang='lat' dir='ltr'>XV.</span> <span class='ocrx_word' id='word_1_1023' title='bbox 1050 2947 1159 2970; x_wconf 84' lang='lat' dir='ltr'>exeuntis.</span> <span class='ocrx_word' id='word_1_1024' title='bbox 1177 2959 1206 2963; x_wconf 89' lang='lat'>—</span> <span class='ocrx_word' id='word_1_1025' title='bbox 1223 2947 1323 2970; x_wconf 80' lang='lat' dir='ltr'>Rubrica</span> <span class='ocrx_word' id='word_1_1026' title='bbox 1341 2948 1463 2976; x_wconf 81' lang='lat' dir='ltr'>Legendae</span> <span class='ocrx_word' id='word_1_1027' title='bbox 1482 2952 1516 2972; x_wconf 88' lang='lat' dir='ltr'>est</span> <span class='ocrx_word' id='word_1_1028' title='bbox 1539 2950 1576 2972; x_wconf 83' lang='lat' dir='ltr'>sol.</span> <span class='ocrx_word' id='word_1_1029' title='bbox 1596 2949 1649 2973; x_wconf 85' lang='grc'>499.</span> <span class='ocrx_word' id='word_1_1030' title='bbox 1666 2956 1703 2973; x_wconf 84' lang='grc' dir='ltr'>ν.;</span> <span class='ocrx_word' id='word_1_1031' title='bbox 1721 2951 1748 2974; x_wconf 85' lang='lat' dir='ltr'>In</span> <span class='ocrx_word' id='word_1_1032' title='bbox 1763 2951 1821 2980; x_wconf 77' lang='lat' dir='ltr'>sesto</span> 
     </span>
    </p>
   </div>
  </div>
 </body>
</html>
