2133 3317
235 235 290 263 684

484 273 539 295 Apo

281 326 312 329 —
330 313 454 340 Praecipue
467 319 505 334 sex
518 312 547 334 de
559 312 635 334 causis
648 311 752 334 Christus
764 311 801 334 de-

238 353 271 375 dit
287 352 402 380 Apostolis
420 351 555 374 mandatum
573 351 641 373 nudis
659 350 759 379 pedibus
770 351 801 373 in-

235 391 332 414 cedendi
350 391 394 413 307
413 391 425 412 8
438 403 469 407 -
481 390 534 412 Veri
547 382 649 418 Apostoli
662 390 801 412 calceamen-

236 432 264 453 tis
281 431 391 452 virtutum
410 430 506 452 calceari
523 429 609 451 debent
625 430 670 451 388
687 429 702 451 7

281 482 310 486 —
328 469 452 497 Apostolos
470 475 515 491 non
533 469 598 496 signa
617 467 733 490 mirabiles
747 469 802 491 fece-

235 512 301 536 runt,
318 509 359 531 sed
377 511 501 536 paupertas
518 508 558 530 301
574 509 604 530 22
616 520 647 525 -
658 514 704 530 000
716 507 801 530 habue-

233 552 286 571 runt
302 548 441 576 opulentiam
468 548 517 570 sive
542 547 682 570 affluentiam
708 553 800 574 rerum,

234 588 274 610 sed
293 587 454 610 sullicientiam
473 587 555 609 mentis
573 587 617 608 283
637 587 665 608 33
683 598 714 602 ·—
731 585 801 609 habe-

234 626 290 649 bant
306 626 416 649 fiduciam
434 632 460 648 ex
479 628 615 654 paupertate
633 626 678 647 299
697 625 725 647 16

280 678 310 681 —
329 666 352 687 ln
370 665 498 693 Apostolis,
516 665 555 693 qui
579 664 738 693 possessiones
760 665 801 687 im-

234 703 331 727 mobiles
348 710 393 726 nou
408 703 551 731 habuerunt,
564 706 738 726 consummatae
750 710 801 732 per-

234 744 336 766 fectionis
354 744 485 771 exemplum
505 743 588 765 effulsit
606 743 651 765 290
665 744 672 764 l
680 743 701 765 4.
714 744 754 765 291
775 744 801 766 15

233 796 263 799 -
294 783 429 811 Exemplum
462 782 604 811 paupertatis
637 783 800 811 Apostolorum

235 824 383 850 comparatur
404 821 588 850 superhumerali
612 822 745 850 copulatum
768 828 801 844 ra-

236 861 313 884 tionali
331 861 429 889 exempli
447 861 529 883 Christi
547 862 592 883 302
610 862 638 883 23

280 913 311 917 -
328 900 442 922 Districtio
465 900 494 923 de
517 903 652 928 paupertate
676 901 800 928 apostolica

234 939 388 962 indifferenter
400 939 510 962 omnibus
522 939 659 967 proponitur
670 939 801 963 volentibus

235 985 286 1001 eam
304 979 386 1001 imitari
405 978 450 1000 416
469 978 497 1001 14
510 991 540 995 -
552 979 613 1001 Haec
625 979 736 1007 perfectio
748 986 801 1007 apo-

234 1018 312 1041 stolica
325 1024 370 1040 non
384 1018 458 1040 solum
470 1018 494 1040 in
507 1018 593 1047 itinere,
605 1018 646 1041 sed
659 1018 721 1041 domi
732 1019 800 1041 etiam

235 1057 382 1080 observanda
399 1062 433 1080 est
451 1057 496 1080 4l7
518 1058 543 1079 15

281 1109 312 1113 -
329 1098 353 1119 ln
371 1097 452 1119 ordine
464 1097 627 1124 Apostolorum
639 1096 683 1119 sub
696 1097 802 1125 magiste-

236 1135 270 1158 rio
287 1135 371 1158 Christi
388 1138 479 1163 reperta
496 1139 530 1158 est
547 1136 654 1164 iniquitas
675 1136 717 1159 135
736 1137 763 1158 13

280 1188 311 1190 -
328 1175 427 1203 dispersi
444 1178 497 1197 sunt
513 1178 535 1197 et
552 1175 646 1197 desolati
662 1175 682 1197 in
696 1176 801 1203 passione

236 1213 320 1236 Christi
336 1213 366 1236 75
385 1214 413 1235 18
431 1226 461 1230 -
478 1214 649 1242 D1scipulorum
668 1214 733 1237 dolor
750 1217 803 1242 post

237 1253 469 1281 comprehensionem
492 1252 574 1275 Christi
591 1253 621 1275 76
640 1254 669 1275 20
686 1265 717 1269 -
734 1256 802 1281 capto

238 1292 358 1321 Magistro,
377 1294 485 1320 fugerunt
502 1292 530 1315 ib.
548 1293 573 1315 21

281 1344 311 1348 -
328 1331 409 1360 repleti
432 1332 518 1360 Spiritu
544 1334 622 1355 sancto
647 1331 802 1361 loquebantur

234 1371 304 1393 variis
321 1371 405 1399 linguis
422 1374 444 1393 et
462 1371 604 1394 docebantur
627 1378 721 1394 omnem
744 1372 802 1394 veri-

234 1413 304 1433 tatem
321 1414 342 1433 et
360 1411 388 1433 ad
407 1417 500 1433 omnem
523 1411 670 1433 dilectionem
693 1412 803 1434 accende-

234 1450 318 1473 bantur
335 1452 357 1472 et
374 1450 398 1472 in
415 1450 477 1472 omni
498 1450 582 1473 virtute
603 1450 755 1473 firmabantur
772 1452 801 1473 82

234 1490 263 1512 39

280 1542 312 1546 —-
329 1531 394 1552 erant
411 1529 480 1557 primi
498 1529 630 1552 sacerdotes
647 1529 677 1552 75
696 1530 723 1552 16

281 1581 312 1585 —-
330 1568 442 1591 Dominus
460 1575 532 1591 unum
546 1569 682 1597 Apostolum
695 1570 803 1597 praefecit

235 1608 329 1635 ceteris,
347 1608 401 1636 quia
419 1608 467 1630 sine
485 1614 530 1630 uno
548 1608 622 1636 capite
640 1608 699 1630 nulla
724 1615 803 1637 respu-

236 1647 294 1669 blica
311 1649 371 1669 stare
390 1646 448 1669 bene
465 1649 541 1675 potest
558 1647 602 1669 427
621 1648 634 1670 2

281 1699 312 1703 -
329 1692 340 1708 0
359 1686 450 1709 Christo
476 1687 601 1709 Ecclesiam
628 1687 755 1715 regendam
780 1690 803 1710 et

236 1725 376 1748 dilatandam
394 1728 534 1753 acceperunt
551 1726 597 1748 375
615 1727 628 1748 2

281 1777 312 1782 -
330 1765 351 1787 10
364 1765 436 1787 variis
448 1765 530 1787 mundi
542 1765 647 1793 partibus
659 1766 802 1793 pontificium

235 1807 388 1832 susceperunt
405 1805 445 1826 391
469 1805 482 1826 2
494 1817 525 1820 —
538 1805 601 1827 missi
613 1808 666 1827 sunt
678 1812 689 1827 a
703 1805 802 1828 Domino

236 1844 258 1866 in
275 1844 390 1866 mundum
404 1844 539 1866 universum
552 1844 688 1872 praedicare
699 1846 803 1873 Evange-

236 1883 304 1911 lium,
330 1884 427 1905 salutem
457 1884 614 1911 promittendo
642 1884 801 1911 credentibus,

237 1923 409 1945 damnationem
427 1923 591 1946 comminando
608 1923 743 1950 incredulis,
760 1923 802 1946 Do-

235 1962 298 1984 mino
316 1962 389 1990 signis
407 1962 558 1984 confirmante
575 1968 706 1985 sermonem
725 1963 749 1984 81
773 1962 802 1985 36

281 2013 312 2017 -
330 2001 402 2024 adiuti
420 2001 493 2029 gratia
518 2002 617 2029 Spiritus
641 2002 727 2031 sancti,
754 2002 803 2024 illu-

236 2041 299 2063 strati
316 2041 420 2063 doctrina
438 2043 460 2063 et
476 2041 595 2063 confortati
613 2041 727 2069 potentia,
748 2047 802 2064 cum

236 2080 304 2108 pauci
322 2082 398 2102 essent
414 2082 436 2102 et
453 2080 580 2108 simplices,
598 2087 640 2108 per
653 2083 725 2103 totum
738 2087 803 2103 mun-

236 2119 293 2141 dum
322 2119 485 2147 plantaverunt
512 2120 635 2142 Ecclesiam
663 2120 691 2142 82
718 2120 747 2142 39
771 2131 803 2136 -

236 2159 327 2181 fuerunt
344 2158 412 2186 primi
430 2158 562 2181 fundatores
573 2159 690 2186 religionis
703 2159 803 2181 chris'tia-

236 2203 281 2219 nae
302 2200 324 2219 et
349 2198 492 2225 professores
517 2198 663 2225 perfectionis
688 2199 802 2226 excelsae,

239 2236 289 2259 sive
306 2236 366 2259 sicut
390 2236 496 2264 privatae
520 2242 646 2264 personae,
671 2237 720 2259 sive
744 2237 804 2260 sicut

238 2275 377 2303 exemplaria
394 2275 511 2304 quaedam
529 2275 574 2297 279
592 2276 621 2297 20
638 2288 669 2292 -
686 2276 728 2298 Per
745 2276 803 2304 Apo·

238 2315 308 2337 stolos
333 2321 448 2343 pauperes
472 2314 543 2337 rebus
565 2317 587 2337 et
609 2315 704 2343 spiritu,
722 2322 804 2344 quam—

238 2360 309 2383 quam
326 2360 424 2377 numero
442 2360 542 2382 paucOS,
561 2354 642 2377 diffusa
660 2357 694 2377 est
705 2361 804 2383 evange-

237 2394 279 2417 lica
298 2393 383 2416 veritas
401 2394 425 2415 in
448 2393 583 2416 universum
607 2393 687 2416 orbem
710 2394 750 2416 301
774 2395 803 2416 22

236 2446 266 2449 —-
283 2434 325 2455 Per
343 2433 406 2461 ipsos
423 2433 587 2461 multiplicatus
598 2435 632 2455 est
644 2434 745 2461 populns
757 2439 803 2456 cre-

237 2473 341 2495 dentium
360 2472 511 2500 spiritualiter
528 2471 572 2494 408
591 2472 603 2494 4

282 2524 311 2528 —-
324 2511 479 2534 universalem
491 2511 614 2534 Ecclesiam
622 2529 628 2539 ,
641 2514 664 2534 ut
676 2512 804 2535 ordinatius

237 2551 414 2579 gubernaretur,
427 2550 583 2578 multipliciter
595 2550 747 2574 distinxerunt
758 2551 803 2573 375

238 2591 251 2612 2
268 2602 298 2607 -
316 2590 393 2612 statim
411 2590 434 2612 in
451 2590 565 2612 Ecclesiae
579 2590 693 2618 principio
705 2590 804 2613 institue-

238 2632 293 2652 runt
309 2630 425 2657 praelatos
442 2629 465 2651 in
482 2635 591 2652 curarum
612 2635 707 2651 suarum
731 2633 805 2652 custo-

236 2668 280 2691 diis
296 2668 424 2691 residentes
442 2668 487 2690 416
507 2668 535 2690 13

283 2720 314 2724 -
339 2708 455 2736 Apostolis
484 2707 671 2736 praecipiebatur
699 2709 753 2736 fuga
782 2708 804 2730 10

236 2753 303 2775 casu,
321 2750 346 2769 ut
363 2746 415 2769 alibi
433 2747 595 2775 praedicarent
612 2747 657 2769 253
675 2747 688 2769 6

284 2799 313 2801 -
330 2786 399 2809 aliam
418 2786 523 2814 regulam
540 2786 636 2809 vivendi
653 2792 695 2814 pro
712 2792 737 2809 se
749 2786 804 2814 ipsis

238 2831 251 2847 a
268 2825 366 2847 Domino
393 2828 546 2853 acceperunt,
571 2825 638 2847 aliam
665 2825 804 2848 multitudini

238 2865 369 2892 primitivae
392 2865 461 2887 simul
485 2864 637 2887 habitantium
659 2865 764 2887 virorum
782 2866 804 2887 et

237 2903 360 2925 mulierum
379 2903 495 2926 dederunt
512 2904 556 2926 399
573 2903 588 2925 7
601 2916 630 2919 —
643 2903 755 2931 gerebant
766 2909 804 2931 pe-

237 2942 318 2964 cuniae
336 2943 401 2970 pretii
419 2949 497 2965 rerum
509 2943 657 2965 venditarum
670 2943 699 2965 ad
711 2945 803 2971 tempus

237 2981 413 3003 sollicitudinem
442 2980 496 3004 ibid.
521 2994 551 2998 -—
579 2983 638 3004 hanc
666 2981 803 3004 dimiserunt

237 3020 296 3042 sicut
312 3020 474 3048 impeditivam
491 3020 557 3043 verbi
575 3021 615 3043 Dei
632 3020 685 3044 ibid.

934 233 1034 262 INDEX
1056 233 1303 263 ALPHABETICUS.

884 325 913 327 —
932 311 1063 334 habuerunt
1080 318 1147 334 usum
1170 318 1248 334 rerum
1272 312 1400 340 primorum

835 351 937 374 fidelium
955 351 1004 373 sine
1021 351 1124 373 dominio
1143 351 1187 373 422
1207 352 1234 373 lo
1252 363 1283 368 —
1300 351 1357 374 Cum
1370 358 1402 374 re-

835 396 887 412 rum
906 390 1052 413 venditarum
1071 391 1143 418 pretia
1161 389 1307 418 ponebantur
1323 390 1352 412 ad
1365 397 1402 418 pe-

834 429 876 452 des
897 430 1074 457 Apostolorum,
1100 432 1175 451 tamen
1200 429 1254 451 nihil
1279 429 1400 457 proprium

834 469 871 490 vel
889 475 1013 491 commune
1035 469 1200 497 possederunt,
1222 468 1276 497 quia
1299 474 1402 491 commu-

835 507 893 530 nitas
912 507 948 530 illa
965 514 1011 530 non
1029 509 1127 530 refertur
1140 508 1169 530 acl
1181 508 1303 535 Apostolos
1315 508 1359 529 283
1373 508 1402 530 32

881 559 912 563 -
929 553 975 569 000
992 547 1067 569 solum
1085 547 1113 569 de
1131 546 1299 574 spiritualibus,
1322 547 1362 569 sed
1380 549 1402 569 01

835 586 864 608 de
881 586 1048 614 temporalibus
1060 585 1235 608 necessitatibus
1247 586 1348 608 fidelium
1361 586 1402 608 sol-

835 625 889 647 liciti
906 628 970 648 erant
988 626 1031 647 138
1050 626 1063 647 2
1082 638 1112 641 -
1129 625 1247 653 Apostolis
1264 625 1287 647 in
1299 631 1340 647 sua
1353 631 1403 652 ege-

835 666 893 686 state
906 664 1062 693 manentibus,
1074 670 1155 687 eorum
1167 664 1312 691 dispositioni
1323 664 1401 692 quoad

834 709 871 725 res
889 706 911 725 et
929 710 1040 731 personas
1057 703 1174 731 primitiva
1193 703 1292 726 Ecclesia
1309 702 1403 726 suberat

835 743 879 764 283
899 743 927 765 32
946 755 975 758 -
993 748 1071 765 rerum
1084 742 1258 770 dispositionem
1273 743 1403 764 maluerunt

835 782 980 804 committere
1005 782 1065 809 aliis,
1088 785 1112 804 ut
1137 782 1309 804 distractionem
1336 782 1402 804 mini-

835 821 921 843 strandi
939 822 1084 850 refugerent,
1101 827 1145 843 non
1164 821 1218 850 quia
1236 827 1278 849 per
1295 821 1351 843 illud
1363 821 1403 843 mi-

834 860 954 883 nisterium
973 861 1060 889 aliquid
1078 860 1223 888 possiderent
1240 860 1294 883 ibid.

883 912 914 916 ——
932 900 1094 928 Apostolorum
1116 902 1164 922 erat
1186 900 1305 928 signorum
1330 900 1403 922 virtus

835 939 879 961 283
900 939 929 961 32
948 951 978 955 -
996 939 1018 961 10
1034 939 1117 961 virtute
1135 939 1235 961 nominis
1252 940 1301 961 lesu
1320 938 1402 961 Christi

836 977 982 1006 imperabant
1006 977 1115 1000 omnibus
1137 978 1249 1000 creaturis
1270 981 1293 1000 et
1314 978 1402 1001 morbis

836 1018 860 1039 81
884 1017 912 1039 46

883 1069 912 1072 ——
931 1056 966 1079 Ad
983 1057 1113 1084 angelicum
1132 1057 1274 1079 consortium
1292 1063 1402 1085 pervene-

835 1099 888 1118 runt
906 1096 950 1118 408
970 1096 983 1118 4

882 1148 913 1151 »-
932 1135 1012 1157 Αο1010
1031 1135 1055 1157 fit
1071 1136 1115 1157 filia
1133 1136 1295 1163 Apostolorum
1314 1142 1402 1163 perca-

835 1174 927 1196 ritatem
946 1177 968 1197 et
984 1175 1117 1202 patientiam
1135 1175 1160 1196 51
1184 1174 1211 1196 17

882 1226 913 1229 -
929 1214 1027 1236 Devotio
1045 1214 1067 1235 S.
1084 1214 1199 1236 Francisci
1216 1220 1271 1242 erga
1290 1215 1324 1237 Ss.
1341 1215 1402 1242 Apo-

835 1253 905 1275 stolos
923 1253 967 1275 530
986 1253 998 1275 3
1017 1265 1047 1269 -
1064 1253 1147 1281 accipit
1164 1254 1268 1281 regulam
1281 1254 1402 1282 Apostolo-

835 1298 887 1314 rum
905 1292 950 1314 510
970 1292 977 1313 1

883 1331 1011 1354 APOSTOLICt
1029 1344 1059 1348 —
1076 1332 1224 1354 nominantur
1242 1332 1402 1360 praedicantes

835 1371 986 1398 Evangelium
1004 1374 1025 1392 et
1046 1371 1169 1398 pecuniam
1195 1377 1238 1393 non
1264 1371 1403 1399 accipientes

835 1412 857 1432 et
874 1410 943 1432 nudis
961 1409 1060 1438 pedibus
1077 1410 1208 1432 incedentes
1226 1411 1271 1432 389
1293 1411 1313 1432 11

884 1449 1039 1471 ΑΡΡΛιῑΕΝτιΑΕ
1056 1462 1085 1465 —-
1099 1450 1181 1477 falsae,
1194 1450 1262 1478 quale
1273 1451 1359 1473 malum
1372 1451 1402 1472 af-

837 1489 909 1510 ferant
927 1488 1039 1516 Religioni
1058 1489 1102 1510 138
1121 1489 1133 1510 3

883 1527 1019 1550 Aprutium
1036 1540 1066 1544 —
1084 1528 1144 1550 nulla
1162 1528 1184 1550 in
1201 1528 1286 1551 Ordine
1304 1528 1352 1551 fieri
1366 1529 1403 1551 de-

836 1566 874 1589 bet
893 1567 937 1589 457
955 1566 970 1589 b

887 1607 1005 1629 Appnmffi
1022 1618 1052 1622 —
1071 1606 1160 1634 Dulcia,
1178 1607 1254 1629 mollia
1271 1609 1293 1629 et
1304 1607 1403 1629 carnalia

836 1651 882 1667 non
901 1645 976 1668 solum
988 1645 1170 1673 reprehensibile
1182 1648 1216 1668 est
1227 1649 1337 1674 appetere
1349 1641 1402 1669 cum

837 1691 963 1712 consensu,
980 1685 1021 1707 sed
1039 1685 1107 1707 etiam
1121 1685 1250 1713 respuenda
1262 1688 1316 1708 sunt
1327 1686 1403 1713 primo

837 1727 900 1746 motu
919 1724 932 1746 4
951 1724 964 1746 5

884 1775 914 1779 -
932 1764 1053 1792 Appetitus
1070 1764 1185 1791 dulcium,
1204 1764 1306 1786 mollium
1324 1767 1346 1786 et
1358 1771 1404 1786 car-

837 1803 924 1825 nalium
941 1806 988 1830 est,
1008 1802 1046 1825 ubi
1064 1803 1123 1825 vivit
1140 1803 1323 1831 concupiscentia
1341 1803 1404 1826 volu-

837 1842 905 1870 ptatis
925 1842 937 1864 4
955 1842 968 1864 5
987 1855 1017 1858 —-
1041 1843 1139 1870 favoris,
1164 1843 1239 1865 100015
1264 1845 1286 1865 01
1310 1842 1404 1865 honoris

836 1885 881 1909 est,
900 1881 940 1904 ubi
958 1881 1016 1904 vivit
1032 1882 1219 1910 concupiscentia
1231 1882 1337 1904 vanitatis
1349 1881 1403 1905 ibid.

884 1921 1039 1943 Appnopmmx
1056 1933 1087 1937 —
1104 1923 1158 1944 sunt
1175 1921 1251 1944 media
1269 1921 1326 1944 inter
1343 1927 1404 1943 com-

837 1960 915 1982 munia
933 1963 955 1982 et
972 1960 1065 1988 propria
1085 1961 1113 1982 16
1132 1961 1156 1982 11

883 2011 914 2016 -
941 2000 1000 2021 Patri
1025 2000 1189 2028 appropriatur
1214 2000 1324 2027 altitudo,
1349 1999 1403 2022 Filio

838 2039 984 2066 pulcritudo,
1003 2039 1098 2067 Spiritui
1115 2042 1194 2061 sancto
1212 2039 1311 2062 dulcedo
1329 2039 1357 2061 17
1376 2040 1403 2062 12

837 2091 868 2095 -
885 2079 967 2101 Unitas
984 2079 1148 2107 appropriatur
1165 2079 1237 2107 Patri,
1254 2079 1308 2107 quia
1325 2079 1405 2106 origo,

837 2118 922 2140 veritas
939 2118 1006 2145 Filio,
1023 2118 1077 2147 quia
1096 2118 1186 2146 imago,
1204 2118 1294 2140 bonitas
1310 2118 1404 2146 Spiritui

837 2160 929 2184 sancto,
946 2158 1002 2186 qnia
1019 2157 1131 2180 connexio
1142 2156 1197 2180 ibid.
1210 2170 1239 2173 —
1252 2158 1353 2180 Potestas
1364 2163 1406 2185 ap-

841 2198 976 2224 propriatur
993 2197 1065 2223 Patri,
1082 2197 1135 2225 quia
1154 2196 1305 2224 principium,
1316 2196 1406 2224 sapien-

839 2235 869 2258 tia
887 2236 955 2263 Filio,
973 2235 1028 2264 quia
1046 2235 1164 2263 Verbum,
1182 2236 1289 2258 voluntas
1311 2235 1405 2263 Spiritui

838 2278 930 2302 sancto,
948 2275 1001 2304 quia
1019 2275 1106 2297 donum
1125 2274 1178 2297 ibid.

885 2315 1048 2337 Appnopfflmo
1060 2326 1090 2330 —
1102 2314 1246 2342 Regulariter
1258 2314 1364 2336 viventes
1375 2313 1406 2336 ni-

838 2353 867 2376 hil
884 2353 929 2376 sibi
946 2353 1032 2376 debent
1049 2353 1201 2381 appropriare
1218 2352 1263 2375 284
1282 2353 1311 2375 37

885 2393 968 2415 Apatna
986 2405 1017 2409 —
1034 2392 1075 2415 551
1098 2393 1119 2414 6.
1136 2392 1182 2415 552
1200 2393 1222 2414 2.
1240 2392 1285 2414 563
1306 2393 1319 2414 2

884 2445 915 2448 -
933 2432 981 2455 Νο0
994 2431 1054 2454 bene
1066 2432 1178 2454 intellecta
1192 2431 1293 2458 visione,
1305 2432 1327 2454 S.
1340 2432 1406 2453 Fran-

838 2471 913 2494 ciscus
931 2471 1046 2500 disposuit
1062 2471 1084 2493 in
1106 2471 1213 2499 Apuliam
1235 2471 1265 2493 ad
1287 2470 1404 2499 quendam

838 2510 957 2533 liberalem
975 2510 1084 2533 comitem
1107 2516 1132 2533 se
1155 2511 1259 2532 conferre
1281 2509 1325 2532 506
1344 2510 1357 2532 3
1374 2522 1405 2526 -

839 2550 919 2572 transit
936 2556 977 2578 per
994 2550 1101 2578 Apuliam
1119 2549 1165 2572 524
1182 2550 1195 2572 5

887 2590 949 2615 AQUA
967 2601 998 2605 —
1015 2589 1112 2611 mundat
1129 2590 1252 2616 foetorem,
1271 2588 1362 2616 mitigat
1378 2588 1405 2611 si-

839 2628 867 2650 tis
884 2628 1005 2656 ardorem,
1024 2628 1132 2650 fecundat
1145 2630 1218 2650 terrae
1230 2627 1337 2655 vigorem
1350 2628 1379 2650 32
1390 2627 1404 2649 7

885 2679 916 2684 —-
934 2667 1028 2690 confluit
1053 2667 1084 2690 ad
1105 2667 1175 2689 valles
1201 2667 1240 2689 111
1263 2667 1276 2689 6
1293 2679 1325 2683 -
1342 2668 1404 2689 tanto

839 2707 922 2729 fortius
939 2707 999 2734 ssuit,
1017 2708 1103 2735 quanto
1121 2706 1196 2734 magis
1213 2706 1332 2728 descendit
1348 2705 1403 2728 ibid.

887 2758 918 2762 —
936 2745 1039 2768 Christus
1056 2745 1149 2768 contulit
1166 2745 1232 2774 aquis
1250 2745 1299 2767 vim
1312 2750 1405 2773 regene-

839 2785 937 2807 rativam
955 2791 998 2807 suo
1015 2784 1131 2813 baptismo
1148 2784 1177 2807 73
1195 2785 1208 2806 9

887 2824 979 2846 Annon
997 2837 1026 2839 —
1043 2824 1061 2846 si
1079 2830 1175 2846 manum
1193 2823 1289 2852 deponit
1306 2823 1335 2845 ab
1357 2829 1405 2846 ara-

840 2865 875 2885 tro
885 2881 890 2891 ,
908 2863 1018 2886 indirecte
1034 2863 1107 2885 sulcat
1123 2863 1163 2885 441
1187 2862 1214 2884 13

888 2914 919 2919 -
936 2908 1009 2931 quare
1025 2902 1138 2930 significet
1154 2902 1298 2930 Religionem
1318 2901 1357 2924 441
1375 2902 1403 2923 13

887 2941 963 2964 Annon
980 2954 1011 2957 —
1027 2941 1109 2964 crucis.
1126 2942 1149 2963 ln
1161 2941 1236 2969 prima
1248 2943 1270 2963 et
1282 2941 1359 2963 infima
1370 2946 1405 2963 ra·

840 2986 933 3003 morum
945 2980 1036 3003 arboris
1047 2980 1199 3008 imaginariae
1209 2980 1349 3008 expansione
1361 2980 1405 3002 Sal-

837 3020 924 3043 vatoris
941 3020 1008 3048 origo
1025 3019 1162 3042 describitur
1179 3022 1202 3041 et
1218 3019 1278 3046 vita,
1293 3019 1315 3041 in
1327 3019 1403 3041 media

1707 275 1749 297 ASl

1435 313 1525 341 passio,
1543 316 1566 335 et
1583 313 1717 341 glorificatio
1735 314 1756 336 in
1774 320 1883 342 suprema
1901 315 1930 337 68
1944 316 1957 337 2
1969 328 2000 331 ——

1435 352 1465 374 Ex
1490 352 1593 381 quolibet
1617 353 1741 375 duodecim
1767 359 1885 376 ramorum
1911 354 2000 377 arboris

1435 391 1585 419 imaginariae
1602 392 1672 414 instar
1689 393 1776 415 [ructus
1793 393 1858 415 unica
1882 394 1999 421 pullulatio

1435 430 1533 458 pendet,
1551 434 1576 453 ut
1601 431 1646 453 sint
1670 432 1736 460 quasi
1761 431 1886 454 duodecim
1913 434 1999 455 fructus

1435 468 1488 491 ibid.

1483 520 1514 524 -—
1531 509 1560 531 Ex
1578 508 1668 531 arboris
1692 510 1769 537 stipite
1794 510 1918 533 duodecim
1943 511 2001 533 rami

1436 546 1571 575 frondibus,
1598 548 1694 571 floribus
1716 552 1737 571 et
1763 549 1874 572 fructibus
1898 550 2001 572 adornati

1436 590 1580 614 consurgunt
1592 587 1620 608 69
1634 587 1647 609 3
1659 600 1690 603 -
1703 587 1806 610 Verbum
1819 589 1894 611 crucis
1906 592 1940 611 est
1952 595 2003 611 con-

1437 627 1469 647 tra
1488 631 1558 647 omne
1575 632 1650 653 genus
1667 626 1743 648 morbi
1761 627 1958 650 medicamentum
1970 629 2002 650 01-

1436 664 1613 693 ticacissimum,
1631 668 1678 687 tam
1701 671 1854 693 praeservans
1876 673 1946 696 quam
1969 673 2002 690 re-

1436 710 1520 731 parans
1537 703 1590 726 ibid.

1483 756 1514 759 —
1531 743 1606 766 Arbor
1624 744 1698 766 crucis
1716 744 1825 772 irrigatur
1842 745 1902 767 fonte
1924 749 1946 768 et
1963 746 2003 768 ssu-

1436 782 1474 804 vio
1492 783 1521 804 68
1539 783 1552 804 3

1482 834 1513 837 —
1531 822 1581 844 Flos
1599 821 1688 845 arboris
1705 823 1781 845 crucis
1798 823 1882 846 coloris
1900 824 2003 847 formosi-

1436 863 1480 883 tate
1498 864 1520 883 et
1537 861 1616 883 odoris
1634 862 1747 884 suavitate
1764 862 1835 885 corda
1852 863 1963 885 refocillat
1979 866 2001 885 et

1436 900 1528 922 attrahit
1546 900 1575 922 69
1593 901 1605 922 3
1623 912 1653 917 -—
1666 901 1763 923 Fructus
1774 900 1864 924 arboris
1876 902 1951 924 crucis
1962 902 2002 925 de-

1436 939 1503 961 lectat
1519 939 1614 962 edentes
1630 939 1679 962 sine
1697 940 1788 963 fastidio
1806 939 1860 963 ibid.

1483 979 1544 1000 Anca
1563 992 1592 995 -—
1612 979 1706 1001 inferius
1724 979 1880 1008 tricamerata,
1897 983 1919 1002 et
1939 979 2002 1003 hica-

1436 1020 1523 1040 merata
1542 1018 1563 1040 in
1581 1018 1658 1041 medio
1670 1021 1693 1041 et
1708 1019 1733 1040 in
1744 1018 1823 1041 cubito
1841 1022 2001 1042 consummata

1435 1057 1550 1084 significat
1567 1058 1731 1085 perfectionem
1749 1058 1908 1086 evangelicam
1926 1058 1971 1081 246
1989 1059 2002 1080 8

1435 1108 1466 1112 —
1487 1097 1557 1125 Quasi
1580 1097 1603 1119 in
1620 1103 1673 1119 arca
1695 1097 1742 1119 Noe
1765 1097 1889 1120 collocatur
1911 1098 2002 1125 anima,

1435 1141 1495 1164 quae
1513 1135 1582 1158 habet
1599 1142 1679 1164 pacem
1698 1139 1720 1159 et
1732 1136 1918 1165 tranquillitatem
1936 1137 1958 1159 in
1970 1137 2004 1160 di-

1434 1174 1531 1197 lectione
1550 1175 1577 1196 10
1596 1175 1617 1196 11

1483 1215 1676 1237 Anciiauoiztonuu
1696 1227 1724 1230 —
1742 1218 1775 1237 est
1786 1215 1868 1237 audire
1880 1215 2001 1238 veritatem

1437 1254 1464 1275 18
1487 1253 1512 1275 14

1482 1294 1561 1315 Α110011
1578 1305 1609 1309 -
1626 1293 1749 1321 Quomodo
1761 1293 1856 1321 spiritus
1872 1293 1963 1316 ardoris
1979 1294 2002 1316 in

1435 1332 1512 1354 anima
1529 1335 1634 1354 servetur
1655 1333 1697 1354 130
1716 1333 1728 1354 8

1483 1384 1514 1387 -
1531 1372 1552 1393 in
1571 1372 1712 1400 appetitione
1724 1372 1829 1400 martyrii
1845 1372 1909 1395 ducit
1920 1372 1949 1395 ad
1963 1378 2004 1400 pa-

1436 1417 1485 1433 cem
1505 1411 1534 1433 12
1553 1412 1565 1433 2
1583 1423 1613 1427 -
1631 1411 1791 1434 Anhelandum
1816 1412 1846 1434 ad
1865 1412 2002 1439 martyrium

1436 1453 1531 1478 propter
1550 1450 1657 1473 bravium
1677 1451 1706 1473 15
1724 1451 1737 1472 8

1483 1491 1578 1512 Anauon
1591 1503 1621 1505 —
1634 1490 1666 1512 De
1678 1496 1703 1512 se
1719 1490 1811 1512 difficile
1823 1493 1845 1512 et
1861 1490 1961 1513 arduum
1974 1490 2003 1512 de

1436 1529 1525 1551 ratione
1541 1529 1576 1551 sui
1594 1529 1685 1557 generis
1701 1532 1736 1552 est
1752 1529 1840 1551 bonum
1861 1532 1883 1552 et
1904 1529 1935 1552 ad
1951 1535 2004 1557 per-

1437 1568 1558 1590 fectionem
1576 1568 1709 1591 ordinatum
1728 1569 1771 1590 266
1790 1569 1803 1591 2

1484 1609 1585 1630 Ansina
1602 1620 1633 1624 —
1650 1607 1701 1630 vide
1720 1614 1740 1631 υ.
1758 1607 1904 1637 Capitulum.

1484 1646 1587 1669 ARETNJM
1604 1659 1635 1663 —
1653 1646 1694 1669 541
1718 1648 1754 1668 11.
1772 1647 1817 1670 557
1835 1647 1856 1669 3.
1874 1646 1919 1669 558
1938 1647 1952 1669 5

1484 1699 1515 1701 —
1532 1687 1554 1708 S.
1566 1686 1702 1709 Franciscus
1714 1693 1756 1714 per
1768 1687 1792 1708 B.
1805 1687 1940 1709 Silvestrum
1953 1686 2005 1708 dae-

1437 1731 1517 1748 mones
1535 1725 1565 1747 ab
1582 1726 1625 1748 hae
1642 1725 1700 1748 urbe
1717 1726 1816 1754 fugavit,
1831 1726 1871 1754 qui
1888 1725 2004 1748 civitatem

1436 1765 1499 1787 velut
1516 1763 1639 1787 obsidione
1656 1765 1797 1787 vallaverant
1814 1765 1859 1788 522
1876 1765 1890 1787 9

1484 1803 1590 1827 Animus
1601 1816 1632 1820 —
1644 1805 1745 1826 humana
1756 1804 1900 1827 fecundanda
1910 1806 1945 1826 est
1956 1809 2005 1826 san-

1437 1843 1508 1871 guine
1524 1843 1600 1866 crucis
1617 1844 1689 1866 effuso
1707 1844 1721 1866 5
1738 1843 1753 1866 7
1771 1856 1794 1859 -
1817 1843 1899 1866 Fomes
1914 1843 2004 1866 aridita-

1437 1883 1465 1905 tis
1482 1886 1516 1905 est
1532 1883 1620 1905 desidia
1640 1883 1667 1904 12
1686 1884 1699 1905 2

1484 1935 1514 1939 -
1531 1925 1623 1944 aeterna
1645 1922 1686 1944 162
1705 1923 1718 1944 2

1484 1962 1551 1984 Arnus
1567 1973 1599 1978 —
1610 1961 1665 1984 dicit
1682 1961 1761 1983 Filium
1775 1961 1888 1983 minorem
1905 1961 1971 1983 Patre
1981 1961 2005 1983 in

1436 2000 1599 2029 personalitate
1615 2003 1638 2023 et
1654 2002 1736 2023 natura
1753 2000 1831 2022 divina
1849 2000 1895 2022 267
1912 2000 1926 2022 5

1485 2040 1562 2062 Anium
1579 2052 1610 2056 —
1628 2040 1677 2068 Qua
1694 2041 1762 2062 arrha
1779 2039 1882 2062 Christus
1902 2039 2004 2061 animam

1438 2079 1529 2101 fidelem
1547 2078 1721 2101 subarrhaverit
1739 2078 1783 2101 167
1801 2079 1814 2101 3

1484 2119 1602 2140 Αο110οΛ115
1613 2131 1644 2133 -
1655 2118 1820 2145 Arrogantium
1837 2117 1959 2140 hominum
1971 2119 2004 2139 tu-

1438 2157 1515 2180 midae
1533 2159 1621 2179 mentes
1646 2157 1727 2179 mundi
1745 2156 1814 2179 huius
1838 2156 1939 2179 vanitate
1964 2162 2004 2184 pa-

1437 2199 1533 2219 scuntur
1551 2196 1595 2218 310
1614 2196 1622 2217 1
1644 2208 1675 2212 -
1692 2196 1740 2218 Mos
1760 2202 1841 2218 eorum
1864 2198 1899 2218 est
1919 2195 2005 2224 simpli-

1437 2236 1499 2258 cium
1512 2235 1655 2258 sanctitatem
1673 2238 1698 2257 ut
1712 2235 1883 2257 simulationem
1900 2235 2004 2258 dolosam

1438 2281 1537 2302 arguere
1554 2280 1683 2303 eorumque
1700 2274 1847 2302 prudentiam
1869 2274 1963 2302 spiritus
1980 2276 2005 2297 ut

1439 2314 1552 2336 insaniam
1564 2313 1691 2342 reprobare
1703 2313 1756 2336 ibid.
1768 2326 1797 2329 —
1808 2313 1931 2342 Quomodo
1943 2314 2004 2336 hunc

1438 2353 1507 2376 finem
1526 2353 1653 2381 pessimum
1671 2353 1764 2382 assequi
1779 2352 1885 2375 studeant
1902 2351 1956 2376 ibid.

1485 2404 1516 2408 —
1527 2392 1570 2415 Pro
1581 2393 1712 2420 arrogantia
1722 2392 1845 2414 elatissima
1854 2394 2004 2420 peccatorum

1438 2431 1513 2454 Deum
1530 2434 1552 2454 et
1569 2431 1687 2454 hominem
1710 2430 1879 2453 nobilissimum
1902 2430 2005 2459 oportuit

1438 2471 1569 2493 satisfacere
1580 2476 1622 2499 per
1634 2470 1813 2493 abiectissimam
1825 2470 1934 2492 vilitatem
1949 2469 1977 2492 14
1990 2469 2003 2492 4

1485 2510 1530 2532 Ans
1542 2522 1571 2525 —
1584 2510 1649 2537 prius
1661 2510 1702 2532 fuit
1712 2515 1783 2538 quam
1796 2509 1945 2532 instrumenta
1961 2515 2004 2537 pro

1438 2549 1539 2571 artificiis
1557 2548 1602 2571 144
1619 2548 1633 2570 7

1485 2601 1515 2604 -
1538 2588 1597 2611 Artis
1620 2588 1715 2616 ignarus
1737 2594 1782 2610 non
1806 2593 1900 2615 semper
1924 2586 2003 2609 intelli-

1438 2628 1481 2656 git,
1499 2627 1528 2650 ad
1545 2627 1602 2656 quid
1619 2627 1710 2650 valeant
1727 2627 1876 2649 instrumenta
1901 2625 2005 2649 adhibita

1438 2667 1483 2689 337
1501 2666 1516 2689 b

1484 2706 1592 2728 Ansemus
1610 2718 1640 2723 ——
1657 2704 1730 2728 abbas
1748 2705 1793 2727 502
1812 2705 1841 2727 15

1484 2745 1610 2768 Armenius
1626 2757 1656 2760 ——
1673 2744 1741 2773 Quod
1758 2743 1911 2772 suntlapides
1928 2743 1949 2766 in
1967 2750 2005 2766 ae-

1437 2784 1526 2812 dificio,
1544 2786 1597 2807 sunt
1614 2783 1703 2806 articuli
1719 2783 1772 2806 fidei
1790 2783 1814 2805 in
1831 2783 1909 2805 animo
1927 2782 1971 2804 317
1990 2782 2002 2805 3

1484 2824 1589 2846 Ascensm
1606 2836 1637 2839 —
1653 2822 1737 2845 Christi
1754 2825 1788 2845 est
1804 2828 1874 2845 causa
1898 2821 2004 2850 specialis

1437 2862 1517 2891 gaudii
1535 2862 1579 2884 227
1599 2862 1642 2884 172

1485 2913 1514 2917 -
1531 2901 1677 2923 Ascensionis
1693 2900 1822 2923 sublimitas
1840 2900 1880 2922 fuit
1900 2900 2004 2928 spiritua-

1436 2941 1492 2963 lium
1509 2940 1675 2963 charismatum
1692 2940 1799 2962 diffusiva
1817 2940 1845 2961 69
1865 2939 1877 2961 4

1485 2980 1582 3002 Asmms
1599 2991 1629 2996 —
1646 2979 1751 3002 Christus
1772 2985 1817 3001 non
1838 2978 1922 3009 legitur
1942 2977 2005 3007 equi-

1437 3021 1507 3047 tasse,
1524 3018 1565 3041 sed
1583 3018 1684 3041 asinasse
1702 3018 1746 3041 444
1764 3018 1793 3040 23
