2133 3317
242 214 298 242 736

494 251 550 274 1»οΑ

242 292 332 314 inutiles
356 297 399 320 pro
423 291 530 319 praelatis
553 289 607 313 ibitl.
625 302 656 306 —
673 289 740 311 Multa
758 291 811 311 sunt

242 331 379 359 necessaria,
391 332 416 353 111
425 330 541 358 praelatus
553 329 654 351 officium
668 334 737 351 suum
750 327 810 350 bene

242 372 380 398 exsequatur
394 370 438 391 132
452 370 472 391 3.
490 369 530 391 136
548 368 573 390 17
586 380 616 384 ·—
629 368 747 396 Frequens
762 373 810 389 mu-

242 410 297 431 tatio
315 409 469 437 praelatorum
487 415 514 430 ex
532 410 597 435 parte
615 406 675 429 bona
693 409 727 429 est
744 409 767 428 et
783 413 809 428 ex

242 452 307 476 parte
325 448 408 470 nociva
425 447 470 469 350
489 453 501 469 a
519 459 549 463 --
567 447 671 475 Quatuor
681 449 734 468 sunt
746 451 810 473 prae-

243 487 280 509 lati
298 487 373 509 officia
390 493 443 509 cum
462 485 535 508 trIDus
553 485 707 508 observantiis
725 485 769 506 143
788 485 809 507 3,

243 533 294 555 sqq.
313 539 344 542 —
361 526 486 553 Praecipue
503 532 541 548 sex
566 524 692 547 virtutibus
717 526 811 546 ornatus

243 572 294 588 esse
311 565 393 588 debet:
410 565 458 587 zelo
477 564 575 587 iustitiae
594 564 637 586 133
658 564 666 585 1
682 575 713 579 —
725 563 811 591 pietate

245 605 288 627 136
309 605 316 626 1
339 617 370 620 -
387 604 496 632 patientia
514 606 536 625 et
553 603 727 630 longanimitate
743 603 783 624 138
798 603 805 624 1

243 656 274 660 ——
291 644 465 671 exemplaritate
488 643 549 665 vitae
573 642 616 664 140
639 643 644 663 1
668 654 696 657 —-
715 642 811 663 circum-

244 686 323 711 specta
342 683 479 705 discretione
498 682 542 704 142
565 683 569 703 1
592 695 622 697 -
640 681 765 704 devotione
782 681 811 703 ad

243 723 317 744 Deum
340 722 380 744 147
400 723 407 744 1
430 734 461 738 --
478 728 523 744 non
550 722 650 743 humana
677 720 745 743 laude
770 726 812 742 nec

244 762 406 789 compassione
424 761 508 783 carnali
528 760 630 783 inclinari
642 759 712 782 debet
726 759 769 781 150
783 759 812 781 15

244 813 275 817 -
292 801 327 823 Ad
344 800 401 829 quid
419 801 513 823 inducat
535 800 662 828 praelatum
687 805 753 821 amor
771 799 812 821 Dei

243 843 265 862 et
283 840 382 868 proximi
402 840 445 861 133
464 839 477 861 5
494 852 525 855 -
543 840 620 867 ipsun]
637 839 744 861 continua
758 844 812 861 cura

243 882 311 907 urget
328 879 357 901 de
375 879 521 907 providentia
539 878 663 907 spiritualis
680 878 813 906 disciplinae

244 919 288 941 138
307 920 320 940 2
340 931 371 935 -
389 919 491 940 Praelata
509 921 611 947 quatuor
634 918 737 940 cavenda
760 921 814 940 sunt

244 958 288 980 134
308 958 329 980 9.
347 964 400 987 sqq.
417 970 447 974 —-
465 958 510 986 lpsi
527 958 631 986 quinque
644 958 748 980 cavenda
761 960 814 979 sunt

244 998 266 1019 in
285 997 449 1020 observatione
466 997 565 1019 iustitiae
587 997 628 1019 135
650 998 675 1019 12

290 1050 321 1052 -
340 1037 412 1059 malos
429 1042 476 1058 non
501 1036 597 1064 diligere
614 1038 636 1058 et
657 1037 748 1063 fovere,
772 1036 812 1058 sed

243 1077 340 1099 tolerare
358 1075 427 1098 debet
449 1076 489 1098 135
512 1077 536 1098 15
554 1076 713 1104 —qnomodo
732 1081 812 1103 pacem

244 1115 265 1137 in
284 1116 427 1137 correctione
451 1115 633 1143 delinquentium
657 1121 751 1137 servare
774 1115 813 1137 (10-

244 1154 360 1177 11001447
378 1155 414 1176 39.
440 1154 483 1176 448
509 1154 536 1176 40
563 1166 591 1169 —
618 1154 720 1176 Praelata
742 1154 814 1181 negli-

247 1194 310 1222 genti
328 1194 407 1222 triplex
425 1194 472 1215 Deo
490 1193 609 1215 reddenda
627 1195 661 1215 est
685 1193 743 1215 ratio
769 1193 813 1215 135

246 1234 274 1255 16
292 1246 323 1249 —a
340 1233 484 1261 Negligentia
507 1232 604 1260 exempli
632 1232 731 1254 melioris
753 1232 814 1254 vitae

245 1272 346 1294 districte
363 1271 392 1294 ab
410 1272 443 1294 eis
460 1272 482 1293 in
507 1271 591 1294 iudicio
614 1271 745 1300 requiretur
769 1270 813 1293 142

244 1312 256 1333 9
275 1324 305 1328 —-
323 1312 387 1340 Quae
404 1314 499 1339 peccata
516 1310 663 1333 subditorum
683 1311 724 1338 ipsi
739 1310 814 1338 impu—

244 1354 319 1373 tentur
338 1351 381 1373 136
401 1351 429 1372 16
449 1363 477 1366 —«
495 1357 519 1372 se
537 1350 618 1372 liberat
635 1356 647 1371 a
665 1352 759 1377 peccato
778 1355 813 1371 ne·

245 1390 368 1418 gligentiae
385 1390 487 1412 officium
505 1396 573 1411 suum
587 1389 704 1417 implendo
728 1390 771 1411 135
788 1390 812 1411 12

244 1443 274 1445 -
294 1430 356 1451 Duae
373 1432 425 1451 sunt
442 1429 542 1451 rationes
565 1429 641 1456 ipsum
665 1429 813 1456 consolandi,

245 1469 262 1491 si
281 1471 376 1491 conatus
393 1468 429 1490 5111
446 1474 492 1490 0011
511 1468 533 1490 111
559 1468 668 1490 omnibus
691 1468 814 1496 proliciunt

246 1508 290 1530 ’140
313 1508 338 1529 10
357 1520 386 1523 —-
405 1508 560 1529 Praelatorum
585 1510 618 1529 est
644 1507 727 1529 imitari
753 1507 814 1530 Chri-

245 1550 306 1570 stum
326 1547 347 1569 in
366 1546 477 1575 operibns
499 1547 627 1569 severitatis
652 1550 674 1569 01
697 1547 814 1574 dignitatis

246 1586 291 1608 243
310 1587 337 1608 Ι13
358 1599 386 1601 -
405 1586 511 1608 1310010115
533 1586 661 1608 reverentia
685 1585 812 1608 exhibenda

245 1625 337 1648 051471
360 1625 373 1647 4
390 1638 421 1641 -
448 1625 538 1647 5111111111
563 1625 583 1647 01
609 1624 705 1647 obedire
730 1624 815 1647 (1011001

247 1665 299 1687 vice
316 1665 408 1687 Domini
427 1665 472 1687 135
489 1665 522 1686 15.
534 1671 568 1693 sq.
581 1677 611 1680 —
624 1664 736 1686 Subditus
748 1670 814 1692 prae—

246 1705 316 1726 latum
334 1710 403 1726 suum
421 1710 466 1725 non
480 1704 597 1725 hominem
610 1703 757 1726 considerare
775 1703 814 1725 110-

247 1743 298 1770 bet,
316 1744 357 1766 sed
375 1743 448 1765 Deum
473 1744 517 1765 520
536 1743 549 1765 4
561 1755 591 1759 -
605 1743 694 1771 Quanto
714 1745 814 1764 contern-

245 1782 347 1811 ptibilior
364 1782 489 1810 praesidet,
514 1785 575 1804 tanto
600 1782 675 1809 magis
698 1782 815 1804 humilitas

246 1822 376 1844 obedientis
392 1822 466 1850 placet
483 1821 538 1844 z'bict.
554 1834 581 1836 —
596 1822 751 1843 Praelatorum
764 1823 813 1843 acta

245 1868 292 1883 non
311 1864 365 1883 sunt
384 1860 475 1889 publico
493 1860 623 1889 sugillanda
640 1860 684 1882 470
703 1861 724 1882 2.
744 1860 783 1882 471
801 1859 814 1881 4

246 1913 277 1917 —
295 1901 370 1929 magis
388 1900 529 1928 benignitate
547 1906 618 1928 quam
631 1900 765 1922 auctoritate
783 1899 814 1921 uti

246 1939 315 1962 debet
336 1940 377 1962 146
397 1940 425 1962 17
444 1952 472 1955 —
491 1940 608 1961 Potestatis
623 1939 746 1961 auctoritas
764 1939 815 1961 facit

246 1980 374 2007 praelatum
393 1979 522 2001 tiinendum
540 1978 638 2001 subditIs
656 1978 710 2001 ibid.
728 1991 757 1995 —
774 1979 815 2001 etsi

246 2019 321 2046 magis
339 2018 471 2046 diligendus
493 2019 533 2045 sit,
559 2018 653 2046 expedit
676 2021 765 2045 tamen,
792 2022 816 2040 ut

246 2058 275 2080 ab
294 2058 444 2080 insolentibus
461 2058 568 2080 timeatur
591 2057 626 2079 141
650 2058 662 2079 6
687 2070 717 2073 -
740 2056 815 2079 bonus

246 2098 342 2119 fratrum
360 2103 455 2119 suorum
474 2104 498 2119 se
524 2100 616 2125 reputat
641 2099 743 2125 patrem,
769 2103 814 2119 11011

247 2137 383 2163 (101111110οη
402 2136 534 2163 medicum,
551 2142 597 2158 non
620 2139 742 2163 tyrannum
771 2136 814 2158 136

247 2175 260 2197 4
278 2188 308 2192 -
328 2175 436 2203 Expedit,
455 2176 582 2203 praelatum
599 2175 697 2203 experiri
724 2175 815 2197 infirmi-

247 2217 315 2241 tates,
333 2217 357 2236 ut
375 2214 447 2236 discat
465 2214 566 2241 compati
588 2213 627 2235 137
648 2214 660 2235 6
678 2226 708 2230 -
725 2214 813 2236 Adver-

246 2253 325 2275 sitates
341 2253 444 2281 praelato
461 2252 574 2280 triplicem
587 2252 706 2274 utilitatem
718 2253 815 2274 afferunt

248 2293 292 2314 139
311 2293 332 2314 8.
351 2292 395 2314 140
414 2292 436 2314 9.
453 2298 488 2320 sq.
506 2304 537 2308 —
552 2292 653 2314 Praelato
666 2294 760 2319 propter
773 2292 813 2313 tria

246 2331 376 2354 necessaria
394 2334 428 2353 est
445 2331 552 2359 patientia
579 2331 623 2353 138
647 2332 669 2353 2.
692 2337 744 2359 sqq.
768 2331 811 2353 139

248 2371 268 2393 4.
286 2377 337 2400 sqq.
355 2383 386 2387 -
403 2370 509 2398 patientIa
533 2370 599 2399 quasi
620 2370 691 2392 armis
714 2370 815 2392 defendi-

246 2413 283 2432 tur
300 2413 322 2432 et
339 2410 464 2432 adornatur
486 2410 526 2432 150
548 2410 573 2432 15
591 2421 622 2425 -
639 2409 684 2432 Cur
702 2412 733 2431 tot
751 2415 815 2437 prae-

247 2449 285 2471 lati
302 2449 435 2471 sanctificati
452 2450 496 2471 51111
516 2449 557 2471 139
576 2449 589 2470 6
607 2461 636 2464 --
655 2449 733 2471 Manus
751 2454 815 2476 prae-

247 2489 354 2511 1011511111
372 2488 476 2511 instantia
496 2488 517 2510 in
542 2488 632 2516 agendo
658 2491 679 2510 et
705 2487 814 2515 patientia

248 2528 270 2549 in
288 2528 418 2550 sufferendo
430 2527 460 2550 ib.
472 2527 485 2549 7
498 2540 528 2543 ——-
542 2527 594 2549 Eius
610 2527 750 2555 impatientia
763 2530 814 2549 octo

249 2568 308 2589 mala
326 2567 378 2589 facit
391 2566 419 2589 ib.
431 2568 444 2589 5
458 2579 485 2582 ἡ
500 2569 588 2588 tenetur
600 2572 647 2588 11011
659 2566 733 2588 solum
747 2566 776 2588 acl
789 2572 814 2587 ea

249 2612 309 2635 quae
321 2608 373 2628 sunt
385 2606 464 2628 salutis
476 2606 595 2633 propriae,
608 2605 648 2628 sed
658 2605 727 2627 etiam
738 2604 815 2627 subdi-

247 2648 323 2667 torum
334 2645 374 2667 251
389 2646 418 2667 23
428 2658 458 2661 —
467 2645 614 2673 spiritualiter
627 2648 649 2666 et
659 2644 815 2672 temporaliter

248 2683 291 2706 sibi
303 2684 441 2707 commissos
451 2690 534 2712 greges
544 2690 640 2712 pascere
650 2683 718 2706 debet
729 2684 773 2705 285
787 2684 815 2705 38

247 2736 279 2740 —
295 2723 381 2746 debent
398 2724 496 2746 formam
514 2723 596 2746 Christi
614 2723 729 2745 visibilem
752 2723 774 2745 in
791 2729 816 2745 se

249 2763 305 2791 ipsis
322 2763 443 2785 ostendere
465 2762 505 2784 142
519 2763 532 2784 9
546 2775 575 2778 -—
587 2763 669 2785 ceteris
680 2762 749 2784 (lebet
766 2768 815 2784 esse

250 2808 331 2824 norma
348 2802 444 2824 vivendi
463 2801 506 2824 140
529 2803 533 2822 1
551 2814 580 2817 —
592 2801 698 2824 subditos
710 2802 732 2823 in
745 2801 815 2823 omni-

250 2841 294 2863 bus
311 2841 423 2863 virtutum
441 2840 552 2868 exemplis
576 2841 714 2868 praecedere
738 2839 814 2867 debet,

249 2880 377 2908 specialiter
395 2880 417 2902 in
434 2880 508 2902 tribus
525 2879 580 2902 ibid.
601 2892 632 2896 ——-
658 2879 764 2908 pluribus
780 2886 817 2902 co-

248 2919 310 2946 gitur
328 2920 408 2941 virere
429 2919 457 2941 ad
484 2920 615 2947 exemplum
640 2923 663 2941 et
687 2920 817 2941 satisfacere

248 2958 346 2985 singulis
363 2961 385 2980 et
410 2959 500 2986 placere
526 2958 634 2981 omnibus
664 2958 704 2980 146
736 2958 759 2980 17
785 2970 817 2974 —-—

248 2997 369 3025 quomodo
393 2998 437 3019 hoc
454 2998 545 3020 efficere
563 2998 635 3025 possit
653 2997 706 3020 ibid.
725 3010 754 3013 —
767 2997 816 3019 aliis

942 211 1042 239 INDEX
1064 210 1311 239 ALPHABETICUS.

843 289 918 317 magis
935 295 1005 318 quam
1023 288 1115 311 sibimet
1132 288 1251 311 deservire
1268 288 1337 310 debet
1355 287 1408 311 ibid.

843 341 873 345 —-
890 328 935 351 sibi
952 328 1090 351 commiSsos
1102 327 1265 350 christiformes
1278 328 1353 349 facere
1365 330 1409 350 stu-

843 368 896 390 deat
916 367 958 389 142
977 368 989 389 9
1013 379 1043 384 -
1066 366 1174 389 fidelibus
1191 366 1317 394 providere
1340 366 1409 389 debet

842 407 903 429 iuxta
921 407 1038 429 dictamen
1055 406 1166 434 largitatis
1184 406 1289 434 politicae
1311 406 1355 427 322
1383 406 1407 427 19

842 458 873 462 -
890 452 970 468 curam
988 445 1073 467 habent
1090 448 1202 474 quantum
1220 445 1249 467 ad
1262 446 1376 473 perfectos
1388 447 1410 466 et

842 485 932 507 validos
950 487 971 507 et
989 485 1093 506 infirmos
1110 487 1132 506 01
1149 484 1296 512 imperfectos
1317 483 1361 505 294
1380 484 1409 505 22

843 536 874 540 -—
892 524 940 547 Sub
965 525 1067 552 praelato
1090 523 1151 546 bene
1176 524 1279 551 regulato
1305 526 1410 545 crescunt

843 563 930 586 subditi
948 564 970 585 in
989 563 1033 586 tide
1051 566 1072 585 et
1089 563 1138 585 aliis
1158 563 1284 585 virtutibus
1310 562 1354 584 448
1381 562 1404 584 41

843 615 874 618 -
892 602 951 625 bene
968 603 1085 630 regulatus
1111 602 1271 630 magnificatur
1297 602 1319 624 in
1345 608 1411 630 prae-

844 642 903 664 senti
919 648 961 670 per
979 642 1076 669 gratiam
1090 645 1111 664 et
1129 641 1150 663 in
1164 643 1240 663 futuro
1253 648 1294 669 per
1312 641 1409 669 gloriam

845 680 898 704 ibid.
916 693 947 697 —-
964 687 1006 709 per
1031 687 1072 703 sua
1099 681 1158 703 mala
1183 681 1287 708 exempla
1314 681 1412 703 excludit

845 720 951 743 subditos
968 720 997 742 ab
1016 720 1141 742 imitatione
1158 719 1240 742 Christi
1259 720 1303 742 142
1321 721 1334 742 9
1352 733 1375 736 —-
1393 720 1412 742 si

846 760 895 787 ipse
913 762 985 786 errat,
1011 765 1066 786 grex
1092 759 1113 781 in
1143 759 1287 787 dispersione
1312 759 1413 781 interibit

846 798 875 821 ib.
894 799 902 820 -1

893 850 924 854 —
942 838 1044 860 Potestas
1061 837 1213 860 ecclesiastica
1232 837 1283 859 data
1301 840 1335 859 est
1350 844 1413 865 prae-

846 877 895 899 latis
913 877 935 898 in
953 877 1150 903 aedificationem,
1168 883 1212 898 non
1232 877 1254 898 in
1280 877 1413 899 destructio·

846 922 899 938 110111
918 916 957 937 381
980 916 1009 938 20
1027 928 1057 932 —
1074 922 1133 938 onus
1150 916 1309 938 sollicitudinis
1326 919 1348 938 et
1365 916 1414 938 aliis

847 955 964 983 impertire
982 955 1067 977 debent
1084 955 1128 977 377
1148 956 1160 977 8
1178 968 1209 971 -
1227 955 1308 983 triplici
1321 956 1413 978 maturi-

847 995 898 1017 tatis
916 995 1034 1017 honestatc
1051 995 1161 1017 excellere
1179 994 1248 1017 debet
1270 995 1306 1017 141
1329 996 1350 1017 6.
1362 1002 1414 1024 sqq.

846 1047 876 1049 —
894 1034 953 1062 gerit
972 1034 1046 1056 vicem
1065 1034 1146 1062 capitis
1163 1034 1185 1056 in
1198 1040 1297 1062 corpore
1314 1035 1414 1056 fraterni-

847 1074 898 1095 tatis
920 1073 961 1095 145
980 1074 1008 1095 13
1026 1086 1056 1089 -
1074 1073 1161 1101 indiget
1178 1079 1261 1101 magna
1278 1074 1415 1096 discretione

851 1112 892 1134 142
915 1114 932 1134 1.
949 1119 983 1141 sq.
1006 1112 1047 1134 144
1065 1113 1078 1134 7
1097 1125 1127 1128 -
1153 1113 1216 1135 Varii
1243 1113 1295 1135 mali
1321 1114 1415 1135 effectus

846 1155 988 1180 sequuntur,
1006 1152 1024 1173 si
1044 1152 1111 1174 suerit
1128 1152 1196 1174 nimis
1213 1152 1303 1180 rigidus
1324 1153 1361 1174 vel
1385 1152 1416 1174 ni-

848 1190 891 1212 mis
909 1190 1020 1212 remissus
1038 1189 1091 1212 ibid.
1109 1202 1140 1206 —
1157 1197 1204 1212 non
1222 1190 1291 1213 debet
1312 1191 1415 1218 recipere

847 1230 978 1252 adulatores
995 1232 1017 1251 ct.
1033 1230 1174 1252 detractores
1196 1229 1233 1251 147
1260 1230 1288 1251 20
1314 1243 1344 1245 -
1370 1236 1415 1251 non

848 1269 876 1291 sit
892 1269 950 1291 levis
968 1269 989 1290 111
1008 1269 1127 1296 proposito
1151 1269 1190 1291 141
1222 1270 1234 1291 8
1260 1282 1288 1284 -
1315 1270 1378 1292 facile
1403 1276 1415 1291 a

847 1311 909 1331 recta
927 1308 1052 1330 intentione
1069 1311 1090 1330 et
1109 1308 1169 1331 bono
1182 1309 1303 1336 proposito
1316 1309 1416 1331 declinat

852 1348 891 1369 198
908 1348 932 1369 71
950 1360 980 1364 —
992 1351 1026 1370 ost
1038 1353 1136 1375 persona
1150 1348 1293 1375 communis,
1306 1348 1341 1370 cui
1355 1354 1416 1370 com-

847 1387 903 1415 petit
919 1387 1051 1409 extrinsecis
1068 1387 1179 1414 implicari
1198 1388 1296 1415 negotiis
1319 1388 1363 1410 293
1386 1389 1414 1409 22

848 1438 878 1442 -
896 1426 1064 1454 Occupationes
1081 1427 1160 1448 variae
1178 1427 1221 1454 ipsi
1238 1433 1263 1449 ex
1282 1427 1415 1449 domest1cis

847 1465 909 1487 curis
925 1469 947 1487 et
965 1466 1078 1488 extraneis
1096 1466 1171 1488 causis
1189 1469 1312 1494 emergunt
1339 1466 1382 1488 138
1401 1467 1414 1488 2

847 1518 877 1522 —-
894 1506 954 1528 circa
967 1508 1067 1534 quatuor
1080 1506 1177 1533 vigilare
1190 1505 1259 1528 debet
1276 1506 1316 1528 143
1331 1507 1352 1528 3.
1363 1513 1413 1535 sqq.

847 1558 877 1561 —
889 1545 982 1573 negotia
995 1545 1097 1572 gerenda
1111 1545 1227 1573 tripliciter
1239 1545 1364 1573 disponere
1376 1546 1415 1568 (10-

848 1584 886 1606 bet
908 1584 949 1606 145
968 1584 1005 1606 11.
1023 1590 1073 1613 sqq.
1101 1597 1129 1600 —
1156 1585 1248 1612 Triplici
1275 1585 1415 1612 circumspe-

848 1624 922 1646 ctione
939 1623 981 1645 sibi
1000 1624 1121 1651 invigilare
1138 1623 1208 1646 debet
1224 1623 1253 1646 ib.
1267 1624 1361 1646 15.146
1382 1625 1414 1646 16.

847 1669 898 1691 sqq.
917 1676 948 1678 —
970 1662 1182 1690 Circumspectione
1207 1663 1298 1690 agenda
1325 1663 1416 1691 praevi-

848 1702 903 1724 dere
920 1702 990 1724 debet
1011 1702 1052 1724 150
1076 1702 1100 1724 15
1117 1714 1148 1718 —-
1172 1702 1287 1724 Pessimae
1309 1703 1416 1731 sequelae

848 1742 965 1769 oriuntur,
984 1742 1002 1763 si
1020 1742 1116 1769 praelati
1142 1741 1294 1764 exterioribus
1318 1742 1417 1769 negotiis

848 1781 916 1803 nimis
932 1781 1077 1809 implicentur
1098 1781 1139 1803 145
1159 1781 1187 1803 14

896 1833 926 1837 -
944 1827 991 1843 11011
1010 1823 1084 1848 potest
1096 1826 1189 1848 semper
1201 1820 1311 1843 omnibus
1323 1821 1417 1849 placere

850 1860 894 1882 146
917 1860 943 1881 17
959 1872 991 1876 -
1008 1866 1053 1882 non
1071 1860 1099 1882 sit
1116 1860 1209 1888 sapiens
1226 1860 1250 1882 in
1273 1861 1346 1883 oculis
1369 1860 1416 1883 suis

849 1898 903 1922 ibid.
915 1912 945 1915 -—
957 1900 1045 1927 Duplex
1058 1904 1092 1921 est
1104 1899 1207 1922 defectus
1217 1900 1342 1921 multorum
1353 1906 1417 1927 prae-

849 1939 947 1961 latorum
970 1938 1011 1960 147
1039 1939 1063 1960 19
1089 1952 1119 1954 -
1145 1939 1263 1961 5101110505
1280 1945 1330 1961 0550
1348 1938 1417 1961 debet

849 1977 935 2008 habere
953 1978 1100 2000 devotionem
1131 1978 1171 2000 148
1199 1978 1211 2000 3
1237 1990 1268 1994 -
1290 1978 1416 2001 1101011000

849 2018 879 2040 ad
897 2018 973 2045 ipsum
993 2018 1065 2040 Deum
1092 2018 1203 2040 accedere
1224 2017 1293 2040 debet
1320 2018 1360 2040 150
1391 2017 1416 2040 15

849 2069 879 2073 -
890 2057 933 2084 lpsi
944 2057 1071 2079 necessaria
1085 2061 1118 2080 est
1128 2057 1221 2080 devotio
1232 2057 1323 2079 assidua
1337 2057 1416 2086 triplex

849 2096 878 2119 ib.
901 2097 933 2118 12.
952 2102 986 2124 sq.
1004 2109 1034 2113 —
1058 2096 1106 2118 Non
1129 2097 1204 2119 solum
1231 2103 1273 2124 pro
1299 2102 1323 2119 se
1349 2103 1416 2119 orare

849 2142 943 2158 necesse
960 2132 1040 2163 habet,
1058 2136 1099 2158 sed
1124 2136 1192 2157 etiam
1219 2142 1261 2163 pro
1287 2135 1330 2158 sibi
1356 2142 1417 2158 com-

849 2175 925 2197 missis
942 2174 982 2196 143
996 2175 1008 2196 3
1021 2187 1052 2191 -
1064 2178 1097 2196 est
1110 2175 1222 2197 mediator
1235 2175 1292 2196 inter
1308 2175 1382 2196 Deum
1395 2177 1417 2196 et

849 2213 955 2236 subditos
972 2212 1026 2235 ibid.
1044 2225 1074 2229 —
1097 2213 1167 2235 debet
1189 2219 1270 2241 gerere
1295 2213 1415 2241 negotium

850 2253 888 2274 Dei
906 2252 969 2280 apud
987 2252 1093 2274 subditos
1109 2255 1131 2274 et
1154 2253 1244 2280 negotia
1268 2252 1414 2275 subditorum

848 2292 912 2319 apud
930 2291 1002 2313 Deum
1021 2290 1076 2314 ibid.
1099 2304 1130 2308 —
1154 2298 1197 2319 pro
1222 2292 1271 2314 aliis
1296 2291 1365 2314 debet
1390 2298 1416 2314 ex

848 2330 923 2353 officio
941 2336 1008 2353 orare
1029 2330 1070 2352 150
1088 2331 1108 2352 11
1125 2343 1155 2346 -
1168 2331 1310 2359 quandoque
1322 2334 1416 2358 propter

848 2369 905 2392 alios
926 2369 1078 2397 copiosiorem
1105 2369 1188 2397 accipit
1212 2370 1293 2392 orandi
1318 2370 1415 2397 gratiam

848 2408 902 2431 ibid.
920 2421 950 2425 -—
962 2409 1039 2431 furtim
1057 2411 1079 2431 et
1096 2409 1180 2437 raptim
1198 2409 1227 2431 ad
1245 2409 1354 2431 orationis
1372 2412 1417 2431 stu-

849 2448 913 2471 dium
931 2454 956 2470 se
973 2449 1077 2470 conterre
1094 2448 1164 2471 debet
1185 2448 1225 2470 149
1248 2449 1269 2470 11

896 2500 925 2503 —
944 2488 1057 2510 Ecclesiae
1083 2488 1178 2510 minime
1203 2488 1361 2515 astringuntur
1387 2488 1415 2511 ad

849 2526 1019 2549 abdicationem
1038 2527 1184 2555 proprietatis
1202 2527 1242 2549 251
1265 2528 1292 2549 23
1311 2528 1416 2549 -salva

850 2566 998 2593 perfectione,
1015 2566 1144 2594 suscipiunt
1161 2567 1321 2594 possessiones
1339 2567 1368 2589 ad
1381 2573 1417 2589 su·

850 2605 1011 2627 stentationem
1029 2612 1160 2633 pauperum
1170 2609 1192 2628 et
1204 2606 1362 2628 ministrorum
1375 2607 1416 2627 Ec—

850 2644 932 2667 clesiae
950 2644 994 2667 284
1013 2645 1052 2666 38.
1069 2644 1113 2666 294
1132 2645 1169 2667 22.
1187 2645 1232 2666 312
1251 2646 1263 2666 6
1281 2657 1312 2661 -
1331 2644 1417 2667 debent

850 2683 936 2706 habere
961 2684 1047 2706 loculos
1065 2690 1107 2712 pro
1130 2684 1305 2706 necessitanbus
1330 2690 1417 2712 paupe-

850 2729 901 2745 rum
920 2723 1050 2745 relevandis
1069 2723 1114 2745 414
1133 2724 1145 2745 6
1163 2736 1192 2740 -
1217 2723 1275 2746 bona
1303 2724 1417 2746 Ecclesiae

849 2762 893 2784 sibi
910 2763 1038 2784 necessaria
1057 2768 1083 2784 ac
1095 2762 1238 2790 pauperibus
1250 2763 1366 2790 eroganda
1381 2764 1417 2785 ha·

851 2800 904 2823 bere
923 2805 1020 2829 possunt
1038 2802 1082 2823 416
1106 2802 1139 2824 13.
1156 2808 1190 2830 sq.
1204 2814 1232 2817 —
1246 2803 1316 2824 Suam
1329 2805 1417 2825 susten-

851 2841 959 2863 tationem
978 2847 1004 2863 ex
1022 2842 1073 2868 lege
1091 2841 1189 2864 iustitiae
1206 2844 1228 2863 et
1244 2842 1294 2863 iure
1312 2842 1353 2864 sori
1375 2841 1418 2864 exi-

851 2886 906 2907 gere
924 2882 1020 2908 possunt
1037 2881 1082 2902 329
1101 2881 1129 2902 39
1156 2893 1185 2896 —-
1207 2881 1316 2908 Acceptio
1334 2881 1417 2908 stipen-

851 2919 942 2941 diorum
961 2926 1002 2947 pro
1021 2920 1076 2947 ipsis
1093 2926 1139 2942 non
1156 2922 1190 2942 est
1207 2920 1354 2948 mendicitas,
1378 2920 1417 2942 sed

852 2961 954 2986 potestas
971 2958 1025 2981 ibid.
1042 2972 1072 2975 -
1091 2959 1197 2981 Praelatis
1215 2965 1259 2982 non
1282 2960 1419 2982 adversatur

851 2998 891 3026 qui
910 2998 988 3020 laudat
1012 3001 1173 3026 paupertatem
1199 2999 1243 3020 236
1271 2999 1283 3020 3
1308 3011 1339 3014 -
1365 3001 1420 3020 sunt

1701 248 1756 271 PRO

1442 294 1573 316 pauperum
1591 287 1745 316 spiritualium
1758 290 1843 317 patres,
1857 291 1956 315 tutores,
1968 295 2008 311 nu-

1442 327 1495 350 tritii
1513 330 1534 350 01
1551 327 1642 355 patroni
1659 326 1687 350 ib.
1715 327 1727 349 4

1489 367 1628 389 1311150111-
1655 370 1765 394 parantur
1791 367 1854 389 iustis
1877 367 1922 389 497
1947 374 1960 389 a
1977 380 2008 384 —-

1442 405 1509 427 datur
1526 406 1567 428 soli
1585 406 1741 434 perseveranti
1765 406 1809 428 398
1833 406 1846 427 5
1869 419 1899 422 —
1916 412 2009 434 respon-

1442 444 1496 466 dent
1519 445 1605 467 meritis
1635 445 1654 466 11
1687 445 1691 466 1
1718 458 1748 460 —
1773 445 1917 472 diligentium
1936 446 2009 467 Deum

1442 486 1476 505 est
1504 483 1580 511 ipsum
1608 490 1727 506 summum
1753 485 1842 506 Bonum
1871 484 1885 506 7
1921 485 1945 507 14
1978 497 2009 501 -

1443 522 1552 544 Perfectio
1578 523 1674 550 praemii
1699 523 1801 545 consistit
1832 523 1853 545 in
1883 523 1936 546 dote
1965 526 2010 546 1011-

1447 561 1525 588 11011151
1543 561 1638 584 visionis
1655 564 1677 584 et
1695 562 1807 585 fruitionis
1826 563 1849 584 11
1873 563 1880 584 1
1903 575 1933 579 —
1958 569 2010 590 pro-

1447 601 1516 623 missa
1535 601 1628 623 sollicite
1644 604 1666 623 01
1679 602 1809 630 frequenter
1822 601 1939 630 pensanda
1953 602 1966 624 6
1982 602 2008 624 14

1444 652 1475 656 ·—
1487 640 1644 662 Consideratio
1657 641 1754 668 praemii
1768 641 1850 663 minuit
1862 641 1909 663 vim
1925 641 2010 669 flagelli

1445 679 1474 701 58
1493 679 1506 700 8
1525 692 1553 694 -
1580 680 1622 701 Pro
1644 680 1764 707 promissis
1789 680 1888 702 maxima
1911 680 2011 703 benevo-

1445 718 1512 740 lentia
1530 718 1658 741 exhibenda
1677 722 1710 741 est
1727 719 1740 740 9
1759 719 1773 741 7

1494 758 1650 780 Ρ11Αο50010110
1668 770 1698 774 --
1721 757 1751 780 ab
1774 759 1909 781 auctoritate
1928 759 2011 787 princi-

1446 803 1503 824 pum
1521 797 1674 819 saeculariuin
1692 799 1714 819 et
1731 798 1806 825 Papae
1819 798 1886 820 trahit
1897 798 2010 826 originem

1447 836 1490 858 309
1510 837 1538 858 12

1495 876 1632 898 ansewrix
1657 889 1688 891 —
1711 877 1807 904 Semper
1833 879 1855 898 et
1878 876 1965 905 ubique
1988 877 2012 899 in

1447 915 1575 942 praesentia
1595 915 1633 937 Dei
1651 915 1820 937 ambulandum
1839 918 1873 938 est
1890 916 1934 938 496
1951 922 1964 938 0
1981 928 2012 932 -

1447 954 1529 976 Christi
1547 955 1718 977 sacramentalis
1735 958 1758 977 et
1774 955 1898 982 spiritualis
1917 955 2013 984 requirit

1446 994 1599 1016 reverentiam
1618 994 1711 1016 honoris
1728 997 1750 1016 et
1766 994 1840 1016 laudis
1859 994 1901 1016 Υ148
1915 995 1928 1017 5
1939 1007 1971 1011 -
1983 995 2013 1017 Ex

1447 1033 1594 1061 intelligentia
1611 1033 1766 1061 praesentium
1784 1033 1857 1056 oritur
1874 1034 1951 1061 pudor
1967 1034 1979 1055 8
1999 1034 2012 1055 2

1496 1073 1633 1094 Ρ11ΛΕ501>1011
1656 1085 1681 1087 -
1700 1073 1740 1094 suit
1764 1073 1854 1095 tertium
1881 1073 2012 1102 vincutum,

1448 1118 1494 1140 quo
1512 1111 1615 1134 Christus
1632 1112 1715 1140 ligatus
1732 1112 1773 1134 fnit
1791 1112 1835 1134 165
1853 1112 1861 1133 1

1497 1152 1635 1173 Ρ11Λ1150111110
1663 1163 1693 1167 -
1722 1152 1913 1174 Ρ10051111111105115
1944 1151 2013 1174 etiam

1449 1189 1488 1213 ubi
1506 1193 1579 1217 errat,
1597 1196 1621 1212 se
1638 1193 1699 1212 reete
1716 1190 1801 1212 sentire
1818 1190 1929 1218 deceptus
1950 1194 2014 1218 putat

1450 1229 1493 1252 146
1516 1230 1540 1251 18
1559 1242 1589 1245 —
1614 1229 1761 1258 quorundam
1783 1229 1944 1257 imperitorum
1969 1230 2013 1252 303

1449 1269 1478 1291 27
1495 1281 1527 1285 -
1544 1269 1715 1291 Praesumtuosi
1733 1269 1754 1291 in
1781 1269 1877 1292 Ecclesia
1904 1272 2014 1298 tanquam

1449 1308 1580 1331 luciferiana
1599 1311 1751 1330 tumescentes
1774 1308 1894 1337 superbia,
1920 1314 1947 1330 ex
1972 1309 2015 1331 hac

1449 1350 1471 1369 et
1488 1350 1579 1370 aeterna
1598 1347 1643 1369 vita
1661 1350 1715 1369 sunt
1732 1347 1825 1369 delendi
1843 1348 1887 1369 236
1906 1347 1919 1369 5
1933 1360 1961 1363 —-
1977 1348 2015 1370 ad-

1449 1386 1597 1409 versitatibus
1614 1387 1747 1408 humiliatur
1769 1386 1810 1408 140
1828 1387 1841 1408 9

1496 1427 1617 1448 Puxvonun
1629 1438 1659 1442 —
1671 1426 1791 1448 societates
1802 1429 1823 1448 et
1836 1426 1950 1448 consortia
1962 1428 2016 1448 sunt

1449 1465 1558 1493 fugienda
1576 1465 1605 1487 54
1624 1465 1637 1487 5

1497 1505 1606 1526 1011110015
1624 1517 1652 1520 -—
1669 1507 1747 1526 sanata
1762 1510 1802 1532 per
1826 1505 1847 1526 S.
1867 1505 2015 1527 Franciscum

1450 1544 1490 1566 561
1512 1544 1526 1565 7

1498 1583 1567 1605 Pium
1585 1595 1616 1599 —
1634 1584 1655 1605 ln
1673 1583 1748 1605 Prima
1766 1583 1876 1605 Dominus
1894 1583 1922 1606 ad
1944 1583 2016 1611 ponti-

1449 1622 1504 1644 fices
1521 1625 1544 1644 et
1561 1625 1670 1650 tyrannos
1687 1622 1771 1645 ductus
1788 1625 1821 1645 est
1840 1622 1884 1644 408
1907 1623 1920 1644 6

1497 1662 1609 1684 1311011105
1625 1674 1655 1678 -
1667 1662 1749 1690 Figura
1763 1662 1876 1690 primatus
1891 1662 2016 1689 explicatur

1450 1701 1490 1723 391
1514 1702 1526 1723 2
1546 1714 1573 1716 -
1592 1701 1637 1723 Cur
1656 1701 1767 1723 Dominus
1784 1707 1857 1723 unum
1879 1702 2014 1729 Apostolum

1451 1740 1532 1762 ceteris
1550 1741 1685 1768 praefecerit
1702 1741 1746 1762 392
1765 1741 1786 1762 2.
1805 1740 1849 1762 427
1863 1742 1875 1762 2
1892 1741 2016 1763 ——residet

1449 1780 1512 1807 apud
1529 1780 1656 1802 Romanam
1670 1780 1793 1802 Ecclesiam
1806 1780 1851 1802 375
1864 1781 1877 1801 2
1894 1792 1924 1796 -
1937 1781 1959 1802 ln
1972 1779 2016 1807 pri-

1449 1822 1512 1841 matu
1530 1822 1564 1841 est
1581 1819 1661 1847 triplex
1678 1819 1796 1847 plenitudo
1820 1819 1938 1847 potestatis
1954 1818 1984 1842 ib.
2002 1819 2015 1841 3

1454 1858 1508 1881 Vide
1520 1864 1541 1881 v.
1559 1858 1677 1888 Pontifex.

1498 1899 1661 1920 Pmniocssmus
1678 1911 1708 1913 —
1726 1897 1771 1920 Cur
1784 1898 1926 1925 Angelorum
1937 1903 2017 1919 nume-

1449 1944 1490 1959 rus
1508 1939 1551 1959 hoc
1568 1938 1661 1959 nomine
1678 1937 1812 1965 designetur
1830 1937 1854 1958 61
1877 1938 1905 1958 16

1498 1977 1628 1999 mechLE
1644 1990 1675 1992 —
1692 1976 1808 1999 Concesso
1826 1976 1958 2004 principali,
1983 1981 2018 1998 ac-

1450 2016 1548 2038 cessoria
1567 2016 1635 2038 etiam
1654 2016 1812 2038 conceduntur
1831 2015 1874 2037 400
1892 2016 1905 2037 9

1499 2056 1642 2078 Pnirctrxrus
1658 2068 1689 2071 —
1703 2058 1755 2078 sunt
1768 2055 1790 2077 in
1803 2055 1876 2083 prima
1891 2054 2017 2077 hierarchia

1451 2095 1479 2117 18
1497 2095 1522 2117 14
1533 2108 1561 2111 -
1571 2098 1654 2117 ornant
1665 2095 1761 2116 caeleste
1773 2094 1906 2116 convivium
1917 2093 1946 2116 de
1958 2093 2017 2121 prin-

1450 2134 1542 2161 cipandi
1561 2133 1707 2156 inferioribus
1725 2133 1895 2160 magnificentia
1913 2133 1938 2154 61
1962 2132 1990 2154 17

1498 2173 1625 2194 1000011000
1641 2184 1672 2188 ——
1689 2172 1712 2194 ln
1730 2172 1809 2194 (livino
1832 2178 1882 2193 esse
1900 2174 1934 2193 est
1956 2171 2016 2199 prin-

1449 2211 1535 2239 cipium
1553 2211 1655 2239 primum
1674 2215 1783 2239 tanquam
1801 2211 1922 2239 proprium
1940 2216 2018 2238 perso-

1449 2257 1491 2273 nae
1513 2251 1536 2272 17
1560 2251 1579 2272 11

1498 2291 1615 2312 Pnocsssto
1632 2302 1662 2305 —
1680 2289 1832 2312 ecclesiastica
1850 2289 1895 2311 307
1914 2289 1926 2310 8

1498 2330 1643 2351 Pnocumx'ron
1661 2341 1690 2345 —-
1716 2328 1826 2351 debitoris
1849 2331 1871 2350 et
1898 2328 2017 2351 creditoris

1450 2368 1496 2390 314
1519 2369 1543 2391 13

1497 2409 1627 2430 Pnonucssne
1635 2420 1666 2424 —
1676 2407 1795 2435 Sapienter
1804 2413 1902 2435 operans
1911 2413 1957 2429 non
1967 2412 2018 2434 pro-

1450 2448 1514 2470 ducit
1531 2447 1594 2476 quod
1612 2446 1656 2469 sibi
1673 2447 1778 2474 displicet
1796 2447 1840 2468 268
1859 2446 1872 2468 6

1499 2488 1659 2509 Pnoracririun
1681 2498 1712 2502 ——
1738 2485 1854 2514 peculium
1880 2485 2017 2507 filiifamilias

1451 2527 1495 2548 312
1512 2526 1526 2548 7

1497 2566 1624 2588 Pnorficrus
1642 2578 1672 2580 —
1689 2565 1788 2593 Spiritus
1805 2570 1901 2592 semper
1918 2564 2016 2592 proficit,

1450 2604 1644 2627 0011106011260
1668 2604 1681 2626 9
1706 2617 1736 2619 -
1760 2604 1926 2632 Unusquisque
1948 2602 2017 2625 debet

1450 2650 1503 2666 cum
1521 2650 1613 2666 summa
1631 2643 1746 2671 diligentia
1766 2643 1879 2671 prolicere
1897 2642 1919 2664 in
1932 2642 2017 2664 virtute

1451 2683 1464 2705 4
1482 2683 1502 2705 4.
1525 2684 1565 2705 108
1585 2684 1598 2705 2
1616 2696 1646 2699 —
1667 2683 1757 2705 Gradus
1780 2682 1916 2710 proficiendi
1937 2687 2017 2704 secun-

1450 2723 1506 2745 dum
1526 2723 1638 2750 triplicem
1656 2722 1807 2744 hierarchiam
1830 2721 1855 2743 15
1873 2722 1886 2743 9
1904 2733 1935 2737 —
1948 2720 2017 2743 Profi-

1451 2768 1502 2784 cere
1521 2762 1542 2784 in
1562 2762 1632 2784 Deum
1651 2764 1685 2784 est
1702 2761 1823 2783 humiliare
1834 2767 1859 2783 se
1876 2761 1952 2788 ipsum
1970 2760 2011 2782 501

1451 2802 1464 2823 6
1483 2814 1513 2817 —-
1530 2801 1564 2823 Ad
1582 2800 1750 2829 proficiendum
1770 2801 1790 2822 in
1814 2800 1887 2828 gratia
1910 2799 1965 2822 nihil
1982 2802 2016 2821 est

1452 2840 1533 2863 melius
1550 2841 1643 2863 caritate
1664 2839 1705 2862 124
1724 2840 1732 2861 ·1
1754 2852 1784 2856 -
1806 2839 1919 2861 Proficere
1940 2839 2017 2861 volen-

1452 2880 1513 2902 tibus
1530 2879 1657 2902 necessaria
1676 2881 1710 2901 est
1721 2879 1814 2901 devotio
1827 2878 1920 2901 assidua
1937 2878 2015 2906 triplex

1453 2919 1497 2941 1150
1517 2920 1552 2941 12.
1571 2925 1622 2948 sqq.
1634 2931 1662 2934 --
1679 2918 1810 2946 spiritualis,
1823 2924 1835 2939 a
1848 2917 1933 2946 quibus
1946 2917 2015 2944 impe-

1452 2959 1528 2981 diatur
1547 2958 1591 2980 134
1603 2958 1625 2980 7.
1637 2964 1689 2987 sqq.
1698 2970 1728 2974 —-
1738 2957 1781 2985 Qui
1794 2957 1842 2979 vult
1854 2957 1952 2979 multum
1965 2961 2015 2983 pro-

1452 2998 1521 3020 ficere
1543 2998 1634 3020 studeat
1657 3003 1716 3025 pure
1741 2996 1837 3019 obedire
1859 2996 1903 3018 502
1935 2995 1958 3017 13
1984 3006 2014 3010 -
