2133 3317
368 272 422 294 REL

120 312 210 335 Domini
223 312 347 334 introduxit
362 311 404 333 437
417 311 430 332 2
442 321 473 326 -
484 309 586 336 Regulae
603 307 679 330 obser-

119 351 195 374 vantia
213 355 246 372 est
263 350 340 378 vigilia
358 348 506 377 praeambula
524 347 553 369 ad
571 348 678 369 thronum

119 390 265 413 iudiciariam
283 395 335 411 cum
354 388 425 416 gloria
443 386 608 415 possidendum
626 384 679 407 ibid.

119 441 150 445 —
166 429 320 452 observantes
337 427 448 455 Regulam
460 427 632 454 consequuntur
643 430 681 452 pa-

120 474 170 490 cem
189 467 299 495 temporis
315 470 338 488 et
354 464 491 488 aeternitatis
509 463 553 486 448
571 463 595 486 41

167 518 198 523 -
215 506 274 534 Quid
291 504 417 533 praecipiat
433 503 511 532 quoad
523 505 631 525 uxoratos
643 508 682 524 vo-

121 546 192 568 lentes
209 545 319 568 Ordinem
343 543 428 565 intrare
445 543 490 565 398
511 542 525 564 5
545 554 576 557 -
595 542 617 563 ln
639 541 681 563 isto

121 584 287 612 impedimento
304 581 379 604 omnia
398 582 440 604 alia
457 581 615 608 intelliguntur
626 579 680 603 ibid.

121 635 152 639 —
169 629 195 645 ex
219 621 333 644 similibus
354 621 436 643 similia
459 621 499 643 dat
519 620 645 647 intelligere
661 621 683 640 et

121 662 210 684 minora
227 661 249 682 in
267 659 393 682 maioribus
405 659 506 687 implicat
518 658 571 681 ibid.
582 670 614 674 —
625 657 682 686 quid

123 700 247 728 praecipiat
264 699 340 728 quoad
358 705 395 721 res
413 698 554 720 venientium
572 697 601 719 ad
618 696 684 718 Ordi-

122 745 175 762 nem
201 739 245 761 400
271 739 284 760 9
306 750 337 754 -
358 737 415 766 quid
441 736 582 765 praescribat
607 735 683 764 quoad

123 777 256 807 qualitatem
274 777 366 799 babitus
383 776 414 799 ib.
432 777 459 798 10

169 829 200 832 —
227 817 295 838 docet
319 818 478 844 paupertatem
507 813 684 841 mundissimam

84 865 90 872 ·
123 855 248 879 observare
266 855 309 877 393
329 856 342 876 2
357 860 467 876 —usum
485 859 561 875 rerum
575 852 686 880 concedit,

123 894 288 923 proprietatem
300 896 362 916 vetat
382 893 425 915 333
444 893 457 914 6
475 905 504 908 -
522 892 595 914 50111111
615 892 636 912 in
649 896 685 912 ne-

124 934 229 956 cessitate
247 932 352 955 concedit
368 932 519 954 calceamenta
537 933 629 958 portare
642 929 685 952 402

126 973 155 994 16
172 985 202 988 -
218 978 262 994 11011
280 971 387 999 prohibet
405 977 471 993 usum
488 969 645 992 sandaliorum
657 968 686 991 ib.

128 1012 154 1034 17
165 1023 196 1028 -
207 1011 229 1033 111
242 1011 304 1033 victu
316 1013 338 1032 et
347 1010 430 1032 vestitu
443 1009 494 1031 facit
506 1009 646 1031 mentionem
657 1008 686 1029 de

125 1050 217 1078 speciali
236 1049 395 1072 benedictione
412 1049 456 1070 409
473 1049 486 1070 8
504 1060 534 1064 -
551 1053 592 1069 cur
609 1047 687 1069 minus

126 1090 231 1117 imponat
242 1089 271 1111 de
282 1088 366 1111 ieiunio
379 1087 490 1109 moeroris
503 1087 547 1108 410
560 1086 580 1108 9.
593 1092 644 1114 sqq.
655 1097 687 1101 —

125 1128 184 1151 duas
201 1127 397 1156 Quadragesirnas
412 1125 570 1154 praeceptorie
581 1125 685 1152 imponit,

129 1167 218 1189 tertiam
231 1166 314 1189 suadet
326 1166 370 1188 409
382 1165 396 1187 7
408 1178 436 1181 -
454 1165 510 1193 qnid
527 1163 653 1192 praecipiat
665 1165 688 1185 et

128 1205 250 1234 prohibeat
265 1204 342 1234 quoad
368 1204 502 1232 pecuniam,
520 1202 623 1225 laborem
642 1208 688 1224 ma-

128 1251 215 1272 nuum,
232 1244 355 1271 magistros
372 1245 395 1265 et
410 1242 512 1265 studium
534 1242 579 1264 332
597 1243 617 1264 2.
635 1247 686 1270 sqq.

127 1295 158 1300 —
174 1283 292 1312 quomodo
304 1281 447 1310 praescribat
457 1281 558 1303 laborem
577 1287 686 1302 manuum

128 1322 172 1344 334
190 1322 204 1344 9
222 1334 251 1338 —
269 1327 375 1349 expresse
392 1320 490 1348 imponit
505 1319 623 1342 Fratribus
639 1320 688 1341 offi-

127 1360 189 1382 cium
214 1359 363 1388 praedicandi
381 1359 426 1380 332
444 1359 457 1380 2
474 1369 505 1374 -
522 1357 629 1386 exprimit
646 1358 688 1379 for-

129 1405 189 1421 mam
209 1398 355 1426 praedicandi
380 1397 424 1420 542
444 1398 472 1419 12
488 1409 520 1413 ——
536 1396 645 1425 prohibet
660 1397 689 1418 fa-

128 1437 268 1460 miliaritates
286 1437 330 1459 469
348 1438 361 1459 2

175 1477 264 1499 Remoto
283 1488 311 1491 -——
333 1475 459 1503 Religionis
480 1475 617 1497 christianae
643 1475 690 1496 fun-

130 1516 265 1538 damentum
282 1518 315 1537 est
332 1514 435 1537 Christus
452 1514 496 1536 272
513 1515 518 1535 l
536 1527 565 1530 —
577 1514 630 1536 Eius
643 1514 689 1536 fun-

129 1555 264 1577 damentum
281 1558 303 1576 et
319 1554 383 1576 radix
400 1556 434 1575 est
451 1553 508 1576 fides
525 1552 579 1576 ibid.
590 1566 621 1568 —
633 1552 692 1575 chri-

129 1594 217 1616 stianae
234 1593 287 1615 fidei
304 1593 410 1620 perfectis
435 1594 457 1614 et
473 1592 614 1620 imperfectis
630 1598 691 1614 com-

130 1632 187 1661 petit
204 1632 244 1654 261
267 1632 295 1654 13
312 1644 343 1648 -
360 1632 439 1654 Victus
456 1637 502 1653 non
519 1631 617 1659 impedit
641 1631 689 1653 reli-

131 1671 224 1700 gionem
249 1671 386 1693 christianae
408 1670 460 1693 fidei
482 1669 536 1693 ibid.
552 1682 584 1687 —
604 1670 690 1698 sapien-

131 1710 175 1733 tiae
191 1712 328 1732 sectatorem
352 1709 427 1732 erudit
452 1708 508 1732 ibid.
523 1721 555 1726 —
570 1709 604 1732 Ad
622 1709 690 1731 deco-

130 1755 180 1772 rem
197 1749 314 1777 religionis
330 1749 468 1771 christianae
490 1749 589 1771 multum
606 1749 694 1771 confert

130 1788 204 1811 Officii
220 1788 292 1810 divini
308 1787 432 1810 celebratio
450 1787 494 1810 149
512 1788 525 1809 9

178 1840 209 1843 -
226 1828 300 1854 Segor
323 1827 421 1854 parvula
443 1826 557 1854 significat
582 1826 692 1848 humilem

131 1866 276 1894 Religionem
292 1866 337 1888 373
355 1865 370 1887 b
386 1877 418 1882 —
434 1871 475 1887 cur
492 1865 633 1893 significetur
645 1871 693 1887 ara-

132 1907 167 1928 tro
185 1904 225 1927 441
248 1905 276 1927 13
294 1917 325 1921 —-
341 1910 382 1927 cur
404 1904 477 1926 monti
499 1896 646 1932 comparetur
662 1903 692 1927 ib.

131 1943 162 1967 14
179 1956 208 1960 -—
225 1943 351 1971 Religionis
367 1943 495 1966 sublimitas
506 1946 540 1966 est
556 1943 694 1966 beneficium

131 1985 238 2011 spectans
248 1983 279 2005 ad
290 1982 430 2005 adiutorium
447 1982 534 2010 gratiae
547 1982 697 2010 poenitentia-

134 2023 161 2045 lis
177 2022 191 2044 6
209 2022 237 2044 12
254 2034 284 2038 -
301 2024 434 2049 peccatores
456 2024 478 2043 et
494 2021 640 2049 imperfectos
657 2021 695 2044 ad-

133 2061 207 2089 mittit,
224 2064 249 2084 ut
265 2061 336 2083 iustos
352 2060 436 2083 efficiat
451 2063 474 2083 et
490 2060 519 2082 ad
531 2061 694 2088 perfectionem

133 2100 247 2128 perducat
263 2099 303 2122 251
333 2099 364 2121 25
381 2112 411 2115 —
432 2099 558 2127 Religionis
575 2102 655 2121 votum
673 2099 695 2121 in

134 2140 194 2162 statu
211 2138 357 2166 perfectionis
380 2138 475 2160 collocat
497 2137 541 2160 248
568 2137 594 2160 14
610 2151 640 2153 -
657 2138 697 2160 ad-

133 2178 278 2200 miniculatur
302 2177 332 2200 ad
358 2178 473 2205 perfectae
496 2177 587 2199 virtutis
611 2177 696 2199 exerci-

134 2216 199 2244 tium,
211 2216 389 2239 custoditionem
401 2218 425 2238 et
434 2216 628 2244 complementum
641 2215 695 2238 ibid.

134 2267 164 2272 —
176 2255 295 2278 consilium
305 2255 382 2277 omnia
390 2255 533 2283 relinquendi
545 2258 567 2277 et
578 2254 693 2277 Christum

135 2294 369 2323 sequenditadimplet
378 2293 423 2316 247
434 2293 462 2315 12
472 2306 500 2309 --
514 2294 589 2316 Status
600 2294 696 2321 Religio-

134 2333 169 2355 nis
185 2333 215 2355 ab
232 2332 340 2355 omnibus
357 2332 416 2354 licite
432 2334 508 2360 potest
524 2332 608 2360 appeti,
620 2338 633 2353 a
650 2332 698 2354 nul-

136 2372 163 2394 lis
180 2372 250 2394 debet
266 2371 394 2398 contemni,
411 2371 440 2393 ab
462 2371 497 2393 his
520 2371 558 2399 qui
584 2374 697 2393 vocantur

136 2411 258 2437 divinitus,
275 2416 356 2433 secure
373 2409 458 2437 suscipi
480 2413 501 2432 et
526 2410 629 2432 studiose
652 2416 696 2432 ser-

136 2450 186 2472 vari
204 2449 250 2472 252
268 2450 297 2471 26
315 2461 345 2466 —-
357 2449 495 2471 Beneficium
508 2448 631 2476 Religionis
643 2455 696 2471 cum

137 2488 263 2517 gratiarum
280 2488 370 2511 actione
386 2489 516 2516 frequenter
531 2487 698 2510 ruminandum

137 2530 172 2550 est
189 2527 233 2549 480
251 2528 265 2550 2

183 2578 215 2583 -
235 2565 378 2594 impossibile
403 2566 513 2594 profitens
534 2568 569 2587 est
590 2565 700 2592 supersti-

137 2605 194 2628 tiosa
211 2607 233 2627 et
250 2605 311 2627 fatua
327 2611 355 2627 ae
371 2610 412 2632 per
429 2605 473 2627 boc
489 2604 637 2632 reprobanda
653 2604 699 2626 304

138 2645 151 2666 3
168 2656 199 2660 -
212 2644 265 2666 Tria
278 2643 412 2671 principalia
424 2643 500 2666 omnis
511 2643 635 2671 Religionis
646 2646 700 2666 sunt

138 2682 281 2710 obedientia,
298 2683 389 2705 castitas
405 2685 429 2705 et
444 2685 567 2710 paupertas
580 2682 627 2704 345
642 2682 657 2704 b
668 2694 702 2699 -

139 2722 211 2750 Quale
226 2724 309 2744 votum
324 2721 449 2749 Religionis
469 2721 498 2743 sit
514 2721 637 2749 perfectius
654 2721 702 2744 250

140 2761 169 2783 20
185 2772 217 2777 -—
232 2766 277 2783 non
294 2763 348 2783 sunt
364 2766 433 2788 pares
448 2760 471 2782 111
488 2759 562 2782 tribus
578 2759 637 2782 votis
654 2760 700 2782 396

140 2798 155 2820 9
170 2810 202 2815 -
217 2799 242 2820 111
257 2798 335 2820 multis
350 2798 496 2825 singularum
505 2797 651 2825 Religionum
662 2797 702 2820 ob-

140 2837 270 2860 servantiae
292 2837 410 2859 variantur
435 2836 482 2859 134
503 2836 517 2859 7
539 2848 571 2853 --
587 2837 662 2864 Saepe
677 2836 701 2858 in

140 2875 257 2904 aliquibus
283 2882 344 2898 unus
370 2875 434 2898 Ordo
460 2875 576 2904 praecellit
604 2876 701 2898 alterum

142 2915 187 2937 250
205 2915 242 2937 20.
258 2914 303 2937 349
320 2921 333 2937 a
351 2927 380 2931 —
398 2914 460 2936 Varii
481 2917 553 2937 status
578 2914 702 2942 Religionis

808 228 905 257 lNDEX
929 226 1174 256 ALPHABETICUS.

758 319 789 323 —
817 307 892 328 Status
916 305 1040 332 Religionis
1065 307 1098 326 est
1122 304 1224 326 securior
1249 306 1271 325 et

713 345 800 368 morbis
816 345 899 367 nostris
916 344 1025 367 curandis
1045 343 1213 371 expedientior,
1230 343 1270 365 sed

713 384 858 412 praelationis
875 386 946 405 status
964 385 998 405 est
1015 382 1079 404 altior
1097 382 1119 403 in
1131 381 1272 409 perfectione

714 424 754 446 251
772 424 801 445 25
812 435 843 439 -
855 422 962 450 Religiosi
975 424 1079 444 tenentur
1091 420 1186 443 firmiter
1199 421 1274 448 Papae

714 462 809 485 obedire
827 462 871 484 396
893 462 914 483 11
930 473 960 477 -
973 460 1109 488 VigIlantius
1126 459 1222 488 eiusque
1239 465 1273 481 se-

714 507 799 530 quaces
817 503 900 523 statum
918 500 1059 522 saecularem
1075 499 1143 521 statui
1167 498 1274 526 religioso

715 541 832 568 praeferre
848 540 884 561 vel
899 545 999 567 aequare
1023 537 1165 560 conabantur
1183 536 1228 559 249
1247 536 1273 558 17

717 592 745 595 -—
762 579 889 606 Religiosos
906 577 1068 606 persequendo
1080 576 1214 599 calumniari
1231 582 1276 598 sce-

716 619 751 641 lus
768 621 802 640 est
818 623 918 645 magnae
930 617 1040 645 perfidiae
1052 616 1097 638 329
1110 615 1138 638 40
1150 628 1181 631 -
1193 614 1277 637 Tribus

717 657 793 680 modis
810 657 938 679 saeculares
955 656 1055 678 iudicant
1067 655 1195 682 Religiosos
1207 654 1252 676 352
1265 660 1277 676 a

717 708 748 713 -
764 696 872 723 Religiosi
897 701 910 717 a
935 695 1006 722 vulgo
1032 694 1148 716 rusticano
1171 693 1278 716 dicuntur

718 735 842 757 antichristi
860 733 989 762 praenuntii
1007 737 1029 755 et
1045 733 1196 755 seminatores
1213 738 1279 760 guer-

718 780 796 796 rarum
814 773 867 796 ibid.
879 785 909 789 —
921 772 1024 795 Nonnulli
1043 772 1073 794 de
1089 772 1149 794 clero
1162 772 1213 799 plus
1224 771 1280 793 ode-

718 815 770 835 runt
787 813 914 840 Religiosos
939 817 1008 840 quam
1032 811 1128 833 ludaeos
1151 810 1195 832 373
1220 817 1232 832 a
1250 823 1280 826 -

720 852 741 873 Si
759 854 834 874 tamen
851 853 966 878 saperent,
994 850 1069 877 potius
1093 855 1133 872 eos
1158 849 1281 877 diligerent

719 889 824 918 pluribus
841 890 871 912 de
888 890 963 912 causis
979 888 1033 911 ibid.
1050 901 1080 905 —
1092 889 1208 917 Quasdam
1226 888 1282 910 iniu-

719 929 764 951 rias
781 928 887 956 Religiosi
914 929 1010 950 tolerare
1034 930 1142 955 possunt,
1167 927 1280 955 quasdam

720 974 764 990 non
782 968 827 990 366
846 967 860 989 b
877 980 906 983 —
924 967 966 989 Ubi
989 966 1097 994 Religiosi
1123 966 1206 988 domos
1227 966 1282 988 reci-

720 1013 775 1035 pere
792 1007 879 1034 possint
897 1007 941 1028 305
964 1006 979 1028 l)
996 1018 1024 1022 —
1043 1005 1121 1027 Melius
1146 1007 1180 1027 est
1203 1005 1224 1026 in
1250 1004 1282 1026 di-

720 1046 794 1068 versis
817 1046 873 1068 locis
895 1051 946 1068 esse
968 1045 1051 1067 domos
1075 1044 1194 1071 religiosas
1210 1050 1281 1072 quam

719 1085 741 1107 in
759 1091 805 1107 uno
823 1085 900 1112 plures
916 1085 961 1106 363
979 1090 991 1106 a
1009 1096 1038 1099 —
1057 1083 1164 1105 Diversas
1177 1083 1282 1105 utilitates

720 1123 840 1151 Religiosis
864 1124 961 1145 afferunt
984 1122 1062 1150 magni
1079 1124 1206 1144 conventus
1228 1127 1283 1149 prae

720 1162 799 1190 parvis
816 1162 860 1184 367
879 1162 902 1184 lJ.
920 1162 964 1184 368
982 1168 995 1183 a

767 1214 798 1217 —
815 1202 899 1224 lntrare
917 1201 1059 1228 Religionem
1072 1203 1106 1222 est
1123 1201 1249 1228 perfectum
1261 1200 1283 1221 in

721 1247 805 1269 genere
821 1243 844 1262 et
860 1243 924 1263 actus
941 1240 1039 1262 difficilis
1056 1242 1078 1261 et
1089 1239 1200 1262 excellens
1212 1239 1257 1261 238
1270 1239 1283 1258 8

721 1292 752 1296 —
769 1279 861 1302 Clericis
878 1279 935 1301 liber
952 1281 986 1301 est
1004 1279 1121 1306 ingressus
1138 1278 1167 1301 ad
1187 1278 1285 1305 Religio-

721 1325 774 1341 nem
793 1318 837 1340 247
856 1318 893 1340 ¹lli.
910 1318 954 1340 248
973 1318 1002 1340 14
1019 1330 1050 1334 -
1067 1317 1179 1340 innumeri
1207 1317 1283 1339 Sancti

721 1358 751 1380 de
775 1357 871 1380 clericali
894 1360 953 1379 statu
976 1357 1005 1378 ad
1027 1356 1169 1384 Religionem
1193 1356 1285 1378 transie-

722 1399 776 1419 runt
793 1397 837 1418 248
860 1396 884 1418 14
903 1409 932 1412 -
949 1395 1127 1418 Constitutiones
1145 1398 1239 1423 agentes
1255 1395 1285 1417 de

723 1436 848 1463 Religionis
870 1436 975 1463 ingressu
1002 1435 1045 1457 450
1072 1441 1091 1463 a,
1110 1434 1131 1456 b.
1159 1434 1199 1457 451
1224 1440 1236 1456 a
1254 1446 1285 1450 —

725 1488 753 1491 —
770 1475 831 1497 More
848 1475 997 1503 antiquorum
1014 1474 1180 1502 Religiosorum
1195 1473 1286 1495 habitus

723 1514 862 1536 novitiorum
881 1513 1029 1541 distinguitur
1046 1513 1075 1535 al]
1099 1512 1178 1535 habitu
1202 1513 1286 1540 profes-

723 1559 803 1576 sorum
822 1553 867 1575 400
887 1553 909 1574 11

771 1605 801 1608 -
820 1592 952 1614 Peccatores
978 1591 999 1613 in
1022 1591 1140 1618 Religione
1163 1591 1288 1613 reforman-

725 1634 760 1654 tur
778 1634 799 1653 et
815 1631 922 1653 luminosi
939 1630 995 1652 fiunt
1012 1630 1057 1652 475
1074 1636 1086 1652 a
1104 1642 1135 1645 —
1151 1632 1186 1652 est
1208 1630 1286 1652 schola

725 1671 837 1692 virtutum
854 1669 898 1692 347
917 1669 931 1691 b
948 1682 979 1685 —
996 1669 1102 1697 Quinque
1114 1669 1144 1691 de
1155 1669 1231 1691 causis
1242 1675 1287 1690 non

725 1715 806 1731 omnes
831 1709 939 1736 Religiosi
966 1711 1019 1730 sunt
1036 1708 1131 1730 virtuosi
1157 1708 1202 1730 348
1219 1714 1232 1730 a
1258 1720 1287 1723 —

726 1749 888 1771 Permanentes
905 1748 927 1769 in
952 1747 1037 1770 Ordine
1054 1747 1216 1775 districtiores,
1233 1752 1283 1769 cau-

726 1788 795 1810 tiores
812 1790 834 1809 et
850 1787 983 1809 devotiores
999 1786 1128 1808 efficiuntur
1146 1785 1186 1808 441
1212 1785 1238 1807 14
1257 1798 1287 1801 -

727 1827 849 1854 Apostatae
876 1831 889 1848 a
917 1825 1035 1853 Religione
1063 1825 1084 1847 in
1113 1825 1287 1847 condimentum

726 1865 834 1888 stantium
851 1867 970 1887 vertuntur
987 1863 1040 1887 ibid.
1055 1876 1083 1879 —
1097 1864 1220 1891 Dupliciter
1232 1863 1287 1886 exiri

727 1907 802 1932 potest
824 1904 853 1926 de
878 1903 995 1931 Religione
1019 1903 1058 1925 401
1090 1903 1119 1925 13
1135 1915 1166 1919 -
1183 1903 1217 1925 Ad
1235 1902 1288 1925 infe-

727 1944 812 1966 riorem
831 1943 942 1970 Regulam
959 1949 1004 1964 non
1021 1942 1076 1964 licet
1097 1942 1194 1964 transire
1210 1941 1287 1964 altiora

727 1982 837 2010 professis
854 1981 899 2004 347
917 1988 929 2003 a

774 2034 805 2037 —
821 2021 947 2048 Religionis
964 2021 1080 2048 ingressus
1097 2020 1240 2043 inchoandus
1256 2022 1290 2042 cst

728 2060 757 2083 ab
774 2060 959 2088 expropriatione
983 2062 1125 2082 terrenorum
1152 2059 1197 2081 523
1223 2060 1236 2081 3
1258 2071 1291 2075 -

728 2100 763 2122 Ad
779 2099 943 2128 perfectionem
959 2101 1032 2121 status
1054 2098 1178 2126 Religionis
1195 2098 1289 2127 requiri-

728 2142 763 2161 tur
780 2138 895 2160 abdicatio
912 2138 1059 2166 proprietatis
1077 2137 1118 2159 251
1140 2138 1178 2159 23.
1196 2137 1241 2159 279
1259 2138 1288 2159 22

728 2189 760 2194 --
776 2177 883 2205 Religiosi
901 2177 1033 2205 relinquunt
1050 2177 1178 2203 mundum,
1196 2176 1289 2198 divitias

728 2216 808 2238 mundi
826 2219 848 2238 et
865 2216 1016 2238 ecclesiastica
1029 2215 1139 2237 beneficia
1151 2218 1173 2238 et
1190 2221 1290 2243 pauper-

729 2258 797 2278 tatem
819 2255 971 2277 voluntariam
994 2255 1130 2282 profitentur
1157 2254 1201 2276 373
1220 2254 1234 2276 b
1260 2267 1286 2270 —

729 2295 770 2316 Per
787 2294 957 2322 possessionem
975 2293 1085 2321 pecuniae
1110 2293 1184 2315 omnis
1201 2293 1289 2320 Religio

730 2334 853 2355 suffocatur
871 2332 915 2354 354
934 2332 948 2354 1)
959 2344 990 2349 -
1002 2332 1110 2359 Religiosi
1123 2338 1164 2359 per
1181 2331 1291 2359 receptio-

730 2377 782 2394 nem
799 2371 911 2399 pecuniae
928 2371 984 2393 viles
996 2370 1053 2393 fiunt
1065 2371 1112 2392 Deo
1124 2373 1145 2392 et
1157 2369 1291 2392 hominibus

731 2410 774 2432 419
793 2410 822 2432 22
839 2421 870 2426 -·
886 2409 1013 2431 carentium
1031 2409 1111 2431 loculis
1123 2408 1152 2430 ab
1164 2414 1242 2430 errore
1254 2408 1291 2430 de-

732 2448 831 2471 fenditur
848 2448 893 2470 304
912 2449 933 2470 1.
949 2454 1002 2476 sqq.
1018 2460 1048 2463 —
1066 2447 1181 2469 Possessio
1199 2447 1290 2474 privata

730 2490 845 2515 repugnat
861 2487 973 2509 essentiae
996 2488 1068 2508 status
1093 2486 1196 2513 religiosi
1213 2486 1259 2508 313
1277 2486 1292 2507 8

731 2538 763 2543 -
779 2526 814 2548 Ad
832 2525 956 2553 Religionis
973 2525 1137 2552 perfectionem
1163 2524 1245 2547 sufficit
1262 2524 1293 2546 nil

732 2564 818 2587 hahere
834 2564 955 2592 proprium
973 2564 994 2585 in
1007 2563 1101 2591 speciali
1111 2566 1134 2585 et
1145 2562 1231 2585 habere
1242 2569 1293 2591 pos·

732 2604 807 2626 siones
823 2609 866 2631 pro
883 2602 1018 2625 necessitate
1042 2602 1065 2624 in
1083 2602 1199 2624 communi
1217 2601 1263 2624 340
1280 2608 1293 2624 a

732 2655 764 2659 —
779 2643 845 2665 1111110
862 2642 956 2664 modum
974 2644 1049 2664 tenent
1065 2647 1147 2663 omnes
1163 2640 1294 2668 Religiones

732 2681 840 2710 antiquae
856 2679 913 2703 ibid.
929 2692 960 2696 —-
974 2681 996 2702 111
1014 2680 1113 2702 diversis
1127 2678 1294 2707 Religionibus,

732 2722 826 2748 excepta
847 2725 874 2742 ea
896 2720 1002 2742 Fratrum
1025 2719 1150 2746 Minorum,
1175 2718 1235 2741 bona
1261 2718 1295 2740 sic

733 2761 785 2781 sunt
803 2758 934 2781 communia
951 2757 1066 2786 personis,
1088 2757 1153 2786 quod
1174 2759 1227 2779 sunt
1244 2763 1294 2785 pro-

734 2797 782 2825 pria
804 2797 964 2820 communitati
989 2796 1034 2819 395
1058 2797 1071 2818 8
1089 2807 1120 2812 -
1137 2796 1203 2824 Quod
1226 2796 1295 2818 datur

733 2837 849 2859 monacho
872 2835 951 2858 transit
973 2835 995 2858 in
1019 2834 1148 2858 dominium
1166 2834 1236 2857 tonus
1251 2834 1295 2857 col-

734 2875 787 2903 legii
805 2875 848 2897 313
866 2875 881 2897 7
898 2887 929 2891 —
945 2874 1066 2903 Quomodo
1079 2873 1207 2901 Religiosus
1225 2873 1295 2896 rebus

733 2914 870 2937 neeesaeriis
893 2913 925 2936 uti
946 2913 1031 2936 debeat
1054 2912 1112 2936 ibid.
1125 2925 1155 2929 —
1172 2912 1295 2941 Quomodo

142 2954 265 2977 Ecclesiam
282 2953 392 2976 decorant
407 2956 430 2976 et
445 2953 585 2976 deiformem
600 2953 702 2976 efficiunt
733 2953 823 2976 differat
847 2953 956 2981 perfectio
985 2952 1152 2980 Religiosorurn
1181 2957 1195 2974 a
1224 2952 1296 2979 perses

142 2993 187 3015 250
205 2993 234 3015 20

733 2992 808 3015 ctione
824 2991 959 3015 clericorum
984 2991 1032 3014 sola
1056 2990 1185 3013 necessaria
1200 2990 1296 3013 retinen-

1811 223 1867 251 739

1563 263 1617 285 REL

1306 303 1362 324 tium
1381 303 1425 325 310
1444 302 1481 324 17.
1497 308 1548 331 sqq.
1566 315 1595 317 —
1612 301 1720 329 Religiosi
1732 300 1817 323 debent
1828 307 1865 322 su-

1304 341 1396 363 stentari
1413 341 1442 363 de
1459 340 1611 368 eleemosynis
1629 346 1673 362 non
1685 339 1822 368 potestative
1833 345 1867 361 re·

1305 380 1405 409 quisitiS‚
1429 380 1470 402 sed
1496 380 1533 407 pie
1558 383 1579 402 et
1604 379 1718 401 humiliter
1745 379 1864 407 postulatis

1306 420 1351 441 329
1371 419 1399 441 39
1417 431 1447 435 -
1464 419 1535 447 Quale
1559 418 1665 440 meritum
1691 418 1719 440 sit
1740 418 1866 445 Religiosos

1307 463 1421 486 pauperes
1438 459 1566 480 sustentare
1582 456 1611 479 ib.
1631 457 1658 479 40
1675 469 1706 473 -
1718 457 1825 485 Religiosi
1838 456 1868 479 ob

1307 499 1406 525 quatuor
1419 496 1517 518 rationes
1526 497 1577 524 plus
1586 497 1699 518 honorant
1708 496 1790 518 divites
1799 502 1869 524 quam

1309 541 1424 564 pauperes
1441 535 1485 557 353
1503 541 1514 557 a
1541 547 1572 551 —
1594 535 1668 564 Aliqui
1691 535 1798 563 Religiosi
1815 541 1869 562 pau·

1310 577 1421 602 pertatem
1446 574 1541 596 avaritia
1566 576 1721 601 commutant,
1738 576 1874 602 appetentes

1310 619 1369 642 quae
1385 619 1431 635 non
1449 613 1516 636 licent
1537 613 1578 635 114
1596 614 1610 635 6
1629 625 1657 629 —
1674 613 1774 635 Avaritia
1793 613 1814 635 in
1827 613 1871 634 Re-

1310 652 1397 680 ligiosis
1414 655 1448 674 est
1465 654 1537 674 mater
1553 652 1694 674 confusionis
1705 654 1728 674 et
1744 652 1870 674 damnatio-

1312 692 1345 713 nis
1363 690 1392 713 ib.
1409 691 1422 713 8
1440 704 1469 707 -
1487 691 1595 718 Religiosi
1613 692 1728 718 superflua
1747 697 1872 718 procuran-

1312 733 1346 752 tes
1362 730 1510 758 quintuplicis
1528 730 1615 757 peccati
1633 730 1664 751 rei
1682 732 1735 752 sunt
1752 729 1792 751 341
1815 729 1829 751 b
1841 741 1872 746 —

1312 769 1420 797 Religiosi
1448 771 1551 791 amantes
1580 771 1738 796 paupertatem
1765 768 1873 791 omnibus

1313 808 1379 830 bonis
1396 807 1547 830 abundabunt
1565 807 1608 830 114
1626 808 1639 829 7
1657 820 1688 824 -
1709 807 1818 835 Religiosi
1836 813 1872 829 ne-

1314 847 1427 874 gligentes
1451 848 1609 874 paupertatem
1635 846 1738 868 omnium
1756 845 1871 868 bonorum

1314 888 1408 913 egentes
1435 888 1502 908 erunt
1525 885 1581 908 ibid.
1602 898 1633 902 —
1654 885 1699 907 Cur
1724 885 1793 914 aliqui
1818 885 1873 907 Reli-

1314 925 1372 952 giosi
1390 925 1533 952 impatientes
1545 925 1590 946 sint
1602 924 1736 947 sustinendo
1753 925 1875 952 penuriam

1316 963 1359 986 343
1379 963 1393 985 b

1362 1015 1392 1018 —
1409 1001 1498 1030 Quibus
1516 1002 1638 1024 virtutibus
1662 1002 1788 1029 Religiosus
1809 1002 1876 1024 ador-

1315 1044 1382 1063 natus
1398 1046 1448 1063 esse
1465 1040 1549 1062 debeat
1570 1041 1610 1063 150
1634 1041 1662 1062 15
1686 1053 1716 1056 ——
1743 1041 1766 1062 ln
1791 1040 1877 1069 quibus

1316 1080 1439 1108 praecipue
1456 1080 1565 1102 consistat
1581 1079 1651 1101 decor
1669 1079 1792 1107 Religionis
1808 1079 1849 1101 143
1861 1080 1875 1101 7

1315 1131 1346 1135 -
1363 1119 1386 1140 111
1404 1119 1518 1146 Religioso
1536 1125 1628 1146 semper
1645 1124 1714 1146 opera
1733 1118 1792 1140 bona
1819 1118 1878 1140 Reli-

1316 1158 1390 1185 gionis
1406 1157 1479 1180 videri
1502 1156 1587 1179 debent
1611 1157 1649 1179 441
1681 1158 1708 1179 r13
1734 1169 1765 1173 —-
1789 1157 1878 1179 Fideles

1317 1196 1377 1219 bona
1395 1198 1454 1219 tama
1471 1197 1639 1224 Religiosorum
1657 1196 1772 1218 aedificari
1790 1199 1812 1218 et
1836 1196 1877 1219 do-

1316 1236 1363 1258 ceri
1381 1235 1466 1258 debent
1487 1235 1527 1258 134
1551 1236 1563 1257 9
1587 1247 1618 1252 -
1642 1236 1726 1258 Votum
1753 1235 1878 1263 Religionis

1317 1275 1367 1297 sine
1383 1274 1543 1297 exercitatione
1560 1276 1673 1302 perfectae
1686 1274 1775 1297 virtutis
1787 1280 1833 1296 non
1845 1277 1879 1296 est

1318 1314 1439 1342 perfectio,
1457 1313 1498 1336 sed
1515 1314 1633 1342 perversio
1650 1314 1695 1336 250
1713 1314 1742 1335 22
1764 1325 1795 1330 -
1819 1314 1879 1341 Quo-

1318 1353 1388 1375 modo
1405 1352 1514 1380 Religiosi
1532 1359 1584 1375 cum
1605 1352 1761 1375 saecularibus
1786 1358 1880 1374 conver-

1318 1392 1362 1414 sari
1379 1391 1478 1414 debeant
1496 1391 1539 1413 486
1567 1393 1571 1413 Ι
1601 1404 1631 1407 —
1656 1391 1763 1419 Religiosi
1782 1397 1880 1419 corpore

1318 1433 1340 1453 et
1357 1434 1432 1453 mente
1449 1433 1471 1453 et
1488 1431 1603 1453 desiderio
1620 1431 1733 1453 mundum
1750 1431 1879 1458 relinquere

1318 1469 1405 1492 debent
1423 1469 1466 1491 114
1484 1471 1496 1491 8
1515 1482 1544 1485 -
1561 1470 1691 1497 Religiosus
1708 1469 1778 1492 debet
1799 1470 1880 1496 fugere

1319 1508 1435 1530 consortia
1452 1508 1572 1530 hominum
1585 1511 1607 1530 et
1618 1508 1688 1530 vitam
1701 1508 1825 1530 solitariam
1837 1507 1881 1530 du-

1319 1553 1371 1569 cere
1392 1547 1432 1569 116
1451 1548 1463 1568 3
1481 1560 1511 1563 —
1528 1547 1636 1575 Religiosi
1653 1553 1665 1569 a
1684 1547 1782 1569 tumultu
1804 1552 1882 1569 saecu-

1319 1586 1401 1608 larium
1419 1592 1469 1608 sese
1485 1592 1593 1614 separare
1605 1588 1627 1608 et
1638 1586 1660 1608 in
1672 1585 1833 1608 solitudinibus
1845 1586 1882 1607 ha-

1319 1624 1393 1647 bitare
1408 1625 1500 1647 student
1517 1625 1561 1647 340
1579 1625 1594 1647 b
1610 1637 1641 1641 —
1658 1625 1765 1652 Religiosi
1783 1625 1824 1646 tria
1847 1630 1882 1646 ce-

1320 1665 1366 1686 lare
1383 1665 1456 1686 solent
1473 1664 1512 1686 351
1535 1664 1550 1686 b
1566 1676 1596 1680 —-
1614 1664 1740 1692 Religiosus
1763 1663 1832 1686 debet
1856 1669 1882 1685 se

1321 1704 1398 1725 levare
1414 1709 1483 1731 supra
1501 1706 1586 1725 statum
1604 1704 1723 1725 hominum
1743 1703 1787 1724 116
1813 1703 1826 1724 3
1851 1714 1881 1718 -

1320 1742 1449 1770 Religiosus
1465 1749 1510 1765 nou
1527 1742 1597 1765 debet
1613 1742 1698 1764 habere
1715 1742 1882 1764 consolatorem

1321 1785 1343 1804 et
1360 1782 1521 1804 collocutorem
1539 1781 1583 1803 nisi
1600 1782 1675 1803 50111111
1693 1781 1766 1803 Deum
1784 1780 1838 1803 ibid.
1851 1793 1882 1796 —

1324 1820 1482 1843 Necessarium
1499 1822 1533 1842 est
1550 1826 1591 1848 pro
1608 1820 1729 1848 Religiosis
1747 1825 1840 1842 servare
1856 1819 1884 1842 si-

1323 1860 1417 1882 lentium
1435 1858 1465 1882 ib.
1483 1860 1490 1880 1
1512 1871 1542 1876 -
1567 1859 1687 1887 Religiosis
1704 1858 1831 1881 necessaria
1849 1860 1883 1880 est

1321 1898 1443 1926 abnegatio
1461 1898 1568 1926 propriae
1585 1898 1707 1921 voluntatis
1732 1898 1776 1920 279
1799 1898 1828 1919 22
1852 1909 1885 1914 -

1322 1937 1451 1965 Religiosus
1468 1943 1492 1959 se
1509 1937 1585 1965 ipsum
1603 1936 1672 1959 habet
1687 1943 1768 1965 regere
1793 1937 1836 1959 t50
1858 1936 1883 1958 15

1325 1989 1353 1992 -
1370 1976 1499 2004 Religiosus
1516 1976 1545 1998 de
1561 1976 1597 1998 sui
1618 1976 1691 2004 ipsius
1712 1976 1826 2004 regimine
1850 1981 1884 1998 ra-

1323 2016 1408 2038 tionem
1426 2015 1474 2037 Deo
1491 2017 1526 2038 est
1541 2015 1673 2038 redditurus
1690 2014 1746 2037 ibid.
1763 2027 1794 2030 d
1810 2014 1884 2042 Magni

1322 2054 1418 2082 periculi
1435 2060 1472 2076 res
1489 2057 1524 2076 est
1545 2054 1567 2076 in
1592 2054 1707 2081 Religioso
1732 2054 1802 2076 multa
1827 2054 1886 2076 velte

1323 2094 1381 2116 scire
1398 2095 1420 2116 et
1436 2099 1462 2115 se
1478 2093 1554 2121 ipsum
1572 2093 1661 2115 nescire
1679 2093 1722 2115 109
1740 2093 1753 2114 6
1779 2104 1810 2108 ——
1826 2092 1886 2115 Reli-

1324 2133 1403 2160 giosus
1420 2138 1513 2159 semper
1529 2138 1554 2154 50
1571 2138 1652 2159 gerere
1669 2131 1751 2159 debet,
1776 2131 1842 2160 quasi
1862 2131 1886 2153 in

1323 2171 1428 2199 proximo
1439 2171 1468 2193 sit
1484 2170 1590 2193 tribunali
1602 2170 1684 2193 iudicis
1705 2170 1887 2198 praesentandus

1325 2210 1368 2232 150
1386 2210 1415 2232 13
1431 2221 1464 2226 --
1479 2210 1592 2232 Orationis
1612 2210 1685 2237 gratia
1709 2213 1743 2232 est
1767 2209 1886 2237 Religiosis

1323 2254 1393 2276 super
1409 2248 1487 2270 omnia
1505 2248 1632 2271 necessaria
1651 2248 1695 2270 150
1717 2248 1750 2270 14.
1771 2248 1814 2270 533
1837 2250 1886 2269 t—

1324 2287 1400 2310 omnis
1417 2287 1507 2309 fulcitur
1525 2287 1647 2309 devotione
1669 2287 1709 2309 134
1732 2287 1756 2308 10
1779 2299 1809 2303 -
1835 2288 1886 2309 Pro-

1326 2327 1393 2348 ficere
1410 2325 1539 2348 volentibus
1556 2326 1577 2347 in
1595 2325 1720 2353 Religionis
1745 2325 1828 2347 virtute
1851 2332 1887 2347 110-

1325 2364 1422 2387 cessaria
1440 2367 1473 2386 est
1489 2364 1583 2386 devotio
1595 2364 1686 2386 assidua
1700 2364 1778 2392 triplex
1794 2364 1835 2386 150
1852 2364 1885 2386 12.

1326 2409 1377 2431 sqq.
1402 2415 1432 2419 —
1457 2403 1586 2430 Religiosus
1611 2403 1632 2425 111
1658 2402 1767 2425 omnibus
1789 2403 1886 2430 agendis

1325 2442 1376 2470 plus
1393 2442 1489 2464 orationi
1515 2442 1569 2464 ndat
1594 2448 1664 2470 quam
1690 2442 1797 2470 propriae
1822 2442 1887 2464 indu·

1325 2481 1394 2503 striae
1411 2481 1455 2503 ι150
1472 2480 1498 2503 14
1509 2492 1540 2497 —
1551 2481 1680 2508 Religiosus
1691 2481 1795 2503 oratione
1806 2486 1887 2503 omnes

1325 2520 1481 2548 periculorum
1495 2520 1623 2542 collisiones
1636 2520 1735 2542 evadere
1748 2522 1822 2547 potest
1833 2518 1888 2542 ibid.

1325 2571 1357 2575 —
1380 2559 1405 2581 ln
1430 2558 1560 2586 Religione,
1586 2558 1625 2580 ubi
1657 2558 1751 2581 devotio
1778 2558 1888 2586 tepuerit,

1326 2603 1407 2620 omncs
1424 2598 1519 2620 virtutes
1536 2597 1648 2625 incipiunt
1666 2597 1764 2620 deficere
1790 2600 1812 2619 et
1836 2603 1888 2625 pro-

1326 2637 1440 2665 pinquare
1456 2637 1536 2659 ruinae
1553 2637 1597 2659 1135
1618 2637 1643 2658 10
1661 2648 1691 2653 -—
1714 2637 1843 2665 Religiosus
1859 2639 1888 2659 te·

1327 2675 1395 2704 pidus
1412 2678 1436 2698 et
1450 2676 1577 2698 orationem
1588 2682 1633 2698 non
1647 2677 1793 2704 frequentans
1803 2678 1837 2698 est
1848 2675 1887 2697 mi-

1326 2720 1363 2737 ser
1379 2716 1402 2736 ct
1416 2714 1501 2736 inutilis
1517 2717 1539 2737 et
1557 2718 1670 2737 mortuam
1690 2716 1733 2737 fert
1747 2714 1848 2736 animam
1864 2715 1888 2737 in

1328 2753 1382 2775 vivo
1399 2759 1497 2781 corpore
1517 2753 1558 2775 117
1580 2754 1585 2775 1
1604 2765 1633 2770 --
1646 2753 1754 2780 Religiosi
1771 2753 1816 2775 rari
1828 2756 1888 2782 sunt,

1327 2792 1367 2821 qui
1377 2792 1562 2815 meditationibus
1574 2796 1656 2815 vacent
1667 2796 1689 2814 et
1700 2792 1770 2815 corde
1778 2794 1800 2815 01
1811 2792 1890 2814 animo

1327 2833 1493 2854 conversentur
1510 2831 1533 2853 in
1550 2831 1618 2853 caelis
1639 2832 1680 2853 120
1698 2832 1726 2853 410
1738 2842 1769 2848 —·
1780 2831 1889 2859 Religiosi

1328 2873 1381 2892 sunt.
1397 2870 1559 2893 intercessores
1579 2870 1643 2898 apud
1668 2870 1740 2892 Deum
1766 2873 1788 2892 et
1813 2870 1888 2898 ipsum

1328 2908 1372 2931 sibi
1390 2912 1412 2931 et
1428 2909 1478 2931 aliis
1493 2908 1629 2937 placabilem
1647 2909 1731 2931 faciunt
1748 2909 1792 2931 373
1819 2908 1834 2931 b
1858 2921 1889 2925 -——

1328 2950 1374 2972 Cur
1390 2949 1559 2976 Religiosorum
1575 2948 1673 2971 Ordines
1684 2948 1776 2971 instituti
1788 2949 1832 2971 sint
1845 2948 1889 2971 377

1329 2989 1350 3017 9,
1370 2990 1393 3011 11
1421 3001 1452 3006 -
1478 2988 1585 3017 Religiosi
1610 2991 1687 3010 contra
1714 2988 1840 3010 haereticos
1867 2990 1890 3010 et
