2133 3317
590 213 785 242 OPUSCULUM
807 213 847 241 tx.
870 213 1022 242 OFFICIUM
1044 213 1085 242 DE
1108 213 1261 242 PASSIONE
1284 213 1408 242 DOMINI.

165 291 230 319 lube
250 291 349 319 domne
369 290 540 319 benedicere.
564 290 666 318 Bened.
689 290 739 318 Per
754 298 832 318 suam
849 294 970 319 sanctam

125 338 279 374 passionem
299 337 346 366 det
376 337 455 365 nobis
476 337 609 365 Dominus
636 344 715 365 suam
744 336 969 365 benedictionem.

124 389 154 419 ip.
176 385 268 412 Amen.

439 453 531 482 Lectio
549 453 660 490 prima.

182 532 352 552 PennuENmT
374 524 475 552 Pilatus
497 523 584 552 lesum
613 525 641 552 et
666 523 821 560 flagellavit.
843 523 874 551 Et
898 523 968 551 mili-

195 573 244 605 tes,
265 571 415 607 plectentes
438 578 568 599 coronam
593 570 626 598 de
654 570 748 606 spinis,
777 570 969 606 imposuerunt

123 618 204 655 capiti
225 618 285 646 eius
305 621 332 646 et
352 620 428 645 veste
454 624 596 654 purpurea
623 616 867 645 circumdederunt
894 624 967 645 eum.

123 665 155 693 Et
175 665 322 694 veniebant
342 663 376 692 ad
397 672 460 692 eum
482 666 509 692 et
529 663 671 692 dicebant:
693 664 747 692 Ave
769 664 827 692 Rex
855 663 968 692 ludaeo—

122 720 195 740 rum.
219 712 249 740 Et
269 711 372 740 dabant
391 710 415 740 ei
436 711 529 747 alapas
541 711 560 745 ¹,
588 714 615 739 et
642 713 811 747 exspuentes
839 710 865 739 in
893 718 967 745 eum,

121 761 288 795 acceperunt
301 757 464 786 arundinem
486 760 513 786 et
534 757 726 794 percutiebant
744 759 828 793 caput
841 757 910 786 eius.
926 758 967 786 Tu

122 809 224 834 autem.

159 857 190 887 fe.
213 852 339 880 Seniores
359 851 504 880 consilium
526 851 652 879 fecerunt
672 851 698 879 in
714 859 816 884 unum,
831 854 863 879 ut
878 851 966 879 lesum

120 898 183 927 dolo
204 901 331 927 tenerent
351 901 378 927 et
399 898 563 927 occiderent.
587 898 600 911 ‘⁴‘
621 897 689 925 Cum
716 897 813 934 gladiis
834 900 860 926 et
888 897 967 926 susti-

120 945 174 974 hus
201 945 333 974 exierunt
361 948 491 982 tanquam
521 944 554 973 ad
576 944 719 973 latronem.
742 946 769 975 37.
791 944 968 981 Collegerunt

120 992 264 1021 Pontifices
284 995 311 1021 et
332 992 469 1020 Pharisaei
491 991 651 1025 consilium,
673 994 705 1020 ut
726 991 815 1020 lesum
843 991 906 1019 dolo
928 995 967 1020 te-

120 1042 219 1068 nerent
239 1041 267 1067 et
285 1038 450 1067 occiderent.
472 1038 540 1066 Cum
562 1038 659 1075 gladiis
670 1038 689 1066 ².

159 1086 225 1115 lube
245 1085 344 1114 domne
365 1085 536 1114 benedicere.
559 1085 662 1113 Bened.
686 1085 735 1114 Per
756 1085 888 1114 virtutem
903 1093 966 1114 san-

120 1135 179 1161 ctae
199 1132 300 1166 crucis,
321 1131 454 1169 perducat
476 1139 526 1160 nos
549 1131 681 1160 Dominus
701 1131 735 1160 ad
756 1131 856 1168 gaudia
884 1138 966 1160 verae

120 1179 199 1208 lucis.
222 1184 252 1214 re.
274 1179 357 1208 Amen
370 1179 390 1207 ³.

416 1249 508 1278 Lectio
528 1249 666 1278 secunda..

160 1328 338 1348 usceessnuur
359 1323 452 1349 autem
475 1320 576 1348 milites
597 1320 685 1348 lesum
706 1322 734 1348 et
754 1319 924 1353 eduxerunt,
939 1322 966 1348 et

172 1366 299 1395 baiulans
319 1366 370 1395 sibi
392 1374 520 1400 crucem,
541 1366 629 1395 exivit
650 1366 677 1394 in
698 1374 779 1400 eum,
801 1366 848 1403 qui
863 1365 965 1394 (licitur

118 1413 258 1442 Calvariae
280 1413 372 1448 locus,
394 1413 524 1442 Hebraice
544 1416 637 1441 autem
659 1413 809 1450 Golgotha,
831 1413 878 1441 ubi
900 1420 965 1441 cru-

119 1459 270 1488 cifixerunt
290 1468 367 1494 eum,
389 1463 416 1489 et
437 1468 501 1489 cum
522 1468 554 1488 eo
574 1460 642 1488 alios
662 1459 732 1488 duos
754 1460 817 1488 hinc
839 1462 866 1488 et
888 1459 965 1494 hinc,

118 1506 239 1535 medium
260 1510 354 1535 autem
376 1507 472 1536 lesum.
495 1507 570 1536 lesus
590 1509 683 1536 autem
697 1506 820 1535 dicebat:
836 1506 915 1535 Pater
928 1506 966 1535 di-

1816 214 1871 243 153

1026 291 1104 320 mitte
1125 292 1193 326 illis;
1216 300 1269 320 non
1290 292 1363 320 enlm
1384 292 1491 326 sciunt,
1512 291 1579 328 quid
1604 291 1738 319 faciunt&
1761 292 1802 320 Tu
1823 300 1872 320 au-

1028 340 1090 366 tem.

1066 389 1095 418 R).
1118 385 1261 421 Tanquam
1282 385 1316 413 ad
1338 385 1471 414 latronem
1487 385 1585 414 existis
1599 393 1662 414 cum
1677 385 1774 422 gladiis
1788 387 1815 414 et
1828 385 1871 414 fu-

1026 430 1115 459 stibus
1136 431 1371 467 comprehendere
1393 440 1444 460 me.
1467 432 1480 445 *
1502 431 1629 468 Quotidie
1642 431 1716 468 apud
1731 439 1780 460 vos
1794 439 1870 460 eram

1026 476 1053 504 in
1075 477 1176 513 templo
1196 477 1312 511 docens,
1334 480 1362 506 et
1382 486 1435 506 non
1459 478 1585 507 tenuistis
1607 486 1665 512 me,
1687 481 1714 507 et
1728 486 1807 513 ecce,
1822 478 1871 507 ssa-

1025 522 1156 559 gellatum
1177 523 1278 552 ducitis
1298 524 1331 552 ad
1353 524 1581 561 crucifigendum.
1604 527 1630 556 12⁷.
1653 525 1779 562 Cumque
1804 525 1871 555 inie-

1025 569 1126 597 cissent
1148 577 1246 598 manus
1268 570 1294 598 in
1316 570 1405 599 lesum
1428 574 1454 599 et
1477 572 1629 600 tenuissent
1650 580 1724 606 eum,
1745 572 1817 601 dixit
1836 572 1871 601 ad

1024 623 1080 644 eos.
1102 616 1229 652 Quotidie
1250 617 1323 653 apud
1346 625 1394 645 vos
1406 618 1425 645 ⁵.

1064 662 1129 691 Iube
1150 662 1250 691 domne
1271 663 1441 692 benedicere.
1466 665 1568 693 Beneit.
1595 666 1741 702 Sanguinis
1768 666 1870 695 Christi

1024 709 1146 746 aspersio
1181 710 1216 738 sit
1246 710 1325 738 nobis
1359 711 1526 747 sempiterna
1560 713 1635 741 salus
1666 716 1693 741 et
1727 713 1869 750 protectio.

1024 761 1054 790 pe.
1076 756 1160 785 Amen
1171 756 1192 784 ⁶.

1344 827 1436 856 Lectio
1457 829 1550 857 tertia.

1072 904 1157 925 031οΑ
1177 897 1267 925 sciens
1288 897 1378 931 lesus,
1400 898 1466 934 quia
1480 898 1572 927 omnia
1586 903 1775 928 consummata
1790 904 1869 935 sunt,

1024 906 1071 977 P
1085 946 1118 971 ut
1139 943 1303 980 impleretur
1324 944 1483 981 Scriptura,
1505 945 1591 973 dixit:
1621 946 1695 974 Sitio.
1725 947 1777 975 Vas
1805 955 1871 983 ergo

1023 992 1083 1018 erat
1104 990 1225 1027 positum
1245 994 1323 1019 aceto
1344 991 1467 1027 plenum.
1490 991 1529 1020 llli
1548 995 1640 1021 autem
1657 993 1798 1030 spongiam
1814 994 1870 1030 ple-

1023 1045 1086 1065 nam
1108 1039 1185 1066 aceto
1206 1037 1326 1074 hyssopo
1351 1037 1609 1075 circumponentes,
1637 1039 1800 1068 obtulerunt
1828 1041 1869 1069 ori

1023 1083 1091 1112 eius.
1112 1083 1181 1111 Cum
1202 1092 1269 1120 ergo
1283 1084 1434 1121 accepisset
1452 1084 1527 1113 lesus
1547 1087 1672 1119 acetum,
1694 1085 1779 1114 dixit:
1802 1086 1870 1115 Con-

1023 1133 1193 1159 summatum
1207 1134 1263 1165 est,
1278 1134 1306 1159 et
1320 1131 1450 1159 inclinato
1464 1132 1566 1168 capite,
1582 1132 1694 1161 tradidit
1708 1133 1836 1170 spiritum
1850 1133 1869 1161 ⁷.

1023 1177 1064 1205 Tu
1085 1180 1187 1206 autem.

1021 1234 1024 1236 ’
1062 1229 1091 1259 P}-
1114 1224 1256 1253 Tenebrae
1276 1224 1363 1253 factae
1381 1228 1462 1259 sunt,
1477 1225 1545 1254 dum
1559 1226 1766 1255 crucifixissent
1780 1227 1869 1255 lesum

1023 1271 1122 1300 ludaei.
1156 1271 1187 1300 Et
1220 1272 1295 1300 circa
1329 1272 1427 1301 horam
1462 1280 1561 1300 nonam
1596 1273 1762 1302 exclamavit
1796 1274 1871 1302 lesus

1022 1326 1088 1347 voce
1110 1326 1224 1355 magna:
1247 1319 1321 1347 Deus
1342 1327 1436 1353 meus,
1458 1319 1533 1348 Deus
1554 1327 1649 1354 meus,
1672 1323 1703 1348 ut
1731 1320 1798 1357 quid
1823 1320 1871 1349 de—

1022 1365 1157 1402 reliquisti
1179 1368 1243 1394 me?
1265 1366 1278 1379 *
1301 1366 1332 1394 Et
1352 1366 1483 1394 inclinato
1503 1366 1607 1403 capite,
1626 1367 1717 1395 emisit
1731 1367 1869 1403 spiritum.

1021 1413 1048 1443 tt.
1072 1412 1236 1441 Exclainans
1257 1412 1332 1441 Iesus
1352 1420 1419 1441 voce
1439 1421 1552 1450 magna,
1574 1413 1627 1442 ait:
1651 1414 1742 1448 Pater,
1764 1414 1791 1442 in
1813 1422 1870 1442 ma-

1022 1467 1075 1487 nus
1096 1461 1157 1487 tuas
1185 1459 1347 1487 commendo
1378 1459 1508 1496 spiritum
1541 1468 1642 1489 meum.
1672 1461 1704 1489 Et
1732 1461 1868 1489 inclinato.

1021 1506 1113 1534 Gloria
1134 1506 1216 1534 Patri.
1238 1506 1269 1535 Et
1290 1506 1421 1535 inclinato
1432 1507 1452 1535 ³.

119 1682 140 1704 et
151 1680 280 1711 opprobria
291 1682 359 1704 sanet
370 1682 391 1704 et
400 1681 512 1710 protegat
521 1686 565 1703 nos
578 1681 643 1703 lesus
661 1680 776 1704 Christus.
788 1682 870 1704 Amen.
885 1681 909 1703 Et
922 1687 965 1709 pro

119 1719 279 1743 benedictione
291 1719 372 1742 habet:
385 1719 421 1742 Ad
437 1718 525 1749 gaudia
543 1719 595 1742 vere·
607 1719 718 1749 paradisi
731 1719 849 1748 perducat
865 1725 908 1742 1103
918 1719 965 1748 qlo-

118 1759 184 1782 riosa
198 1758 279 1788 passio
298 1758 391 1782 Christi.
409 1759 492 1781 Amen.
512 1760 535 1781 111
553 1759 570 1780 G
589 1762 622 1780 est
639 1757 769 1781 absolutio:
788 1759 840 1781 lesu
860 1758 964 1785 Christe,

118 1804 162 1821 nos
185 1798 287 1825 ernaudi,
313 1797 354 1827 qui
376 1803 422 1827 pro
447 1797 513 1820 nobis
530 1797 701 1825 moreie1·is(!).
718 1799 799 1820 Amen.
817 1797 964 1820 Benedictio:

119 1836 244 1860 Benedicat
268 1843 310 1860 nos
333 1836 453 1864 Christus,
471 1837 514 1866 qui
526 1843 573 1866 pro
592 1836 657 1859 1101113
673 1838 709 1859 est
724 1837 864 1867 crucilirus.
882 1838 963 1859 Amen.

119 1877 142 1898 ln
158 1876 175 1898 C
192 1879 227 1898 est
243 1882 292 1904 seq.
311 1875 440 1898 absolutio:
460 1875 621 1905 Triumphalis
645 1875 734 1898 Christi
752 1876 833 1905 passio
850 1875 881 1898 sit
897 1875 964 1898 1101113

119 1914 186 1937 salus
203 1916 226 1937 et
239 1914 361 1944 protectio.
380 1927 409 1930 —
427 1915 479 1936 Vnt.
495 1914 578 1936 omittit
594 1915 704 1937 sanctam
721 1916 772 1936 ante
786 1914 931 1943 passionem.

181 1952 189 1965 ¹
208 1953 271 1981 Quae
288 1953 430 1981 praecedunt
446 1952 560 1975 habentur
573 1954 632 1975 ioan.
649 1953 686 1981 ¹9,
700 1953 735 1975 1-3
745 1962 751 1980 ;
763 1959 823 1981 quae
835 1955 964 1982 sequuntur

118 1992 195 2014 Mattti.
207 1991 249 2019 27,
262 1992 300 2013 30.
312 1991 385 2014 Codd.
397 1992 413 2013 B
423 1992 441 2013 D
458 1991 543 2014 habent
560 1998 634 2014 unam
652 1994 739 2014 tantum
752 1992 885 2018 lectionem,
903 1997 963 2020 quae

118 2031 212 2059 incipit:
229 2030 283 2054 Non
300 2032 334 2054 est
349 2030 448 2060 species,
466 2034 566 2053 sumtam
591 2037 618 2053 ex
644 2031 693 2053 lsai.
716 2031 758 2059 53,
776 2031 829 2058 2-5,
852 2037 905 2053 011111
928 2037 963 2053 re-

118 2076 211 2098 spons:
222 2071 246 2095 11.
259 2069 278 2093 Ο
290 2075 330 2093 vos
343 2076 435 2097 01111103,
453 2070 495 2100 qui
510 2069 618 2093 transitis
627 2076 672 2099 per
682 2069 758 2097 cium,
770 2069 881 2092 attendite
898 2071 920 2092 et
932 2069 963 2092 ri-

118 2108 181 2136 dete,
193 2108 204 2119 *
215 2108 243 2131 Si
253 2109 288 2131 est
304 2107 372 2131 dolor
387 2108 473 2131 sinzilz's
483 2108 546 2132 sicut
556 2107 625 2131 dolor
642 2114 716 2131 meus.
734 2110 756 2132 ἢν.
774 2107 898 2136 Attendite,
911 2108 962 2131 uni-

117 2147 182 2171 versi
196 2147 286 2177 populi,
298 2149 319 2171 et
331 2147 403 2170 videte
420 2147 526 2170 dolorem
543 2153 631 2170 meum.
649 2147 677 2171 Si
691 2149 726 2170 est
741 2147 817 2170 dolor.
836 2147 927 2171 Gloria.
943 2147 962 2171 Ο

117 2192 160 2210 vos
176 2192 264 2210 omnes.
282 2188 304 2210 itt.
323 2186 432 2209 Christus
455 2186 534 2216 factus
559 2189 595 2210 est
614 2193 662 2216 pro
678 2186 746 2210 nobis
763 2187 870 2210 obediens
887 2193 962 2216 usque

118 2224 150 2248 ael
165 2227 272 2248 mortem.
290 2227 314 2250 iit.
331 2226 431 2249 Mortem
448 2227 527 2249 autem
544 2226 631 2249 crucis.
649 2225 682 2255 [ln
695 2226 711 2248 B
723 2229 758 2249 est
769 2228 792 2250 it.
806 2226 853 2249 Hoc
864 2225 961 2255 siquam

118 2263 196 2287 crucis
213 2264 257 2287 erit
274 2264 297 2287 in
315 2264 388 2287 caelo.
399 2266 423 2289 ἢ,
436 2264 495 2288 Cum
512 2264 627 2288 Dominus
639 2264 837 2288 adiudicandum
855 2265 961 2295 venerit}

119 2303 259 2326 Canticum:
279 2303 309 2326 Te
326 2304 401 2326 Deum
419 2303 547 2326 laudamus
564 2306 606 2326 etc.
625 2305 646 2326 111
664 2305 682 2325 G
699 2304 774 2332 prima
791 2304 857 2326 lectio
870 2304 961 2332 incipit:

118 2343 145 2365 ln
162 2342 203 2366 illo
221 2344 325 2372 tempore
341 2344 425 2366 orante
442 2342 535 2366 Christo
560 2342 585 2365 in
609 2342 695 2366 horto:
719 2343 777 2366 Ecce
795 2343 879 2371 ludas,
897 2350 961 2367 nnus

119 2381 146 2404 de
164 2381 285 2405 duodecim
295 2391 305 2410 ,·
322 2382 425 2411 sequitur
441 2382 507 2404 lectio
523 2388 552 2404 ex
563 2382 640 2404 lllatth.
652 2382 694 2409 26,
708 2382 788 2409 47-49,
801 2382 882 2410 paucis
894 2383 961 2405 omis·

119 2421 162 2449 sis,
179 2427 233 2443 cum
250 2422 274 2444 11.
291 2420 401 2443 Seniores
416 2420 507 2450 populi.
526 2421 603 2443 Lectio
619 2421 720 2443 secunda
738 2421 830 2449 incipit:
849 2422 914 2445 Tunc
925 2427 960 2445 ac-

118 2461 240 2483 cesserunt
256 2459 338 2482 Iudaei
352 2461 373 2481 et
389 2465 476 2482 manus
494 2463 550 2486 etc„
567 2463 641 2482 sumta
659 2466 687 2482 ex
703 2460 780 2482 111-11111.
798 2460 839 2487 26,
863 2460 901 2482 50.
924 2461 961 2483 56.

118 2497 155 2520 57.
173 2500 196 2520 et
212 2497 249 2520 67.
271 2498 313 2525 68,
330 2504 383 2519 cum
401 2499 425 2522 ιῆ.
443 2498 538 2526 proprio
557 2497 640 2521 Tristis
657 2499 692 2520 est
707 2497 802 2525 anima,
820 2504 846 2520 ex
859 2499 960 2520 Breviar.

119 2537 222 2559 Romano
231 2536 282 2565 (ser.
294 2537 322 2559 V.
335 2537 355 2558 in
369 2537 444 2559 Coena
458 2537 555 2565 Domini,
566 2538 672 2559 Nocturn.
687 2538 705 2559 1.
715 2538 826 2565 Respons.
839 2538 883 2566 2.);
897 2537 960 2560 tertia

117 2575 184 2597 lectio
201 2575 306 2598 desumta
324 2579 358 2598 est
375 2582 402 2598 ex
423 2576 499 2598 [11111111.
521 2576 564 2603 27,
589 2576 666 2603 27-50,
691 2576 807 2598 nonnullis
831 2576 923 2599 omissis
940 2579 962 2598 et

118 2614 224 2641 mutatis,
241 2620 294 2636 cum
312 2616 334 2638 a.
354 2614 471 2637 Tenebrae
486 2614 564 2644 sactae
579 2616 637 2638 snut
653 2614 678 2637 in
694 2614 807 2637 uniuersa
822 2616 888 2638 terra
905 2618 961 2642 etc„

117 2653 180 2682 quod
199 2652 296 2675 habetur
313 2654 368 2675 intra
387 2657 438 2682 post
455 2654 544 2676 tertiam
563 2654 691 2676 lectionem.

180 2691 189 2704 ²
206 2692 250 2715 Cir.
268 2693 344 2715 Matth.
358 2694 386 2715 26
395 2710 400 2720 ,
414 2693 433 2715 4.
446 2696 468 2715 et
481 2693 517 2716 47.
529 2706 557 2709 —
571 2693 622 2715 Sola
635 2693 687 2716 Vat.
698 2692 766 2716 habet
782 2700 830 2722 seq.
843 2700 961 2721 respons:

117 2732 140 2755 n.
166 2731 225 2754 Ecce
249 2730 352 2754 vidimus
377 2737 431 2755 etim
455 2737 502 2754 non
529 2731 651 2755 habentem
674 2731 773 2761 speciem
798 2738 872 2761 neque
897 2731 960 2755 deco-

118 2775 181 2797 rem,
200 2771 309 2799 aspectus
325 2769 375 2793 eins
391 2770 416 2793 in
433 2776 459 2793 eo
475 2776 524 2793 non
541 2772 587 2798 est,
607 2770 645 2793 hic
664 2772 763 2800 peccata
779 2772 863 2794 nostra
877 2772 962 2800 porta-

117 2807 161 2836 vit,
179 2809 201 2831 et
213 2814 261 2838 pro
277 2808 344 2832 nobis
361 2808 448 2832 dolens.
467 2809 476 2819 ⁸
493 2810 545 2839 lpse
561 2811 641 2833 autem
656 2809 797 2832 vulneratus
814 2811 848 2833 est
862 2811 961 2839 propter

118 2847 252 2877 iniquitates
268 2849 377 2876 nostras,
395 2848 463 2871 cuius
481 2848 555 2871 littore
576 2848 658 2871 sanati
680 2855 773 2871 sumus.
793 2850 817 2872 31.
837 2849 895 2872 Vere
912 2848 961 2871 lan-

117 2892 204 2915 yuores
220 2888 315 2910 nostros
332 2887 380 2916 ipse
396 2886 506 2916 abstulit,
525 2889 547 2910 et
563 2887 712 2918 infirmitates
729 2889 825 2911 nostras
842 2887 891 2917 ipse
905 2893 962 2917 por-

119 2925 184 2948 tavit.
201 2926 260 2954 lpse.

179 2962 189 2976 ⁸
206 2963 262 2986 Cod.
279 2964 297 2986 Α
315 2964 384 2986 habet
400 2965 467 2987 aliam
485 2964 685 2988 benedictionem:
702 2965 747 2988 Per
763 2967 872 2988 sanctam
889 2971 961 2988 suam

115 3001 251 3031 passionem
275 3002 313 3026 det
336 3003 402 3026 nobis
428 3003 538 3027 Christus
562 3010 633 3027 suam
658 3003 845 3027 benedictionem.
867 3005 961 3033 Amen,-

208 3049 234 3073 S.
247 3050 339 3073 Bonav.
349 3063 380 3067 —
392 3050 461 3073 Tom.
472 3051 527 3073 Vlll.

1021 1683 1043 1703 et
1060 1681 1093 1703 G:
1112 1680 1157 1703 Per
1173 1680 1308 1710 passionem
1324 1680 1364 1703 31ιί
1381 1680 1437 1703 Filii
1457 1680 1495 1704 (let
1516 1680 1583 1704 nobis
1606 1681 1677 1704 Pater
1695 1681 1784 1711 gaudia
1801 1681 1868 1705 caeti.

1021 1721 1103 1743 Amen.

1083 1758 1092 1770 ⁴²
1111 1759 1187 1781 Lectio
1204 1762 1238 1781 est
1255 1765 1281 1781 ex
1299 1759 1358 1781 loun.
1381 1759 1419 1786 19,
1441 1759 1522 1786 lG-18;
1540 1759 1618 1781 ultima
1635 1760 1762 1787 propositio
1774 1767 1800 1782 ex
1813 1761 1867 1782 Luc.

1021 1799 1064 1825 23,
1083 1798 1119 1820 31.

1084 1836 1092 1848 ⁵
1109 1836 1154 1859 Cir.
1173 1837 1249 1859 Matth.
1266 1838 1308 1865 26,
1326 1837 1369 1863 55;
1387 1837 1514 1865 Marulli,
1533 1837 1577 1863 [iffi
1595 1838 1648 1859 Luc.
1667 1838 1709 1864 22,
1721 1838 1758 1860 52.
1771 1850 1802 1854 -
1814 1838 1864 1861 Vat.

1021 1875 1089 1898 habet
1106 1882 1205 1904 sequens
1222 1882 1342 1903 respons:
1360 1877 1383 1900 ἡ.
1409 1875 1429 1898 0
1447 1882 1486 1898 003
1507 1882 1600 1903 omnes,
1626 1876 1667 1905 qui
1691 1876 1799 1899 transitis
1821 1883 1865 1906 per

1020 1913 1095 1941 riam,
1113 1914 1223 1937 attendite
1240 1916 1260 1937 el
1276 1913 1361 1942 ridete,
1380 1914 1389 1924 ⁸
1407 1914 1434 1937 Si
1449 1916 1483 1937 est
1500 1914 1568 1937 dolor
1587 1916 1661 1937 vester
1678 1914 1763 1938 similis
1781 1915 1807 1938 ut
1823 1914 1864 1938 do-

1020 1952 1057 1975 lor
1074 1959 1148 1976 meus.
1174 1955 1198 1977 ir.
1223 1953 1349 1981 Attendite,
1374 1953 1483 1976 ’111ιί00131
1502 1953 1597 1983 populi,
1624 1955 1645 1977 et
1662 1953 1734 1977 videte
1756 1953 1862 1977 dolorem

1020 1998 1108 2015 meum.
1127 1992 1156 2016 Si
1171 1993 1205 2015 est
1221 1992 1297 2015 dolor.

1081 2031 1091 2044 ‘⁵
1108 2031 1164 2054 Cod.
1182 2032 1198 2053 F
1215 2031 1284 2054 habet
1301 2033 1359 2054 hanc
1377 2031 1577 2054 benedictionem:
1603 2032 1644 2055 Ille
1668 2038 1712 2055 nos
1735 2032 1865 2061 benedicat,

1018 2070 1087 2094 cuius
1104 2077 1170 2094 mors
1187 2071 1307 2094 mundum
1323 2071 1427 2101 vivificat
1442 2077 1555 2100 omuem;
1573 2072 1606 2094 A:
1625 2072 1670 2094 Per
1685 2071 1797 2095 virtutem
1812 2078 1865 2095 san-

1018 2112 1069 2133 ctae
1085 2110 1177 2138 crucis,
1195 2113 1220 2133 ut
1236 2116 1314 2138 supra.

1081 2148 1089 2162 ⁷
1107 2150 1169 2172 101111.
1188 2150 1229 2176 19,
1248 2150 1326 2172 28-30.

1080 2187 1089 2200 ⁸
1106 2189 1154 2211 Hoc
1170 2195 1302 2217 responsor.
1319 2191 1422 2211 sumtum
1440 2192 1474 2211 est
1491 2195 1517 2211 ex
1535 2189 1637 2211 Breviar.
1662 2189 1730 2212 Rom.
1755 2189 1806 2218 (ser.
1827 2190 1863 2212 Vl.

1017 2228 1040 2249 in
1057 2228 1196 2255 Parasceve,
1214 2228 1320 2250 Nocturn.
1340 2229 1360 2250 2.
1379 2228 1490 2256 Respons.
1517 2229 1556 2257 2.).
1581 2228 1626 2251 Csr.
1651 2229 1706 2251 Luc.
1728 2229 1770 2256 23,
1788 2229 1825 2251 44.
1843 2231 1865 2251 et

1019 2267 1054 2289 46.
1072 2266 1146 2289 Codd.
1163 2267 1179 2290 C
1190 2268 1205 2289 E
1215 2267 1230 2289 F
1248 2266 1333 2289 habent
1350 2273 1449 2296 sequens
1466 2273 1586 2295 respons:
1600 2269 1623 2291 n.
1637 2267 1704 2290 Sicut
1717 2267 1767 2290 ovis·
1784 2267 1816 2290 ad
1830 2273 1864 2291 oc·

1017 2305 1128 2329 visionem
1145 2306 1231 2330 ductus
1247 2308 1294 2334 est,
1311 2308 1333 2329 et
1349 2306 1406 2329 dum
1423 2306 1486 2329 male
1503 2307 1658 2335 tractaretur,
1671 2313 1719 2330 non
1731 2306 1825 2336 aperuit
1838 2313 1863 2330 os

1016 2351 1095 2368 suum.
1116 2344 1227 2368 Traditus
1239 2346 1273 2368 est
1283 2344 1315 2367 ad
1326 2346 1439 2373 mortem,
1452 2345 1462 2355 ¹⁸
1476 2345 1505 2368 Ut
1516 2345 1645 2376 vivificaret
1655 2345 1772 2375 populum
1783 2352 1862 2368 suum.

1016 2385 1040 2407 51.
1060 2383 1168 2407 Tradidit
1184 2383 1208 2406 in
1225 2385 1326 2407 mortem
1342 2383 1477 2413 piissimam
1493 2383 1601 2407 animam
1613 2390 1697 2411 snam,
1714 2386 1737 2407 et
1752 2390 1806 2407 cum
1818 2390 1863 2407 sce-

1018 2422 1099 2445 leratis
1116 2422 1241 2452 deputatus
1259 2425 1300 2445 est,
1320 2422 1349 2445 Ut
1367 2422 1504 2453 vivificaret.
1522 2422 1605 2446 Gloria
1622 2423 1697 2445 Patri.
1716 2423 1746 2445 tlt
1761 2422 1862 2452 vivifica-

1016 2463 1060 2484 ret.
1079 2461 1124 2483 Cl'r.
1143 2462 1192 2484 lsai.
1210 2461 1252 2489 53,
1269 2462 1290 2484 7.
1308 2464 1331 2484 et
1349 2462 1384 2484 12.
1402 2464 1425 2484 et
1442 2463 1495 2484 Luc.
1514 2463 1556 2488 22,
1574 2461 1611 2483 37.
1623 2474 1655 2478 -
1666 2462 1717 2484 Post
1730 2468 1861 2489 responsor.

1017 2500 1035 2521 Α
1047 2500 1089 2522 FG
1107 2506 1160 2522 cum
1178 2500 1291 2522 nonnullis
1307 2500 1451 2522 variantibus
1468 2500 1571 2523 addunt:
1594 2500 1623 2523 Te
1641 2499 1762 2523 Christum
1780 2499 1862 2523 lauda-

1017 2544 1084 2566 111113,
1104 2539 1228 2561 Te·lesum
1251 2538 1415 2562 benedicimus.
1438 2539 1468 2562 Te
1485 2539 1569 2568 Reqem
1590 2545 1676 2568 repam
1693 2540 1715 2562 et
1731 2539 1861 2562 Dominum

1017 2577 1164 2607 confitemur.
1192 2578 1222 2600 Te
1246 2577 1391 2608 crucifiaeum
1417 2577 1529 2605 colimus,
1557 2577 1703 2607 gloriosum,
1726 2577 1818 2601 dulcem
1841 2579 1862 2601 el

1016 2615 1143 2638 amabilem
1162 2615 1349 2645 Bedemptorem,
1367 2616 1409 2645 qni
1424 2622 1468 2639 nos
1485 2616 1621 2645 aspersione
1638 2616 1674 2639 tui
1686 2616 1813 2645 sanyuinis
1825 2623 1862 2639 re-

1017 2654 1116 2678 demisti.
1135 2655 1226 2683 Dianas
1238 2661 1269 2682 es,
1285 2655 1383 2678 Domine
1400 2656 1453 2678 lesit
1471 2654 1575 2682 Christe,
1588 2654 1694 2684 accipere
1706 2654 1813 2683 laudem,
1828 2654 1861 2678 be-

1016 2693 1183 2720 nedictionem,
1201 2693 1305 2723 qloriam
1322 2695 1343 2716 et
1364 2693 1486 2716 honorem.
1511 2693 1621 2717 Eoesullet
1643 2693 1684 2717 tibi
1706 2693 1782 2717 omnis
1803 2699 1860 2717 caro

1017 2732 1045 2762 [F
1062 2732 1158 2755 Escaltet
1175 2734 1196 2755 te
1213 2732 1290 2755 omnis
1307 2732 1444 2762 creaturaJ,
1461 2734 1482 2755 et
1500 2732 1577 2755 omnis
1593 2732 1673 2756 vivens
1690 2732 1808 2763 qlorilicet
1823 2739 1861 2756 no-

1016 2777 1070 2794 men
1095 2772 1171 2794 tuum.
1197 2770 1340 2794 Humilietur
1364 2771 1441 2794 Omm's
1466 2771 1539 2800 facies
1563 2770 1608 2794 3111)
1632 2771 1728 2801 pedibus
1754 2771 1813 2800 tuis,
1840 2773 1863 2795 et

1017 2809 1093 2833 omnis
1110 2811 1223 2833 creatura
1240 2809 1332 2838 iubilet,
1350 2810 1438 2833 serviat
1455 2809 1497 2834 tibi
1512 2812 1534 2833 et
1547 2810 1863 2841 31111010111011111,9101111001

1017 2855 1102 2872 nomen
1113 2851 1182 2872 taum
1194 2848 1217 2872 in
1229 2850 1360 2872 aeternum.
1381 2850 1463 2872 Amen.
1477 2849 1534 2872 Cod.
1545 2850 1562 2872 A
1575 2849 1653 2872 addit:
1667 2851 1690 2874 11.
1703 2849 1761 2873 Dedi
1774 2855 1861 2879 corpus

1016 2894 1096 2911 meum
1110 2887 1294 2917 percutientibus
1312 2889 1333 2911 et
1349 2894 1422 2917 ⁴aenas
1439 2894 1504 2911 meas
1521 2888 1659 2912 vellentibus
1668 2897 1677 2917 ‚·
1698 2889 1738 2912 sed
1756 2889 1787 2911 F:
1809 2889 1861 2912 Ver-

1016 2926 1106 2950 siculos
1116 2934 1123 2949 :
1142 2926 1224 2950 Loculi
1238 2928 1295 2950 sunt
1311 2926 1440 2950 adversum
1456 2933 1493 2950 me
1511 2927 1593 2957 linqua
1611 2927 1693 2951 dolosa
1710 2929 1731 2951 et
1747 2927 1861 2951 sermoni-

1017 2965 1060 2989 bus
1085 2965 1133 2988 odii
1158 2965 1364 2989 circumdederunt
1388 2972 1426 2989 me
1450 2968 1473 2990 et
1497 2968 1699 2996 eoepuqmzverunt
1722 2973 1759 2990 me
1783 2966 1860 2996 aratis

1018 3003 1063 3033 [1)3.
1087 3005 1143 3031 108,
1169 3003 1211 3034 2.].
1238 3003 1337 3028 Oratio:
1363 3004 1461 3028 Domine
1485 3005 1536 3028 lesu
1562 3005 1666 3034 Christe,
1692 3005 1733 3035 qui
1757 3007 1861 3035 tempore

1736 3053 1765 3074 20
