2133 3317
237 216 293 245 738

491 489 549 511 RAD

283 528 367 550 Ranius
387 540 417 543 —
443 528 641 555 superessentialis
665 530 687 550 et
712 528 801 551 fontalis

237 567 308 589 Patris
325 569 360 589 est
376 566 479 589 Christus
498 567 526 589 85
545 566 573 589 47

283 607 354 628 Rimix
373 619 402 621 —
420 606 494 634 prima
513 606 622 629 vitiorum
640 609 674 629 est
691 613 802 635 corpora-

236 645 291 667 lium
309 651 386 667 rerum
405 651 477 672 amor,
495 648 517 668 et
534 645 597 668 radix
614 646 717 668 secunda
733 646 801 669 111001·

236 684 295 706 male
313 684 435 707 humilians
453 685 497 706 299
517 685 544 706 16
562 697 593 701 -
609 685 685 708 001015
702 686 755 708 mali
768 688 802 708 est

237 724 317 751 triplex
335 724 521 751 concupiscentia
548 724 560 747 4
579 725 593 746 5
609 736 640 740 —
657 725 733 747 omnis
750 731 802 753 pec-

235 763 279 785 cati
291 766 344 785 sunt
360 763 546 791 concupiscentia
558 763 690 791 voluptatis,
707 764 801 787 curiosi-

235 802 293 829 tatis,
311 802 418 825 vanitatis
436 803 479 825 108
497 803 510 824 3

283 842 379 864 1111005111
397 855 426 858 >-
445 842 489 865 553
508 842 521 864 7

282 881 344 903 RAuo
362 894 391 896 —
409 881 449 903 11111
474 882 551 903 Frater
568 881 661 904 Ordinis
686 882 799 904 Minorum

235 920 280 942 552
298 920 311 942 4

281 960 419 982 Rarronuzus
438 972 465 975 —
491 959 606 982 absolutio
627 960 734 988 neganda
758 963 799 987 est,

234 999 307 1021 donec
325 999 444 1021 restituant
462 999 506 1021 467
525 1006 536 1021 a

281 1039 349 1061 RA'no
367 1051 397 1054 ——
415 1039 493 1062 Virtus
511 1039 586 1061 omnis
612 1042 645 1061 cst
662 1039 719 1061 ratio
738 1042 799 1062 recta

234 1077 278 1100 240
297 1078 310 1100 3
328 1090 358 1094 -
375 1078 465 1100 Rationi
482 1078 635 1106 praeferenda
652 1081 686 1101 est
699 1079 756 1101 tides
770 1079 798 1101 69

234 1117 248 1139 5
266 1130 296 1133 —
318 1117 339 1139 in
366 1117 514 1140 meditatione
540 1118 713 1146 percunctando
735 1119 800 1140 offert

235 1157 416 1185 propositionem
442 1156 456 1178 7
486 1157 511 1178 19
530 1170 559 1173 —
576 1157 740 1184 satisfactoria,
758 1163 799 1180 001

233 1196 352 1219 reddenda
370 1197 398 1219 sit
416 1196 461 1218 337
478 1203 491 1218 a

280 1236 407 1258 amorum
424 1248 455 1252 -
473 1237 503 1258 Ex
520 1236 623 1258 rationali
636 1236 751 1259 Ecclesiae
768 1237 799 1259 iu-

233 1275 319 1297 dicium
345 1281 398 1297 cum
425 1275 519 1298 veritate
541 1275 689 1304 resplendere
711 1275 799 1298 solebat

233 1314 278 1336 292
297 1314 324 1336 18
343 1326 373 1331 -
389 1314 503 1342 Lepidum
516 1315 538 1337 in
552 1315 656 1337 rationali
668 1315 797 1343 positorum

232 1353 356 1381 spiritualis
369 1354 525 1381 interpretatio
539 1354 583 1377 143
596 1354 618 1376 3.
632 1360 682 1383 sqq.
695 1367 726 1371 —
738 1355 799 1377 Duo-

232 1393 308 1415 decim
326 1393 415 1420 lapides
427 1394 450 1415 in
463 1393 540 1421 typico
553 1394 656 1416 rationali
668 1394 799 1421 significant

232 1432 325 1454 nomina
342 1432 466 1454 duodecim
483 1433 646 1460 Apostolorum
665 1433 709 1455 302
727 1434 756 1456 23
768 1446 799 1449 -

234 1471 315 1499 Typici
340 1472 456 1494 rationalis
477 1472 601 1494 duodecim
628 1472 716 1500 lapides
739 1473 799 1495 desi-

233 1514 304 1538 gnant
319 1510 445 1533 duodecim
472 1511 578 1533 utilitates
595 1512 736 1539 paupertatis
753 1512 798 1534 315

233 1550 262 1572 ¹15
280 1562 310 1567 -
327 1550 440 1578 significat
457 1551 622 1578 perfectionem
640 1554 662 1573 et
679 1554 798 1579 pauperta-

234 1592 279 1611 tem
297 1589 430 1612 altissimam
448 1590 493 1611 293
516 1590 541 1611 19

279 1628 411 1651 RA‘rioimtis
428 1641 458 1645 —
476 1628 521 1650 410
541 1629 563 1650 11

279 1667 355 1690 Risus
372 1680 403 1684 --
420 1668 465 1690 525
488 1668 520 1690 11.
539 1668 584 1690 536
610 1669 632 1691 5.
649 1668 689 1691 541
713 1668 733 1691 9.
752 1668 797 1691 556

231 1706 244 1728 3
263 1718 293 1723 -—
311 1707 333 1728 S.
351 1707 485 1729 Franciscus
502 1707 608 1729 infirmus
625 1707 694 1730 iacuit
712 1708 734 1730 in
751 1714 797 1730 ere-

232 1745 323 1768 mitorio
349 1752 422 1774 prope
444 1747 515 1769 Reate
540 1746 585 1769 525
612 1747 648 1768 111.
671 1747 716 1769 536
735 1747 749 1769 5
767 1759 797 1764 —

231 1785 304 1807 Lacus
322 1785 431 1808 Reatinus
449 1785 493 1808 528
513 1786 533 1807 8.
551 1785 595 1808 556
615 1786 628 1808 4

279 1825 392 1847 ninutas
418 1838 447 1840 —
472 1825 588 1853 appellant.
612 1825 640 1848 ad
665 1825 713 1848 illos
738 1832 797 1854 quos

231 1864 305 1886 sciunt
322 1864 366 1886 sibi
384 1864 405 1886 in
423 1870 465 1886 sua
483 1864 607 1887 rebellione
625 1866 702 1887 favere
718 1865 763 1887 350
782 1865 797 1887 b

278 1904 368 1926 1100111111
385 1916 416 1920 -
434 1904 482 1926 Filii
500 1904 593 1927 Rechah
611 1905 686 1933 magis
698 1905 727 1927 de
744 1904 797 1927 obe-

231 1943 315 1966 dientia
332 1949 403 1972 quam
422 1944 451 1966 de
474 1943 610 1967 abstinentia
634 1944 719 1967 laudati
744 1948 797 1967 sunt

231 1983 275 2004 263
295 1983 323 2004 19
340 1994 371 1999 —
388 1983 410 2005 S.
428 1983 564 2005 Franciscus
581 1983 661 2010 voluit,
674 1983 730 2005 filios
742 1990 796 2006 suos

230 2028 280 2044 esse
298 2022 435 2044 Rechabitas
453 2022 496 2044 442
519 2022 543 2044 17

278 2062 387 2084 1101100110
404 2073 435 2078 --
452 2061 516 2084 Circa
534 2062 689 2090 receptionem
707 2062 736 2084 ad
755 2062 796 2084 Or-

232 2100 310 2123 dinem
335 2101 469 2128 religiosum
495 2101 536 2123 tria
560 2103 701 2124 concurrunt
719 2101 763 2124 397
783 2102 790 2123 1

231 2151 263 2156 -
288 2141 349 2168 Quas
375 2141 496 2169 qualitates
514 2132 605 2163 'habere
622 2140 722 2163 debeant
738 2141 796 2163 reci-

231 2179 310 2207 piendi
328 2179 349 2200 in
367 2179 477 2202 Ordinem
502 2179 546 2202 450
564 2186 585 2207 a,
603 2179 618 2202 b

279 2230 310 2235 —
327 2218 438 2246 Recipere
455 2221 477 2241 et
494 2219 550 2241 dare
571 2221 721 2246 opponuntur
739 2219 796 2241 rela-

231 2257 277 2280 tive
295 2257 339 2279 417
361 2258 386 2279 16
404 2270 435 2273 --
451 2257 544 2286 respicit
560 2258 655 2280 dominii
667 2257 796 2286 acquisitio-

234 2303 287 2319 nem
304 2296 359 2319 ibid.
379 2309 409 2312 —
427 2297 505 2319 Nullus
529 2297 610 2324 recipit
628 2297 733 2325 proprie,
753 2297 795 2320 nisi

231 2336 270 2364 qui
288 2335 385 2358 intendit
401 2335 445 2358 sibi
470 2335 599 2358 dominium
624 2336 657 2358 rei
675 2336 795 2365 acquirere

231 2374 285 2398 ibld.
305 2388 334 2391 -—
352 2375 410 2397 Dare
427 2375 561 2403 simpliciter
577 2377 611 2397 est
623 2374 713 2397 beatius
724 2381 795 2404 quam

231 2415 334 2442 recipere
353 2414 396 2437 424
415 2414 444 2436 24
462 2427 491 2430 —-
504 2413 562 2437 Cum
574 2414 744 2438 circumstantia
757 2416 796 2438 110-

232 2454 333 2476 militatis
350 2453 454 2481 recipere
478 2456 512 2475 est
537 2452 626 2475 beatius
651 2459 722 2482 quam
740 2454 796 2478 dare

231 2492 283 2515 ibid.
297 2506 327 2508 —
340 2493 452 2515 Dominus
468 2492 594 2520 discipulos
614 2499 668 2515 suos
688 2493 717 2515 ad
735 2499 797 2515 rece-

232 2532 334 2560 ptionem
353 2532 485 2554 Informavit
500 2531 555 2554 ibid.

279 2572 460 2594 Rectiuaromum
476 2584 507 2586 —
525 2571 655 2594 Salomonis
672 2572 716 2594 396
740 2572 760 2593 11

280 2611 427 2633 [incensorio
446 2623 475 2626 —-
497 2611 585 2632 interna
608 2611 737 2633 necessaria
763 2614 797 2633 est

232 2650 253 2671 in
279 2650 382 2672 oratione
400 2650 444 2671 118
472 2649 484 2671 4
502 2661 532 2665 -
553 2650 672 2678 quomodo
695 2650 797 2679 acquira-

232 2693 268 2711 tur
285 2688 338 2711 ibid.
361 2689 401 2710 119
420 2690 433 2711 5

279 2729 427 2750 1100101οΑ110
444 2740 474 2744 —
491 2727 634 2751 Conscientia
659 2728 797 2751 rectificatur

232 2767 254 2790 in
266 2767 417 2796 acquisitione
429 2767 576 2795 strenuitatis,
587 2767 716 2791 severitatis
727 2771 748 2790 et
760 2767 798 2790 be-

232 2806 348 2834 nignitatis
366 2807 379 2828 5
398 2807 410 2828 8

279 2846 405 2868 Recrlruno
422 2858 453 2862 —
471 2846 581 2868 virtutum
598 2846 747 2868 deiformium
760 2851 797 2873 np-

233 2884 354 2912 probanda
372 2888 406 2907 est
423 2885 468 2907 233
490 2886 494 2906 1
512 2897 542 2901 -
555 2886 578 2907 111
595 2885 732 2907 rectitudine
744 2891 797 2913 per-

233 2924 356 2946 fectissima
374 2930 523 2952 nequaquam
542 2924 645 2946 medium
663 2924 797 2946 discordare

233 2962 301 2985 debet
318 2962 347 2984 ab
365 2963 472 2985 extremis
489 2963 534 2985 285
554 2963 581 2985 40

280 3002 370 3024 Rsc’ron
387 3014 417 3018 —
434 3004 468 3024 est
493 3002 538 3024 dux
561 3002 640 3029 gregis
666 3001 710 3024 sibi
735 3008 796 3024 com-

939 217 1037 245 lNDEX
1060 217 1308 247 ALPHABETICUS.

1094 341 1140 388 R

835 528 898 551 missi
917 529 961 551 142
981 530 988 551 1
1010 541 1041 546 —
1057 529 1163 552 subditos
1184 530 1207 551 10
1232 529 1341 552 omnibus
1359 530 1402 552 vir-

835 570 910 591 tutum
927 568 1037 596 exemplis
1054 569 1194 596 praecedere
1212 568 1294 596 debet,
1312 569 1399 597 specia-

836 607 884 629 liter
907 607 929 629 in
956 607 1029 629 tribus
1059 607 1100 629 140
1129 608 1148 629 1.
1166 614 1216 636 sqq,
1239 620 1270 624 ——-
1287 608 1316 630 ad
1342 608 1401 637 quid

835 647 982 674 potissimum
1000 647 1121 674 invigilare
1138 646 1222 669 debeat
1240 647 1283 669 143
1310 648 1332 670 3.
1350 654 1400 676 sqq.

836 685 880 708 470
897 692 910 708 a
927 699 958 702 —
976 686 1101 714 praecipue
1119 686 1148 708 ad
1161 687 1205 708 hoc
1217 686 1311 709 studere
1322 686 1399 713 debet,

836 727 860 747 ut
877 724 920 747 sibi
937 725 1076 748 commissos
1092 725 1158 747 saciat
1170 725 1336 748 christiformes
1354 725 1398 748 142

835 764 848 786 9
866 776 896 780 —-
913 764 983 786 debet
1000 764 1086 786 habere.
1104 764 1265 787 discretionem
1278 764 1308 787 ib.
1327 765 1348 786 1.
1365 771 1399 793 sq.

834 816 865 819 —
882 803 926 832 lpsi
945 803 1039 826 devotio
1057 803 1124 826 valde
1141 804 1271 826 necessaria
1283 803 1373 826 051148
1388 804 1399 825 3

838 842 893 866 Vide
905 849 927 865 v.
940 842 1073 865 Praelatus.

881 883 1011 904 Reossmrrxo
1030 894 1059 897 -—
1077 882 1118 904 1011
1135 888 1176 910 per
1188 882 1325 910 sanguinem
1338 882 1399 905 Chri—

833 922 861 944 sti
880 922 908 943 13
927 922 948 943 3.
967 921 996 943 15
1014 921 1027 942 9
1039 922 1123 943 -Per
1136 921 1316 949 Redemptorem
1328 923 1398 944 homo

834 960 944 983 liberatus
961 963 995 983 est
1019 967 1031 982 a
1056 964 1161 988 peccato,
1179 961 1237 983 Patri
1255 964 1348 983 aeterno
1366 967 1400 983 re-

833 1000 966 1022 conciliatus
991 1003 1013 1022 et
1039 1000 1146 1022 venditus
1172 1003 1291 1028 reparatus
1315 1001 1343 1023 39
1362 1001 1398 1023 30.

833 1046 884 1069 sqq.
902 1051 933 1056 —
950 1039 1046 1061 Summa
1063 1039 1147 1062 iustitia
1169 1040 1291 1068 requisivit
1308 1041 1399 1063 redem-

834 1079 917 1106 ptionis
942 1079 1041 1107 pretium
1073 1079 1097 1101 13
1122 1078 1183 1100 4—
1200 1079 1340 1101 Beneficium
1365 1086 1399 1102 re-

833 1118 975 1146 demptionis
988 1124 1041 1141 cum
1054 1118 1181 1145 gratiarum
1194 1119 1284 1141 actione
1297 1120 1399 1147 trequen-

833 1160 867 1180 ter
883 1157 1049 1179 ruminandum
1075 1160 1109 1180 est
1132 1157 1176 1179 480
1203 1158 1216 1180 2
1241 1170 1272 1174 —
1298 1161 1398 1180 contem-

833 1197 916 1224 planda
935 1199 969 1218 est
993 1197 1066 1219 0011115
1092 1196 1229 1219 mentalibus
1246 1197 1352 1225 purgatis
1369 1198 1397 1220 38

833 1236 862 1258 39
873 1248 905 1252 —
916 1236 1007 1264 Quanto
1025 1235 1135 1258 beneficia
1149 1236 1314 1264 redemptionis
1327 1243 1399 1264 agno-

833 1275 919 1297 scimus
937 1275 1055 1303 digniora,
1082 1277 1142 1297 tanto
1165 1278 1259 1303 peecata
1282 1276 1399 1303 ingratitu-

832 1314 892 1337 dinis
916 1317 969 1337 sunt
994 1314 1107 1337 deteriora
1131 1314 1159 1336 40
1183 1314 1212 1336 34
1235 1327 1265 1331 -
1287 1314 1333 1338 Cur
1355 1322 1397 1343 per

833 1354 905 1376 Deum
924 1356 946 1376 et
962 1360 1009 1376 non
1035 1360 1076 1382 per
1099 1354 1169 1376 alium
1194 1354 1308 1382 redempti
1326 1354 1399 1377 simus

833 1393 879 1415 225
899 1393 952 1415 165.
970 1399 1006 1421 sq.

879 1433 976 1455 11001105
993 1444 1024 1448 --
1041 1432 1084 1460 Qui
1110 1432 1223 1455 reditibus
1247 1433 1343 1455 affluunt
1368 1433 1398 1455 ab

832 1471 957 1499 Evangelio
985 1478 1031 1494 non
1059 1472 1223 1499 praedicantur
1251 1472 1345 1500 perfecti
1374 1475 1397 1494 et

832 1510 892 1533 beati
911 1511 955 1533 235
974 1512 987 1533 2

879 1551 989 1572 Rcrec'rio
1006 1562 1037 1567 —
1054 1556 1146 1572 mensae
1163 1550 1267 1579 divinae,
1280 1551 1354 1579 qualis
1370 1551 1399 1573 sit

833 1590 876 1611 126
897 1589 909 1611 4
926 1602 957 1605 -
974 1589 1032 1611 Ν11111
1050 1589 1122 1612 reficit
1139 1589 1240 1611 animam
1269 1590 1340 1612 Deum
1359 1590 1396 1612 de-

832 1628 971 1651 siderantem
990 1628 1033 1650 nisi
1051 1629 1102 1656 ipse
1118 1629 1179 1651 Deus
1198 1629 1225 1651 10
1244 1629 1264 1650 9.
1277 1635 1312 1657 sq.

878 1668 1036 1690 Rcrflcronum
1056 1680 1084 1683 ——
1102 1668 1203 1695 Regulae
1228 1668 1357 1690 servandae
1375 1668 1396 1690 in

830 1707 952 1729 refectorio
971 1707 1010 1729 481
1037 1708 1054 1728 1.
1073 1714 1107 1736 sq.

878 1747 1008 1769 Rsromuuu
1026 1759 1056 1763 --
1077 1746 1191 1769 debemus
1216 1747 1246 1769 ad
1272 1747 1396 1774 imaginem

832 1786 960 1807 Divinitatis
977 1785 1060 1808 Christi
1080 1786 1124 1807 189
1143 1786 1155 1808 4

878 1825 993 1847 Risi-nomn
1013 1837 1044 1841 —
1057 1825 1098 1847 Per
1115 1825 1231 1853 refugium
1250 1825 1341 1848 Veritas
1363 1828 1397 1848 est

830 1865 938 1887 adeunda
957 1865 985 1886 18
1005 1865 1033 1887 14

877 1905 978 1926 3001111011
1004 1916 1034 1920 —-
1060 1905 1082 1926 ln
1107 1905 1229 1932 praesidiis
1256 1905 1396 1933 regIminum

831 1944 935 1966 consistit
950 1943 1080 1966 aedificatio
1099 1944 1197 1972 proximi
1216 1944 1260 1966 250
1279 1944 1307 1966 20
1319 1957 1351 1960 --
1362 1944 1397 1966 Fi-

831 1983 866 2005 nis
883 1983 953 2005 officii
970 1982 1091 2010 regiminis
1108 1986 1142 2005 est
1159 1982 1203 2005 sibi
1216 1983 1354 2006 commissos
1365 1983 1395 2006 ad
1412 1995 1413 2000 =

832 2022 902 2045 vitam
920 2024 1037 2045 aeternam
1055 2022 1155 2050 dirigere
1174 2022 1213 2044 141
1236 2022 1249 2044 4

878 2062 1019 2084 Rssfflrmtnus
1035 2074 1066 2077 -
1091 2061 1201 2084 sacerdos
1225 2062 1249 2083 B.
1274 2062 1395 2085 Francisco

829 2100 928 2123 devotus
945 2100 986 2122 561
1010 2101 1017 2122 1

878 2141 947 2162 Remo
964 2140 1106 2162 —Multum
1131 2140 1261 2162 differentes
1286 2143 1340 2163 sunt
1364 2140 1396 2162 di-

830 2185 952 2201 versarum
970 2179 1092 2207 regionum
1109 2179 1258 2207 intemperies
1276 2179 1320 2202 402
1340 2179 1368 2201 16

876 2218 970 2240 Remum
987 2230 1018 2234 —
1034 2224 1046 2240 a
1064 2224 1120 2246 rege
1138 2218 1206 2240 trahit
1227 2218 1341 2245 originem
1366 2217 1394 2240 84

831 2257 860 2279 45
877 2270 906 2272 -
925 2257 964 2279 Dei
982 2260 1101 2279 aeternum
1119 2259 1153 2279 est
1170 2257 1296 2285 gloriosum
1319 2260 1341 2279 et
1358 2263 1395 2279 no-

831 2295 874 2318 bile
891 2295 947 2318 ibid.
963 2308 994 2313 -—
1010 2296 1044 2318 Ad
1062 2297 1188 2324 perfectam
1210 2296 1307 2323 gloriam
1330 2296 1396 2323 regni

829 2335 954 2363 requiritur
964 2337 1064 2363 potestas
1073 2335 1184 2357 excellens
1196 2337 1217 2356 ct
1229 2335 1341 2362 sapientia
1354 2335 1395 2357 sul-

830 2380 887 2402 gens
904 2373 934 2396 ib.
952 2374 981 2396 46
999 2386 1030 2390 -
1047 2375 1069 2396 10
1087 2379 1160 2401 regno
1177 2377 1271 2396 aeterno
1284 2376 1318 2396 est
1329 2374 1395 2401 copia

831 2415 936 2438 emnium
955 2415 1070 2437 donorum
1088 2421 1130 2442 per
1147 2414 1263 2437 Christum
1282 2414 1311 2436 85
1324 2414 1352 2436 47
1364 2427 1396 2430 -

831 2454 871 2477 Dei
889 2454 946 2476 intra
964 2460 1007 2476 nos
1032 2454 1184 2482 negligimus,
1202 2460 1255 2476 cum
1273 2454 1301 2477 ad
1319 2454 1395 2476 inania

830 2496 852 2515 et
870 2499 928 2515 vana
947 2493 1065 2515 tundunur
1083 2493 1111 2515 58
1131 2493 1143 2515 4

878 2533 966 2555 Rasum
990 2545 1020 2548 —
1043 2535 1135 2554 aeterna
1158 2535 1192 2554 est
1217 2532 1349 2554 rectificatio
1374 2535 1396 2554 et

831 2571 926 2593 directio
945 2572 1050 2594 omnium
1068 2572 1241 2594 incurvatorum
1261 2571 1305 2593 447
1323 2571 1353 2593 35
1365 2583 1395 2587 —

831 2617 872 2638 pro
890 2611 941 2638 lege
966 2611 1034 2633 datur
1052 2610 1097 2633 437
1115 2611 1128 2632 3
1145 2623 1177 2626 —
1194 2611 1255 2632 idem
1282 2614 1316 2632 est
1332 2611 1395 2639 quod

830 2656 910 2672 norma
930 2649 973 2671 439
992 2650 1004 2671 3
1022 2662 1054 2666 -
1070 2650 1154 2672 dicitur
1171 2656 1182 2671 a
1195 2649 1330 2677 regulando,
1342 2650 1396 2678 quia

831 2689 962 2712 subiectum
985 2690 1075 2716 regulat
1097 2689 1175 2718 quoad
1202 2689 1273 2711 Deum
1296 2688 1348 2711 ibid.
1365 2701 1397 2705 —

831 2728 884 2751 Sine
901 2728 1064 2751 observatione
1087 2729 1202 2756 Regulae,
1225 2734 1296 2757 quam
1319 2728 1396 2755 vovit,

831 2774 899 2791 nemo
916 2768 999 2791 salvari
1018 2770 1093 2795 potest
1110 2767 1154 2790 469
1173 2767 1187 2789 5

878 2820 908 2824 -
925 2806 1034 2830 Fratrum
1058 2806 1171 2830 Minorum
1196 2813 1222 2829 ex
1248 2808 1291 2830 hoc
1313 2807 1396 2830 dicitur

831 2847 922 2873 regula,
940 2846 994 2874 quia
1011 2848 1072 2868 10010
1090 2846 1152 2868 ducit
1170 2846 1214 2868 393
1233 2846 1245 2868 2
1258 2848 1331 2868 -051
1342 2846 1396 2872 vita,

831 2888 856 2907 ut
872 2888 919 2907 tota
944 2886 1049 2907 Fratrum
1075 2885 1218 2907 conversatio
1235 2885 1337 2912 Regulae
1358 2890 1397 2912 ap-

832 2924 928 2952 plicetur
945 2923 999 2947 ibicl.
1017 2937 1046 2940 —
1060 2924 1192 2952 profitentes
1209 2924 1283 2952 ipsam
1296 2924 1396 2952 quadru-

832 2963 920 2990 pliciter
945 2963 1034 2990 regulat
1058 2963 1102 2985 439
1129 2964 1150 2985 3.
1168 2969 1220 2992 sqq.
1244 2963 1287 2985 440
1306 2963 1327 2985 8.
1344 2969 1397 2991 sqq.

832 3014 861 3017 —
878 3005 912 3024 est
930 3002 1038 3030 perfectio
1057 3002 1173 3030 Evangelii
1191 3004 1301 3024 renovata
1319 3002 1363 3024 393
1382 3002 1395 3024 3

1691 493 1746 515 REG

1434 542 1465 546 —
1482 530 1511 552 de
1530 532 1591 553 101110
1609 531 1705 553 trahitur
1727 532 1875 560 evangelicae
1892 533 2000 561 puritatis

1435 569 1479 592 333
1498 569 1520 591 6.
1538 570 1582 591 393
1600 570 1613 592 3
1630 582 1661 586 —
1678 571 1844 598 perfectissime
1857 572 1950 594 fundata
1962 575 1998 595 est

1435 614 1505 636 super
1530 608 1601 630 vitam
1627 610 1787 637 evangelicam
1806 611 1845 633 441
1870 611 1898 633 15
1916 624 1946 628 -
1963 614 1997 634 051

1434 647 1530 674 eadem,
1548 654 1619 676 quam
1642 649 1753 671 Dominus
1778 651 1893 678 Apostolis
1916 651 1999 673 consti-

1435 689 1509 709 tuerat
1526 687 1570 709 400
1588 688 1601 709 9
1619 699 1650 704 --
1669 688 1784 711 Voventes
1810 690 1868 711 hanc
1885 690 1998 718 Regulam

1435 731 1479 748 non
1498 729 1585 748 vovent
1596 732 1690 749 omnem
1705 728 1821 756 Evangelii
1834 730 1999 756 perfectionem

1434 765 1479 787 393
1497 765 1510 787 3
1528 778 1558 782 -
1575 766 1644 788 Multo
1662 767 1736 794 magis
1762 774 1807 790 non
1831 771 1917 791 vovent
1934 769 1998 797 quod
2035 784 2037 787 »

1432 810 1478 826 1100
1496 805 1630 832 exprimitur
1647 806 1670 828 in
1687 806 1770 828 eadem
1796 806 1850 830 ibid.
1873 820 1904 823 —
1925 814 1997 830 vove-

1434 846 1470 865 tur
1488 845 1570 871 partim
1597 844 1627 867 ad
1650 844 1834 873 observantiam,
1860 847 1943 874 partim
1967 847 1997 870 ad

1433 883 1586 905 reverentiam
1610 884 1733 911 specialem
1754 885 1799 907 394
1820 886 1833 907 3
1851 897 1881 902 —
1898 886 1997 909 defendi-

1434 924 1470 944 tur
1492 928 1504 944 a
1531 923 1642 945 cardinali
1667 924 1750 946 loanne
1775 924 1819 946 512
1844 925 1857 946 9
1874 937 1905 940 ——
1930 931 1998 947 evan-

1433 961 1504 988 gelica
1527 964 1549 984 et
1572 963 1697 990 apostolica
1722 963 1834 986 sententia
1859 966 1893 986 est
1918 964 1997 987 confir-

1433 1003 1492 1023 mata
1512 1001 1556 1023 393
1579 1001 1583 1023 1
1605 1014 1636 1018 -
1654 1002 1723 1024 Trina
1741 1004 1775 1025 est
1792 1003 1841 1025 eius
1858 1003 1997 1031 approbatio

1432 1039 1472 1061 391
1495 1040 1503 1061 1
1525 1052 1556 1056 -
1572 1040 1647 1068 prima
1665 1041 1793 1069 approbata
1811 1044 1845 1064 est
1856 1048 1898 1069 per
1910 1042 1996 1070 Papam

1432 1079 1588 1101 Innocentium
1614 1080 1706 1103 tertium
1729 1081 1769 1103 391
1801 1082 1821 1103 1.
1840 1081 1883 1104 438
1902 1082 1923 1105 2.
1949 1081 1994 1105 512

1432 1118 1453 1140 9.
1472 1124 1506 1147 sq.
1525 1119 1570 1141 515
1598 1119 1631 1141 11.
1649 1119 1694 1142 542
1712 1120 1741 1142 12
1758 1133 1788 1136 -
1807 1120 1870 1143 Visio
1887 1121 1911 1143 S.
1929 1122 1996 1143 Fran-

1431 1157 1485 1179 cisci
1504 1158 1563 1180 circa
1586 1159 1699 1186 Regulam
1724 1159 1823 1187 primam
1847 1159 1892 1182 516
1922 1161 1943 1182 11
1964 1173 1995 1177 -

1431 1197 1532 1219 secunda
1546 1196 1581 1219 bis
1593 1198 1676 1225 scripta
1694 1198 1736 1221 1011
1747 1204 1759 1220 a
1772 1199 1795 1221 S.
1809 1199 1930 1221 Francisco
1941 1198 1995 1222 ibid.

1431 1248 1461 1251 —
1472 1236 1593 1258 Francisco
1606 1237 1645 1259 suit
1662 1237 1773 1259 divinitus
1785 1238 1885 1260 revelata
1898 1237 1952 1261 ibid.
1964 1251 1996 1256 --

1431 1275 1467 1297 Ad
1490 1276 1687 1298 confirmationem
1713 1277 1871 1299 omnimodam
1893 1278 1996 1305 Regulae

1431 1314 1544 1342 impressa
1557 1318 1610 1338 sunt
1622 1316 1645 1337 S.
1656 1316 1777 1338 Francisco
1789 1322 1808 1338 s.
1820 1316 1927 1344 stigmata
1941 1316 1996 1340 ibid.

1431 1365 1462 1369 —
1480 1354 1614 1376 confirmata
1633 1357 1667 1377 est
1683 1354 1713 1376 ab
1726 1355 1825 1378 Honorio
1838 1356 1903 1379 tertio
1916 1356 1956 1378 391
1974 1357 1995 1378 ¹1.

1432 1392 1476 1415 438
1490 1394 1511 1415 2.
1530 1393 1574 1415 516
1594 1394 1617 1415 11
1634 1396 1722 1416 —tota
1741 1397 1775 1417 est
1792 1395 1927 1417 mandatum
1940 1401 1995 1423 apo-

1431 1432 1536 1454 stolicum
1562 1436 1583 1455 ct
1608 1439 1649 1461 per
1674 1439 1819 1462 consequens
1844 1436 1889 1456 tota
1906 1437 1941 1456 est
1957 1440 1995 1456 au-

1431 1471 1528 1493 thentica
1547 1472 1590 1494 392
1614 1473 1627 1494 3
1645 1484 1676 1488 —-
1700 1473 1789 1495 ratione
1810 1473 1900 1500 pietatis
1916 1476 1938 1496 et
1955 1474 1996 1496 ho-

1431 1511 1523 1533 nestatis
1544 1517 1557 1533 a
1583 1512 1643 1539 Papa
1668 1511 1804 1533 confirmata
1829 1514 1863 1534 est
1886 1511 1939 1535 ibid.
1964 1525 1995 1529 —

1431 1550 1546 1573 declarata
1575 1553 1609 1573 est
1637 1557 1648 1573 a
1678 1551 1788 1579 Greg0r10
1813 1557 1874 1574 nono
1900 1552 1940 1574 391
1973 1552 1994 1574 1.

1431 1590 1477 1612 395
1502 1590 1516 1611 7
1541 1602 1572 1606 -
1597 1590 1650 1612 Eius
1667 1590 1789 1612 declaratio
1814 1590 1994 1614 adhaerentibus

1431 1629 1451 1650 01
1469 1632 1503 1651 051
1520 1629 1636 1656 solatium,
1655 1632 1676 1651 et
1700 1629 1879 1653 adversantibus
1896 1630 1992 1653 directio

1432 1668 1471 1690 391
1494 1668 1502 1689 1
1524 1680 1555 1684 -
1572 1668 1725 1690 Adversantes
1742 1668 1818 1691 eidem
1836 1669 1916 1691 lumini
1933 1669 1994 1692 attri-

1432 1706 1506 1729 buunt
1523 1707 1605 1730 vitium
1623 1713 1718 1730 suarum
1737 1707 1883 1730 tenebrarum
1895 1707 1950 1731 ibid.
1962 1721 1992 1725 ——

1430 1747 1576 1773 Asserentes,
1601 1747 1714 1774 Regulam
1739 1747 1828 1769 servari
1849 1753 1895 1769 non
1913 1753 1993 1775 posse,

1430 1788 1484 1808 sunt
1501 1785 1579 1814 impii,
1597 1785 1704 1808 haeretici
1722 1789 1744 1808 et
1760 1786 1899 1809 schismatici
1917 1786 1962 1809 392
1980 1786 1993 1808 3

1429 1837 1460 1842 —
1477 1825 1621 1848 Detractores
1645 1825 1757 1852 Regulam
1781 1825 1869 1853 ipsam,
1892 1826 1994 1853 Regulae

1430 1864 1607 1887 declarationem
1625 1867 1647 1886 et
1668 1864 1773 1887 Fratrum
1794 1865 1994 1887 conversationem

1430 1904 1489 1926 trino
1507 1904 1589 1926 ordine
1606 1904 1709 1926 dentium
1728 1904 1829 1926 lacerant
1846 1903 1891 1926 437
1910 1904 1918 1925 1

1477 1955 1507 1958 —-
1525 1943 1583 1965 Tres
1600 1945 1652 1965 sunt
1669 1945 1747 1971 partes
1772 1942 1875 1971 Regulae
1900 1942 1940 1965 391
1971 1943 1993 1965 1.

1429 1988 1464 2011 sq.
1482 1982 1526 2005 392
1545 1983 1557 2004 3
1575 1995 1605 1998 —
1623 1984 1676 2010 apte
1693 1982 1793 2005 continet
1814 1982 1938 2005 duodecim
1957 1988 1994 2004 ca-

1429 2022 1499 2050 pitula
1518 2022 1562 2043 393
1577 2021 1584 2043 1
1602 2033 1632 2038 -
1644 2021 1732 2044 Horum
1745 2021 1898 2049 capitulorum
1911 2020 1994 2044 divisio

1430 2064 1452 2083 et
1469 2060 1599 2083 subdivisio
1624 2059 1679 2083 ibid.
1698 2072 1729 2077 —
1745 2066 1786 2083 cur
1811 2060 1902 2083 condita
1927 2060 1956 2083 sit
1972 2062 1994 2082 et

1430 2101 1452 2122 in
1470 2106 1518 2128 quo
1540 2100 1591 2122 eius
1616 2100 1713 2122 essentia
1737 2099 1846 2122 consistat
1871 2099 1915 2121 338
1933 2105 1946 2122 a
1963 2111 1994 2114 —

1429 2142 1491 2161 recte
1507 2142 1603 2162 vocatur
1621 2144 1698 2166 aurea,
1716 2138 1770 2166 quia
1793 2138 1910 2166 praevalet
1935 2138 1994 2160 inter

1429 2184 1511 2201 omnes
1536 2178 1637 2205 Regulas
1654 2177 1694 2200 441
1718 2177 1746 2199 15
1763 2190 1794 2193 -
1812 2178 1861 2201 Non
1877 2177 1994 2200 invenitur

1428 2217 1517 2245 Regula
1535 2217 1576 2239 ista
1595 2217 1659 2239 altior
1676 2217 1713 2239 vel
1730 2216 1829 2239 strictior
1845 2216 1880 2238 vel
1892 2216 1995 2245 aequalis

1430 2256 1475 2279 345
1493 2255 1515 2278 b.
1533 2256 1579 2278 394
1597 2256 1610 2278 3
1627 2268 1659 2273 -
1676 2256 1789 2284 Regulam
1806 2255 1872 2278 istam
1884 2255 1994 2283 professis

1429 2302 1475 2318 non
1492 2295 1543 2318 licet
1560 2295 1657 2317 transire
1674 2295 1704 2317 ad
1720 2295 1788 2318 aliam
1812 2295 1857 2318 345
1875 2294 1899 2318 b.
1918 2294 1963 2317 347
1980 2301 1993 2317 a

1429 2347 1460 2352 -·-
1477 2341 1535 2362 pene
1553 2334 1631 2357 omnia
1647 2334 1671 2357 in
1693 2340 1719 2356 ea
1742 2335 1815 2362 posita
1833 2336 1886 2357 sunt
1902 2340 1994 2362 praece-

1430 2378 1469 2402 pta
1488 2374 1532 2396 436
1560 2374 1566 2396 1
1590 2374 1677 2396 —tria
1703 2379 1789 2401 genera
1814 2375 1992 2402 praeceptorum

1430 2413 1550 2442 distinguit
1566 2412 1621 2436 ibid.
1631 2425 1663 2430 —
1674 2413 1722 2435 Non
1734 2415 1768 2435 est
1780 2413 1802 2435 in
1814 2418 1840 2434 ea
1852 2412 1928 2441 aliqua
1940 2418 1993 2435 con-

1431 2453 1534 2475 trarietas
1551 2453 1587 2475 vel
1606 2452 1691 2474 falsitas
1708 2452 1752 2474 333
1771 2452 1784 2473 6
1801 2463 1831 2468 ——
1850 2452 1873 2473 ln
1898 2451 1992 2480 quibus-

1430 2492 1484 2514 dam
1502 2492 1631 2520 praeceptis
1652 2492 1754 2519 Regulae
1779 2490 1841 2513 Ordo
1858 2492 1934 2518 potest
1950 2490 1994 2512 dis-

1430 2538 1528 2560 pensare
1552 2531 1595 2553 436
1614 2532 1627 2553 2
1645 2543 1674 2547 —
1696 2530 1777 2552 Omnia
1803 2530 1904 2558 Regulae
1921 2529 1993 2552 verba

1430 2577 1483 2593 cum
1509 2571 1637 2592 reverentia
1662 2570 1794 2597 recipienda
1812 2572 1877 2597 sunt,
1895 2569 1992 2597 eiusque

1431 2610 1582 2637 transgressio
1608 2609 1698 2637 penitus
1723 2609 1845 2631 devitanda
1864 2611 1898 2630 est
1916 2608 1959 2630 437
1977 2608 1990 2630 3

1431 2662 1458 2665 —
1477 2649 1560 2671 Contra
1577 2649 1688 2676 Regulam
1707 2654 1752 2670 non
1766 2648 1818 2670 facit
1829 2648 1869 2676 qui
1882 2647 1929 2669 vult
1940 2647 1992 2669 sub-

1430 2689 1506 2710 limius
1530 2688 1649 2710 ambulare
1675 2687 1715 2709 411
1746 2687 1774 2709 15
1797 2700 1827 2702 -
1853 2686 1992 2709 voventibus

1430 2727 1505 2756 ipsam
1523 2733 1567 2750 non
1585 2729 1619 2750 est
1635 2727 1732 2755 laqueus
1757 2725 1924 2754 perplexitatis,
1940 2725 1992 2748 licet

1431 2767 1550 2794 indigeant
1576 2766 1678 2794 diligenti
1702 2766 1805 2793 cautela,
1822 2768 1846 2787 ut
1863 2771 1908 2788 non
1925 2765 1993 2787 ossen-

1430 2806 1485 2828 dant
1502 2808 1580 2828 contra
1598 2811 1649 2828 eam
1668 2805 1713 2828 354
1731 2804 1745 2827 b
1762 2817 1791 2821 --
1810 2804 1909 2827 excludit
1924 2810 1993 2826 omne

1430 2845 1512 2867 vitium
1538 2844 1567 2866 ab
1592 2844 1678 2866 Ordine
1704 2843 1747 2866 439
1772 2843 1785 2865 4
1810 2855 1840 2859 -
1861 2842 1993 2866 Observans

1430 2885 1543 2912 Regulam
1561 2887 1594 2906 cst
1610 2883 1687 2905 lumen
1705 2883 1779 2905 t'ratris
1804 2882 1839 2905 sui
1856 2885 1878 2904 et
1898 2881 1992 2904 altitudo

1432 2923 1475 2945 442
1495 2923 1523 2945 15
1540 2936 1570 2938 -
1588 2923 1668 2950 lllagna
1687 2925 1721 2944 est
1738 2922 1841 2944 eiusdem
1859 2921 1993 2949 professori-

1430 2962 1474 2985 bus
1491 2962 1585 2984 materia
1608 2962 1681 2984 solatii
1705 2961 1750 2983 393
1777 2961 1789 2983 3
1815 2973 1846 2977 -
1871 2963 1905 2982 est
1929 2966 1992 2982 reno-

1430 3002 1508 3024 vativa
1537 3001 1627 3029 gaudii,
1652 3001 1716 3029 quod
1744 3006 1817 3022 annus
1845 2999 1992 3027 benignitatis
