2133 3317
239 217 284 245 XX
954 217 1197 247 PROLEGOttENA
1219 219 1246 247 C.
1270 219 1287 247 l.

306 296 355 318 181.
375 295 490 319 Olomntii
512 297 534 318 in
555 297 667 323 Moravia,
691 296 828 319 bibliotheca
846 297 931 325 Regia,
953 297 1005 319 cod.
1024 297 1048 319 ll.
1065 303 1087 325 g.

240 342 277 365 27.
295 344 366 365 chart.
383 349 443 365 saec.
462 343 521 365 XVl.
541 343 647 365 ineuntis.
665 355 696 359 —
714 343 763 365 Vol.
781 343 817 365 33.
834 349 854 365 r.
871 343 962 371 incipit:
980 344 1088 366 Parvum

241 389 329 413 bonnm
342 389 421 413 sancti
432 390 603 417 Bonaveature,
615 389 677 412 alias
689 389 795 419 reyimen
807 390 953 413 conscientie.
963 390 1087 420 Eviyitans

240 443 295 460 vero
312 437 420 460 animam
438 443 516 460 meam
533 440 575 459 etc.
593 437 680 459 Desinit
697 437 735 459 [01.
753 437 790 459 43.
807 444 840 459 r.:
859 437 980 466 Quoniam
996 437 1022 461 in
1039 437 1087 461 illis

239 485 275 506 est
289 483 343 513 fons
360 484 413 506 vite.

304 531 356 553 182.
381 530 481 558 Ibidem,
509 530 646 553 bibliotheca
673 529 772 558 Capituli
798 531 911 553 Ecclesiae
936 531 1087 558 cathedralis,

240 578 292 600 cod.
312 578 348 599 33.
367 578 438 599 chart.
457 577 477 599 in
497 577 533 598 [01.
551 583 611 599 saec.
630 577 682 599 XV.
700 589 732 593 —
748 577 795 599 Fol.
818 577 855 599 82.
881 584 904 600 v.
926 580 960 600 est
980 577 1086 600 rubrica:

240 623 324 653 Incipit
339 623 451 646 stimulus
469 622 620 651 conscientie,
639 629 709 652 quem
726 622 803 652 aliqui
817 623 943 646 nominant
963 622 1086 652 speculam

238 671 324 693 aniene.
345 670 429 692 Desinit
446 671 484 692 [01.
502 670 540 692 87.
556 676 586 692 r.:
604 669 636 692 ad
652 669 775 697 osculnm,
792 669 825 692 ad
840 669 988 699 amplexum.
1010 670 1086 693 Amen

239 719 298 747 (cap.
317 718 338 740 3.
355 724 376 740 n.
394 717 434 746 7.).
452 716 557 746 Eatplicit
574 716 697 746 speculum
714 716 809 739 animae
826 716 915 740 editum
926 723 941 740 a
952 716 1030 746 fratre
1045 717 1086 740 Ho-

237 766 371 787 narentnra
389 764 416 787 de
434 763 522 787 Ordine
538 763 670 787 Minoram.

301 813 353 834 1183.
373 811 462 835 Ooeonii
479 812 499 833 in
519 812 610 839 Anglia,
629 812 679 834 cod.
698 811 805 834 Canonic.
823 812 878 834 284.
894 811 993 834 membr.
1018 812 1041 834 in
1065 811 1085 834 4.

237 865 298 882 saec.
316 859 376 881 XlV.
394 859 437 881 iam
461 860 546 881 relatus
564 861 620 881 tom.
642 859 669 881 V.
691 865 744 887 pag.
768 859 838 882 XXlll
863 866 887 882 n.
911 859 963 881 149.
984 871 1016 875 -
1038 859 1086 882 Hoc

237 906 374 933 opusculum
393 908 426 927 est
443 908 494 933 post
511 905 553 927 alia
572 911 641 933 opera
661 906 699 927 [01.
716 906 752 927 81.
771 911 794 927 x'.
811 905 855 928 sub
872 906 915 928 hac
932 905 1084 928 indicatione:

238 952 321 982 Incipit
338 954 454 975 tractatus
474 952 577 982 predicti
599 952 684 982 fratris
710 953 736 975 B.
757 952 784 975 de
806 952 949 975 conscientia
973 951 1084 982 regenda.

238 1000 324 1022 Desinit
334 1000 369 1021 [01.
382 1000 419 1021 83.
434 1005 456 1021 v.
469 999 547 1021 verbis
559 1005 610 1027 cap.
623 1000 644 1021 2.
658 1006 678 1021 n.
696 1000 735 1022 12:
748 999 877 1029 interponit
887 998 1085 1028 misericordiam,

237 1053 281 1077 que
299 1049 331 1069 est
350 1046 474 1075 utriusque
488 1045 642 1075 principiam.

304 1094 353 1116 184.
370 1093 470 1122 Ibidem,
486 1093 623 1116 bibliotheca
636 1094 757 1116 Bodleiana
767 1112 772 1121 ,
784 1094 836 1116 cod.
850 1094 902 1116 181,
915 1093 1012 1116 membr.
1025 1099 1085 1116 saec.

238 1141 298 1163 XlV.
315 1154 345 1156 —
363 1141 409 1162 Fol.
432 1140 480 1162 117.
498 1147 515 1162 r.
534 1144 568 1162 est
585 1140 689 1162 rubrica:
708 1141 741 1163 De
755 1140 844 1169 triplici
856 1140 893 1163 via
905 1140 968 1163 Bone
981 1142 1084 1163 uenture.

237 1188 379 1216 Opusculum
397 1188 473 1210 deficit
492 1188 528 1210 [01.
548 1188 601 1210 122.
619 1188 639 1210 in
658 1194 710 1216 cap.
727 1189 748 1210 3.
771 1194 793 1210 n.
817 1188 838 1210 9.
855 1187 946 1210 verbis:
966 1193 1011 1217 per
1033 1193 1084 1211 con.-

237 1236 350 1264 temptum
368 1234 615 1264 concupiscentiaritm
632 1236 796 1261 terrenorum,
816 1233 955 1257 modestia...

303 1282 351 1304 185.
371 1281 471 1309 Ibidem,
490 1282 541 1304 cod.
559 1281 654 1310 Collegii
680 1282 842 1309 Merionensis,
866 1283 886 1304 2.
908 1282 1002 1304 miscell.
1025 1288 1085 1305 saec.

238 1329 287 1352 XV.
305 1342 335 1345 -α
353 1328 452 1351 Rubrica
471 1329 539 1351 huius
556 1330 633 1357 operis
650 1330 764 1358 reperitur
781 1330 817 1351 [01.
831 1330 852 1351 2.
865 1336 882 1352 r.
898 1329 988 1352 verbis:
1002 1329 1087 1359 Incipit

233 1382 337 1405 parram
357 1375 445 1398 bonam
461 1375 547 1405 fratris
564 1376 742 1404 Bonaventure,
762 1375 825 1405 qnod
845 1382 859 1398 a
883 1375 1025 1405 quibusdam
1048 1381 1085 1398 vo-

237 1424 306 1445 catur
323 1422 443 1446 meditatio
460 1423 572 1446 eiusdem.
592 1423 676 1445 Eadem
695 1426 831 1451 repetuntur
847 1422 869 1444 in
892 1423 937 1445 siue
960 1423 998 1445 [01.
1021 1423 1043 1445 6.
1066 1429 1084 1444 r.

236 1473 287 1498 post
304 1470 389 1492 verba:
411 1470 487 1493 Tertia
505 1470 640 1500 Seraphim.
661 1472 742 1493 Amen.

299 1518 352 1539 186.
366 1517 454 1546 Papiae
471 1518 493 1539 in
508 1517 566 1539 ltalia
575 1534 580 1544 ,
593 1516 731 1540 bibliotheca
745 1517 914 1545 Universitatis,
926 1518 977 1540 cod.
990 1517 1085 1540 CXXX.

237 1564 263 1586 Α.
281 1565 318 1586 21.
336 1564 430 1587 miscell.
448 1571 508 1587 saec.
525 1564 577 1587 XV.
593 1577 624 1581 —
641 1565 783 1592 Opusculum
797 1565 876 1592 incipit
892 1565 929 1587 [01.
948 1565 984 1587 17.
1002 1571 1021 1587 r.
1040 1564 1084 1587 sub

236 1612 278 1633 hac
295 1611 386 1633 rubris-a
399 1619 404 1633 :
423 1610 488 1641 Opas
501 1611 631 1640 qtoriosmn
641 1630 646 1639 ,
659 1611 722 1641 qnod
733 1611 869 1641 appellatur
882 1612 1030 1640 ternariam,
1040 1618 1084 1641 per

235 1660 346 1681 sanctam
363 1658 558 1681 Bonaventaram
576 1658 687 1681 Fratrem
705 1658 821 1682 Minorem
840 1660 862 1682 et
879 1658 1033 1682 cardinalem.
1055 1659 1086 1682 Et

233 1706 310 1734 potest
327 1704 446 1734 appellari
462 1710 521 1734 opus
538 1711 648 1728 auream.
668 1705 727 1728 Cum
744 1705 822 1728 oninis
838 1705 936 1728 scientia
953 1707 1022 1735 yerat
1036 1705 1084 1728 Tri-

234 1751 315 1775 nitatis
333 1751 431 1781 insiqne.
445 1752 531 1774 Desinit
549 1752 586 1774 t'ol.
604 1752 640 1774 30.
659 1757 694 1774 v.:
712 1752 743 1775 Ei
759 1752 803 1775 hoc
819 1753 854 1775 est
870 1752 1005 1782 Seraphim.

297 1799 350 1821 187.
372 1799 485 1827 Parisiis,
506 1799 643 1821 bibliotheca
661 1799 797 1826 Nationalis,
814 1800 901 1822 collect.
920 1800 1006 1827 Regia,
1032 1800 1084 1822 cod.

236 1846 306 1869 3574.
323 1846 423 1868 membr.
441 1847 462 1868 in
481 1847 503 1868 8.
520 1853 579 1868 saec.
598 1847 655 1869 Xlll.
670 1858 702 1863 -
719 1847 764 1869 Fol.
783 1847 821 1868 71.
838 1853 857 1869 r.
875 1847 955 1875 incipit
966 1846 1083 1870 absolute:

233 1892 303 1921 Ecce,
323 1892 438 1922 descripsi
453 1899 505 1915 eam
523 1896 573 1920 etc„
586 1893 669 1916 desinit
681 1894 718 1916 [01.
729 1894 767 1916 79.
779 1900 811 1916 r.:
823 1894 850 1916 In
862 1893 909 1917 iltis
921 1895 956 1917 esi
965 1894 1019 1924 fons
1031 1894 1083 1917 vite.

233 1941 316 1963 Amen.

301 1989 350 2010 188.
368 1988 465 2016 Ibidem,
486 1988 624 2010 bibliotheca
643 1989 778 2015 Nationalis,
796 1989 883 2011 collect.
897 1989 1014 2017 supplem.
1031 1989 1082 2012 cod.

235 2036 319 2058 10630.
338 2035 436 2058 membr.
454 2035 475 2057 in
494 2035 515 2057 4.
535 2041 596 2057 saec.
613 2035 674 2057 le.
691 2048 720 2052 —
738 2036 786 2057 Fol.
807 2036 857 2058 120.
869 2042 887 2058 r.
903 2036 982 2064 incipit
998 2036 1042 2058 sub
1060 2036 1083 2058 ti-

234 2084 293 2105 tulo:
311 2083 418 2105 Parvum
435 2082 524 2105 bonum
542 2083 713 2111 Bonaoertture,
731 2083 814 2105 desinit
826 2083 862 2105 sol.
882 2083 934 2105 125.
946 2089 978 2105 r.:
996 2084 1023 2105 In
1035 2082 1082 2106 iltis

234 2131 269 2153 est
283 2130 337 2159 fons
355 2129 407 2152 vite.
425 2131 508 2152 Amen.
528 2128 592 2152 Finit
604 2136 711 2158 parcam
728 2128 822 2152 bonum.

299 2177 350 2198 189.
362 2175 461 2204 Ibidem,
476 2176 528 2198 cod.
541 2176 614 2204 9615,
626 2176 656 2199 de
667 2183 714 2205 quo
726 2176 818 2204 egimus
830 2179 885 2199 tom.
898 2177 927 2199 V,
939 2183 994 2205 pag.
1005 2177 1081 2199 XXXI

234 2231 256 2246 n.
274 2224 310 2245 90.
328 2236 358 2240 -
376 2223 422 2245 Fol.
440 2224 462 2245 2.
479 2228 509 2245 r.:
523 2222 605 2252 Incipit
623 2223 777 2246 Itinerariam
802 2223 886 2246 mentis
908 2223 933 2246 in
957 2229 982 2246 se
1003 2223 1083 2253 quoad

234 2272 317 2298 Deum,
335 2271 419 2293 desinit
438 2271 475 2293 [01.
496 2271 530 2292 13.
547 2277 581 2292 r.:
601 2271 630 2293 Et
647 2270 688 2293 hec
705 2270 831 2300 Seraphin.
850 2270 886 2294 Ad
903 2270 1020 2300 qaodnos
1030 2277 1082 2300 per-

234 2318 305 2342 ducat
322 2318 384 2348 ipse,
403 2318 445 2347 qni
455 2317 533 2341 trinus
545 2320 579 2341 est
590 2319 611 2340 et
622 2324 692 2341 unas.
705 2319 788 2341 Amen.
804 2318 910 2347 Eaplicit
926 2318 1082 2341 Itinerarium

233 2365 318 2388 mentis
335 2365 360 2388 in
376 2365 479 2396 seipsam
497 2364 577 2395 quoad
593 2365 675 2388 Deum.

301 2412 349 2435 190.
368 2411 468 2439 Ibidem,
486 2412 538 2434 cod.
550 2411 619 2434 2042.
633 2412 676 2434 iam
690 2412 820 2440 descriptus
832 2416 887 2435 tom.
900 2413 928 2435 V.
940 2419 995 2441 pag.
1007 2413 1081 2435 XXlV

234 2466 255 2482 n.
276 2460 328 2481 163.
345 2471 376 2476 ——
393 2459 438 2481 Fol.
457 2458 495 2481 84.
512 2462 546 2481 est
563 2459 639 2481 titulus
657 2459 725 2482 huius
743 2459 860 2487 opusculi:
878 2459 962 2489 Incipit
979 2459 1038 2483 liber
1054 2459 1081 2483 de

234 2506 323 2536 triplici
342 2506 379 2529 iia
397 2506 551 2536 perveniendi
569 2505 601 2529 ad
619 2506 760 2536 sapientiam
782 2513 796 2529 a
816 2507 893 2536 fratre
912 2507 1081 2530 Bonaventura

232 2554 383 2584 compositas.
402 2554 488 2576 Desinit
500 2553 552 2576 t'olio
565 2554 602 2575 86.
620 2560 656 2576 v.:
671 2554 701 2577 Et
712 2553 755 2577 hoc
767 2555 802 2577 est
813 2553 950 2583 Seraphim.
965 2554 1003 2577 Ad
1018 2554 1082 2584 qaod

232 2607 275 2624 nos
284 2600 416 2630 perducere
431 2600 542 2631 diqnetur
554 2600 596 2630 qui
607 2600 663 2624 vicit
673 2602 695 2624 et
707 2603 793 2631 reqnat
804 2600 828 2624 in
840 2601 921 2624 secata
934 2601 1080 2625 seculorum.

232 2650 313 2672 Amen.

296 2696 349 2718 191.
366 2695 466 2723 Ibidem,
483 2696 536 2718 cod.
553 2696 622 2718 2049.
642 2695 741 2718 membr.
761 2702 821 2719 saec.
838 2696 894 2724 XV,
912 2699 936 2719 ut
948 2696 1081 2719 notavimus

233 2745 290 2765 tom.
307 2743 334 2765 V.
352 2749 408 2770 pag.
426 2743 501 2764 XXlV
519 2749 541 2764 n.
564 2742 612 2764 164.
639 2755 668 2759 —
694 2743 783 2765 Titulus
800 2743 869 2765 huius
887 2743 964 2771 operis
987 2746 1021 2765 est
1043 2743 1081 2766 [01.

233 2791 270 2812 16.
282 2796 313 2812 r.:
326 2789 411 2819 Incipit
427 2789 592 2819 contemplatio
609 2789 695 2819 fratris
712 2790 880 2814 Bona-renitere
893 2790 1001 2814 Ministri
1014 2796 1080 2820 yene-

231 2836 291 2860 ralis
308 2837 428 2860 Fratrum
445 2836 576 2859 Minorem.
594 2836 652 2859 Cum
670 2836 747 2860 omnis
764 2837 863 2861 scientia
879 2839 949 2867 cerat
964 2840 1007 2860 etc.
1019 2838 1080 2860 Finis

232 2887 266 2906 est
283 2884 320 2906 [01.
338 2884 376 2905 20.
394 2890 425 2906 r.:
444 2883 523 2906 Tertia
539 2883 674 2913 Seraphim.
692 2883 803 2913 Empticit.

299 2931 349 2953 192.
367 2929 465 2958 Ibidem,
483 2931 534 2953 cod.
552 2930 620 2953 3756.
638 2930 737 2954 membr.
749 2931 772 2953 in
785 2932 807 2954 8.
824 2937 883 2954 saec.
895 2932 955 2954 XlV.
967 2932 1079 2954 exeuntis.

232 2989 263 2994 —
280 2977 423 3005 Opusculum
441 2978 519 3005 incipit
537 2978 573 3000 [01.
589 2977 625 3000 57.
637 2984 656 3000 r.
668 2981 721 3006 post
732 2978 787 3005 alia,
800 2978 861 3001 nullo
874 2979 990 3001 interiecto
1002 2979 1077 3001 titulo:

1146 296 1214 325 Ecce,
1227 297 1341 328 descripsi
1351 304 1403 321 eam
1415 301 1457 321 etc.
1468 299 1552 321 Desinit
1566 300 1603 322 sol.
1614 300 1658 322 79:
1672 299 1748 323 Tertia
1762 298 1896 329 Seraphim.
1908 300 1992 322 Anien.

1145 343 1251 373 Ea'plicit
1267 344 1324 367 liber
1341 345 1507 368 Bonatenture
1523 346 1547 368 in
1564 345 1754 369 meditationibus
1772 345 1830 369 suis.

1209 391 1262 413 193.
1279 391 1379 420 Ibidem,
1399 392 1450 414 cod.
1468 393 1538 414 2980.
1554 392 1654 415 membr.
1672 393 1695 415 in
1713 393 1734 415 8.
1752 399 1811 415 saec.
1830 392 1881 414 XV.
1898 405 1929 408 —
1945 393 1991 415 Fol.

1144 444 1162 459 r.
1181 438 1277 465 legitur:
1294 439 1321 460 In
1339 438 1432 461 nomine
1449 438 1546 461 Domini
1561 439 1639 462 nostri
1654 440 1706 463 Iesu
1729 439 1779 463 Xti.
1801 441 1885 463 Amen.
1907 439 1992 469 Incipit

1145 483 1203 507 liber
1218 485 1304 514 fratris
1321 485 1385 508 Bone
1401 487 1500 508 ventare
1519 485 1615 509 Ordi'nis
1633 487 1750 510 Fratrum
1766 487 1890 510 Minornm
1907 487 1934 510 de
1951 487 1992 510 tri-

1141 530 1200 560 plici
1215 530 1266 558 via,
1284 537 1328 561 per
1344 537 1417 561 quam
1434 532 1571 561 pervenitur
1588 532 1620 555 ad
1631 539 1713 556 ceram
1724 533 1873 563 sapientiam.
1886 534 1947 556 Finis
1958 536 1992 556 est

1146 578 1182 600 sol.
1201 578 1238 600 15.
1256 584 1274 599 r.
1291 577 1383 600 verbis:
1400 578 1430 601 Et
1447 578 1491 601 hoc
1507 580 1542 602 est
1557 579 1691 609 Seraphim.
1709 580 1747 604 Ad
1762 587 1835 610 qaam
1847 586 1890 604 nos
1904 580 1992 610 perdu-

1143 630 1195 647 cere
1212 623 1323 653 diffitetur
1341 625 1403 647 Deus
1425 624 1558 654 elei-iosus,
1576 625 1618 655 qni
1634 626 1659 649 in
1677 626 1790 651 Trinitate
1809 627 1916 657 perfecta
1936 627 1993 651 vivit

1143 672 1164 694 et
1180 673 1267 700 reynat
1283 671 1308 694 in
1324 671 1404 695 secata
1421 672 1565 695 secutorum.
1582 674 1665 696 Amen.
1683 674 1794 704 Explicit.
1811 675 1859 698 Deo
1876 675 1978 704 qratias.

1210 718 1260 740 194.
1278 717 1379 746 Ibidem,
1399 719 1452 741 cod.
1470 719 1522 742 590.
1540 719 1640 742 membr.
1664 727 1725 743 saec.
1744 722 1803 744 XlV.
1826 722 1937 744 exeuntis.
1960 735 1991 738 —

1143 764 1287 792 Opusculum
1305 769 1339 787 est
1356 766 1392 788 [01.
1411 766 1464 788 153.
1482 773 1500 788 r.
1517 766 1562 789 sub
1580 767 1657 789 titulo:
1675 767 1761 797 Incipit
1782 767 1840 791 liber
1857 767 1885 791 de
1903 768 1992 798 triplici

1142 811 1194 839 cia,
1212 815 1234 834 et
1251 813 1395 840 protenditur
1413 820 1487 842 usque
1505 814 1534 836 ad
1552 814 1589 836 [01.
1605 814 1657 837 162.
1673 821 1696 837 ν.
1709 814 1793 838 Verbis
1804 815 1900 838 desinit:
1914 815 1993 839 Tertia

1143 857 1278 888 Seraphim.
1289 859 1393 889 Explicit
1403 859 1460 883 iiber
1470 860 1497 883 de
1506 860 1596 890 triplici
1602 860 1656 889 νίκῃ
1665 867 1749 884 nomen
1760 862 1860 884 auctoris
1872 862 1992 885 omittitur.

1207 906 1259 928 195.
1277 905 1377 935 Ibidem,
1396 907 1532 930 bibliotheca
1551 908 1703 936 Mazzarinea,
1722 908 1773 931 cod.
1801 909 1868 931 1255.
1891 909 1991 932 membr.

1143 955 1164 977 in
1183 956 1219 978 [01.
1236 961 1297 978 saec.
1315 955 1374 977 XlV.
1392 955 1503 977 exeuntis.
1519 968 1550 972 —
1566 956 1613 978 Fol.
1633 962 1655 978 v.
1673 961 1719 978 non
1741 959 1863 979 numerato
1886 959 1991 979 notatur:

1143 1002 1227 1032 Incipit
1244 1002 1272 1025 de
1289 1001 1378 1031 triplici
1395 1002 1453 1025 liber
1471 1002 1520 1025 iste.
1539 1003 1610 1031 Ecce,
1628 1002 1745 1032 descripsi
1764 1009 1817 1026 eam
1839 1006 1892 1031 etc.,
1910 1003 1992 1026 desinit

1142 1050 1232 1073 verbis:
1252 1049 1330 1073 Tertia
1348 1049 1482 1079 Seraphim.

1209 1098 1258 1119 196.
1273 1096 1373 1124 Ibidem,
1386 1097 1437 1119 cod.
1448 1097 1501 1118 902.
1513 1098 1584 1119 chart.
1597 1097 1618 1119 in
1632 1098 1652 1119 8.
1662 1103 1722 1119 saec.
1736 1097 1796 1119 XVl.
1807 1109 1838 1114 —
1847 1098 1894 1120 Fol.
1908 1098 1946 1120 68.
1958 1104 1991 1120 r.:

1142 1144 1227 1174 Incipit
1243 1144 1359 1174 proloqns
1376 1144 1401 1167 in
1414 1151 1521 1174 parvum
1539 1144 1626 1167 bonnm
1643 1144 1722 1168 sancti
1731 1145 1910 1173 Bonaventure,
1928 1144 1992 1175 qnod

1141 1191 1203 1215 alias
1221 1191 1360 1215 Incendium
1376 1191 1468 1215 amoris
1485 1191 1585 1220 dicitnr,
1603 1191 1639 1215 cel
1656 1192 1762 1222 reqimen
1782 1191 1933 1220 conscientie,
1954 1191 1991 1215 vel

1141 1238 1195 1268 fons
1214 1238 1265 1261 cite.
1283 1238 1405 1268 Eriyilans
1422 1244 1477 1261 vero
1500 1242 1543 1261 etc.
1569 1239 1678 1268 Sequitur
1700 1239 1839 1267 opusculum
1863 1245 1938 1268 usque
1960 1238 1990 1261 ad

1142 1285 1226 1308 verba:
1245 1287 1271 1308 In
1289 1285 1336 1309 illis
1354 1287 1389 1309 est
1403 1286 1457 1316 sons
1476 1286 1526 1309 cite.
1549 1286 1639 1315 Quibus
1662 1286 1784 1309 subiicitur
1807 1288 1851 1309 hoc
1873 1287 1990 1315 elogium:

1142 1333 1205 1356 Finit
1218 1339 1325 1363 pari-nm
1343 1333 1443 1362 bonum,
1466 1333 1502 1357 vel
1524 1333 1629 1363 repimen
1652 1333 1791 1358 conscientie
1812 1333 1891 1357 sancti
1913 1334 1991 1358 Bona—

1141 1382 1251 1408 ventztre,
1270 1380 1334 1410 qnod
1350 1382 1449 1404 vocatur
1467 1380 1530 1404 Fons
1546 1380 1591 1404 vite
1603 1380 1639 1404 vel
1651 1380 1792 1404 Itinerarias
1804 1380 1888 1404 mentis
1900 1381 1925 1403 in
1933 1387 1991 1410 pro-

1141 1428 1251 1456 mimam,-
1269 1427 1311 1457 qni
1327 1427 1412 1457 quanti
1426 1427 1497 1457 pretii
1513 1428 1554 1455 sit,
1573 1427 1639 1451 brevi
1648 1427 1702 1451 stilo
1719 1427 1860 1458 sufficienter
1873 1427 1992 1457 explicari

1141 1481 1188 1498 non
1204 1476 1295 1505 potest,·
1307 1481 1363 1498 nam
1381 1475 1403 1498 si
1419 1475 1471 1504 qais
1487 1474 1592 1504 seipsum
1609 1480 1750 1504 coquoscere
1771 1474 1873 1498 voluerit
1894 1475 1916 1498 et
1935 1480 1990 1504 pro-

1141 1522 1208 1545 oeinzo
1226 1522 1378 1545 landabiliter
1390 1524 1412 1545 et
1423 1522 1544 1545 meritorie
1560 1522 1691 1550 convivere,
1704 1522 1768 1545 hunc
1781 1521 1886 1545 libellum
1896 1521 1992 1545 studeat

1141 1569 1278 1592 memoriter
1295 1568 1397 1592 retinere
1414 1570 1435 1592 et
1451 1575 1521 1598 opere
1538 1574 1655 1592 eecercere.

1208 1617 1258 1638 197.
1276 1616 1375 1644 Ibidem,
1399 1616 1450 1638 cod.
1474 1616 1526 1638 6133.
1550 1615 1649 1638 membr.
1671 1616 1774 1644 plurium
1796 1618 1911 1643 aetatum,
1932 1622 1991 1644 opu-

1140 1665 1230 1686 sculum
1248 1665 1291 1686 hoc
1309 1666 1343 1686 est
1360 1664 1459 1692 pessime
1477 1666 1594 1686 exaratum
1611 1662 1655 1685 sub
1671 1663 1716 1685 fine
1733 1669 1792 1686 saec.
1805 1663 1855 1686 XV.
1867 1675 1898 1679 —
1909 1663 1991 1691 lncipit

1142 1712 1179 1734 [01.
1197 1712 1217 1734 4.
1234 1712 1312 1734 titulo:
1330 1710 1398 1734 Liber
1413 1710 1499 1740 fratris
1517 1711 1682 1733 Bonaventnre
1700 1709 1796 1734 Ordinis
1815 1710 1931 1733 Fratrum
1947 1709 1990 1733 Mi-

1139 1765 1229 1782 norum
1245 1758 1273 1781 de
1289 1757 1379 1787 triplici
1393 1757 1439 1781 via..
1458 1758 1545 1780 Desinit
1562 1758 1598 1779 [01.
1616 1758 1637 1779 8.
1655 1764 1675 1780 r.
1691 1756 1782 1780 verbis:
1800 1757 1831 1780 Et
1841 1756 1885 1781 hoc
1901 1758 1935 1780 est
1951 1757 1990 1781 Se-

1141 1805 1243 1836 raphim.
1261 1805 1299 1829 Aa
1315 1812 1387 1835 qnam
1404 1811 1448 1828 nos
1464 1804 1581 1835 perducat
1596 1805 1638 1835 qui
1652 1804 1710 1828 vivit
1726 1807 1747 1828 et
1764 1806 1849 1835 γεραιαί
1866 1804 1891 1828 in
1907 1804 1989 1828 secula

1140 1852 1284 1876 seculorum.
1302 1853 1385 1875 Amen.

1208 1900 1257 1922 198.
1275 1899 1377 1929 Pelplini
1393 1899 1414 1921 in
1432 1899 1552 1927 Borussia,
1570 1898 1707 1921 bibliotheca
1729 1899 1863 1926 seminarii,
1883 1899 1935 1921 cod.
1959 1899 1987 1921 V.

1140 1948 1169 1970 K.
1187 1947 1209 1970 b.
1225 1947 1248 1969 7.
1266 1948 1338 1969 chart.
1356 1947 1379 1969 in
1397 1946 1418 1969 4.
1440 1952 1500 1969 saec.
1523 1947 1574 1968 XV.
1597 1946 1704 1969 ineuntis.
1725 1959 1756 1962 —
1778 1946 1826 1969 Hoc
1849 1946 1987 1974 opusculum

1139 1994 1220 2022 incipit
1237 1994 1274 2016 sol.
1292 1993 1344 2015 116.
1357 1999 1381 2015 v,
1392 1993 1441 2015 sine
1458 1993 1536 2015 titulo:
1547 1992 1617 2020 Ecce,
1629 1991 1745 2022 descripsi
1754 1998 1807 2015 eam
1819 1995 1874 2021 etc.,
1886 1992 1989 2015 decurrit

1139 2047 1214 2070 usque
1230 2041 1260 2063 ad
1279 2041 1315 2063 sol.
1336 2040 1386 2062 120,
1403 2046 1426 2062 v.
1442 2043 1464 2062 et
1481 2039 1564 2062 desinit
1583 2039 1661 2062 verbis
1677 2046 1728 2067 cap.
1746 2040 1769 2062 2.
1786 2046 1807 2062 n.
1826 2040 1868 2061 tt:
1889 2039 1988 2063 inducat

1136 2087 1304 2117 perfectionem
1321 2086 1429 2109 oninium
1446 2085 1570 2109 bonoram.
1589 2086 1668 2114 Quam
1687 2085 1753 2109 nobis
1771 2085 1896 2109 concedere
1907 2085 1988 2116 diene-

1139 2136 1179 2157 tar
1197 2133 1238 2163 qni
1253 2135 1288 2156 est
1304 2132 1437 2156 benedictus
1454 2132 1478 2155 in
1495 2132 1576 2156 secula
1592 2132 1736 2156 seculorum.
1750 2134 1833 2156 Amen.
1845 2132 1988 2162 Empticinnt

1138 2181 1249 2209 excerpta
1267 2180 1429 2203 Boneventare
1445 2178 1472 2202 de
1489 2178 1690 2209 contemplatione.
1708 2179 1756 2202 Deo
1772 2178 1873 2208 qratias.

1203 2228 1256 2249 199.
1282 2226 1381 2254 Ibidem,
1406 2227 1458 2249 cod.
1485 2227 1509 2249 Β.
1536 2226 1591 2249 254.
1615 2226 1757 2256 antiquitus,
1780 2233 1843 2250 nunc
1870 2227 1920 2249 sine
1946 2234 1986 2250 nu-

1139 2281 1216 2301 mero,
1234 2275 1307 2297 chart.
1323 2274 1344 2296 in
1365 2274 1385 2296 4.
1402 2280 1462 2296 saec.
1480 2273 1540 2296 XlV.
1558 2274 1667 2296 exeuntis.
1684 2287 1716 2290 —-
1737 2274 1817 2302 lncipit
1838 2274 1876 2297 [01.
1896 2274 1933 2296 57.
1954 2280 1985 2302 r.,

1139 2321 1225 2343 omisso
1243 2321 1318 2349 titulo,
1336 2321 1419 2343 desinit
1437 2321 1472 2342 [01.
1490 2321 1527 2342 62.
1544 2326 1563 2343 r.
1583 2320 1662 2343 verbis
1679 2327 1729 2349 cap.
1745 2321 1766 2343 3.
1778 2327 1802 2343 n.
1813 2321 1840 2343 7:
1852 2320 1914 2350 vtyet
1931 2326 1986 2344 con-

1138 2367 1250 2391 sideratio
1268 2369 1289 2391 et
1306 2367 1331 2390 in
1351 2366 1501 2397 sequentibus
1522 2367 1622 2397 affectio.
1645 2368 1692 2391 Hec
1714 2367 1849 2398 compilatio
1874 2367 1987 2398 maqistri

1137 2415 1302 2438 Benacentztre
1318 2414 1405 2437 dicitur
1418 2420 1525 2444 parvam
1542 2414 1638 2437 bonum.

1200 2462 1253 2484 200.
1270 2460 1404 2484 Placentiae
1421 2461 1441 2483 in
1461 2460 1577 2488 insubria,
1595 2461 1733 2484 bibliotheca
1751 2461 1865 2489 Civitatis,
1883 2461 1933 2484 cod.
1945 2461 1984 2483 77.

1138 2508 1235 2531 membr.
1249 2508 1270 2530 in
1283 2509 1305 2530 8.
1317 2514 1377 2530 saec.
1390 2508 1450 2530 XlV.
1466 2520 1498 2524 —
1514 2508 1559 2530 Fol.
1578 2509 1615 2530 20.
1632 2515 1651 2531 r.
1666 2508 1776 2531 habetur:
1793 2508 1877 2538 Incipit
1887 2508 1985 2532 Itinera-

1137 2555 1202 2578 rium
1218 2554 1321 2578 hominis
1338 2554 1362 2577 in
1379 2554 1495 2584 seipsam,
1514 2554 1669 2584 compilatam
1689 2561 1704 2582 a
1721 2555 1799 2584 fi'atre
1815 2555 1983 2578 Bonaventztra

1138 2601 1235 2625 Ordinis
1246 2602 1362 2625 Fratrum
1371 2601 1501 2625 Minorem.
1513 2602 1579 2630 Ecce,
1594 2601 1709 2632 descripsi
1719 2608 1771 2625 eam
1783 2606 1826 2625 etc.
1840 2603 1934 2631 Explicit
1945 2603 1983 2626 [01.

1137 2649 1175 2671 31.
1192 2655 1223 2671 r.:
1241 2649 1271 2671 Et
1287 2648 1331 2671 hoc
1346 2648 1476 2678 seraphim.
1494 2649 1591 2671 Additur
1609 2650 1765 2677 fragmentum
1786 2652 1893 2678 utsupra
1905 2656 1926 2672 n.
1940 2650 1981 2672 9⁴2:

1136 2696 1198 2719 Deus
1215 2695 1284 2719 habet
1299 2702 1349 2719 esse
1365 2698 1409 2718 ete.
1426 2702 1499 2725 usque
1516 2696 1544 2718 ad
1562 2696 1647 2719 rerba:
1660 2695 1749 2726 Sapere
1765 2696 1853 2727 absque
1870 2696 1982 2727 appetitu.

1136 2743 1257 2772 Sequitur:
1277 2742 1369 2766 Tabula
1385 2749 1458 2772 super
1474 2743 1598 2766 itinerario
1615 2743 1717 2767 hominis
1734 2743 1759 2766 in
1776 2743 1888 2773 seipsum.

1199 2790 1252 2812 201.
1270 2789 1375 2819 Prayae,
1393 2789 1531 2812 bibliotheca
1548 2790 1706 2813 Universitatis
1722 2790 1744 2812 in
1763 2790 1913 2818 clementino,
1929 2790 1983 2813 cod.

1136 2837 1166 2859 X.
1182 2837 1206 2859 B.
1224 2836 1262 2859 24.
1279 2837 1350 2859 chart
1369 2837 1391 2859 in
1409 2837 1447 2859 [01.
1458 2842 1518 2859 saec.
1536 2837 1587 2859 XV.
1604 2840 1657 2859 ante
1674 2837 1831 2860 medietatem.
1844 2850 1873 2853 —
1885 2838 1931 2859 Fol.
1945 2837 1982 2860 12.

1134 2891 1154 2907 r.
1174 2885 1269 2913 legitur:
1291 2884 1335 2908 Hic
1351 2886 1387 2908 est
1407 2884 1562 2914 compendens
1580 2884 1605 2913 (t)
1624 2884 1651 2908 de
1668 2884 1771 2908 Stimulo
1788 2885 1852 2908 Bone
1872 2885 1981 2908 Venture.

1135 2932 1206 2960 Ecce,
1227 2932 1343 2962 descripsi
1358 2938 1410 2955 eam
1427 2935 1470 2955 etc.
1485 2932 1571 2955 Desinit
1589 2933 1627 2955 fol.
1650 2933 1686 2955 15.
1704 2939 1736 2956 r.:
1753 2932 1778 2956 in
1794 2932 1842 2956 illis
1858 2933 1912 2962 fons
1928 2932 1982 2956 vite.

1135 2980 1218 3002 Amen.
1235 2978 1340 3009 Eoeplicit
1357 2979 1420 3002 Bone
1441 2979 1541 3002 Venture
1558 2979 1682 3009 optimum.
