2133 3317
130 1066 253 1094 Commenda-

120 1092 253 1132 {lig'pauperta-

264 232 319 261 114

261 309 358 339 abusio
379 312 421 338 est
442 312 469 337 et
490 308 572 336 nimis
594 314 707 343 magna,
730 308 761 334 ut
782 305 859 333 dives
880 311 940 333 esse
961 303 1026 332 velit
1048 310 1110 331 ver-

262 357 382 386 miculus
403 356 479 388 vilis,
502 357 616 391 propter
637 360 719 389 quem
742 352 816 380 Deus
838 350 988 379 maiestatis
1013 353 1041 378 et
1063 350 1112 377 Do-

261 403 354 432 minus
375 402 493 431 Sabaoth
510 400 596 429 voluit
618 406 724 436 pauper
746 398 806 426 fieri
822 410 849 425 ».
877 397 1023 434 «Quaerat
1043 396 1112 424 divi-

262 450 314 479 tias
335 456 475 486 paganus,
497 447 543 484 qui
577 447 635 475 sine
666 446 722 474 Deo
747 445 833 479 vivit;
865 447 983 481 quaerat
1003 443 1112 472 divitias

263 497 394 530 Iudaeus,
424 495 470 532 qui
494 497 619 523 terrenas
646 492 845 529 promissiones
866 492 1000 528 accepit»
1016 492 1042 524 ¹;
1065 491 1112 520 sed

263 547 293 572 tu
316 543 393 579 virgo
415 541 529 575 Christi,
546 543 577 568 tu
591 539 691 568 ancilla
713 538 835 572 Domini,
851 546 907 575 qua
921 541 1013 567 mente
1028 545 1112 574 quae-

264 591 302 619 ris
316 589 437 622 divitias,
453 595 517 616 cum
536 589 728 624 paupertatem
743 585 866 619 voveris,
882 593 945 613 cum
961 584 1033 613 inter
1049 592 1114 620 pau-

264 644 344 673 peres
356 636 416 664 Iesu
430 634 531 663 Christi
549 633 637 667 vivas,
653 641 716 661 cum
729 632 860 669 pauperis
875 631 962 668 patris
976 629 1112 659 Francisci

264 683 332 712 velis
353 690 412 711 esse
434 681 505 714 filia,
528 688 591 709 cum
613 679 745 717 pauperis
766 679 864 707 matris
892 678 988 706 Clarae
1010 677 1113 714 promi-

264 730 333 759 seris
354 737 414 758 esse
444 728 602 756 imitatrix?
624 727 714 763 Supra
735 726 865 760 modum,
894 728 983 753 mater
1004 724 1113 753 carissi*

263 785 323 811 ma,
345 779 393 805 tua
413 783 445 804 ac
466 783 527 804 mea
549 773 729 803 confunditur
750 772 882 806 avaritia,
899 771 977 809 quia,
993 779 1056 800 cum
1079 771 1114 799 si-

263 832 326 853 mus
355 823 525 860 professores
556 820 743 858 paupertatis,
775 822 966 857 paupertatem
998 818 1115 847 avaritia

264 874 481 904 commutamus,
503 872 664 906 appetentes
689 875 761 905 quae
782 875 837 895 non
860 867 955 900 licent,
983 868 1115 902 appeten-

264 922 305 947 tes
326 925 397 955 quae
418 917 513 954 regula
537 915 681 953 prohibet,
704 922 767 943 cum
786 917 877 942 tamen
899 913 983 942 Filius
997 912 1046 941 Dei
1058 920 1115 949 pro

263 965 345 994 nobis
366 972 472 1002 69671115
489 962 589 1001 factm
610 962 678 991 sit?

343 1013 369 1040 7.
392 1011 468 1045 Scio,
491 1009 564 1047 quod
587 1009 625 1038 ita
646 1009 694 1043 sit,
716 1008 789 1045 quod
809 1010 913 1045 quanto
934 1007 1116 1036 ferventiores

266 1059 404 1097 professae
426 1057 598 1095 paupertatis
619 1056 728 1085 fueritis
749 1055 912 1088 amatrices,
934 1057 1038 1091 quanto
1053 1062 1116 1090 per-

266 1106 393 1136 fectiores
413 1105 586 1141 evangelicae
612 1103 784 1140 paupertatis
805 1101 914 1131 fueritis
939 1101 1116 1135 imitatrices,

267 1156 342 1182 tanto
363 1153 449 1189 magis
471 1151 550 1180 bonis
571 1150 701 1179 omnibus
730 1153 784 1178 tam
807 1148 1007 1186 temporalibus
1032 1156 1116 1184 quam

266 1199 458 1237 spiritualibus
489 1197 673 1227 abundabitis.
707 1197 732 1225 Si
755 1199 848 1225 autem
881 1196 914 1224 ad
944 1195 1116 1224 contrarium

266 1255 315 1275 vos
335 1245 543 1280 converteritis,
566 1244 587 1273 si
622 1246 830 1280 paupertatem,
862 1250 945 1279 quam
978 1241 1117 1278 professae

266 1294 346 1328 estis,
369 1292 604 1329 contempseritis;
626 1291 751 1319 omnium
774 1290 912 1318 bonorum
935 1292 989 1317 tam
1014 1292 1117 1324 tempo-

267 1341 367 1370 ralium
389 1348 474 1377 quam
499 1338 686 1376 spiritualium
716 1340 828 1374 egentes
849 1337 935 1365 eritis.
962 1336 1009 1364 Illa
1029 1343 1118 1372 quon-

267 1389 328 1417 dam
360 1395 466 1425 pauper
497 1386 620 1423 genitrix
642 1385 773 1422 pauperis
804 1385 864 1413 lesu
896 1383 980 1411 Maria
1011 1381 1117 1410 dicit³z

271 1435 435 1464 Ee'zlrientes
457 1433 585 1470 implevit
606 1432 688 1460 bonis
709 1436 733 1460 et
755 1431 856 1460 divite-5
878 1430 991 1459 dimisit
1006 1429 1117 1457 inanes.

268 1483 321 1511 Hoc
343 1482 425 1511 etiam
447 1482 564 1509 testatur
580 1479 716 1516 Propheta
731 1479 775 1507 ille
791 1477 994 1510 sanctissimus,
1009 1476 1118 1505 dicens:

269 1530 378 1559 Diuites
401 1531 543 1566 eyaerzlnt
564 1531 589 1555 et
610 1527 792 1560 esurierunt,
815 1525 993 1562 inquirentes
1022 1527 1119 1552 autem

271 1577 428 1606 Dominum
446 1584 502 1603 non
525 1575 697 1603 minuentur
719 1573 799 1601 omni
814 1572 894 1600 bono.
914 1571 1044 1608 Nunquid
1066 1579 1119 1599 non

269 1624 388 1661 legistis,
420 1622 546 1659 nunquid
578 1630 633 1649 non
657 1620 773 1649 audistis
794 1619 941 1648 Dominum
972 1618 1120 1647 1651111110-

270 1673 401 1708 quentem
423 1669 556 1706 Apostolis
571 1668 629 1697 suis
650 1669 676 1696 in
697 1667 844 1703 Evangelio
865 1665 992 1694 Matthaei
1006 1666 1016 1681 4
1039 1668 1066 1693 et
1080 1664 1120 1693 di-

272 1721 395 1747 centem:
420 1716 511 1745 Nolz'te
525 1715 643 1744 solliciti
662 1723 722 1743 esse
742 1714 883 1742 dieentes.-
901 1712 979 1749 Quid
994 1711 1121 1740 mandu-

271 1765 422 1798 cabinnls,
455 1768 508 1792 (tut
539 1763 611 1801 qaid
643 1761 797 1791 bibemus?
831 1761 890 1790 Scit
921 1760 998 1789 enini
1031 1760 1121 1788 Pater

270 1816 375 1846 vester,
397 1810 562 1849 quidnobis
583 1818 693 1838 neeesse
714 1809 760 1837 sit.
778 1808 844 1837 Audi
861 1808 962 1836 iterum
974 1830 981 1842 ,
997 1807 1063 1844 quid
1085 1807 1122 1835 di-

272 1860 308 1888 cit
329 1859 368 1888 eis
388 1859 416 1887 in
440 1857 585 1895 Evangelio
607 1858 710 1885 Lucae:
739 1855 863 1892 Quando
885 1854 955 1883 mist
981 1863 1032 1882 vos
1059 1854 1121 1882 sine

271 1906 388 1936 saeculo
417 1910 442 1935 et
461 1914 534 1943 pera.
562 1908 586 1933 et
608 1903 826 1937 calceamentis,
852 1902 989 1940 nunquid
1009 1901 1124 1939 aliquid

273 1953 367 1992 defuit
388 1952 489 1982 vobis?
505 1953 543 1980 Al
564 1951 607 1980 illi
621 1951 774 1979 ‹littei-imi:
798 1948 886 1978 Nilttl.
906 1949 931 1977 Si
952 1948 1036 1986 igitur
1052 1948 1123 1976 inter

274 2001 387 2030 Iudaeos
408 2000 495 2029 duros
517 2002 543 2028 et
565 1998 723 2027 incredulos
745 1996 874 2034 pascebat
896 1996 1030 2024 Dominus
1044 1994 1126 2023 disci-

274 2048 355 2085 pulos
376 2055 441 2076 suos
462 2047 521 2075 sine
546 2045 619 2074 omni
648 2044 846 2077 sollicitudine;
873 2043 940 2080 quid
962 2042 1081 2076 mirum,
1103 2041 1125 2070 si

275 2097 368 2132 pascat
389 2094 498 2122 Fratres
526 2093 645 2121 Minores
670 2091 793 2120 eiusdem
823 2090 999 2127 perfectionis
1021 2088 1126 2126 protes-

276 2149 366 2175 sores,
381 2140 448 2178 quid
469 2140 587 2173 mirum,
603 2139 624 2167 si
647 2142 741 2176 pascat
755 2145 893 2174 pauperes
912 2137 1039 2169 Sorores,
1061 2144 1126 2172 pau-

275 2188 391 2225 pertatis
411 2187 584 2224 evangelicae
606 2186 782 2219 imitatrices,
803 2185 876 2213 inter
907 2183 1025 2221 populos
1053 2183 1126 2211 chri-

277 2235 379 2264 stianos
410 2238 437 2263 et
468 2234 585 2263 fideles?
620 2233 740 2261 Omnem
775 2232 872 2270 itaque
902 2230 1127 2259 sollicitudinem

596 228 792 257 OPUSCULUM
815 227 856 255 Vl.
880 226 923 254 DE
945 224 1168 254 PERFECTIONE
1191 224 1286 252 VlTAE
1309 224 1352 253 AD
1374 224 1531 253 SORORES.
1554 224 1622 253 CAP.
1646 224 1685 252 Ill.

1168 306 1295 344 vestram
1316 302 1449 339 proiicite
1471 302 1502 330 in
1523 311 1605 336 eum,
1627 301 1769 340 quoniam.
1798 302 1856 339 ipsi
1876 310 1952 330 eura
1978 305 2019 330 est

1169 349 1203 377 cle
1223 349 1303 377 vobis
1315 350 1334 377 ⁵.

1248 396 1274 424 8.
1296 396 1366 424 Cum
1388 396 1472 433 igitur
1488 399 1563 424 tanta
1584 396 1619 424 sit
1633 396 1681 424 Dei
1704 396 1792 424 Patris
1813 395 1886 424 circa
1901 403 1950 424 nos
1965 395 2018 423 sol-
2034 400 2130 448 croigffis

1169 441 1297 476 licitudo,
1320 445 1396 471 tanta
1416 443 1452 471 sit
1472 442 1522 471 sibi
1552 450 1621 471 cura
1641 442 1675 471 de
1696 442 1792 477 nobis3
1814 442 1917 470 mirum
1944 441 2018 470 vide-
2044 447 2117 471 giosom

1170 492 1230 523 tur,
1253 497 1304 517 cur
1326 489 1385 517 istis
1408 489 1619 526 temporalibus,
1642 497 1693 518 cur
1718 489 1777 518 istis
1798 489 1882 518 rebus
1901 488 2018 518 curiosis

1170 539 1197 564 et
1217 535 1420 565 defectibilibus
1442 539 1517 565 tanta
1531 536 1711 572 occupatione
1733 536 1922 565 sollicitamur.
1939 536 2019 564 Certe

1170 583 1250 611 aliam
1283 591 1395 611 causam
1426 591 1481 611 non
1513 583 1622 611 invenio
1654 582 1704 611 nisi
1737 586 1854 612 matrem
1882 582 2020 611 confusio-

1170 630 1213 658 nis
1244 632 1271 658 et
1302 630 1486 659 damnationis
1516 630 1679 664 avaritiam;
1715 630 1796 658 aliam
1823 638 1934 658 causam
1964 637 2020 658 non

1170 677 1293 714 reperio,
1315 677 1367 705 nisi
1395 677 1461 714 quia
1481 676 1639 705 affectiones
1667 679 1778 705 nostrae
1799 677 1879 714 longe
1901 683 2020 705 recesse-

1172 726 1239 752 runt
1259 732 1275 752 a
1290 724 1346 752 Deo
1367 724 1481 752 salutari
1498 724 1628 757 nostro⁶;
1650 723 1704 752 alia
1725 731 1808 752 causa
1822 731 1876 752 non
1899 725 1952 757 est,
1968 722 2019 751 nisi

1172 771 1237 808 quia
1257 770 1351 799 fervor
1376 771 1484 800 divinae
1512 770 1636 799 caritatis
1657 770 1785 807 refriguit
1805 773 1833 799 et
1861 770 2021 807 congelatus

1171 821 1213 847 est
1233 818 1260 846 in
1282 818 1369 846 nobis.
1392 818 1485 851 Certe,
1508 818 1529 846 si
1552 825 1676 846 essemus
1696 817 1766 846 bene
1787 817 1938 851 ferventes,
1954 816 2021 845 nudi

1172 864 1279 892 nudum
1300 864 1442 893 Christum
1465 872 1648 901 sequeremur
1660 863 1679 892 ⁷.
1705 864 1771 892 Nam
1794 863 1936 897 homines,
1957 870 2021 891 cum

1173 919 1303 949 magnum
1325 915 1432 940 aestum
1455 911 1570 945 habent,
1597 914 1803 940 consueverunt
1824 918 1853 939 se
1880 910 2022 939 denudare

1173 962 1200 987 et
1221 959 1348 995 spoliare.
1382 959 1495 995 Signum
1529 966 1643 995 magnae
1675 957 1832 995 frigiditatis
1862 957 2022 986 651111110-

1173 1005 1230 1039 bis,
1259 1005 1325 1042 quia
1353 1005 1391 1033 ita
1422 1005 1590 1033 attrahimus
1618 1004 1696 1033 nobis
1722 1004 1774 1033 ista
1802 1004 1971 1041 temporalia.
1999 1003 2022 1032 Ο

1174 1053 1248 1081 1)6115
1269 1055 1360 1081 meus!
1383 1052 1521 1089 quomodo
1543 1060 1692 1089 possumus
1713 1060 1773 1080 esse
1794 1051 1831 1080 ita
1848 1051 1911 1080 duri
1927 1054 2023 1079 contra

1173 1100 1330 1134 Christum,
1352 1100 1400 1136 qui
1422 1099 1511 1127 exivit
1531 1099 1565 1127 cle
1586 1103 1667 1127 terra
1687 1107 1759 1132 sila,
1782 1098 1808 1127 id
1840 1101 1882 1127 est
1908 1098 1942 1126 de
1963 1105 2023 1126 cae-

1175 1147 1222 1181 lis,
1245 1151 1269 1175 et
1290 1147 1323 1175 de
1345 1146 1516 1183 eoynatione
1536 1154 1607 1180 sua,
1631 1146 1656 1174 id
1678 1148 1720 1174 est
1740 1145 1773 1174 sle
1799 1145 1922 1182 Angelis,
1944 1149 1969 1173 et
1990 1145 2023 1173 de

1174 1194 1259 1222 domo
1282 1193 1384 1221 Patris
1405 1193 1487 1227 sniss,
1510 1193 1536 1221 id
1558 1196 1599 1222 est
1620 1193 1654 1221 de
1675 1193 1736 1221 sinu
1759 1193 1865 1226 Patris,
1887 1195 1914 1220 et
1934 1191 2024 1220 factus

1175 1244 1216 1269 est
1237 1249 1288 1277 pro
1309 1240 1389 1269 nohis
1411 1248 1526 1277 pauper,
1549 1240 1673 1269 abiectus
1688 1243 1715 1268 et
1735 1239 1903 1276 despectus?
1923 1239 1953 1267 Et
1974 1246 2024 1267 nos

1175 1288 1306 1316 nolumus
1328 1296 1379 1324 pro
1400 1295 1432 1316 eo
1454 1287 1612 1324 relinquere
1634 1295 1722 1315 unum
1743 1286 1878 1315 1015610111
1899 1289 1927 1315 61
1947 1286 2024 1314 foeti—

1175 1334 1241 1363 dum
1265 1335 1423 1363 mundum?
1445 1334 1567 1371 Corpore
1595 1333 1707 1370 quidem
1731 1333 1915 1370 relinquimus
1943 1340 2024 1361 mun-

1175 1382 1258 1415 dum,
1281 1381 1326 1410 sed
1350 1382 1421 1415 lieu,
1444 1384 1533 1409 totum
1555 1389 1611 1415 cor,
1628 1384 1683 1409 tota
1706 1388 1797 1414 mens,
1814 1383 1901 1408 totum
1923 1379 2026 1408 deside-

1176 1429 1249 1458 rium
1272 1432 1399 1457 nostrum
1421 1431 1574 1464 occupatur
1596 1431 1623 1456 et
1643 1427 1809 1456 absorbetur
1830 1435 1846 1455 a
1868 1426 1980 1455 mundo.

1256 1476 1281 1504 9.
1304 1475 1326 1503 O
1356 1475 1434 1503 beata
1462 1475 1510 1503 Dei
1533 1474 1648 1508 famula,
1678 1473 1824 1502 recordare
1854 1472 2025 1509 paupertatis

1177 1523 1308 1559 pauperis
1329 1522 1438 1550 Domini
1459 1522 1546 1550 nostri
1570 1522 1629 1550 16511
1651 1520 1766 1554 Christi,
1792 1520 1920 1557 imprime
1948 1519 2025 1548 cordi

1177 1573 1225 1598 tuo
1248 1571 1439 1606 paupertatem
1468 1569 1599 1605 pauperis
1624 1568 1711 1605 patris
1733 1567 1772 1596 tui
1798 1566 1947 1601 Francisci,
1969 1574 2026 1595 me-

1178 1625 1287 1646 morare
1309 1616 1480 1653 paupertatis
1495 1616 1591 1644 matris
1614 1619 1677 1643 tuae
1691 1615 1786 1643 Clarae
1801 1617 1828 1643 et
1849 1617 1907 1642 toto
1922 1613 2025 1648 studio,

1178 1667 1235 1693 toto
1256 1663 1399 1692 conamine
1421 1663 1535 1691 inhaere
1556 1662 1727 1699 paupertati,
1753 1661 1920 1698 amplectere
1940 1660 2027 1689 domi-

1178 1720 1240 1740 nam
1264 1713 1456 1747 paupertatem
1482 1717 1532 1738 nec
1561 1709 1636 1738 allud
1657 1709 1710 1738 sub
1742 1708 1816 1737 caelo
1845 1716 1896 1745 pro
1917 1707 2027 1736 1101111116

1179 1758 1287 1787 Domini
1308 1757 1444 1794 diligere⁹
1472 1757 1540 1786 velis
1562 1764 1644 1794 quam
1675 1758 1880 1793 paupertatem,
1902 1763 1956 1783 non
1979 1755 2027 1783 ho-

1179 1814 1289 1840 norem,
1312 1813 1364 1833 non
1380 1805 1487 1841 aliquas
1502 1812 1547 1833 res
1568 1804 1746 1840 temporales,
1769 1811 1822 1831 non
1842 1802 1965 1837 divitias,
1981 1802 2028 1831 sed

1180 1855 1372 1890 paupertatem
1402 1854 1537 1885 sanctam,
1559 1859 1642 1888 quam
1671 1850 1786 1884 vovisti,
1815 1858 1883 1879 cura
1910 1849 2028 1878 firmiter

1180 1901 1337 1929 observare.
1362 1899 1475 1928 D1vitias
1496 1899 1569 1927 enim
1592 1898 1695 1927 habere
1713 1900 1740 1926 et
1760 1905 1854 1926 amare
1876 1896 2029 1925 infructuo-

1181 1955 1243 1976 sum
1265 1950 1319 1981 est,
1341 1954 1435 1975 amare
1456 1949 1483 1975 et
1504 1954 1558 1974 non
1580 1945 1684 1974 habere
1702 1944 1889 1982 periculosum
1911 1946 1965 1978 est,
1980 1943 2030 1972 ha-

1182 1994 1248 2023 bere
1269 1997 1362 2022 autem
1385 1996 1411 2021 et
1432 2001 1487 2021 non
1509 2000 1603 2020 amare
1617 1991 1786 2020 laboriosum
1808 1993 1857 2019 est.
1879 1990 1965 2028 Igitur
1980 1997 2030 2019 nec

1182 2041 1285 2069 habere
1314 2040 1423 2068 divitias
1444 2047 1494 2068 nec
1521 2046 1615 2067 amare
1635 2038 1704 2067 utile
1731 2041 1786 2072 est,
1814 2045 1944 2066 securum
1973 2040 2030 2072 est,

1182 2087 1342 2116 delectabile
1363 2090 1405 2115 est
1436 2090 1462 2115 et
1483 2089 1562 2115 actus
1593 2085 1705 2114 virtutis
1733 2085 1888 2122 persectae;
1916 2088 1943 2113 et
1971 2084 2031 2113 ideo

1183 2138 1238 2163 tam
1261 2134 1406 2163 consilium
1430 2133 1540 2162 Domini·
1560 2132 1593 2161 de
1614 2135 1778 2170 paupertate
1789 2132 1813 2149 ¹⁰
1832 2140 1916 2169 quam
1936 2140 2031 2160 exem-

1183 2182 1260 2219 plum
1282 2189 1391 2210 omnem
1420 2180 1607 2209 Christianum
1636 2187 1748 2208 movere
1776 2179 1857 2207 debet
1885 2182 1912 2206 et
1936 2186 2032 2207 accen-

1183 2228 1249 2257 dere
1280 2227 1313 2256 ad
1341 2235 1463 2256 amorem
1495 2226 1675 2264 paupertatis.
1705 2225 1728 2254 O
1759 2225 1839 2254 beata
1867 2228 2032 2262 paupertas,

342 2444 349 2456 ¹
368 2443 492 2470 Bernard.,
510 2443 585 2465 Serm.
603 2443 623 2464 l.
642 2442 663 2464 in
682 2443 738 2464 festo
762 2441 871 2464 Omnium
890 2442 1040 2467 Sanctorum,
1061 2446 1082 2462 n.
1099 2440 1127 2467 7,

278 2486 301 2506 et
318 2483 422 2505 additur:
440 2482 481 2505 sed
498 2488 544 2511 qua
562 2483 648 2508 fronte,
666 2481 741 2508 magis
758 2484 834 2503 autem
856 2486 902 2509 qua
926 2483 1001 2502 mente
1023 2479 1129 2502 Christia-

278 2530 322 2546 nus
340 2523 432 2545 divitias
449 2521 551 2550 quaerit,
570 2523 694 2550 postquam
712 2520 816 2543 Christus
838 2519 918 2542 beatos
941 2525 991 2541 esse
1014 2524 1129 2546 pauperes

279 2561 438 2590 praedicavit?
455 2572 486 2576 —
503 2560 600 2583 Inferius
625 2559 723 2582 vocibus
748 2565 796 2588 qua
820 2559 896 2581 mente
913 2558 929 2580 F
952 2557 1059 2586 praefigit
1081 2563 1129 2586 qua

279 2600 363 2630 fronte.

342 2639 351 2652 ²
369 2639 440 2667 Epist.
458 2639 481 2661 ll.
498 2638 550 2661 Cor.
568 2639 595 2665 8,
613 2639 638 2666 93
664 2639 703 2660 cfr.
729 2644 800 2665 supra
822 2643 877 2665 pag.
901 2637 958 2664 113,
981 2638 1033 2659 nota
1057 2636 1078 2658 3.
1099 2647 1131 2652 —

281 2679 392 2707 SuperIus
417 2684 460 2706 pro
480 2679 649 2707 paupertatem
673 2676 778 2700 avaritia
800 2678 977 2701 commutamus
995 2675 1034 2705 (ita
1052 2674 1129 2704 BCF)

280 2718 331 2739 Vat.
346 2718 513 2746 panperlatem
530 2716 555 2739 in
571 2715 701 2739 avaritiam
713 2717 901 2743 commutamus,
914 2717 936 2737 et
948 2715 1000 2737 dein
1013 2714 1132 2743 prosequi-

281 2759 317 2779 tur
335 2762 395 2785 quae
411 2762 460 2779 non
477 2755 530 2778 licet
546 2756 679 2785 appetentes
697 2754 728 2784 [D
745 2755 810 2777 addit
826 2754 871 2783 etl,
889 2760 950 2784 quae
966 2753 1052 2783 regala
1068 2756 1112 2775 etc·

345 2795 353 2807 ³
370 2796 424 2818 Luc.
444 2796 451 2817 =l
464 2813 469 2823 ,
487 2795 525 2817 53.
542 2807 573 2811 —
590 2795 699 2823 Sequitur
716 2795 751 2816 Ps.
775 2794 817 2821 33,
842 2794 879 2815 111.
901 2806 932 2810 -
955 2793 1067 2821 Superius
1089 2798 1131 2820 pro

283 2834 326 2858 Illa
343 2834 464 2864 quondam
482 2834 521 2863 (ita
539 2833 581 2857 BC
592 2834 643 2863 DF)
662 2834 713 2856 Vat.
730 2833 776 2856 Illa
794 2832 863 2856 enim.

345 2873 354 2886 4
371 2873 427 2901 Cap.
445 2873 472 2900 6,
495 2873 532 2895 31.
557 2879 606 2902 seq.
631 2886 661 2889 -—
687 2872 791 2895 Subinde
816 2872 926 2900 allegatur
951 2872 1005 2894 Luc.
1029 2872 1071 2900 22,
1094 2871 1132 2893 35.

282 2919 332 2942 seq.

346 2949 356 2962 ⁵
373 2950 444 2978 Epist.
460 2951 475 2973 l.
493 2951 552 2973 Petr.
569 2950 597 2978 5,
613 2950 636 2972 7.
656 2963 683 2966 ——
701 2950 813 2978 Superius
830 2956 872 2978 pro
890 2949 1025 2973 incredulos
1039 2949 1077 2978 (ita
1089 2948 1133 2971 BC

284 2990 336 3018 DF)
361 2991 412 3012 Vat.
434 2989 555 3018 crudeles,
577 2996 638 3019 quae
660 2990 743 3018 etiam,
765 2989 935 3018 refragantibus
953 2988 1034 3016 BCF,
1051 2988 1134 3010 omittit

284 3028 387 3052 eiusdem
400 3028 553 3058 perfeetionis
566 3029 729 3059 professores,
747 3028 804 3058 quid
820 3028 924 3057 mirum,
943 3028 966 3051 si
977 3029 1071 3057 pascat.

1249 2437 1258 2451 ὓ
1276 2438 1405 2466 Respicitur
1423 2437 1488 2459 Deut.
1507 2437 1550 2463 32,
1569 2436 1609 2462 l5,
1627 2435 1666 2458 uhi
1684 2436 1714 2458 de
1730 2435 1817 2464 populo
1834 2434 1925 2457 ludaico
1937 2434 2032 2457 dicitur:

1186 2478 1326 2500 lucrassatus
1343 2480 1377 2499 est
1395 2477 1491 2499 dilectus
1508 2479 1530 2498 et
1546 2475 1709 2502 recalcitravit,
1733 2475 1884 2502 incrassatus,
1907 2474 2034 2502 impingua-

1186 2519 1234 2544 tus,
1253 2517 1360 2539 dilatatus
1376 2515 1498 2544 dereliquit
1514 2515 1588 2537 Deum
1607 2515 1715 2536 factorem
1733 2520 1802 2536 suum
1819 2516 1841 2536 et
1857 2513 1951 2536 recessit
1962 2519 1975 2535 a
1987 2513 2034 2535 Deo

1186 2556 1280 2579 salutari
1297 2561 1347 2578 suo.
1364 2567 1396 2571 —
1413 2555 1436 2577 ln
1453 2560 1501 2583 seq.
1520 2553 1678 2582 propositione
1699 2553 1820 2581 respIcitur
1838 2553 1913 2574 lllattn.
1931 2551 1973 2580 24,
1992 2552 2034 2574 ¹¹2:

1187 2596 1329 2623 Reli-igescet
1347 2595 1429 2617 caritas
1446 2594 1579 2616 multorum.
1598 2606 1628 2608 —
1645 2593 1757 2620 Superius
1774 2599 1800 2615 ex
1812 2592 1907 2614 BCDF
1919 2592 2035 2620 supplevi-

1188 2642 1240 2658 mus
1256 2634 1304 2657 nisi
1319 2635 1445 2657 matrem...
1461 2639 1510 2656 non
1526 2632 1627 2662 reperio.

1251 2673 1260 2686 ⁷
1277 2674 1382 2700 Hierou.,
1400 2673 1470 2700 Epist.
1488 2672 1540 2694 4⁶25.
1563 2671 1627 2697 (alias
1646 2670 1676 2700 4.)
1699 2677 1722 2693 n.
1740 2671 1782 2692 20:
1806 2670 1897 2692 Nudum
1920 2669 2036 2692 Christum

1188 2713 1265 2735 nudus
1281 2718 1386 2741 sequere.
1403 2711 1447 2735 Csr.
1465 2714 1521 2734 tom.
1538 2711 1566 2733 V.
1584 2716 1638 2739 pag.
1658 2710 1713 2737 126,
1732 2712 1784 2732 nota
1803 2709 1829 2737 4,
1842 2708 1974 2731 111)1511111115
1985 2714 2037 2731 sen-

1188 2752 1258 2775 tentia
1275 2751 1409 2779 Hieronymi
1426 2751 1492 2773 allata
1509 2753 1551 2772 est.

1252 2790 1261 2803 Β
1279 2791 1334 2813 Gen.
1353 2791 1394 2817 l2,
1413 2791 1433 2812 11.
1451 2789 1537 2812 Abram
1555 2789 1650 2812 dicitur:
1667 2788 1784 2816 Egredere
1801 2788 1831 2810 de
1848 2790 1906 2810 terra
1925 2789 1962 2809 tua
1974 2789 1997 2809 et
2008 2786 2036 2809 de

1189 2831 1327 2859 cognatione
1344 2833 1381 2852 tua
1399 2832 1422 2851 et
1438 2829 1467 2851 de
1484 2829 1555 2851 domo
1572 2828 1643 2856 patris
1659 2828 1699 2850 tui.

1252 2868 1262 2881 ⁰
1279 2870 1309 2892 Ex
1326 2869 1393 2891 BCF
1411 2868 1573 2896 supplevimus
1590 2866 1700 2896 ailiam-e,
1717 2869 1739 2889 et
1759 2866 1853 2888 inferius
1875 2865 1921 2888 fide
1943 2864 2037 2888 BCDF

1190 2909 1324 2932 addidimus
1340 2914 1389 2931 71οη
1406 2907 1501 2937 aliquas
1518 2913 1556 2930 res
1574 2905 1724 2936 temporales.

1253 2947 1273 2960 ¹⁰
1290 2947 1335 2970 Csr.
1351 2953 1421 2976 supra
1438 2953 1461 2969 n.
1480 2947 1501 2968 l.
1518 2958 1549 2963 -—-
1567 2946 1661 2968 inferius
1677 2946 1694 2967 B
1706 2944 1722 2968 C
1739 2944 1848 2967 omittunt
1859 2945 1882 2967 et
1896 2942 2038 2971 accendere,-

1190 2987 1274 3010 deinde
1288 2989 1340 3015 post
1356 2992 1469 3010 securum
1485 2992 1538 3008 cum
1557 2986 1576 3008 D
1587 2986 1603 3007 F
1620 2985 1741 3007 omisimus
1758 2984 1818 3011 Deo,
1835 2986 1858 3005 et
1874 2983 1943 3005 iidem
1957 2988 2009 3005 cum
2022 2982 2039 3004 B

1190 3032 1234 3055 pro
1250 3027 1384 3049 amatorem
1404 3027 1473 3048 tuum
1489 3024 1632 3047 substituunt
1648 3024 1781 3046 amatorem
1798 3022 1840 3046 tui.

2119 500 2122 517 t

2062 1478 2123 1497 Exhor
2131 1484 2133 1496 t

2041 1502 2066 1521 ad
2072 1507 2121 1526 paup
2132 1510 2133 1521 l

2041 1527 2079 1545 tem
2082 1539 2086 1544 .

2128 1533 2132 1575 l
