2133 3317
119 819 253 839 Testimonium

131 843 201 862 Christi
218 843 255 861 sut·-

131 867 176 886 ficit.

126 1431 154 1450 De
164 1431 246 1458 dominio

120 1459 250 1479 pecuniarum.

121 1713 171 1737 Quid
182 1713 206 1740 sit
215 1718 257 1737 per-

134 1742 180 1756 sona
200 1739 257 1756 mter-

133 1761 202 1785 posita.

266 219 322 249 314

265 298 320 327 sint
341 300 368 326 et
389 297 476 326 robur
497 295 669 332 acceperint,
689 297 716 323 et
736 294 764 322 in
786 301 883 322 eorum
899 292 1010 321 statutis
1024 292 1115 321 Eccle-

266 345 321 373 siae
336 345 472 372 Romanae
493 345 618 379 patenter
640 341 797 377 excipiatur
823 339 1012 368 auctoritas».
1035 339 1116 367 Nulla

265 391 348 420 etiam
367 388 600 426 praecedentiam
631 386 808 423 Pontificum
828 389 942 414 statuta
963 385 1115 420 obsistunt,

265 440 297 466 ut
318 437 419 470 Extra,
441 435 474 464 de
497 434 648 468 Electione,
670 433 841 467 liiiiotititl,
869 432 917 461 ubi
950 432 1016 461 dicit
1037 432 1115 461 Inno-

265 484 372 513 centius
393 483 508 512 tertius:
536 482 614 509 «Per
644 480 885 518 praedecessorem
916 482 1044 508 nostrum
1067 487 1115 508 no-

265 531 308 559 bis
329 530 457 566 adempta
478 537 532 557 non
555 528 606 557 suit
634 528 766 562 facultas,
789 535 854 556 cum
885 535 917 556 ea
945 535 1000 555 non
1030 526 1116 555 fuerit

265 576 438 613 prohibentis
460 575 591 609 intentio,
615 575 662 612 qui
695 574 905 603 successoribus
926 574 984 603 suis
1005 573 1116 602 nullum

265 623 355 660 potuit
376 623 402 651 in
427 623 477 651 bac
499 625 578 659 parte
600 621 801 658 praeiudicium
823 629 958 658 generare
979 620 1039 658 pari
1056 623 1116 657 post

265 678 347 703 eum,
369 670 454 698 immo
475 669 570 698 eadem
592 671 727 705 potestate
748 668 902 702 functuris,
918 676 982 697 cum
997 676 1052 696 nou
1068 668 1116 696 ha-

264 717 327 746 beat
348 717 496 753 imperium
519 724 569 753 par
591 716 617 744 in
634 724 728 752 parem
745 727 771 743 ».
793 731 831 736 ——
853 715 884 743 Et
905 715 974 744 haec
1004 714 1116 752 quidem

266 764 338 793 dicta
360 764 499 793 sufficiant
520 763 553 791 ad
574 763 762 791 cavillationes
794 762 1004 799 malignantium
1028 761 1116 790 homi-

267 820 334 840 num
357 810 529 840 refellendas.
552 811 617 839 Nam
641 813 778 847 quantum
792 809 827 838 ad
842 809 1030 838 testimonium
1046 809 1117 837 veri—

268 859 330 888 tatis
359 858 460 887 summi
493 858 681 895 1031510101152
703 857 805 886 Christi
831 856 956 894 solisque
987 856 1118 884 iustitiae

266 905 429 942 exemplum
460 905 563 934 sufficit
591 908 675 942 atque
706 904 868 938 consilium;
892 903 956 940 qui,
986 911 1051 931 cum
1083 902 1118 931 sit

265 953 336 982 iuris
356 953 508 987 naturalis,
531 952 634 986 civilis,
657 951 780 981 canonici
803 959 835 979 ac
856 950 940 979 divini
957 949 1118 987 principalis

265 1001 358 1038 origo,
381 1008 459 1029 sacro
481 1008 532 1028 suo
553 1000 647 1028 sanxit
668 999 795 1036 eloquio,
812 998 1006 1035 temporalium
1022 1005 1117 1026 rerum

266 1047 431 1076 [terminium
456 1047 641 1075 abjiciendum
673 1054 733 1075 esse
763 1045 905 1082 perfectis,
932 1052 994 1074 cum
1027 1047 1118 1073 tamen

267 1094 460 1124 sufficientiam
482 1097 618 1131 quantum
640 1093 674 1122 ad
699 1101 788 1121 usum
816 1092 918 1121 eisdem
941 1091 1117 1125 concesserit,

267 1141 427 1179 promiserit
448 1144 475 1170 et
497 1141 671 1178 persolverit.
694 1140 826 1177 Insuper,
850 1142 881 1168 ut
902 1139 977 1176 quod
1003 1138 1119 1167 docebat

266 1189 352 1218 verbo
384 1188 562 1217 confirmaret
584 1188 729 1225 exemplo,
753 1187 842 1216 alieno
863 1187 925 1215 cibo
947 1186 1035 1215 voluit
1056 1194 1118 1214 sus-

266 1236 383 1270 tentari,
413 1235 484 1264 sicut
516 1235 674 1272 evangelica
694 1237 791 1263 narrat
823 1234 954 1268 historia,
976 1236 1004 1262 et
1024 1233 1119 1262 Hiero-

266 1291 368 1320 nymus
390 1283 423 1311 ad
444 1282 627 1319 Nepotianum
649 1282 731 1316 dicit,
750 1285 777 1310 et
798 1281 953 1310 evidentius
975 1281 1061 1309 claret
1082 1288 1117 1308 ex

267 1330 441 1367 praecedenti
464 1329 644 1366 responsione
656 1329 675 1356 ³.

349 1378 392 1405 12.
416 1377 510 1410 Porro,
532 1376 565 1405 de
587 1376 709 1404 dominio
738 1375 952 1413 pecuniarum,
982 1382 1053 1411 quae
1085 1373 1119 1402 ad

268 1424 497 1453 sustentationem
521 1423 651 1460 praefatis
665 1422 809 1451 Fratribus
823 1422 1023 1455 conferuntur,
1038 1421 1119 1449 indu—

268 1472 389 1500 bitanter
412 1470 561 1500 tenendum
584 1474 640 1504 est,
663 1470 737 1507 quod
758 1469 919 1498 nullatenus
940 1469 974 1497 ad
993 1469 1117 1506 ipsorum

267 1518 413 1555 collegium
436 1520 557 1554 spectat,
580 1525 644 1545 cum
666 1517 693 1545 in
708 1517 833 1553 ipsorum
849 1516 953 1553 Regula
964 1516 975 1532 4
990 1516 1025 1544 sit
1040 1524 1120 1553 prae-

268 1568 394 1602 ceptum,
423 1564 497 1601 quod
532 1565 669 1593 «Fratres
696 1564 774 1592 nullo
799 1563 880 1592 modo
905 1563 1047 1597 denarios,
1077 1563 1120 1591 vel

268 1612 413 1649 pecuniam
437 1611 571 1648 recipiant
592 1619 642 1648 per
664 1618 706 1645 se,
722 1611 765 1639 vel
787 1618 836 1647 per
851 1610 1041 1646 interpositam
1058 1617 1120 1646 per-

269 1667 364 1688 sonam
380 1670 406 1686 ».
429 1659 460 1686 Et
483 1662 513 1687 ut
534 1658 624 1686 omnis
645 1658 759 1686 tollatur
780 1657 814 1686 de
828 1657 919 1685 medio
933 1656 1120 1685 calumniandi

270 1705 402 1740 materia,
425 1705 634 1742 intelligendum
657 1708 714 1739 est,
736 1704 810 1741 quod
836 1712 962 1741 persona
994 1704 1120 1740 interpo-

270 1754 346 1788 sita,
369 1753 414 1782 0111
436 1753 554 1789 pecunia
579 1752 763 1789 dispensanda
784 1751 983 1785 committitur,
1005 1750 1120 1788 intelligi

269 1803 359 1837 potest
382 1799 506 1836 recipere
527 1807 558 1828 ac
580 1802 675 1827 tenere
704 1798 792 1835 ipsam
823 1798 989 1826 auctoritate
1010 1797 1120 1832 dantis,

268 1848 311 1876 vel
333 1847 498 1875 auctoritate
518 1846 654 1880 illorum,
677 1853 728 1882 pro
750 1853 871 1882 quorum
893 1845 1056 1874 necessitate
1077 1852 1121 1873 re-

269 1894 385 1924 levanda
405 1894 533 1923 donatur.
551 1893 576 1922 Si
592 1893 757 1922 auctoritate
778 1892 878 1921 dantis
900 1892 1001 1921 retinet
1021 1895 1048 1921 et
1066 1892 1122 1921 (115-

270 1944 382 1979 pensat,
403 1941 442 1970 sic
464 1940 551 1977 ipsius
583 1942 624 1969 est
655 1942 821 1976 procurator
849 1947 899 1968 seu
934 1939 1066 1973 nuntius,
1095 1941 1123 1967 et

269 1989 338 2017 daus
360 1990 450 2025 potest
471 1990 598 2024 repetere
619 1990 646 2016 et
668 1986 848 2023 reaccipere5
870 1989 898 2015 et
918 1994 1001 2023 agere
1026 1988 1123 2015 contra

270 2044 335 2064 eum
356 2035 383 2063 in
405 2042 488 2064 causa
509 2034 543 2063 ad
566 2034 806 2071 recuperationem
831 2033 980 2070 pecuniae,
1002 2041 1058 2062 non
1072 2041 1122 2061 au-

271 2086 326 2111 tem
349 2082 410 2116 ille,
434 2090 485 2118 pro
506 2090 562 2118 quo
590 2081 774 2118 dispensanda
802 2080 994 2109 committitur.
1018 2080 1049 2108 Et
1070 2080 1122 2109 hoc

272 2138 326 2158 non
348 2129 444 2158 debuit
465 2136 515 2158 uec
537 2128 628 2165 potuit
644 2128 764 2156 inhiberi
779 2127 951 2164 pauperibus
965 2127 1123 2156 mendican-

272 2177 363 2211 tibus,
385 2176 453 2213 quin
476 2183 525 2212 per
547 2175 738 2212 interpositam
760 2182 908 2211 personam
929 2173 1055 2210 ipsorum
1076 2181 1122 2202 va-

271 2224 326 2252 leat
347 2222 464 2252 relevari
487 2222 648 2256 necessitas,
670 2221 734 2258 quia
757 2220 835 2249 valde
857 2220 1011 2249 absurdum
1026 2222 1068 2249 est
1082 2220 1123 2248 in-

272 2271 409 2308 telligere,
432 2269 507 2307 quod
528 2269 617 2298 cuivis
637 2268 714 2297 diviti
737 2276 791 2297 non
818 2268 898 2297 liceat
919 2268 1122 2304 eleemosynam

274 2326 323 2355 per
345 2325 374 2346 se
405 2317 497 2354 ipsum
528 2319 555 2345 et
587 2324 636 2353 per
664 2315 784 2344 alterum
812 2323 864 2352 pro
895 2322 947 2343 sua
980 2314 1124 2343 voluntate

273 2365 408 2394 conferre.
431 2363 534 2400 Quodsi
556 2366 680 2392 reservet
701 2362 867 2391 auctoritate
888 2362 979 2396 illius,
995 2370 1046 2399 pro
1067 2369 1124 2398 quo

277 2411 461 2448 dispensanda
482 2412 538 2444 est,
560 2409 585 2438 ei
607 2409 739 2446 competit
760 2411 787 2437 et
814 2408 841 2437 in
870 2416 983 2437 causam
1011 2407 1124 2436 trahere

273 2461 300 2486 et
322 2461 413 2486 cetera
434 2465 532 2494 agere,
555 2464 627 2494 quae
648 2459 738 2493 potest
759 2455 887 2493 quisquis
902 2463 1001 2484 verum
1016 2454 1056 2483 rei
1072 2454 1123 2483 sibi

274 2505 423 2534 vindicavit
444 2504 613 2539 dominium;
635 2506 663 2533 et
684 2504 752 2538 hoc,
775 2503 840 2540 quia
868 2502 1032 2540 professioni
1060 2502 1124 2530 Fra-

337 2674 345 2687 ¹
363 2676 417 2698 Loc.
436 2675 458 2697 in
476 2675 623 2703 praecedenti
640 2678 694 2697 nota
712 2675 749 2696 eit.
767 2680 786 2696 0.
806 2674 843 2696 20.
862 2674 884 2696 ln
897 2674 942 2696 tine
953 2673 1076 2701 respicitur
1089 2673 1126 2695 lV.

273 2715 359 2742 Digest.
378 2714 409 2736 tit.
429 2714 450 2737 8.
470 2714 515 2742 leg.
532 2713 607 2737 Labeo
625 2713 659 2736 ait
682 2713 723 2742 (3.)
750 2712 764 2741 S
791 2713 931 2736 Tractemus
953 2715 975 2735 et
991 2713 1036 2741 leg.
1061 2712 1125 2736 Nam

273 2752 431 2782 maai-stratus
450 2753 499 2782 (4.),
521 2752 561 2775 ubi
578 2752 721 2779 insinuatur,
738 2758 820 2780 parem
837 2752 860 2774 in
878 2757 958 2779 parem
975 2758 1022 2774 non
1039 2750 1126 2774 habere

274 2791 407 2819 imperium.
425 2791 470 2814 Csr.
490 2794 546 2814 tom.
566 2791 592 2813 V.
611 2797 665 2819 pag.
684 2790 742 2818 1145,
760 2795 813 2813 nota
830 2790 853 2813 7.

338 2830 346 2843 ²
364 2830 409 2854 Cir.
426 2837 497 2859 supra
516 2837 569 2859 pag.
587 2831 644 2857 233,
662 2833 714 2853 nota
733 2831 753 2853 2.
772 2829 877 2853 Subinde
899 2830 1054 2858 respiciuntur
1074 2829 1125 2852 Mal.

277 2870 302 2897 4,
320 2871 347 2892 ⁴2:
366 2870 403 2892 Sol
420 2870 531 2897 iustitiae,
557 2873 579 2892 et
601 2870 678 2892 Matth.
702 2870 744 2897 19,
762 2870 806 2892 21;
823 2869 846 2891 Si
871 2869 907 2892 1115
929 2870 1045 2897 perfectus
1061 2874 1125 2895 esse,

275 2909 348 2936 vade,
375 2909 451 2931 vende
476 2912 520 2932 etc.
545 2922 576 2926 —
602 2909 714 2937 Superius
738 2915 781 2937 pro
805 2907 948 2938 refellendas
974 2908 1027 2930 edd.
1053 2906 1126 2930 revel-

276 2947 365 2971 tendas.

338 2986 347 2999 ³
365 2986 420 3014 Cap.
438 2987 460 3009 7.
478 2993 500 3009 n.
519 2987 571 3015 6-8‚
589 2986 628 3009 ubi
649 2987 718 3009 etiam
736 2988 847 3010 sententia
864 2987 957 3009 Hieron.
974 2987 1005 3009 ad
1021 2986 1125 3014 Nepotia-

275 3031 331 3048 num
350 3025 425 3053 (epist.
444 3025 481 3047 52.
499 3025 555 3048 alias
572 3026 593 3047 2.
610 3031 633 3047 n.
655 3026 698 3054 11.)
717 3026 814 3053 allegata
831 3028 873 3048 est.

745 215 942 244 OPUSCULUM
962 215 1004 243 XI.
1027 213 1189 243 APOLOGIA
1211 214 1392 243 PAUPERUM.
1415 214 1483 243 CAP.
1506 215 1547 243 XI.

1173 295 1248 320 trum
1276 292 1435 321 nullatenus
1463 292 1607 327 convenit,
1635 292 1734 321 beatus
1761 293 1946 321 Franciscus6
1970 301 2019 322 ex-

1172 346 1267 375 presse
1288 339 1425 373 inhibuit,
1447 339 1513 376 quia
1534 339 1687 368 secundum
1716 339 1861 368 veritatem
1882 342 2018 376 quantum

1172 385 1206 413 ad
1235 385 1432 422 proprietatem
1464 386 1504 414 rei
1532 394 1587 414 non
1619 385 1720 420 refert,
1743 388 1840 414 utrum
1872 386 1936 423 quis
1967 387 2018 416 hoc

1171 431 1253 460 modo
1275 432 1390 468 recipiat
1404 440 1454 469 per
1470 432 1610 469 propriam
1625 441 1753 467 manum,
1769 433 1812 461 vel
1828 440 1877 469 per
1892 433 2017 462 alienam.

1254 479 1298 508 13.
1321 479 1394 508 Hanc
1408 483 1501 508 autem
1517 479 1699 508 differentiam
1722 482 1749 508 et
1769 480 1921 508 naturalis
1941 480 2019 509 ratio
2035 487 2125 531 ‘rugium

1172 525 1261 560 docet,
1277 528 1305 554 et
1320 525 1368 554 ias
1381 526 1526 562 scriptum
1541 526 1625 554 dictat
1636 526 1657 560 ⁷,
1675 529 1702 555 et
1723 526 1900 563 rescriptum
1913 526 2020 563 papate
2081 515 2102 532 ³²¹

1172 572 1302 601 declarat.
1325 572 1401 601 Sicut
1422 573 1496 601 0111111
1519 573 1638 601 multum
1661 573 1761 607 refert,
1784 576 1880 601 utrum
1900 573 1947 610 qui
1968 573 2019 602 mi-
2035 580 2098 601 ruma.

1173 620 1272 648 nistrat
1293 619 1375 648 alicui
1397 620 1433 648 sit
1455 620 1542 656 ipsius
1563 627 1677 654 servus,
1693 620 1736 648 vel
1750 620 1868 648 alicuius
1882 620 2020 649 excellen-

1173 667 1252 695 tioris
1273 674 1408 703 personae
1430 667 1571 701 minister,
1587 675 1638 704 pro
1659 667 1740 696 cuius
1761 667 1904 695 voluntate
1925 671 1951 696 et
1970 667 2021 695 im-

1174 714 1251 751 perio
1283 714 1468 742 ministerium
1500 714 1568 742 illud
1600 713 1755 750 impendit;
1787 713 2022 750 quemadmodum

1173 761 1306 790 differunt
1328 761 1515 789 ministerium
1536 761 1636 790 servile
1651 764 1679 789 et
1693 761 1821 795 liberale,
1838 761 2023 790 ministerium

1175 808 1328 837 humanum
1351 811 1378 836 et
1399 808 1574 845 angelicum;
1597 808 1635 837 sic
1657 808 1777 836 multum
1799 808 1903 842 differt,
1925 811 2023 836 utrum

1175 855 1220 883 ille
1242 854 1424 883 intermedius
1446 855 1561 883 nuntius
1581 862 1729 892 personam
1743 857 1835 883 teneat
1848 855 1961 889 dantis,
1980 855 2024 884 vel

1175 902 1353 939 accipientis.
1376 919 1415 922 —
1435 901 1593 930 Secundum
1610 901 1691 930 etiam
1715 902 1763 930 ius
1784 901 1887 930 civile⁸
1904 902 2023 931 multum
2039 908 2106 928 secum

1175 949 1282 983 diss'ert,
1305 957 1368 977 cum
1397 949 1529 977 creditori
1561 948 1669 977 debitor
1700 948 1846 985 pecuniam
1879 949 2024 978 soluturus

1175 996 1257 1024 alicui
1289 995 1469 1024 intermediae
1501 1003 1635 1032 personae
1666 995 1828 1029 committit,
1850 998 1947 1024 utrum
1979 995 2025 1024 1110

1175 1042 1283 1071 medius
1305 1042 1340 1071 sit
1366 1045 1532 1079 procurator
1557 1042 1712 1076 debitoris,
1741 1050 1776 1070 an
1805 1041 1968 1070 creditoris.
1998 1042 2024 1070 Si

1175 1090 1247 1118 enim
1270 1093 1437 1126 procurator
1458 1092 1500 1118 est
1521 1089 1690 1124 creditoriS,
1706 1092 1733 1118 et
1754 1089 1871 1126 pecunia
1891 1089 2025 1126 perdatur

1175 1140 1239 1166 ante
1259 1137 1441 1171 solutionem;
1464 1137 1515 1174 ipsi
1538 1137 1678 1165 creditori
1702 1137 1829 1174 perditur
1850 1139 1877 1165 et
1898 1137 1952 1165 iam
1974 1144 2026 1173 pro

1176 1184 1267 1213 soluta
1288 1184 1416 1212 habetur.
1439 1184 1465 1212 Si
1497 1187 1591 1212 autem
1622 1187 1788 1221 procurator
1811 1183 1845 1212 sit
1868 1183 2023 1218 debitoris,

1176 1231 1227 1267 ipsi
1250 1230 1378 1267 perditur
1399 1233 1426 1259 et
1446 1230 1539 1259 adhuc
1561 1230 1692 1259 solvenda
1712 1233 1769 1264 est,
1791 1238 1845 1258 non
1867 1238 1919 1267 pro
1934 1230 2025 1258 soluta

1176 1278 1311 1307 habenda.
1328 1294 1366 1298 —-
1386 1278 1466 1306 quta
1487 1278 1562 1307 huuc
1584 1277 1695 1306 modum
1718 1277 1847 1306 dominus
1875 1277 2025 1314 Gregorius
2040 1283 2106 1303 Tertia.

1176 1325 1298 1359 nonus9,
1320 1325 1363 1353 vir
1386 1325 1483 1361 utique
1505 1328 1560 1353 tam
1589 1324 1682 1353 divino
1710 1332 1794 1361 quam
1820 1325 1943 1353 humano
1963 1324 2026 1353 iure

1178 1372 1296 1409 peritus,
1319 1372 1366 1409 qui
1388 1375 1510 1400 mentem
1531 1371 1603 1400 beati
1627 1371 1761 1400 Francisci
1777 1371 1887 1408 plenius
1901 1373 2025 1406 noverat,

1176 1418 1215 1447 sic
1237 1418 1378 1447 definitive
1400 1418 1563 1455 respondet:
1591 1429 1605 1443 «
1619 1417 1722 1454 Quodsi
1745 1425 1803 1446 rem
1827 1417 1877 1446 sibi
1900 1425 2025 1446 necessa-

1177 1466 1246 1494 riam
1269 1466 1354 1494 velint
1374 1466 1484 1494 Fratres
1505 1473 1613 1499 emere,
1629 1465 1672 1494 vel
1687 1465 1853 1494 solutionem
1867 1464 1958 1494 facere
1976 1472 2027 1501 pro
2113 1475 2116 1494 ι

1176 1513 1231 1541 iam
1253 1515 1358 1549 empta,
1381 1515 1498 1549 possunt
1518 1512 1562 1541 vel
1594 1513 1724 1541 nuntium
1752 1512 1828 1546 eius,
1850 1520 1866 1540 a
1897 1520 1953 1549 quo
1982 1519 2027 1540 res

1177 1559 1296 1593 emitur,
1318 1559 1362 1588 vel
1383 1559 1504 1596 aliquem
1526 1559 1610 1588 alium
1633 1559 1790 1588 volentibus
1811 1558 1862 1587 sihi
1877 1559 2027 1595 eleemosy-

1178 1615 1240 1635 nam
1263 1606 1354 1635 facere
1375 1609 1566 1643 praesentare,
1593 1606 1641 1643 qui
1673 1606 1765 1635 taliter
1797 1608 1991 1643 praesentatus
2011 1613 2027 1634 a

1178 1653 1334 1688 Fratribus,
1357 1662 1412 1682 non
1434 1657 1475 1682 est
1496 1661 1594 1682 eorum
1617 1653 1749 1687 nuntius,
1772 1653 1819 1682 sed
1834 1653 1908 1682 illius
1922 1652 2024 1690 potius,

1178 1701 1260 1730 cuius
1281 1701 1410 1730 mandato
1432 1700 1599 1729 solutionem
1613 1700 1693 1735 facit,
1716 1708 1766 1729 seu
1786 1700 1945 1737 recipientis
1966 1707 2028 1729 ean-

1177 1749 1253 1783 dem,
1276 1749 1323 1786 qui
1352 1752 1379 1777 et
1407 1748 1609 1785 eleemosynam
1637 1748 1687 1777 sibi
1721 1748 1895 1777 commissam
1922 1750 2027 1784 potest,

1178 1796 1251 1825 sicut
1272 1799 1299 1825 et
1319 1795 1463 1830 dominus,
1485 1795 1560 1832 apud
1588 1795 1761 1832 spiritualem
1792 1795 1837 1823 vel
1863 1794 2027 1825 familiarem

1178 1843 1307 1872 Fratrum
1329 1843 1448 1872 amicum
1471 1842 1610 1879 deponere
1631 1850 1681 1879 per
1702 1842 1809 1879 ipsum,
1831 1842 1891 1871 loco
1912 1844 1939 1870 et
1959 1844 2029 1870 tem-

1179 1898 1246 1927 pore
1267 1898 1318 1927 pro
1339 1890 1465 1927 ipsorum
1481 1889 1705 1923 necessitatibus,
1721 1889 1792 1918 sicut
1807 1888 1939 1925 expedire
1954 1887 2029 1916 vide-

1179 1937 1230 1972 rit,
1245 1937 1456 1974 dispensandam
1472 1948 1499 1965 ».
1522 1937 1591 1965 Haec
1613 1936 1698 1965 verba
1719 1935 1845 1972 rescripti
1861 1935 1974 1972 papalis.
1989 1950 2029 1955 -—-
2044 1941 2110 1961 conexu

1180 1984 1221 2013 Ex
1243 1984 1346 2022 quibus
1368 1987 1495 2021 patenter
1514 1984 1621 2018 elucet,
1643 1983 1718 2020 quod
1739 1983 1868 2012 Fratrum
1891 1982 2030 2011 Minorum

1180 2031 1283 2068 Regula
1305 2039 1358 2060 non
1380 2030 1519 2059 discordat
1547 2038 1563 2058 a
1591 2030 1662 2064 vita,
1694 2037 1745 2058 nec
1773 2029 1928 2058 communis
1955 2029 2029 2066 ipso-

1180 2086 1245 2107 rum
1267 2078 1366 2107 modus
1386 2077 1496 2106 vivendi
1518 2077 1658 2106 discordat
1678 2086 1694 2106 a
1715 2077 1827 2114 Regula.
1848 2077 2030 2113 Nequaquam

1180 2125 1254 2154 enim
1266 2124 1289 2142 ¹⁰
1310 2125 1495 2162 profitentur,
1518 2124 1592 2162 quod
1623 2124 1718 2153 nullus
1739 2124 1779 2153 eis
1806 2123 1965 2161 provideat,
1986 2122 2031 2151 vel

1180 2172 1382 2208 eleemosynam
1404 2171 1486 2200 faciat
1506 2179 1556 2208 per
1577 2179 1621 2206 se,
1636 2171 1681 2200 vel
1695 2179 1745 2208 per
1760 2170 1951 2207 interpositam
1966 2177 2030 2207 per-

1180 2227 1292 2253 sonam,
1314 2219 1380 2255 quia
1408 2219 1460 2247 hoc
1488 2218 1602 2255 collegio
1630 2217 1847 2247 mendicantium
1872 2223 2029 2253 pauperum

1180 2269 1207 2295 et
1228 2266 1397 2303 impossibile
1417 2266 1489 2294 foret
1510 2269 1537 2294 et
1558 2265 1692 2299 stultum;
1707 2265 1755 2294 sed
1776 2265 1851 2302 quod
1875 2264 1927 2301 ipsi
1952 2264 2031 2293 iuxta

1180 2313 1299 2342 formam
1322 2313 1349 2341 in
1372 2312 1518 2349 Evangelio
1539 2312 1668 2341 traditam
1696 2311 1861 2349 evangelicis
1892 2310 1960 2339 viris
1981 2318 2030 2347 pe-

1181 2360 1291 2388 cuniam
1312 2359 1389 2388 nullo
1411 2359 1491 2388 modo
1512 2359 1678 2396 possideant.

1262 2407 1307 2435 lli.
1330 2407 1355 2435 Si
1378 2414 1445 2435 vero
1466 2406 1537 2435 forte
1559 2406 1622 2443 quis
1643 2406 1739 2440 dicat,
1752 2405 1780 2434 in
1802 2405 1924 2434 carentia
1944 2412 2028 2442 pecu·
2043 2409 2133 2438 Obie-otia*

1180 2454 1242 2483 niae
1264 2454 1368 2482 nullam
1390 2461 1450 2482 esse
1471 2461 1588 2490 prorsus
1614 2453 1802 2487 sanctitatem,
1825 2460 1881 2481 nou
1908 2455 1966 2480 tam
1987 2451 2029 2480 in·
2077 2436 2122 2464 Μ’

1180 2501 1235 2530 fert
1256 2500 1422 2530 calumniam
1444 2500 1563 2537 Regulae
1584 2508 1740 2537 pauperum
1768 2507 1852 2537 quam
1885 2498 2030 2536 Evangelio

1245 2671 1255 2684 4
1272 2672 1327 2700 Cap.
1346 2671 1366 2694 4.
1384 2684 1416 2688 —
1432 2671 1527 2694 inferius
1544 2677 1587 2699 pro
1604 2670 1631 2694 de
1648 2669 1724 2693 medio
1742 2669 1812 2693 ABC
1829 2675 1840 2693 e
1856 2669 1940 2692 medio.

1246 2710 1256 2724 ⁵
1273 2712 1302 2733 lta
1320 2710 1430 2738 ABCD;
1447 2711 1501 2733 edd.
1518 2710 1631 2740 recipere.

1245 2749 1255 2763 ὃ
1272 2750 1356 2772 Verbis
1373 2750 1442 2778 paulo
1459 2749 1567 2777 superius
1583 2755 1610 2772 ex
1627 2749 1714 2776 Regula
1732 2748 1841 2776 allegatis.

1246 2788 1255 2802 ‘¹
1273 2789 1325 2812 Vat.
1343 2792 1365 2812 et
1381 2789 1419 2812 ed.
1437 2790 1450 2811 2
1467 2789 1577 2811 omittunt
1593 2787 1672 2816 dictat,
1690 2789 1713 2811 et
1728 2787 1880 2817 rescriptum.

1246 2827 1255 2841 ⁸
1272 2828 1334 2851 Libr.
1351 2829 1383 2851 111.
1400 2829 1486 2856 Digest.
1505 2828 1538 2851 tit.
1558 2829 1579 2850 5.
1596 2828 1641 2855 leg.
1659 2826 1688 2850 Si
1697 2827 1742 2850 hac
1753 2828 1830 2850 mente
1841 2826 1964 2855 pecuniam
1976 2833 2030 2855 pro-

1183 2868 1284 2891 curatori
1302 2868 1355 2890 dem
1373 2870 1416 2890 etc.
1435 2867 1501 2896 (25).

1246 2905 1256 2919 ⁹
1273 2906 1393 2930 Constitut.
1413 2906 1465 2934 Quo
1490 2905 1596 2936 etonyatz‘
1618 2911 1690 2934 supra
1712 2911 1767 2933 pag.
1784 2905 1843 2933 312,
1865 2907 1919 2927 nota
1937 2905 1962 2932 3,
1980 2905 2031 2927 alle·

1183 2948 1244 2975 gata.
1263 2946 1349 2969 Textus
1366 2946 1483 2974 originalis
1499 2945 1553 2968 hinc
1570 2945 1624 2968 inde
1640 2945 1750 2967 nonnulla
1768 2944 1888 2967 interserit.
1905 2944 1949 2966 Pro
1960 2943 2030 2973 spiri-

1183 2985 1272 3008 tuatem
1290 2985 1342 3007 Vat.
1359 2988 1381 3007 et
1398 2985 1436 3007 ed.
1453 2986 1466 3007 2
1483 2984 1615 3014 specialem.

1246 3023 1265 3036 ¹⁰
1283 3024 1341 3047 Edd.
1357 3027 1436 3047 contra
1453 3023 1522 3046 codd.
1540 3022 1699 3053 Nequaquam
1715 3022 1797 3052 iyitur.
