2133 3317
272 215 311 243 ‘24

274 293 448 322 similitudine,
468 291 587 323 quomodo
607 290 723 315 debemus
742 289 821 314 Deum
840 288 956 320 diligere,
970 288 1074 319 quinon
1088 295 1123 313 50-

272 337 325 361 lum
348 336 387 361 est
410 335 509 364 similis,
532 335 607 359 immo
631 334 687 364 ipsa
712 332 864 357 similitudo!
892 331 1123 362 Quantumcumque

273 387 331 405 vero
345 379 423 405 frater
443 379 489 407 sit,
509 378 549 402 vel
568 377 656 401 similis
675 376 763 405 fratri,
780 382 909 406 nunquam
922 374 1006 399 tamen
1019 374 1057 399 est
1070 375 1123 399 eius

273 423 409 448 similitudo
428 429 501 450 vera;
526 420 568 445 sed
586 421 640 451 ipse
659 418 795 444 similitudo
813 418 902 443 nostra
920 417 981 442 nata
994 417 1023 442 de
1040 417 1124 442 simili-

273 466 359 491 tudine
378 465 471 496 speculi
490 463 515 488 et
528 463 579 488 sole
598 461 758 487 subintrante
769 460 786 486 ¹.
801 476 836 478 —
849 460 960 486 Tertium
977 460 1016 485 est
1034 460 1124 485 coniu-

163 518 255 536 Tertium.
271 509 342 541 yalis
360 508 476 533 societas.
495 507 520 531 Si
533 506 598 531 enim
616 512 678 530 uxor
696 504 779 536 diligit
792 505 874 529 virum
893 511 979 533 suum,
1000 504 1058 535 quia
1071 510 1123 528 car-

274 552 365 577 naliter
384 558 437 576 eam
457 549 629 581 desponsavit,
651 548 772 580 quantum
792 548 908 573 debemus
920 548 1022 579 diligere
1042 547 1123 572 Domi-

273 602 332 619 num
360 593 475 618 nostrum
502 593 586 617 lesum
611 591 752 620 Christum,
782 591 823 622 qui
851 590 964 615 nostra-m
991 590 1122 619 naturam,

273 637 385 662 sanctam
405 636 511 661 matrem
530 635 667 660 Ecclesiam
685 635 710 659 et
728 634 842 659 nostram
860 634 969 658 animam
991 633 1123 665 desponsa-

273 680 322 710 vit,
342 680 384 711 qui
403 680 428 704 et
444 679 567 708 animam,
587 685 686 703 uxorem
712 685 797 706 suam,
815 676 874 701 licet
896 676 1029 702 fornicaria
1047 676 1123 701 fuerit

273 723 298 748 et
316 724 399 754 ipsum
424 721 558 753 dimiserit,
582 721 716 746 clementer
740 720 850 751 suscepit
878 719 1067 744 revertentem?
1088 733 1124 736 —

156 774 254 798 Quartum.
274 766 397 796 Quartum
417 765 455 790 est
469 765 537 796 iupis
546 763 776 795 pracsentialitas;
795 763 820 788 et
838 763 907 787 addit
926 762 958 787 ad
984 762 1122 793 praedicta,

273 810 331 841 quia
345 808 429 840 posset
448 815 512 837 esse,
527 807 592 838 quod
610 807 701 838 aliquis
720 806 785 831 esset
798 806 871 837 pater
883 806 923 830 vel
936 806 1031 836 mater,
1045 805 1124 830 frater

273 853 313 877 vel
326 852 445 881 maritus,
465 851 507 876 scd
524 857 574 875 11011
587 850 653 875 esset
672 857 769 880 semper
782 856 913 880 praesens,
933 848 958 873 et
976 848 1028 873 ideo
1041 848 1124 873 minus

273 895 427 927 diligendus,
447 894 489 919 sed
508 894 576 918 Deus
594 893 666 918 nobis
685 893 736 917 sive
749 892 941 921 dormientibus,
956 892 1007 916 sive
1020 891 1124 922 vigilan-

273 939 353 968 tibus,
374 939 425 963 sive
450 938 475 962 in
495 944 648 968 quocumque
667 936 737 961 statu
759 935 950 964 exsistentibus,
970 942 1067 966 semper
1086 934 1124 959 est

274 989 401 1013 praesens.
430 981 501 1012 Eyo,
520 979 603 1011 inquit
613 978 630 1009 ²,
662 979 789 1004 vobiscum
807 986 865 1003 sum
893 978 1009 1003 omnibus
1035 978 1124 1003 dicbus

273 1032 353 1056 usquc
372 1024 407 1049 acl
424 1024 666 1049 consummationem
679 1022 794 1049 saeouzi':
813 1023 838 1047 et
856 1022 909 1047 ideo
928 1021 1076 1053 diligendus.
1089 1035 1124 1038 —

157 1075 254 1098 Quintum.
274 1068 394 1098 Quintum
417 1067 456 1092 est
478 1067 549 1091 mitis
572 1065 755 1091 aiizicabiliz‘as.
780 1065 804 1090 Si
830 1072 948 1096 praesens
974 1064 1056 1093 esset,
1082 1064 1124 1089 sed

277 1111 355 1135 durus
374 1110 399 1135 et
411 1117 498 1141 asper,
517 1109 557 1134 hic
576 1117 625 1134 11011
644 1108 710 1134 esset
723 1108 831 1133 multum
850 1108 988 1137 amandus,
1008 1108 1050 1133 sed
1069 1115 1124 1132 cum

273 1153 429 1182 huiusmodi,
450 1154 491 1184 qui
511 1160 628 1184 praesens
642 1152 692 1181 est,
707 1152 774 1176 mitis
788 1152 826 1176 est
839 1151 863 1176 et
876 1151 1013 1176 amicabilis
1027 1151 1058 1175 ad
1071 1158 1125 1176 con-

275 1196 389 1221 sortium.
409 1195 479 1220 Unde
498 1195 557 1220 dicit
577 1195 733 1219 Bernardus:
753 1204 765 1215 «
778 1195 879 1219 Amicus
893 1194 972 1219 dulcis
985 1204 997 1216 ⁷>
1022 1194 1068 1219 etc.
1090 1208 1125 1211 --

171 1247 256 1265 sexium.
274 1239 375 1264 Sextum
395 1239 433 1263 est
453 1238 599 1263 amicabilis
621 1238 742 1268 fidelitas.
762 1237 787 1262 Si
810 1237 888 1262 dulcis
912 1238 939 1262 in
964 1237 1125 1262 contubernio

275 1282 299 1308 et
317 1289 367 1307 non
386 1282 466 1307 fide-lis
485 1282 511 1306 in
531 1281 673 1312 opportuno
692 1281 794 1309 auxilio,
815 1280 970 1305 minueretur
983 1280 1011 1305 de
1029 1280 1125 1305 ratione

275 1325 404 1356 diligendi,
424 1324 467 1349 sed
491 1325 544 1355 ipse
562 1323 601 1348 est
625 1323 705 1348 fidelis
725 1323 808 1352 nobis,
833 1324 860 1348 in
885 1323 951 1348 omni
976 1322 1125 1348 necessitate

273 1368 403 1393 assistens.
422 1367 534 1398 Fidelis,
555 1367 637 1398 inquit
647 1365 665 1395 ³,
685 1367 771 1397 Deus,
792 1367 837 1397 qui
859 1374 911 1391 non
930 1367 1056 1397 patietur,
1077 1366 1124 1391 etc.

143 1419 256 1442 septimum.
274 1426 309 1429 ——
322 1412 470 1442 Septimum,
491 1411 555 1442 quod
574 1410 612 1435 est
631 1410 839 1441 complementum
852 1409 1001 1434 ostensionis
1020 1409 1126 1434 benevo-

273 1455 365 1480 lentiae
385 1455 430 1479 Dei
449 1455 474 1479 in
487 1454 569 1483 nobis,
587 1454 625 1478 est
643 1460 747 1478 concors
761 1452 968 1483 consortialitas,
988 1452 1052 1483 quod
1072 1453 1124 1481 est,

274 1498 372 1529 quando
394 1498 488 1522 amicus
510 1504 559 1521 11011
579 1497 659 1521 solum
682 1496 747 1521 bona
772 1503 817 1520 sua
842 1495 1008 1520 communicat
1032 1495 1123 1524 amico,

273 1543 347 1567 11111110
364 1541 430 1566 mala
443 1541 514 1565 amici
528 1541 575 1565 sibi
594 1540 641 1571 ipsi
655 1539 831 1568 communicat,
852 1539 916 1570 quod
929 1539 987 1564 fecit
1003 1539 1125 1564 Dominus

273 1585 358 1610 noster
377 1585 449 1610 Iesus
469 1583 584 1608 Christus
607 1583 674 1608 mala
693 1583 780 1608 nostra
804 1590 934 1607 assumens
953 1582 978 1607 et
997 1582 1043 1607 sibi
1063 1590 1124 1607 com·

274 1629 403 1653 municans
422 1627 447 1652 et
466 1628 548 1652 omnia
566 1627 631 1652 bona
650 1634 696 1651 sua
714 1626 785 1651 nobis
803 1626 907 1651 donans.

347 1671 388 1695 18.
417 1671 516 1695 Tertius
535 1669 629 1701 gradus
657 1669 696 1694 est
714 1668 813 1698 fervens
841 1668 1008 1699 delitiositas,
1035 1669 1060 1693 et
1085 1669 1125 1694 hic

127 1720 256 1742 Tertiusgru-
273 1716 335 1740 alios
354 1714 494 1746 praedictos
522 1713 691 1741 transcendit,
715 1713 773 1743 quia
801 1712 902 1743 respicit
930 1712 955 1736 et
984 1712 1125 1737 considerat

171 1743 215 1761 dus.

274 1759 364 1784 bonum
384 1758 413 1782 ut
433 1757 533 1781 bonum.
553 1756 609 1781 Non
629 1756 693 1780 enim
714 1755 796 1786 diligit
812 1755 891 1779 Deum
911 1755 991 1780 solum
1011 1754 1039 1779 ut
1055 1755 1125 1779 bene-

273 1802 346 1827 ficum
366 1801 411 1826 aut
430 1800 590 1829 benevolum,
610 1799 652 1824 sed
671 1799 753 1830 ipsum
766 1799 857 1823 bonum
877 1799 959 1830 diligit
978 1799 1007 1823 ut
1023 1799 1123 1823 bonnm.

127 1854 145 1871 ln
158 1854 207 1872 bonu
217 1859 259 1872 cou-
273 1846 319 1870 Sed
337 1845 366 1870 ut
385 1845 465 1876 magis
478 1844 503 1868 in
522 1850 630 1868 amorem
644 1842 712 1867 illius
732 1842 789 1866 boni
802 1842 830 1866 ut
848 1842 908 1866 boni
924 1842 1122 1871 inardescamus,

143 1877 245 1896 siderauda

127 1902 258 1924 suntseptem.
273 1887 409 1913 cuiusmodi
428 1887 461 1912 sit

162 1980 254 1999 sublime.

480 1886 542 1911 illud
561 1886 666 1915 bonum,
693 1885 832 1914 videamus,
852 1885 877 1909 et
896 1884 1016 1916 quomodo
1042 1892 1124 1916 pecca-

273 1932 340 1957 tores
359 1931 423 1956 falso
442 1929 567 1961 appetunt
585 1929 610 1954 et
629 1928 738 1960 diligunt
756 1928 849 1953 bouum
868 1927 979 1952 creatum
998 1928 1025 1952 iu
1044 1928 1124 1958 specie

273 1975 357 2006 aliqua
376 1974 433 1998 boni
446 1972 558 1997 increati.
578 1970 727 2001 Sublimc⁴;
746 1970 870 2002 appetant
882 1978 941 2002 ergo
959 1970 1061 2001 superbi
1080 1970 1125 1995 fal—

273 2025 326 2042 sam
346 2018 372 2042 in
391 2016 518 2048 praesenti
539 2015 733 2043 sublimitatem,
754 2015 812 2045 quia
836 2014 922 2038 nullus
948 2014 1031 2045 potest
1050 2013 1124 2038 subli-

273 2061 336 2085 mari
355 2060 403 2085 nisi
422 2060 448 2084 in
466 2066 562 2084 summo
580 2059 658 2088 bono,
679 2058 704 2083 et
722 2057 783 2082 haec
801 2057 840 2081 est
858 2057 937 2081 ratio:
958 2057 1040 2082 omnia
1058 2057 1123 2081 enim

273 2104 357 2129 creata
379 2103 497 2128 inferiora
515 2102 575 2127 sunt
603 2101 695 2133 spiritu
720 2100 851 2129 rationali,
876 2100 944 2125 solus
968 2099 1071 2124 Creator
1096 2107 1123 2124 eo

274 2147 394 2179 superior.
414 2147 439 2171 Si
458 2153 516 2177 ergo
535 2145 650 2176 superius
669 2144 709 2169 vel
727 2144 827 2175 dignius
849 2150 899 2167 non
919 2142 1070 2167 sublimatur
1095 2150 1123 2167 ex

273 2190 404 2221 adeptione
423 2189 457 2214 rei
486 2188 610 2213 inferioris
629 2187 668 2212 vel
696 2187 802 2215 vilioris,
832 2185 875 2211 sed
893 2185 1065 2210 tantummodo
1085 2192 1123 2210 su-

274 2234 378 2265 perioris
401 2233 426 2257 et
445 2232 581 2263 dignioris:
606 2237 664 2262 ergo
688 2237 732 2261 per
757 2230 914 2260 adeptionem
937 2229 1014 2254 solius
1034 2229 1124 2253 summi

273 2277 331 2301 boni
350 2276 374 2301 et
392 2283 442 2300 non
467 2274 572 2299 alterius
591 2274 675 2305 potest
700 2272 831 2298 rationalis
857 2272 962 2303 spiritus
985 2271 1123 2296 sublimari.

151 2325 256 2348 Singulare.
273 2335 308 2338 —
323 2319 477 2351 Singmlaroe
490 2317 613 2349 appetant
631 2324 689 2348 ergo
703 2316 785 2341 ozi-fidi
798 2315 887 2340 falsam
908 2315 1122 2347 singularitatem,

274 2370 323 2394 qua
341 2362 431 2387 volunt
457 2362 483 2386 iu
506 2361 577 2386 bonis
600 2359 763 2391 singulariter
788 2358 917 2388 felicitari3
937 2358 1002 2390 quod
1021 2358 1060 2383 est
1080 2359 1124 2383 im-

274 2405 399 2437 possibile.
419 2405 464 2429 Sed
492 2404 555 2428 illud
584 2410 708 2428 summum
736 2402 828 2427 bonum
856 2402 892 2426 ita
921 2402 968 2426 erit
997 2401 1123 2433 singulare

273 2449 399 2477 omuibus,
413 2448 478 2479 quod
496 2454 546 2472 11011
559 2447 641 2471 minus
655 2446 702 2471 erit
721 2452 856 2474 commune,
870 2445 945 2470 immo
967 2445 1061 2476 quanto
1074 2452 1124 2469 ma-

273 2493 312 2524 gis
326 2499 340 2516 a
359 2491 485 2523 pluribus,
500 2490 572 2515 tauto
585 2490 666 2521 magis
685 2496 700 2513 a
717 2488 827 2520 quolibet
841 2488 1003 2519 singulariter
1017 2487 1124 2518 posside-

273 2535 350 2559 bitur.
378 2534 449 2558 Unde
477 2533 536 2558 dicit
554 2532 643 2557 beatus
664 2532 798 2563 Gregorius
825 2531 889 2556 libro
916 2530 1049 2555 Moralium
1063 2529 1072 2542 ⁵
1097 2531 1124 2555 in

274 2577 322 2602 fine
342 2584 416 2608 super
435 2576 497 2601 illud
516 2575 575 2601 Iob:
590 2575 737 2600 Part-iilum
757 2574 873 2599 invidia:
897 2583 909 2595 ‹<
922 2573 992 2597 Unde
1011 2573 1124 2597 nascitur

875 210 1071 239 OPUSCL'LUM
1093 210 1111 237 1.
1134 209 1178 238 DE
1199 209 1337 238 TRlPLICI
1358 209 1421 238 VlA.

1179 287 1219 312 hic
1238 287 1331 312 invidia
1350 288 1375 312 et
1393 288 1512 319 quomodo
1532 288 1662 313 satiatur?
1681 288 1800 318 Difficile,
1820 288 1913 320 inquit,
1933 288 1984 318 est,
1998 289 2027 313 ut

1179 329 1225 355 hoc
1245 329 1318 355 alteri
1336 337 1387 355 nou
1405 330 1516 355 invideat
1534 331 1599 362 quod
1623 331 1726 362 adipisci
1745 331 1810 356 alter
1828 330 1943 362 exoptat,
1970 331 2027 362 quia

1180 372 1299 404 quidquid
1320 373 1493 403 temporaliter
1515 374 1663 404 percipitur,
1686 374 1758 399 tanto
1782 373 1812 398 fit
1837 374 1919 398 minus
1944 374 2026 405 singu-

1179 416 1223 445 lis,
1244 415 1337 447 quanto
1356 416 1475 440 dividitur
1500 417 1526 441 in
1554 417 1653 446 multis,
1682 417 1707 442 et
1729 417 1819 442 idcirco
1847 417 2027 442 desiderantem

1180 459 1288 483 mentem
1305 459 1370 484 livor
1389 459 1527 489 excruciat,
1546 460 1605 490 quia
1628 460 1675 485 hoc
1692 460 1757 491 quod
1776 460 1889 491 appetit,
1912 460 1956 485 aut
1974 460 2028 485 fun-

1180 501 1247 527 ditus
1266 502 1331 526 alter
1355 502 1477 533 accipiens
1496 502 1596 532 adimit,
1623 503 1667 528 aut
1686 511 1700 528 a
1720 504 1862 535 quantitate
1886 504 2026 535 restringit.

1180 544 1226 574 Qui
1246 552 1304 576 ergo
1322 545 1409 570 livoris
1428 545 1498 576 peste
1517 545 1588 576 plene
1607 553 1690 571 carere
1709 546 1847 575 desiderat,
1866 546 1935 571 illam
1958 546 2028 572 here-

1179 588 1284 612 ditatem
1303 588 1401 619 diligat,
1422 595 1496 619 quam
1524 588 1670 613 coheredum
1688 596 1807 613 numerus
1830 596 1879 614 non
1898 589 2027 620 angustat,

1180 638 1242 662 quae
1262 630 1287 655 et
1306 631 1420 655 omnibus
1445 638 1495 655 una
1524 631 1563 656 est
1587 632 1612 656 et
1640 632 1746 663 singulis
1773 632 1842 661 tota,
1866 639 1928 663 quae
1956 632 2028 657 tauto

1179 673 1275 705 largior
1294 673 1443 703 ostenditur,
1463 674 1557 705 quanto
1571 674 1602 698 ad
1614 674 1679 699 hanc
1692 674 1881 705 percipientium
1894 674 2028 699 multitudo

1180 716 1311 741 dilatatur.
1330 717 1475 742 Imminutio
1496 724 1553 749 ergo
1575 717 1662 742 livoris
1687 717 1725 742 est
1743 717 1847 742 affectus
1870 724 1975 749 surgens
1993 718 2029 742 in-

1180 760 1266 784 ternae
1286 759 1435 789 dulcedinis,
1456 760 1481 784 et
1500 760 1574 791 plena
1592 767 1660 785 mors
1678 760 1731 784 eius
1749 760 1788 785 est
1813 760 1938 791 perfectus
1959 767 2028 785 amor

1181 802 1347 826 aeternitatis.
1368 801 1434 826 Nam
1454 809 1508 826 cum
1528 809 1597 827 mens
1616 802 1647 826 ab
1666 803 1718 827 eius
1736 803 1772 827 rei
1791 802 1907 833 appetitu
1920 802 2029 827 retrahi-

1181 844 1234 873 tur,
1254 852 1317 875 quae
1336 844 1510 876 accipientium
1528 852 1631 870 numero
1650 845 1775 876 partitur,
1795 845 1868 871 tanto
1881 845 1961 877 magis
1974 852 2029 876 pro-

1180 887 1273 911 ximum
1292 887 1389 919 diligit,
1408 887 1502 919 quanto
1521 888 1604 912 minus
1623 895 1652 912 ex
1671 888 1773 919 aspectu
1791 888 1860 912 illius
1880 895 1925 912 sua
1938 887 2028 912 damna

1181 930 1341 960 pertimescit.
1356 930 1447 959 Quodsi
1460 930 1567 961 perfecte
1580 931 1606 955 in
1619 937 1727 955 amorem
1746 930 1860 955 caelestis
1878 930 1975 962 patriae
1989 937 2029 955 ra-

1181 973 1262 1003 pitur,
1282 973 1354 1004 plene
1373 974 1447 998 etiam
1466 974 1492 998 in
1511 973 1640 998 dilectione
1660 973 1796 1004 solidatur,
1815 974 1874 1005 quia
1892 974 1934 1005 qui
1958 973 2029 998 nulla

1181 1016 1281 1041 terrena
1300 1016 1437 1046 desiderat,
1457 1016 1520 1041 nihil
1538 1016 1589 1046 est,
1608 1017 1673 1048 quod
1686 1017 1738 1041 eius
1757 1024 1817 1048 erga
1836 1017 1975 1048 proximum
1991 1023 2029 1041 ea-

1181 1059 1252 1083 ritati
1269 1059 1458 1084 contradicat».
1471 1074 1507 1077 —
1520 1059 1643 1085 Scczcrmn
1650 1068 1658 1090 ,·
1671 1060 1793 1092 appetant
1805 1060 1927 1085 iracundi
1939 1059 2029 1084 falsam

1182 1102 1341 1127 securitatem
1359 1103 1386 1127 in
1405 1103 1545 1134 praesenti,
1565 1104 1668 1135 propter
1693 1111 1767 1135 quam
1785 1103 1882 1128 bellant
1901 1103 1926 1128 et
1950 1103 2030 1128 rixan-

1182 1146 1237 1176 tur,
1258 1146 1298 1170 sed
1318 1146 1399 1175 beati,
1419 1147 1461 1178 qui
1479 1147 1542 1171 illud
1555 1154 1679 1171 summum
1691 1146 1784 1171 bonum
1797 1146 1958 1176 obtinebunt,
1973 1147 2030 1178 quia

1181 1196 1230 1214 11011
1250 1189 1299 1213 erit
1326 1190 1435 1221 amplius
1463 1190 1528 1221 quod
1556 1190 1680 1214 exterreat
1698 1190 1738 1214 vel
1765 1189 1876 1214 infestet.
1894 1204 1930 1207 —
1949 1190 2030 1215 Tran-

1182 1232 1308 1263 quilinio,-
1328 1233 1452 1264 appetant
1471 1240 1529 1264 ergo
1548 1233 1670 1257 accidiosi
1689 1232 1780 1258 falsam
1794 1233 1819 1257 et
1832 1232 2030 1258 momentaneam

1182 1276 1304 1306 requiem,
1325 1275 1367 1300 sed
1386 1275 1466 1305 beati,
1487 1276 1529 1307 qui
1546 1276 1590 1301 illo
1611 1283 1706 1301 summo
1725 1276 1788 1301 bono
1801 1275 1954 1307 gaudebunt,
1974 1282 2030 1306 quo-

1182 1319 1249 1344 niam
1268 1320 1318 1344 iam
1336 1319 1368 1344 ab
1387 1319 1500 1344 omnibus
1528 1319 1656 1344 laboribus
1683 1319 1846 1350 requiescent.
1865 1333 1900 1336 —
1923 1317 2031 1349 Opulen-

1183 1363 1252 1393 tum,·
1271 1363 1393 1394 appetant
1412 1370 1471 1394 ergo
1497 1363 1572 1387 arari
1594 1362 1686 1387 falsam
1711 1362 1879 1393 opulentiam,
1899 1369 1961 1393 quae
1980 1361 2030 1386 aui-

1183 1413 1237 1430 mas
1257 1406 1338 1430 reddit
1357 1407 1457 1436 inanes,
1478 1406 1520 1430 sed
1538 1406 1577 1430 illi
1595 1413 1652 1430 vere
1672 1405 1784 1437 opulenti
1809 1405 1896 1434 eruut,
1916 1405 1971 1436 qui,
1991 1404 2030 1430 ob-

1182 1450 1252 1473 tento
1273 1456 1368 1474 summo
1387 1449 1464 1478 bono,
1484 1449 1553 1474 nullo
1573 1449 1681 1480 egebunt
1699 1448 1771 1474 bono.
1789 1463 1826 1466 —
1844 1448 1967 1478 Satians;
1986 1455 2031 1479 ap-

1182 1493 1271 1523 petant
1299 1499 1357 1523 ergo
1384 1492 1471 1523 „quiesi
1498 1492 1589 1517 falsam
1614 1492 1771 1521 satietatem,
1796 1499 1859 1523 quae
1887 1492 1913 1516 in
1941 1491 2031 1516 famem

1182 1536 1339 1567 postmodum
1359 1536 1482 1565 vertitur,
1502 1535 1544 1560 sed
1563 1536 1601 1560 illi
1625 1543 1683 1560 vere
1706 1535 1881 1564 satiabuntur,
1901 1535 1944 1566 qui
1961 1534 2032 1559 ultra

1182 1586 1231 1604 non
1251 1579 1369 1603 esurient.
1388 1592 1423 1596 —
1442 1578 1597 1608 Dciccz‘ans;
1616 1577 1739 1609 appetant
1758 1585 1816 1609 ergo
1840 1577 1931 1602 falsam
1949 1577 2031 1602 carnis

1182 1622 1384 1651 delectationem,
1408 1629 1470 1653 quae
1490 1621 1647 1652 postmodum
1660 1621 1786 1646 doloribus
1799 1620 1969 1652 respergitur3
1989 1620 2031 1645 sed

1182 1666 1226 1690 illa
1243 1672 1303 1690 vera
1322 1665 1347 1690 et
1365 1665 1418 1690 sola
1437 1664 1476 1689 est
1494 1664 1639 1694 delectatio,
1659 1671 1722 1696 quae
1741 1664 1810 1689 nullo
1829 1664 1954 1689 contrario
1973 1671 2030 1695 per—

1182 1708 1300 1733 miscetur
1318 1715 1362 1733 nec
1380 1707 1477 1732 finitur.

2046 1063 2122 1083 senui-un

2058 1189 2125 1238 ”fas

2047 1321 2122 1345 opuleui
2132 1336 2133 1341 .

2047 1449 2122 1469 Salians.

2048 1578 2120 1598 Deleda

1254 1752 1295 1776 19.
1316 1752 1426 1781 Quartus
1445 1751 1539 1783 gradus
1558 1751 1596 1776 est
1620 1750 1731 1775 delicata
1749 1750 1857 1776 satietas
1868 1749 1887 1782 ὃ,
1907 1750 1932 1775 et
1951 1751 2032 1782 sequi-
2044 1754 2133 1778 Quartus¹

1182 1795 1224 1819 tur
1243 1802 1271 1820 ex
1290 1795 1373 1820 tertio.
1392 1795 1430 1819 Ex
1452 1794 1498 1819 1100
1526 1795 1604 1824 enim,
1633 1794 1697 1825 quod
1722 1794 1806 1818 anima
1832 1793 1914 1825 diligit
1938 1793 2030 1818 bouum

1181 1838 1210 1863 ut
1228 1838 1320 1863 bouum
1346 1838 1371 1863 et
1390 1838 1493 1869 propter
1511 1837 1576 1862 illud
1593 1845 1663 1862 omne
1683 1837 1751 1862 aliud
1770 1837 1862 1862 bonum
1881 1836 1984 1868 spernit,
2004 1837 2030 1861 in

1181 1881 1343 1906 delectatione
1361 1881 1430 1906 illius
1448 1881 1558 1906 meretur
1577 1880 1754 1912 quodammodo
1774 1880 1870 1905 satiari.

1252 1924 1294 1949 20.
1315 1924 1422 1954 Quintus
1440 1925 1564 1949 saturans
1584 1924 1707 1954 ebrietas,
1727 1923 1752 1948 et
1774 1923 1854 1948 oritur
1879 1930 1908 1947 ex
1931 1930 2030 1954 praece-

1181 1968 1258 1993 denti.
1278 1968 1371 1993 Anima
1389 1968 1454 1992 enim
1472 1967 1541 1991 illius
1558 1966 1617 1992 boni
1636 1967 1726 1991 summi
1744 1966 1833 1991 affecta
1851 1966 1992 1995 dulcedine,
2006 1965 2031 1990 et

1181 2011 1359 2043 quodammodo
1377 2018 1393 2035 a
1412 2018 1437 2035 se
1455 2011 1511 2041 ipsa
1531 2010 1612 2034 aliena
1632 2009 1738 2034 efficitur
1757 2009 1878 2041 tanquam
1897 2008 1973 2034 ebria.
1992 2008 2031 2033 Sic

1181 2055 1264 2079 ebrius
1282 2054 1330 2079 fuit
1348 2054 1440 2079 Petrus
1452 2053 1473 2084 ⁷;
1494 2053 1558 2078 sicut
1577 2053 1652 2078 etiam
1671 2053 1790 2078 saturans
1803 2052 1934 2078 ebriositas
1946 2059 2030 2077 amore

1180 2098 1372 2129 despectionum,
1392 2097 1553 2126 iniuriarum,
1573 2096 1750 2128 fatigatIOnum
1769 2095 1816 2120 ete.

2085 1777 2122 1796 dus.

2046 1925 2120 1950 Quintus

1251 2140 1292 2164 21.
1304 2140 1393 2165 Sextus
1404 2140 1498 2172 gradus
1511 2140 1549 2164 est
1563 2139 1693 2164 inebrians
1705 2139 1839 2164 securitas.
1850 2138 1942 2163 Anima
1955 2139 2028 2168 enim,
2045 2145 2115 2164 Sextus.

1180 2184 1224 2209 illa
1242 2183 1366 2208 inebriata
1384 2183 1526 2212 dulcedine,
1544 2182 1582 2207 ita
1601 2189 1687 2207 secura
1705 2181 1820 2212 efficitur,
1834 2182 1900 2213 quod
1911 2189 1956 2207 nec
1969 2181 2028 2206 tern-

1180 2227 1277 2258 poralia
1295 2226 1367 2251 timet
1385 2226 1501 2250 amittere
1519 2232 1564 2250 uec
1581 2225 1686 2250 adversa
1705 2225 1790 2257 aliqua
1803 2225 1935 2250 sustinere.
1948 2224 2029 2250 Istam

1181 2270 1340 2295 securitatem
1359 2269 1501 2294 habuerunt
1520 2268 1645 2300 Martyres
1662 2269 1687 2293 et
1706 2268 1848 2299 specialiter
1866 2268 1969 2297 Paulus,
1987 2268 2029 2299 qui

1180 2313 1277 2338 dicebat
1296 2313 1327 2337 ad
1345 2313 1469 2338 Romanos
1480 2310 1503 2336 ⁸:
1527 2312 1589 2344 Quis
1602 2319 1641 2336 me
1653 2311 1785 2342 separabit
1796 2318 1813 2336 α
1826 2311 1935 2336 caritate
1957 2309 2028 2336 Chri-

1180 2357 1213 2381 sti
1226 2357 1272 2381 etc.
1289 2355 1379 2381 Certus
1391 2363 1450 2381 sum
1468 2355 1535 2380 enim
1555 2355 1613 2385 eto,
1633 2354 1659 2379 et
1677 2355 1805 2386 ponuntur
1824 2355 1858 2379 ibi
1877 2354 1972 2386 septem
1984 2361 2028 2386 ge-

1180 2407 1241 2424 nera
1260 2399 1439 2424 tribulationis.

1252 2442 1294 2466 22.
1314 2442 1439 2473 Septimus
1457 2441 1565 2473 gradus,
1584 2442 1611 2465 in
1638 2448 1686 2472 quo
1711 2441 1750 2466 est
1775 2440 1969 2470 consummatio,
1989 2439 2028 2465 est
2044 2444 2128 2469 septima:

1181 2492 1333 2510 assecurans
1354 2484 1544 2515 trcquo'llessz‘as.
1568 2484 1606 2508 Ex
1629 2484 1676 2509 hoc
1701 2484 1779 2513 enim,
1800 2483 1865 2515 quod
1883 2484 1967 2508 anima
1984 2490 2029 2508 nec

1180 2536 1301 2560 prospera
1319 2529 1391 2553 timet
1409 2528 1511 2559 perdere
1530 2535 1575 2552 nec
1600 2527 1663 2552 dura
1691 2527 1813 2552 sustinere
1832 2527 1937 2558 propter
1961 2534 2029 2552 amo-

1181 2579 1232 2596 rem
1252 2571 1319 2596 illius
1339 2572 1429 2596 summi
1448 2571 1513 2600 boni,
1533 2570 1602 2595 venit
1620 2571 1646 2595 in
1665 2570 1789 2601 quandam
1815 2569 2026 2601 tranquillitatem

337 2793 344 2806 ¹
362 2794 437 2816 Locus
453 2797 487 2816 051
504 2795 635 2821 corruptus.
653 2793 676 2815 111
694 2793 709 2814 S
726 2792 810 2819 legitur
827 2792 871 2814 sic:
888 2791 1018 2814 similitudo
1029 2792 1036 2813 J
1054 2790 1120 2814 Sicut

274 2825 337 2849 enim
354 2827 387 2848 cst
404 2824 483 2847 minor
500 2824 612 2847 dismnlia
635 2825 656 2847 et
676 2823 819 2853 difformitas
841 2822 944 2846 hominis
965 2822 998 2845 acl
1013 2821 1121 2845 simulitu-

274 2857 352 2880 dinem
370 2855 419 2879 eius
437 2856 461 2878 [n
477 2855 572 2885 speculo
584 2855 740 2878 resultantem
758 2860 831 2883 (suam
847 2853 879 2877 ad
895 2853 1025 2881 hominem,
1045 2853 1079 2876 sic
1097 2853 1121 2875 in.

270 2887 401 2918 proposito.
421 2888 449 2910 Ex
472 2887 554 2909 eodem
573 2887 588 2908 S
609 2893 662 2909 mox
685 2885 846 2908 substituimus
868 2884 1001 2915 coniuqalz's
1022 2884 1121 2908 societas

274 2926 317 2948 pro
335 2918 467 2948 coniuyalis
483 2918 594 2948 affinitas.

338 2950 346 2963 ²
364 2951 441 2972 Malui.
458 2950 499 2978 28,
517 2950 553 2971 ΞΟ.
571 2961 602 2965 -
618 2950 693 2971 Locus
710 2948 820 2971 Rerum-di
843 2951 889 2970 [am
912 2948 1045 2976 imperfecte
1066 2947 1122 2969 indi-

274 2985 350 3008 catus,
368 2981 498 3004 accuratius
514 2980 663 3003 determinari
680 2986 725 3002 non
744 2980 824 3008 potuit.

337 3012 346 3025 ³
364 3013 434 3041 Epist.
452 3013 466 3035 1.
483 3012 536 3035 Cur.
557 3012 595 3039 10,
613 3012 649 3033 13.

1240 2789 1249 2801 ⁴
1267 2789 1324 2812 Cod.
1343 2790 1357 2811 S
1371 2789 1401 2811 Ut
1409 2788 1496 2811 bonum
1513 2786 1625 2815 sublime,
1641 2790 1663 2809 0(
1679 2787 1781 2809 simililer
1793 2787 1815 2808 in
1833 2792 1897 2815 seqq.
1916 2792 1959 2814 pro
1976 2785 2028 2809 Sin-

1177 2820 1263 2850 qulare
1282 2821 1296 2842 S
1315 2820 1343 2843 L'i
1366 2819 1513 2849 inzeyraliter
1533 2824 1672 2848 possessum
1688 2822 1731 2841 etc.
1748 2817 1814 2841 Certe
1836 2817 2027 2846 intelligendum:

1178 2852 1233 2874 illud
1250 2852 1338 2874 bonum
1356 2854 1390 2874 05(
1408 2852 1495 2873 bonum
1513 2850 1619 2873 sublime.

1241 2882 1250 2895 ⁵
1268 2882 1328 2905 LilJr.
1347 2883 1374 2905 V.
1394 2883 1472 2905 Moral.
1489 2888 1508 2904 0,
1527 2882 1564 2904 46.
1581 2888 1602 2904 0.
1621 2881 1665 2909 863
1683 2881 1705 2903 in
1723 2880 1762 2903 lob
1780 2881 1806 2908 ὅ,
1825 2881 1846 2903 ἰ).

1242 2914 1251 2926 ⁶
1268 2914 1325 2937 Cod.
1342 2915 1357 2937 S
1374 2913 1484 2937 deliciosa
1501 2913 1605 2936 solicitis.

1243 2945 1250 2957 ⁷
1268 2945 1399 2973 Respicizur
1417 2946 1492 2967 Mauri.
1515 2945 1548 2971 17,
1567 2944 1587 2967 4.

1242 2976 1251 2989 ⁵
1269 2977 1324 3005 Cap.
1343 2978 1368 3003 8,
1386 2977 1424 2999 35.
1441 2983 1505 3005 seqq.
