2133 3317
134 434 162 453 Dc
175 434 258 458 sepultu-

182 463 210 476 ra.

127 1282 169 1302 Non
182 1284 211 1302 est
219 1283 257 1302 6111-

126 1311 150 1330 pa
162 1307 256 1326 Fratrum.

272 209 329 238 366

273 287 404 316 ecclesiae
432 286 649 324 praeiudicium,
671 285 698 313 in
726 293 783 322 quo
804 292 855 313 nec
883 284 1035 314 oblationes
1063 285 1124 314 eius

273 334 307 363 ad
327 334 436 363 Missam
458 333 628 370 percipimus
649 340 699 361 nec
726 332 834 369 aliquos
856 331 983 360 homines
1009 332 1044 360 ab
1065 332 1124 369 ipsa

273 381 353 409 nobis
374 380 557 413 attrahimus,
579 379 647 416 quin
669 379 761 407 omnia
790 379 852 407 iura
873 386 924 407 sua
946 378 1069 407 viventes
1097 381 1124 407 et

273 427 377 456 mortui
392 426 522 455 ecclesiae
537 426 687 463 parochiali
704 426 869 463 persolvant.
880 426 964 454 —De
978 425 1124 463 sepultura

274 482 340 503 vero
362 476 468 503 constat
488 481 525 502 ex
545 473 608 502 iure
629 473 810 507 communi]⁷
835 473 910 510 quod
931 472 953 501 si
975 473 1049 510 apud
1074 481 1124 502 nos

273 521 378 558 eligunt
399 520 524 557 sepehri‚
546 523 658 557 possent
679 523 706 549 et
727 520 808 554 alibi,
824 520 845 549 si
861 520 979 554 vellent,
995 520 1124 549 ubicum-

272 576 327 605 que
348 567 407 596 sine
428 567 597 605 praeiudicio
619 567 785 604 parochialis
806 566 937 595 ecclesiae
953 567 1005 595 1106
1019 566 1123 602 facere,

272 622 322 643 nec
343 614 377 643 ad
399 614 452 643 hoc
472 617 584 651 possent
605 614 633 642 in
654 614 748 651 aliquo
768 613 905 650 impediri.

595 708 734 745 Quansrlo
754 707 796 736 XI.

288 803 349 832 Cur
363 804 487 832 Fratres
501 802 654 841 aliquoties
669 802 744 831 cilios
758 802 918 840 Reiigyiosos
934 802 976 832 vei
990 803 1110 832 clericos

483 850 617 879 eiecerint
631 859 665 878 616
678 849 814 887 propriis
829 849 907 878 locis.

352 945 423 982 Quid
444 953 511 982 ergo
530 944 622 973 dicitis
642 944 676 973 ad
696 945 764 979 1106,
779 944 854 982 quod
868 944 896 973 in
913 944 1042 981 pluribus
1057 944 1125 973 locis

272 992 404 1021 dicuntur
425 992 535 1021 Fratres
556 992 640 1020 vestri
663 992 731 1020 alios
756 991 905 1029 Religi0sos
938 992 982 1020 vel
1009 992 1125 1021 clericos

273 1039 385 1068 eiecisse
405 1039 540 1068 violenter
561 1039 595 1068 de
616 1039 737 1076 propriis
761 1039 899 1073 ecclesiis,
922 1039 965 1068 vel
987 1042 1124 1068 monaste-

273 1086 322 1115 riis
343 1090 370 1115 et
391 1086 508 1121 ibidem,
530 1086 569 1115 eis
590 1086 700 1120 invitis,
729 1086 781 1115 sibi
809 1086 981 1115 mansionem
1008 1086 1123 1120 fecisse3

272 1134 411 1171 quomodo
442 1137 532 1171 potest
563 1134 615 1163 hoc
646 1134 776 1163 excusari
809 1134 844 1162 ab
875 1134 978 1163 iniuria
1009 1137 1036 1163 61
1067 1134 1125 1162 vio-

272 1181 398 1210 lentia2?

352 1228 520 1265 Respondeo.
541 1228 715 1266 Ubicumque
737 1228 789 1257 hoc
810 1228 915 1257 factum
937 1230 994 1263 est,
1014 1236 1067 1257 non
1084 1230 1126 1256 est

273 1283 323 1313 per
344 1276 473 1304 Fratrum
495 1275 653 1304 violentiam
674 1275 793 1310 factum,
816 1275 863 1304 sed
884 1275 928 1304 vel
949 1283 999 1312 per
1021 1275 1125 1312 episco-

273 1330 341 1360 pum
363 1322 430 1357 1061,
452 1323 495 1351 vel
515 1330 552 1351 ex
581 1322 659 1351 iussu
680 1322 784 1351 domini
813 1322 916 1359 Papae,
938 1322 1003 1359 qui,
1026 1322 1126 1351 intelli-

273 1378 356 1407 gens,
379 1370 494 1399 clericos
514 1370 575 1398 illos
596 1370 640 1399 vel
661 1369 810 1406 ReIIgi0sos
831 1369 868 1398 ibi
891 1370 983 1398 minus
1009 1370 1125 1398 honeste

273 1425 302 1446 se
323 1425 436 1454 gerere,
458 1417 502 1446 vel
523 1417 557 1445 ad
579 1420 682 1445 tantam
698 1420 890 1454 paupertatem
906 1417 1032 1446 redactos
1048 1424 1125 1451 esse,

273 1464 347 1502 quod
369 1464 494 1493 divinum
515 1464 660 1493 servitium
683 1464 719 1493 ibi
735 1464 773 1493 ita
787 1467 859 1493 esset
873 1464 1034 1501 delapsum,
1051 1464 1125 1501 quod

272 1519 322 1548 per
350 1512 425 1549 ipsos
452 1520 507 1540 non
535 1514 595 1540 erat
622 1519 685 1548 spes
710 1511 937 1545 restaurationis,
959 1511 1124 1540 auctoritate

272 1559 422 1596 apostolica
436 1559 591 1593 mandavit,
613 1559 675 1587 illos
695 1559 759 1587 alibi
781 1558 882 1592 locari,
904 1559 1050 1596 assignatis
1072 1558 1123 1587 sibi

272 1606 356 1635 certis
377 1606 528 1641 reditibus,
551 1606 624 1635 unde
646 1609 758 1642 possent
777 1613 900 1643 congrue
915 1606 1082 1640 sustentari,
1098 1608 1126 1634 et

272 1653 381 1682 Fratres
396 1656 506 1682 nostros
521 1653 558 1682 ibi
573 1652 699 1681 1161111616
714 1655 741 1681 61
755 1653 848 1681 divina
862 1652 953 1681 officia
967 1653 1125 1687 celebrare,

273 1708 337 1729 cum
359 1701 392 1729 ad
413 1700 504 1737 ipsum
525 1700 653 1738 spectat³
681 1700 715 1729 de
743 1700 872 1729 omnibus
900 1700 966 1729 10615
988 1700 1125 1737 religiosis

272 1747 416 1782 ordinare,
438 1750 471 1776 ut
491 1755 570 1776 sacra
590 1747 628 1776 ibi
650 1747 747 1784 reIIgio
768 1747 958 1782 instauretur,
989 1747 1047 1776 sive
1075 1755 1125 1784 per

272 1794 346 1823 illius
367 1794 479 1824 Ordinis
500 1802 648 1832 personas,
667 1795 725 1824 sive
746 1801 796 1832 per
817 1794 884 1823 alias
906 1794 1022 1823 alterius
1044 1794 1125 1823 Ordi—

272 1842 330 1877 nis,
352 1842 425 1871 sicut
445 1842 546 1871 viderit
567 1841 709 1879 expedire.

589 1937 728 1973 Quansrlo
750 1936 803 1965 ΧΠ.

354 2032 415 2061 Cur
436 2033 559 2061 Fratres
580 2040 600 2060 ct
622 2032 691 2060 Sede
712 2031 872 2069 apostoliea
893 2031 1041 2060 obtineant

497 2078 608 2107 iudices
628 2082 655 2107 et
674 2081 900 2107 conservatores.

352 2174 422 2202 Cum
442 2173 580 2202 deberetis
601 2172 693 2201 onmia
714 2172 787 2201 mala
805 2172 883 2201 vobis
897 2172 974 2200 illata
988 2172 1125 2209 patienter

273 2221 411 2251 sustinere
432 2224 460 2250 et
480 2220 585 2249 nullam
607 2227 692 2257 super
714 2220 758 2248 1115
776 2219 849 2257 apud
865 2219 970 2248 iudices
984 2219 1125 2256 querimo-

274 2269 347 2297 niam
368 2268 459 2297 facere
480 2268 524 2297 vel
545 2274 674 2301 movere,
693 2266 761 2304 quid
782 2270 839 2301 est,
861 2267 936 2304 quod
957 2274 1012 2295 non
1035 2266 1124 2295 solum

273 2315 348 2344 istud
368 2323 424 2344 non
445 2315 551 2349 facitis,
573 2314 621 2343 sed
642 2314 740 2348 etiam,
763 2321 818 2342 non
838 2313 960 2342 contenti
982 2313 1125 2350 episcopo-

273 2370 338 2391 rum
359 2362 483 2397 iudiCiis,
505 2361 635 2391 obtinetis
655 2369 671 2390 a
693 2361 761 2390 Sede
788 2361 938 2397 apostolica
965 2360 1071 2389 iudices
1098 2362 1126 2389 et

274 2409 522 2443 conservatores&
544 2412 571 2437 et
591 2408 626 2437 ad
647 2408 708 2437 illos
729 2408 868 2445 quoslibet
882 2408 1061 2436 molestantes
1076 2415 1125 2436 vos

274 2457 356 2485 etlam
379 2456 475 2485 leviter
497 2456 587 2485 citatis
608 2458 635 2485 et
656 2456 778 2493 gravatis
798 2455 942 2483 laboribus
963 2457 991 2483 et
1019 2462 1124 2491 expen-

275 2503 327 2538 sis,
349 2503 436 2532 donec
456 2503 624 2532 satisfaciant
645 2502 723 2531 vobis
744 2510 795 2539 pro
815 2501 882 2531 velie
897 2505 1006 2536 vestro,
1028 2504 1125 2530 contra

339 2750 347 2762 ¹
365 2750 421 2778 Cap,
438 2751 487 2774 Nos
508 2750 614 2773 instituta
638 2750 691 2779 (1.),
715 2750 743 2772 X.
766 2750 796 2772 de
818 2749 947 2777 Sepultnris
971 2749 1013 2775 (Ill.
1037 2749 1126 2771 Decret.

276 2789 371 2817 Gregor.
384 2790 421 2811 lx.
435 2789 466 2811 tit.
478 2790 534 2818 28).
546 2789 590 2812 Ct‘r.
603 2795 623 2811 c.
640 2789 699 2812 011111,
712 2788 763 2818 quis
782 2788 837 2817 (2⁴),
855 2788 884 2810 de
903 2787 1031 2816 sepulturis
1049 2788 1071 2809 in
1089 2787 1125 2810 Vl.

277 2828 320 2857 (111.
338 2829 371 2850 tit.
392 2829 443 2857 ia).

340 2866 349 2879 2
367 2868 422 2890 Edd.
445 2868 462 2895 1,
480 2869 493 2890 2
511 2867 602 2890 intuma
619 2867 690 2891 etiam
710 2867 818 2890 violenta.

340 2905 349 2918 ³
366 2907 389 2928 ln
407 2907 444 2929 ed.
464 2907 476 2928 3
495 2910 632 2929 annotatur:
650 2907 742 2929 Rectius
758 2908 852 2936 spectet.

340 2945 349 2957 ⁴
367 2945 411 2968 Csr.
430 2952 448 2967 6.
467 2945 543 2968 Nimis
561 2945 642 2975 iniqua
661 2946 718 2973 (16.)
737 2949 759 2968 et
776 2952 796 2968 e.
813 2945 891 2969 Nimis
908 2951 986 2975 prora
1008 2945 1078 2974 (17.),
1097 2945 1126 2966 X.

277 2984 307 3007 de
324 2984 460 3006 Excessibus
472 2985 626 3012 praelatorum
640 2985 677 3013 (V.
690 2985 777 3007 Decrot.
789 2986 886 3012 Gregor.
900 2985 939 3006 IX.
952 2984 983 3006 tit.
996 2985 1020 3006 31
1029 2985 1053 3012 .).
1066 2984 1126 3006 Vide

277 3023 346 3046 etiam
359 3022 499 3050 Sbaralenm,
512 3024 594 3045 Bullar.
608 3024 759 3051 Franciscan.‚
772 3022 811 3045 ubi
823 3027 914 3051 praeter
927 3026 1061 3051 praenotata
1073 3023 1126 3045 Gre-

634 207 831 236 OPUSCULUM
852 206 916 235 xm.
939 206 1251 236 DETERMINATIONES
1271 207 1514 244 QUAESTIONUM.
1536 207 1616 236 PARS
1637 207 1666 235 Il.

1181 285 1339 322 Apostolum
1355 286 1461 323 primae
1475 285 1509 314 ad
1520 285 1678 314 Corinthios
1688 285 1715 314 ⁵:
1728 285 1870 314 Delictum
1881 290 1922 315 est
1936 287 1968 315 in
1980 295 2028 316 vo-

1182 332 1225 360 bz's
1233 355 1241 367 ,
1263 332 1341 371 quod
1361 332 1475 361 iudicia
1496 331 1606 360 habetis
1617 331 1631 360 ξ)

1260 379 1428 416 Respondeo.
1441 379 1558 408 lniurias
1572 382 1599 408 et
1614 379 1769 413 molestias,
1785 387 1822 408 ex
1837 379 1940 416 quibus
1954 380 2029 409 aliud
2045 386 2119 410 manino.

1181 426 1286 454 malum
1308 434 1362 454 non
1384 426 1525 463 sequitur,
1547 426 1598 455 nisi
1620 426 1695 463 quod
1715 426 1762 454 illa
1776 426 1845 455 hora
1860 427 1955 456 sentiri
1971 430 2030 465 pot-

1182 475 1238 507 est,
1259 476 1291 502 ut
1312 476 1378 502 sunt
1398 473 1484 501 verba
1505 473 1641 509 probrosa
1662 473 1705 501 vel
1726 473 1826 501 damna
1853 481 1950 502 rerum
1978 482 2029 504 seu

1181 520 1299 549 verbera
1320 523 1347 549 et
1368 520 1482 553 similia,
1505 523 1621 556 possunt
1643 519 1695 548 viri
1718 520 1838 557 religiosi
1859 521 2029 558 aequanimi-

1182 570 1224 596 ter
1246 567 1398 601 sustinere,
1420 566 1486 603 quia
1506 566 1545 595 nil
1566 566 1642 595 aliud
1657 566 1779 596 afferunt
1793 569 1961 597 nocumenti.
1977 568 2029 598 Sed

1181 614 1229 643 ubi
1251 616 1367 651 possunt
1380 614 1525 651 graviora
1539 614 1652 642 damna
1668 614 1817 651 subsequi,
1832 614 1959 644 videlicet
1973 615 2030 644 ani-

1181 669 1291 690 marum
1314 661 1409 698 gravia
1430 663 1612 695 nocumenta,
1634 661 1670 690 ibi
1693 670 1748 690 non
1769 665 1811 691 est
1825 662 1977 699 expedIens
1991 665 2031 692 ta—

1181 708 1218 736 lia
1238 708 1366 736 tolerare.
1388 708 1455 736 Nam
1477 715 1541 736 cum
1562 707 1649 736 simus
1670 708 1696 736 in
1714 708 1833 737 Ecclesia
1847 709 1896 737 Dei
1910 709 1944 738 ad
1960 710 2031 739 mul-

1182 758 1275 784 tarum
1296 755 1452 783 animarum
1474 755 1592 783 salutem
1613 763 1629 783 a
1650 755 1718 784 Sede
1739 755 1889 792 apostolica
1903 756 2031 786 destinati

1181 810 1232 839 per
1253 802 1375 831 officium
1397 802 1511 830 docendi
1540 804 1567 830 et
1598 802 1763 831 extrahendi
1786 803 1912 832 homines
1931 811 1947 832 a
1967 812 2030 841 pec-

1182 852 1260 883 cat03
1277 849 1298 877 51
1314 849 1377 886 quis
1392 848 1539 877 infamaret
1560 848 1691 878 Ordinem
1711 853 1854 884 nostrum,
1870 851 1945 887 quod
1959 858 2032 880 esse-

1182 905 1245 925 mus
1273 896 1449 930 seductores,
1477 899 1526 924 aut
1554 896 1702 931 haeretici,
1730 900 1779 926 aut
1804 897 1962 932 criminosi,
1984 901 2033 927 aut

1182 952 1236 972 non
1258 943 1392 972 habentes
1413 943 1606 972 auctoritatem
1629 943 1804 980 praedicandi
1823 952 1873 973 seu
1894 945 2033 974 confessos

1182 991 1261 1019 nobis
1282 994 1309 1019 et
1330 990 1463 1019 contritos
1483 991 1659 1025 absolvendi,
1681 999 1745 1020 cuin
1770 999 1786 1019 a
1806 991 1917 1021 domino
1945 993 2032 1029 Papa,

1182 1038 1226 1067 vel
1247 1038 1329 1067 etiam
1351 1038 1487 1075 episcopis
1509 1038 1701 1073 liabeamus⁶;
1723 1047 1777 1067 non
1800 1039 1890 1068 solum
1912 1039 2033 1069 laederet

1183 1093 1232 1114 nos
1254 1085 1293 1114 sic
1314 1085 1454 1114 reddendo
1474 1085 1655 1122 despicabiles
1676 1086 1851 1121 hominibus,
1874 1086 1948 1123 quod
1967 1087 2034 1116 sub-

1183 1132 1328 1160 traherent
1347 1132 1430 1160 nobis
1451 1132 1599 1167 beneficia,
1615 1132 1674 1161 sine
1689 1133 1792 1170 quibus
1813 1134 1962 1162 sustentari
1978 1142 2033 1163 non

1183 1187 1347 1216 possumus,
1369 1179 1418 1207 sed
1438 1179 1520 1208 etiam
1542 1182 1655 1208 noceret
1675 1179 1826 1214 omnibus,
1849 1180 1897 1217 qui
1922 1188 1958 1209 ex
1980 1181 2033 1210 1106

1182 1226 1338 1263 inciperent
1358 1235 1409 1255 nos
1430 1227 1560 1264 persequi
1582 1230 1609 1255 et
1629 1227 1752 1264 graviter
1767 1230 1922 1264 peccarent.
1938 1228 1969 1257 Et
1984 1228 2033 1265 qui

1183 1274 1345 1308 crederent,
1367 1282 1418 1302 nos
1438 1274 1507 1302 tales
1528 1281 1603 1308 esse,
1626 1274 1698 1303 sicut
1719 1274 1786 1303 ille⁷
1808 1277 1958 1310 assereret,
1983 1283 2034 1304 nec

1184 1320 1401 1357 praedicationes
1421 1323 1531 1349 nostras
1551 1320 1726 1350 attenderent
1747 1329 1796 1350 nec
1823 1322 1936 1351 consilia
1961 1323 2034 1351 salu-

1183 1369 1218 1397 tis
1239 1368 1417 1405 requirerent
1438 1376 1454 1396 a
1474 1368 1569 1402 nobis,
1591 1371 1618 1397 et
1640 1368 1695 1396 iam
1716 1369 1811 1397 nullus
1832 1368 1965 1399 Ordinem
1993 1369 2034 1398 in-

1183 1417 1259 1444 trare
1280 1418 1408 1449 curaret,
1435 1415 1521 1443 immo
1549 1415 1653 1443 debiles
1679 1418 1772 1444 mente
1793 1415 1924 1445 Ordinem
1946 1419 2034 1445 tenta-

1183 1465 1282 1491 rentur
1304 1463 1480 1499 relinquere,
1508 1470 1592 1499 quem
1615 1462 1740 1491 viderent
1761 1463 1796 1491 ab
1817 1463 1947 1492 omnibus
1967 1471 2032 1492 con-

1183 1510 1296 1539 culcari.
1312 1510 1481 1546 ——Insuper
1503 1509 1635 1538 haeretici
1656 1517 1685 1538 se
1705 1509 1911 1539 detractoribus
1932 1511 2034 1540 nostris

1183 1557 1301 1586 libenter
1322 1557 1506 1594 adiungerent
1526 1557 1579 1586 sub
1594 1557 1684 1593 specie
1698 1557 1850 1592 amicitiae,
1865 1560 1898 1587 ut
1912 1566 1962 1587 nos
1976 1566 2035 1587 am-

1183 1605 1257 1642 plius
1282 1604 1430 1633 redderent
1458 1604 1567 1633 odiosos
1594 1604 1629 1633 ad
1660 1604 1728 1639 hoc,
1751 1607 1783 1633 ut
1803 1604 1958 1634 doctrinam
1986 1613 2036 1634 no-

1183 1655 1269 1681 stram
1299 1651 1459 1680 hominibus
1486 1651 1635 1680 redderent
1661 1651 1808 1686 odibilem,
1830 1654 1858 1680 et
1878 1652 1916 1681 ita
1944 1655 2035 1682 astute

1183 1699 1234 1727 sibi
1256 1699 1431 1727 attraherent
1451 1698 1534 1727 corda
1555 1706 1653 1727 eorum
1668 1702 1695 1727 et
1710 1699 1842 1736 paulatim
1856 1699 1992 1728 ducerent
2006 1699 2034 1728 in

1184 1754 1326 1780 errorem,
1356 1754 1420 1774 611111
1449 1753 1500 1774 1105
1529 1745 1651 1774 maxime
1672 1745 1802 1780 timeant,
1824 1746 1905 1774 modo
1928 1745 1955 1775 in
1983 1746 2035 1775 hoc

1183 1793 1235 1822 sibi
1256 1801 1316 1822 esse
1338 1793 1506 1822 resistentes.
1523 1793 1606 1821 Plura
1620 1792 1674 1821 6116
1687 1792 1782 1821 1116168
1804 1793 1972 1822 suscitarent
1985 1801 2034 1822 no-

1183 1841 1225 1870 bis
1246 1841 1371 1870 veritatis
1392 1840 1559 1875 adversarii,
1581 1840 1604 1869 si
1626 1848 1681 1869 non
1702 1840 1871 1869 haberemus
1892 1840 2036 1870 munimen

1183 1897 1233 1926 per
1254 1888 1351 1918 Sedem
1372 1888 1566 1925 apostolicam,
1596 1894 1668 1925 quae
1696 1896 1750 1916 non
1773 1890 1828 1916 tam
1849 1887 1929 1917 nobis
1950 1896 2034 1925 quam

1184 1936 1320 1964 Ecclesiae
1341 1938 1368 1964 et
1388 1935 1450 1964 fidei
1477 1934 1628 1964 catholicae
1648 1934 1728 1964 valde
1748 1938 1896 1969 nocerent,
1918 1938 1945 1964 et
1966 1935 2034 1963 haec

1184 1983 1211 2011 in
1233 1983 1353 2012 dedecus
1374 1982 1462 2020 ipsius
1482 1982 1559 2011 Sedis
1580 1982 1786 2016 redundarent,
1808 1990 1881 2019 quae
1901 1982 2034 2011 Ordinem

1183 2030 1319 2067 plantavit
1339 2032 1367 2058 et
1388 2029 1563 2059 confirmavit
1576 2032 1604 2058 et
1618 2029 1653 2058 ad
1668 2029 1822 2066 profectum
1839 2029 1974 2058 Ecclesiae
1988 2029 2036 2058 de-

1184 2078 1305 2107 stinavit.
1327 2077 1394 2105 Nam
1416 2080 1443 2105 et
1464 2076 1610 2113 Apostolus
1631 2076 1748 2110 Paulus,
1769 2076 1819 2113 qui
1840 2078 1955 2113 paratus
1976 2079 2036 2105 erat

1183 2125 1275 2153 omnia
1289 2124 1405 2153 adversa
1419 2124 1515 2152 subire
1530 2131 1580 2160 pro
1594 2123 1720 2157 Christo,
1735 2123 1845 2157 videns,
1860 2123 1957 2152 obesse
1971 2122 2035 2152 fidei

1184 2175 1211 2200 et
1232 2171 1383 2205 Ecclesiae,
1405 2171 1427 2199 si
1450 2170 1569 2199 traditus
1583 2170 1681 2199 fuisset
1702 2178 1718 2198 a
1737 2169 1824 2199 Felice
1840 2170 1883 2199 vel
1897 2170 1976 2198 Festo
1990 2169 2035 2198 Iu—

1182 2219 1257 2247 daeis
1282 2218 1373 2255 ipsum
1402 2218 1540 2255 perimere
1561 2217 1753 2254 6111116111111115,
1775 2217 1920 2246 Caesarem
1942 2217 2035 2254 appel-

1183 2266 1264 2300 lavit,
1286 2266 1403 2294 Actuum
1424 2265 1557 2302 vigesimo
1577 2265 1708 2302 (11110109.
1737 2265 1771 2293 Ut
1799 2272 1866 2301 ergo
1888 2272 2036 2301 parcamus

1183 2313 1222 2342 eis
1242 2322 1259 2342 a
1280 2316 1392 2350 peccato
1413 2312 1525 2350 iniquae
1546 2312 1748 2349 persecutionis
1776 2315 1803 2340 et
1831 2311 1910 2340 nobis
1936 2319 1953 2340 a
1980 2311 2035 2340 fre-

1183 2361 1278 2398 quenti
1294 2360 1442 2389 vexatione
1456 2363 1483 2388 et
1497 2359 1557 2388 aliis
1571 2367 1588 2387 a
1602 2362 1769 2388 nocumento
1783 2359 1954 2393 animarum,
1970 2366 2035 2400 con-

1182 2410 1339 2436 servatores
1367 2406 1503 2435 habemus
1524 2414 1540 2434 a
1561 2406 1629 2434 Sede
1657 2406 1807 2443 apostolica
1834 2405 1915 2434 1101115
1940 2405 2033 2440 (16105,

1182 2454 1230 2490 qui
1253 2453 1461 2490 privilegiorum
1483 2455 1645 2481 nostrorum
1666 2452 1729 2481 iura
1750 2452 1896 2481 defendant
1918 2454 1945 2481 et
1960 2460 1976 2480 a
1991 2459 2035 2480 ca-

1183 2500 1385 2529 lumniantibus
1406 2502 1547 2528 tueantur.

1184 2748 1243 2775 gorii
1262 2748 1298 2769 lx.
1317 2747 1443 2775 diplomata
1460 2747 1586 2769 afferuntur
1608 2746 1678 2768 etiam
1695 2745 1737 2767 alia
1756 2748 1804 2767 111111
1823 2744 1852 2766 ab
1870 2744 1967 2771 eodem,
1984 2746 2033 2766 tum

1184 2786 1213 2809 ab
1231 2787 1346 2809 Innocent.
1365 2786 1405 2813 IV,
1423 2786 1552 2808 Alexandro
1570 2786 1606 2807 IV.
1624 2788 1666 2807 etc.

1247 2825 1256 2837 ⁵
1273 2826 1344 2853 Epist.
1361 2826 1376 2847 1.
1395 2831 1414 2847 6.
1432 2826 1457 2851 6,
1476 2825 1499 2847 7.

1247 2864 1256 2877 ὓ
1273 2865 1317 2887 Cl'r.
1336 2865 1393 2887 infra
1411 2864 1496 2892 Opusc.
1514 2864 1573 2886 XIV.
1592 2864 1668 2892 Quare
1685 2864 1774 2885 Fratres
1788 2862 1886 2884 Minores
1898 2861 2033 2890 praedicent

1184 2907 1205 2926 et
1222 2905 1379 2927 consessiones
1396 2904 1497 2926 audiant.

1247 2942 1255 2955 ⁷
1274 2944 1324 2966 Vat.
1342 2946 1364 2965 et
1381 2943 1418 2965 ed.
1436 2943 1449 2965 3
1466 2942 1529 2965 sicut
1544 2943 1565 2965 et
1583 2941 1628 2964 ille.

1247 2982 1256 2997 S
1274 2982 1330 3005 Edd.
1350 2983 1370 3008 1,
1388 2983 1401 3004 2
1418 2981 1468 3004 alia
1485 2980 1570 3003 multa.

1246 3020 1256 3033 ⁰
1274 3022 1339 3043 Vers.
1362 3022 1394 3043 11.
1412 3020 1458 3043 Csr.
1476 3020 1498 3042 S.
1516 3020 1611 3047 Thom.,
1629 3019 1714 3047 Opusc.
1727 3025 1796 3047 supra
1810 3019 1947 3046 allegatum,
1962 3017 2031 3040 6.15.

2051 1515 2093 1535 Alia
2103 1521 2127 1542 ra,
