2133 3317
544 214 740 243 OPUSCULUM
761 213 791 242 ΙΙ.
813 213 983 242 SPECULUM
1004 212 1247 242 CONSClENTIAE.
1269 213 1337 241 CAP.
1360 213 1388 241 [Ι.

95 294 223 326 Contingit
244 294 341 323 tamen,
361 293 464 319 verbum
486 292 665 317 maledictionis
693 299 745 316 esse
773 292 869 316 veniale
897 291 936 316 vel

94 337 196 370 propter
215 337 366 368 parvitatem
390 337 450 361 mali
469 336 564 367 optati,
583 335 622 360 vel
644 335 702 367 quia
723 334 795 364 ludo,
820 335 859 359 vel
884 342 937 359 sur-

94 380 216 412 reptione,
236 380 275 405 vel
295 380 346 405 zelo
358 380 483 409 iustitiae,
502 380 542 404 vel
560 386 609 404 non
623 379 688 403 malo
707 377 796 403 affectu
815 377 891 402 verba
903 377 937 402 di-

94 423 192 449 cuntur.
211 422 245 447 Et
263 423 308 448 hoc
327 423 397 447 modo
415 422 574 454 Augustinus
592 422 618 446 in
637 421 752 446 Sermone
768 421 797 445 de
816 420 937 452 Purgato-

94 466 130 491 rio
148 465 194 490 hoc
211 465 304 490 iudicat
321 465 425 490 veniale.

164 508 205 532 39.
226 508 262 532 De
280 508 391 532 clamore
403 508 487 532 autem
502 507 633 533 verborum
653 507 678 532 et
691 507 850 538 procacitate
863 506 938 530 scien-

94 551 165 581 dum,
197 551 261 582 quod
288 551 434 582 quandoque
461 550 598 582 contingit,
626 550 690 582 quod
717 549 775 574 licet
800 549 937 573 intentione

94 594 224 620 verborum
243 594 352 619 convicia
364 594 453 625 gravia
471 601 520 618 non
533 593 661 624 dicantur,
682 593 765 617 tamen
783 591 872 616 tantus
890 591 937 616 cla-

94 644 147 663 mor
165 637 190 662 et
208 637 346 668 procacitas
371 637 455 668 potest
473 644 541 668 esse,
560 636 624 668 quod
647 635 791 660 scandalum
810 634 936 666 sequitur,

93 680 133 705 vel
151 680 225 704 etiam
244 687 273 704 ex
291 680 429 705 intentione
447 679 573 711 proximus
593 678 755 710 provocatur,
774 678 800 702 et
818 677 877 702 tunc
896 677 938 701 ha-

94 723 136 748 bet
153 722 274 747 rationem
299 723 413 747 mortalis
431 729 458 747 eo
477 722 562 751 modo,
588 729 635 753 quo
655 721 748 746 dictum
770 721 809 745 est
833 721 862 745 de
884 727 938 745 con-

94 766 216 795 tentione,
236 766 257 790 si
276 765 360 790 tamen
379 773 408 790 ex
426 765 601 790 deliberatione
626 764 736 796 procedit
763 764 788 789 et
813 771 842 788 ex
869 771 937 788 ramo

93 808 141 834 odii
160 809 199 833 vel
218 809 269 833 irae
293 808 416 839 procedit3
441 808 504 833 alias
529 807 612 832 autem
635 814 684 832 non
706 806 858 831 iudicaretur
876 813 938 831 mor-

93 851 151 876 tale.

163 894 207 919 40.
225 894 302 923 Item,
316 894 347 918 ad
360 894 506 919 discordiam
525 893 634 924 pertinet
652 892 863 921 irreconciliatio,
883 899 937 916 cum

57 941 71 955 ”-
94 937 187 962 scilicet
205 937 260 968 quis
284 937 423 968 proximum
451 944 494 967 per
512 936 697 965 contumeliam,
726 935 765 960 vel
792 935 841 959 alio
868 934 938 959 modo

46 977 52 984 '
94 980 168 1006 laesit
187 980 212 1005 et
230 981 312 1011 ipsum
332 979 461 1011 pacificare
480 979 624 1004 contemnit.
643 977 711 1003 Sicut
729 978 793 1002 enim
812 977 867 1008 quis
887 984 938 1001 rem

95 1023 198 1049 alterius
216 1023 326 1047 ablatam
350 1022 390 1047 vel
415 1022 506 1046 famam
530 1021 630 1046 tenetur
654 1020 785 1045 restituere
814 1020 938 1051 proximo,

94 1067 130 1091 sic
148 1066 173 1091 et
191 1073 276 1097 pacem
295 1066 400 1097 petendo
413 1065 519 1090 veniam.
539 1064 608 1089 Unde
627 1063 800 1089 convenienter
818 1062 878 1087 dicit
891 1062 939 1087 Au-

93 1108 211 1140 gustinus
229 1109 255 1133 in
274 1108 377 1139 Specrlo
391 1107 408 1137 ¹,
428 1107 493 1139 quod
515 1117 528 1129 α
540 1107 626 1132 melior
639 1106 678 1131 est
690 1106 731 1130 ille
751 1106 806 1137 qui,
826 1105 938 1136 quamvis

95 1159 167 1183 saepe
186 1152 224 1176 ira
242 1151 367 1181 tentetur,
386 1151 470 1176 tamen
489 1150 520 1175 ad
533 1149 717 1181 impetrandum
735 1148 850 1179 festinat,
870 1148 899 1172 ut
917 1148 939 1172 ei

94 1194 220 1225 dimittat,
241 1194 279 1219 cui
299 1201 325 1219 se
343 1193 428 1219 fecisse
447 1193 560 1225 agnoscit
582 1193 711 1222 iniuriam,
731 1199 805 1223 quam
829 1192 871 1223 qui
889 1191 939 1216 tar-

96 1237 152 1262 dius
169 1237 286 1262 irascitur
305 1237 330 1261 et
348 1236 380 1261 ad
397 1236 581 1268 impetrandum
601 1236 698 1260 veniam
716 1235 813 1259 tardius
835 1234 939 1259 inclina-

96 1280 147 1305 tur.
165 1279 235 1304 Unde
253 1286 302 1304 non
322 1278 407 1311 pigeat
424 1286 453 1304 ex
472 1279 526 1310 ipso
545 1286 586 1304 ore
614 1278 724 1309 proferre
749 1277 937 1306 medicamenta,

95 1329 140 1354 per
152 1322 216 1354 quod
229 1321 296 1347 facta
308 1322 368 1346 sunt
389 1322 494 1346 vulnera
506 1332 531 1347 n.
551 1320 619 1350 Quod
632 1321 653 1345 si
671 1321 727 1352 quis
745 1320 888 1345 contemnat
905 1319 939 1344 fa-

95 1372 163 1395 cere,
183 1365 310 1396 peccatum
329 1365 474 1393 committit,
495 1364 559 1389 sicut
572 1363 642 1395 patet
661 1371 705 1394 per
723 1363 826 1388 verbum
844 1363 939 1388 Verita-

95 1409 129 1433 tis
147 1408 268 1433 Matthaei
287 1408 374 1440 quinto
388 1407 411 1432 ²:
432 1407 462 1433 Si
480 1407 557 1437 offers
576 1407 634 1437 etc.,
654 1407 787 1431 secundum
807 1406 920 1431 Glossam
932 1425 938 1436 ,

99 1461 112 1474 κ
121 1458 211 1476 1111111110
229 1458 384 1482 nequaquam
398 1450 543 1481 acceptatur
556 1450 614 1474 talis
627 1450 753 1475 offerentis
765 1449 823 1474 anto
836 1450 939 1474 reconci-

95 1493 222 1519 liationem
240 1493 327 1518 fratris
337 1503 362 1517 ».
375 1493 409 1518 Et
421 1500 465 1524 per
477 1493 522 1518 hoc
535 1492 664 1517 manifeste
677 1492 811 1524 probatur,
824 1492 889 1524 quod
902 1492 941 1517 est

95 1536 129 1561 ibi
148 1536 274 1568 peccatum
299 1536 418 1566 mortale3
437 1543 487 1561 non
506 1536 571 1561 enim
597 1536 644 1560 nisi
664 1543 708 1567 per
726 1535 853 1567 peccatum
878 1543 940 1560 mor-

97 1579 146 1604 tale
164 1579 261 1604 amittit
278 1579 473 1610 acceptationem
485 1579 602 1603 divinam.
622 1579 675 1604 Hoc
687 1578 770 1603 tamen
790 1586 849 1603 sane
868 1578 940 1603 debet

96 1621 217 1653 ²nte115gi,
236 1629 292 1646 cum
320 1621 413 1646 scilicet
439 1622 499 1646 talis
526 1621 574 1646 fuit
596 1620 703 1651 offensa,
730 1621 794 1652 quod
818 1621 940 1646 rationem

97 1664 210 1690 mortalis
237 1664 360 1689 habuerit.
389 1664 501 1694 Qualiter
528 1664 611 1689 autem
639 1664 793 1689 contumelia
819 1664 941 1689 rationem

97 1708 210 1733 mortalis
227 1708 330 1737 habeat,
349 1709 398 1732 iam
417 1708 509 1733 dictum
529 1708 568 1732 est
581 1706 598 1732 ³.

418 1794 566 1818 CAPITULUM
584 1794 620 1819 11.

326 1880 366 1905 De
385 1879 471 1905 radice
490 1880 693 1911 concupiscentis
709 1899 714 1904 .

169 1965 193 1991 1.
212 1966 338 1991 Secundus
360 1973 464 1997 ramus,
483 1966 525 1997 qui
542 1973 570 1990 ex
590 1965 669 1990 radice
688 1966 898 1997 concupiscentiae
917 1966 943 1991 et

99 2016 127 2034 ex
141 2010 231 2033 trwnco
245 2009 304 2033 mali
316 2015 450 2034 consensus
469 2008 592 2039 procedit,
612 2008 650 2033 est
668 2009 871 2039 concupiscentia
887 2016 943 2034 ocu-

100 2051 198 2082 lorum,
218 2051 260 2082 qui
278 2050 352 2076 aliter
371 2051 484 2075 avaritia
503 2051 653 2076 nominatur.
673 2051 770 2076 Dicitur
788 2052 872 2076 autem
885 2059 942 2076 ava-

99 2094 177 2126 ritia,
196 2094 329 2119 secundum
349 2094 413 2125 quod
431 2094 470 2118 est
488 2094 596 2119 aviditas
614 2095 691 2123 aeris,
712 2094 736 2119 id
755 2095 794 2119 est
812 2095 942 2126 pecuniae,

100 2137 136 2162 ita
154 2137 219 2168 quod
236 2144 280 2168 per
294 2137 431 2168 pecuniam
445 2136 588 2168 quaelibet‘
606 2137 753 2168 temporalia
771 2137 943 2169 designantur⁴

101 2179 170 2205 Unde
189 2179 296 2204 avaritia
317 2180 356 2204 est
374 2180 525 2205 inordinatio
550 2180 626 2204 animi
644 2181 708 2205 circa
733 2180 880 2211 temporalia
898 2181 944 2205 ha-

100 2223 153 2247 bita
177 2223 217 2247 vel
235 2222 356 2247 habenda.
377 2222 446 2252 Quod
464 2222 559 2248 duobus
577 2223 655 2248 modis
678 2223 761 2254 potest
783 2223 942 2255 contingere:

101 2266 140 2290 vel
158 2265 304 2290 inordinatz
322 2266 434 2290 amando
453 2265 492 2290 vel
513 2265 668 2297 appetendo,
688 2266 727 2291 vel
746 2266 840 2291 iniuste
859 2267 944 2297 acqui·-

101 2309 189 2334 remlo.
208 2308 278 2333 Circa
300 2309 347 2334 hoc
371 2308 454 2333 tamen
476 2308 654 2333 adverterdum
673 2309 725 2338 est,
751 2309 815 2340 quod
839 2309 944 2340 utroque

102 2351 173 2377 modo
191 2351 275 2382 potest
293 2358 346 2376 esse
359 2351 463 2376 mortale
473 2370 479 2382 ,
498 2358 553 2376 cum
567 2351 659 2376 scilicet
678 2351 768 2382 aliquis
784 2358 897 2376 amorem
909 2351 944 2376 di-

101 2394 226 2420 vitiarum
239 2393 358 2426 praefert
369 2394 470 2419 caritati
488 2394 533 2419 Dei
551 2394 576 2418 et
589 2395 707 2426 proximi,
726 2394 765 2419 vel
783 2401 839 2419 cum
851 2394 945 2419 iniuste

98 2436 257 2468 praefertur,
276 2437 316 2461 vel
335 2444 379 2468 per
397 2437 511 2467 rapinam
530 2436 678 2467 temporalia
690 2437 860 2468 acquiruntur,
874 2437 946 2461 etsie

103 2476 215 2505 avaritia
233 2480 265 2504 ab
283 2480 404 2511 Apostolo
431 2479 497 2504 inter
523 2479 639 2504 mortalia
662 2479 821 2510 computatur
845 2479 876 2504 ad
900 2479 946 2505 Ro-

105 2529 190 2547 manos
209 2523 288 2554 primo
299 2521 316 2546 ⁵.
336 2522 404 2547 Sicut
422 2522 505 2547 autem
519 2522 547 2546 de
561 2522 617 2546 aliis
630 2522 697 2546 vitiis
711 2521 803 2546 dictum
816 2522 867 2551 est,
881 2522 946 2553 quod

104 2572 149 2590 sua
167 2565 274 2590 venialia
292 2565 399 2595 habent,
418 2565 476 2590 dum
502 2565 595 2590 scilicet
619 2565 740 2590 rationem
768 2565 945 2596 praeveniunt,

105 2608 139 2633 sic
157 2608 232 2633 etiam
251 2609 358 2633 avaritia
376 2608 500 2640 quaelibet
512 2615 561 2633 non
574 2608 698 2633 iudicatur
710 2608 836 2637 mortalis,
850 2608 879 2632 ut
891 2615 946 2633 cum

1780 212 1832 242 631

992 291 1048 323 quis
1066 291 1098 316 ad
1116 291 1263 322 temporalia
1281 291 1420 316 inordinate
1438 290 1553 321 afficitur,
1573 291 1657 316 tamen
1675 289 1759 315 01110(ἱ
1778 291 1838 315 cari-

993 334 1071 358 tatem
1090 333 1135 358 Dei
1153 334 1178 358 et
1196 334 1314 364 proximi,
1334 334 1373 359 vel
1393 334 1519 365 proximus
1537 334 1561 358 in
1581 333 1632 359 tam
1653 334 1745 359 modico
1764 333 1837 358 laedi-

993 377 1043 406 tur,
1063 376 1127 408 quod
1145 377 1214 402 nullo
1233 377 1303 402 modo
1322 377 1472 402 iudicaretur
1491 377 1602 402 mortale.
1628 376 1765 401 Secundum
1790 376 1836 400 hoc
1852 378 1923 420 dffirni
1935 378 1983 405 taini

992 420 1070 451 igitur
1089 427 1117 444 ex
1131 420 1219 450 primo
1238 427 1311 444 ramo
1330 420 1451 444 avaritiae
1471 421 1521 444 tres
1533 419 1602 445 rami
1609 419 1769 450 principales
1783 425 1836 450 pro-
1852 406 1925 448 0111111111
1932 407 1983 425 ⁹¹¹⁰*

993 462 1096 491 cedunt,
1125 462 1166 493 qui
1191 462 1308 486 dicuntur
1334 462 1503 487 inordinatum
1533 461 1685 487 desiderium
1713 461 1835 492 habendi,

994 505 1149 530 inordinatus
1169 512 1242 529 amor
1262 504 1344 529 habita·
1362 505 1387 529 et
1404 505 1560 530 in01dinatus
1586 504 1660 529 dolor
1682 504 1787 534 amissi;
1812 503 1837 529 et

993 555 1020 572 eo
1039 547 1123 577 modo,
1143 555 1190 578 quo
1210 547 1302 572 dictum
1322 548 1360 572 est
1378 547 1406 572 de
1425 547 1546 577 avaritia,
1566 547 1605 572 est
1627 547 1783 572 iudicandum
1808 547 1837 571 de

993 591 1063 622 ipsis.

1065 633 1089 658 2.
1108 633 1186 662 Item,
1206 641 1235 658 ex
1254 634 1333 664 primo
1352 641 1434 663 ramo,
1454 634 1496 665 (1111
1514 633 1552 658 est
1565 633 1733 657 inordinatum
1746 632 1837 657 deside·
1854 633 1968 653 Subdivisio.

993 677 1063 701 riwm
1081 676 1205 707 habendi,
1225 676 1361 707 procedunt
1386 676 1458 701 haec:
1483 676 1630 701 sollicitudo
1654 676 1682 700 in
1706 676 1787 700 mente
1812 675 1838 700 et

995 719 1126 744 iniustitia
1144 719 1171 743 in
1191 726 1272 749 opere.
1291 733 1325 736 —
1345 719 1412 743 Haec
1430 719 1514 743 autem
1532 718 1679 743 sollicitudo
1700 718 1782 749 potest
1794 718 1837 742 ha-
1863 722 1932 748 Priapo,
1946 721 1969 747 fle

993 762 1049 787 bere
1070 762 1190 787 rationem
1210 762 1337 790 mortalis,
1357 762 1450 787 scilicet
1462 769 1517 786 011111
1531 762 1634 793 propter
1647 761 1837 786 sollicitudinem
1852 745 1977 786 sulggngitsgiuo

994 812 1076 829 reruni
1105 805 1279 835 temporalium
1306 804 1468 829 dimittuntur
1496 805 1634 829 necessaria
1662 804 1694 828 ad
1722 804 1835 828 salutem.

994 847 1064 872 Unde
1083 855 1111 872 ex
1129 847 1175 872 hoc
1193 854 1261 872 ramo
1285 846 1393 872 Sabbata
1418 847 1524 871 violatio
1552 847 1640 876 oritur,
1665 854 1719 871 cum
1745 846 1838 871 scilicet
1849 849 1932 869 violatio
1945 849 1984 868 die·

993 890 1081 915 contra
1101 890 1259 921 praeceptum
1278 890 1388 914 divinum
1408 890 1447 915 vel
1466 890 1589 914 Ecclesiae
1602 890 1714 921 tempora
1727 897 1776 914 11011
1789 896 1838 914 ser-
1861 873 1972 915 runatzelsto-

994 934 1095 958 vantur.
1114 933 1162 957 Per
1180 933 1226 957 hoc
1243 933 1327 957 autem
1341 932 1481 957 Sabbatum
1495 933 1520 957 in
1532 933 1586 963 lege
1599 932 1686 957 nostra
1699 932 1838 957 Dominica

994 976 1145 1007 intelligitur
1164 976 1188 1000 et
1206 975 1270 1000 festa
1289 976 1339 1000 alia
1358 975 1389 1000 ab
1409 975 1518 1000 Ecclesia
1539 975 1665 1000 instituta.
1692 974 1838 999 Observatio

995 1018 1114 1050 siquidem
1135 1017 1181 1042 dici
1205 1018 1339 1043 dominicae
1358 1019 1397 1042 est
1415 1018 1444 1042 de
1462 1019 1515 1042 iure
1533 1018 1629 1047 divino,
1649 1018 1742 1042 scilicet
1767 1025 1839 1048 prae-

994 1061 1093 1092 ceptum
1106 1060 1229 1090 divinum,
1242 1060 1320 1086 Exodi
1333 1061 1450 1092 vigesimo
1462 1059 1485 1084 ⁷:
1499 1061 1627 1085 Memento
1637 1080 1643 1091 ,
1656 1061 1685 1085 ut
1698 1060 1763 1085 diem
1778 1059 1839 1084 Sab-

995 1104 1050 1129 bata*
1069 1104 1218 1134 sanctiftzes.
1239 1104 1275 1128 Ex
1294 1104 1471 1129 constitutione
1490 1104 1612 1129 Ecclesiae
1626 1104 1651 1128 et
1663 1104 1771 1134 Spiritus
1784 1110 1838 1128 san-

995 1147 1028 1172 cti
1047 1147 1164 1172 familiari
1182 1147 1283 1172 consilio
1312 1147 1414 1178 propter
1443 1146 1623 1171 solemnitatem
1653 1146 1839 1171 resurrectionis

995 1190 1130 1215 dominicae
1155 1190 1179 1215 et
1199 1190 1301 1221 propter
1320 1190 1428 1220 requiem
1447 1188 1491 1214 01Β
1511 1190 1631 1221 quietem,
1651 1197 1713 1220 quae
1739 1189 1839 1214 octavae

995 1234 1073 1258 aetati
1092 1233 1238 1264 respondet,
1258 1233 1366 1257 succedit
1384 1232 1511 1257 Dominica
1539 1232 1660 1261 Sabbato,
1689 1232 1714 1257 et
1740 1233 1765 1256 in
1785 1232 1839 1263 ipsa

995 1284 1091 1301 cessare
1109 1283 1124 1300 a
1143 1276 1227 1300 servili
1245 1283 1318 1307 opere
1337 1275 1453 1300 debemus
1472 1276 1497 1300 et
1516 1283 1603 1300 vacare
1622 1275 1720 1300 divinis.
1734 1275 1787 1300 Hoc
1799 1282 1840 1299 au-

995 1320 1044 1344 tem
1063 1320 1128 1344 circa
1146 1319 1221 1343 istam
1240 1319 1370 1343 materiam
1389 1318 1427 1343 est
1445 1318 1595 1347 notandum,
1614 1318 1679 1349 quod
1701 1318 1840 1343 observatio

995 1363 1045 1387 ista
1063 1361 1184 1393 quantum
1204 1362 1236 1386 ad
1254 1362 1348 1393 aliquid
1366 1362 1404 1386 est
1422 1361 1531 1386 moralis
1550 1361 1575 1386 et
1601 1361 1630 1386 de
1659 1362 1710 1386 iure
1738 1361 1839 1391 divino,

995 1406 1116 1436 quantum
1135 1405 1219 1429 autom
1237 1404 1269 1429 ad
1287 1404 1381 1435 aliquid
1399 1404 1593 1429 caeremonialis
1612 1404 1637 1429 et
1655 1404 1686 1428 ad
1704 1405 1742 1428 ius
1750 1404 1840 1435 positi-

995 1455 1055 1473 vum
1073 1448 1189 1479 pertinet.
1210 1447 1278 1477 Quod
1297 1448 1361 1472 enim
1379 1447 1452 1472 homo
1470 1447 1562 1472 habeat
1580 1447 1679 1478 aliquod
1700 1447 1796 1478 tempus
1809 1447 1841 1471 ad

996 1491 1134 1515 vacandum
1153 1491 1257 1520 divinis,
1276 1490 1322 1515 hoc
1335 1490 1443 1521 pertinet
1456 1490 1487 1515 ad
1499 1490 1596 1515 morale
1610 1490 1783 1522 praeceptum,
1798 1490 1840 1515 sed

996 1534 1061 1565 quod
1079 1534 1126 1558 tali
1144 1534 1183 1558 vel
1202 1533 1248 1558 tali
1266 1533 1318 1563 (110,
1338 1534 1377 1558 vel
1396 1534 1427 1558 ab
1446 1533 1494 1559 isto
1514 1541 1586 1565 opere
1604 1534 1714 1558 cessetur
1728 1534 1766 1558 vel
1782 1534 1839 1564 illo,

996 1577 1042 1602 hoc
1060 1577 1092 1601 ad
1110 1577 1149 1601 ius
1162 1577 1305 1608 positivam
1323 1577 1440 1607 pertinet.
1459 1576 1543 1608 Igitur
1562 1576 1707 1601 mandatum
1730 1577 1840 1601 divinum

996 1619 1182 1651 transgreditur
1200 1620 1241 1651 qui
1261 1620 1295 1644 sic
1310 1620 1489 1651 temporalibus
1501 1620 1607 1651 negotiis
1620 1620 1762 1651 occupatur,
1777 1620 1841 1651 quod

996 1670 1123 1694 nunquam
1142 1663 1216 1688 vacat
1233 1663 1332 1688 divinis.

1067 1706 1092 1730 3.
1111 1705 1245 1737 Praecipue
1264 1706 1338 1730 etiam
1357 1705 1448 1730 festum
1466 1706 1505 1730 vel
1525 1705 1677 1731 Dominicam
1696 1706 1774 1731 violat
1798 1706 1841 1737 qui
1855 1709 1985 1729 continuatur.

993 1750 1097 1780 peccato
1116 1756 1216 1780 operam
1235 1749 1293 1778 dat;
1312 1748 1358 1773 hoc
1376 1749 1440 1773 enim
1460 1749 1498 1773 est
1516 1755 1578 1779 opus
1597 1749 1699 1778 servile,
1719 1749 1777 1780 quia
1795 1749 1841 1780 qui

997 1791 1061 1822 facit
1075 1793 1208 1822 peccatum
1226 1798 1313 1816 servus
1330 1792 1368 1817 est
1380 1791 1480 1822 pcccati
1490 1790 1508 1816 ⁹.
1534 1791 1604 1816 Unde
1628 1791 1787 1823 Augustinus
1811 1792 1841 1817 de

997 1835 1085 1860 Decem
1099 1835 1215 1860 Chordis:
1233 1845 1245 1857 α
1255 1835 1344 1859 Μο11110
1358 1835 1450 1860 faceret
1461 1835 1568 1860 Iudaeus
1580 1836 1606 1859 in
1618 1842 1679 1867 agro
1692 1842 1736 1860 0110
1748 1835 1842 1866 aliquid

997 1878 1058 1902 utile
1077 1885 1151 1909 quam
1169 1878 1195 1902 in
1213 1877 1312 1902 theatro
1332 1878 1464 1903 seditiosus
1482 1877 1612 1907 existeret,
1631 1878 1656 1902 et
1675 1878 1762 1902 melius
1775 1877 1841 1902 femi-

998 1928 1044 1945 nae
1063 1928 1146 1945 eorum
1165 1920 1203 1945 die
1221 1920 1323 1945 Sabbati
1342 1921 1426 1945 lanam
1445 1920 1568 1950 facerent,
1587 1928 1661 1952 quam
1680 1921 1734 1946 tota
1759 1921 1796 1946 die
1815 1921 1841 1945 in

998 1964 1131 1988 neomeniis
1150 1964 1201 1988 suis
1219 1963 1339 1994 impudice
1356 1964 1517 1994 saltarent»;
1531 1964 1595 1995 quod
1608 1964 1691 1988 tamen
1705 1964 1842 1995 intelligen-

997 2006 1056 2030 dum
1075 2006 1113 2030 cst
1132 2006 1161 2031 de
1179 2006 1258 2036 ludis,
1272 2007 1313 2038 qui
1327 2006 1391 2031 fiunt
1404 2014 1458 2031 cum
1472 2007 1572 2038 peccato
1584 2007 1693 2032 mortali.
1707 2007 1764 2032 Non
1777 2007 1842 2031 enim

998 2049 1125 2080 intelligo,
1144 2049 1278 2073 Sabbatum
1298 2049 1387 2074 violari
1406 2056 1450 2080 per
1468 2050 1596 2080 peccatum
1614 2050 1723 2079 veniale,
1737 2050 1795 2081 quia
1808 2056 1843 2074 se-

998 2099 1053 2117 cum
1072 2092 1223 2123 compatitur
1241 2092 1400 2117 observantia
1419 2093 1601 2118 mandatorum.
1620 2107 1656 2110 —
1674 2093 1709 2117 De
1728 2092 1843 2124 operibus

999 2135 1081 2160 autem
1101 2135 1267 2166 mechanicis,
1282 2143 1344 2166 quae
1356 2135 1461 2160 servilia
1474 2135 1597 2165 dicuntur,
1612 2136 1676 2160 sicut
1688 2136 1737 2160 iam
1750 2136 1842 2160 dictum

999 2178 1045 2207 est,
1057 2178 1088 2202 ad
1101 2178 1235 2203 Ecclesiam
1248 2178 1357 2209 pertinet
1369 2179 1484 2208 iudicare,
1495 2179 1602 2210 qualiter
1615 2179 1648 2203 sit
1660 2178 1842 2204 abstinendum.

999 2220 1069 2245 Unde
1082 2220 1191 2245 Ecclesia
1203 2220 1253 2245 ista
1271 2221 1374 2245 liberius
1385 2219 1405 2233 ¹⁰
1419 2228 1463 2252 pro
1477 2220 1587 2252 tempore
1599 2222 1767 2251 necessitatis,
1781 2229 1844 2253 quae

999 2263 1078 2295 legem
1097 2270 1146 2288 non
1164 2263 1253 2292 habet,
1273 2263 1414 2294 dispeusat3
1433 2263 1497 2288 unde
1516 2264 1542 2288 in
1555 2263 1601 2288 hoc
1613 2271 1671 2288 casu
1684 2264 1843 2295 praeceptum

1000 2307 1149 2332 universalis
1168 2306 1291 2331 Ecclesiae
1310 2307 1503 2337 particulariter,
1523 2307 1562 2331 vel
1580 2307 1731 2332 consuetudo
1743 2314 1845 2338 genera-

1000 2350 1058 2374 liter
1076 2350 1216 2380 approbata
1234 2350 1266 2374 ab
1284 2350 1397 2375 omnibus
1416 2350 1455 2374 est
1473 2349 1635 2375 observanda.
1654 2349 1723 2374 Unde
1742 2350 1771 2374 de
1783 2357 1844 2374 mer-

1000 2391 1063 2417 catis
1082 2392 1108 2417 et
1125 2392 1314 2423 quadrigatione
1333 2392 1358 2417 et
1376 2392 1543 2424 negotiatione
1561 2393 1586 2417 et
1609 2392 1727 2417 nundinis
1746 2393 1771 2417 et
1789 2392 1845 2417 tali—

1001 2434 1061 2465 bus,
1081 2442 1143 2466 quae
1162 2435 1307 2466 quandoque
1325 2435 1390 2459 fiunt
1408 2436 1434 2459 in
1452 2435 1539 2460 multis
1557 2435 1617 2460 locis
1635 2435 1721 2461 diebus
1743 2436 1844 2461 domini—

1001 2477 1036 2502 cis
1054 2477 1079 2502 et
1097 2477 1208 2508 festivis,
1227 2478 1312 2502 utrum
1331 2478 1364 2502 sit
1383 2477 1501 2508 mortale,
1521 2479 1559 2503 vel
1578 2486 1640 2508 non,
1660 2486 1675 2503 a
1693 2479 1843 2510 legislatoris

1002 2522 1207 2553 interpretatione
1225 2522 1360 2553 dependere
1388 2522 1494 2547 videtur.
1519 2523 1543 2547 Si
1571 2523 1634 2547 enim
1662 2523 1708 2548 hoc
1735 2523 1844 2548 Ecclesia

1003 2565 1133 2596 prohibeat
1152 2565 1197 2590 sub
1215 2565 1309 2590 virtute
1328 2565 1492 2595 obedientiae,
1505 2565 1617 2596 constat,
1632 2566 1778 2597 transyredi
1791 2573 1843 2591 esse

1003 2608 1108 2633 mortale
1128 2607 1263 2639 peccatum.

168 2779 175 2792 ¹
194 2780 248 2802 5110
266 2781 351 2807 Regula
370 2781 397 2802 ad
411 2781 496 2802 Servos
509 2780 594 2808 [)01,ι1.
611 2781 649 2808 l0;
668 2781 736 2808 Epist.
749 2781 802 2802 211.
815 2787 836 2803 n.
853 2780 890 2807 ¹43
908 2781 948 2802 csr.

112 2817 116 2821 ·
164 2824 169 2832 ,
226 2818 247 2832 rr.
281 2812 293 2833 ·2
410 2827 431 2833 ..

107 2817 177 2854 supr}
194 2812 400 2865 Qpesss.q23{{'(j¹l¹t?slsla
411 2812 443 2865 ilbi
456 2845 489 2865 001
501 2841 624 2865 ordinm-la
637 2848 663 2865 cx
675 2843 783 2870 August,
802 2843 815 2864 1.
833 2843 862 2865 dc
874 2843 948 2865 Serm.

109 2872 173 2895 Dum.
190 2873 212 2895 in
230 2877 300 2895 moni.
318 2880 336 2895 c.
355 2874 377 2896 9.
394 2880 416 2896 n.
433 2874 471 2895 25.
487 2880 537 2902 seq.
554 2873 598 2896 Csr.
619 2874 710 2895 Hieron.
729 2873 749 2895 in
772 2873 847 2895 Manli.
866 2873 892 2900 5,
910 2874 947 2896 23.

169 2902 178 2916 ⁸
195 2905 268 2932 Supra
287 2911 310 2927 n.
327 2904 363 2927 37.

139 2964 143 2968 .
170 2934 179 2947 “
198 2936 247 2958 vat.
265 2935 356 2963 omnia,
375 2938 397 2957 et
413 2935 520 2963 superius
538 2935 582 2957 [lde
595 2935 645 2958 cod.
663 2938 685 2957 el.
701 2935 737 2957 cd.
757 2936 764 2957 1
786 2935 947 2958 substituimus

108 2965 177 2988 aliter·
194 2972 236 2994 pro
253 2966 300 2989 alio
314 2966 416 2989 nomine.

171 2996 180 3008 ⁶
193 2998 257 3020 Vers.
267 2998 304 3019 ⁶29.
314 3003 378 3026 seqq,
389 3009 419 3014 ·-—
429 2998 502 3026 Supra
510 2997 648 3027 praefer-lw-
657 2997 837 3025 expungendum
847 2998 946 3020 videtur.

1067 2779 1076 2792 ⁰
1096 2781 1144 2802 Vm.
1161 2783 1238 2803 contra
1256 2781 1306 2803 coll.
1325 2784 1346 2803 et
1368 2781 1403 2803 ed.
1434 2782 1438 2803 Ι
1460 2781 1543 2809 sallum
1565 2782 1616 2804 cod.
1634 2783 1689 2805 infra
1717 2783 1784 2805 babet
1805 2783 1846 2813 qui

1004 2813 1059 2834 sunl
1077 2818 1118 2839 pro
1136 2811 1178 2840 qui
1193 2810 1311 2834 dicuntur.

1067 2842 1076 2854 ⁷
1095 2843 1158 2864 ναι-0.
1177 2843 1199 2864 8.

1066 2873 1075 2886 Β
1093 2874 1114 2896 ln
1134 2874 1183 2895 Vat.
1202 2874 1265 2896 (lecsl
1282 2873 1386 2903 requimn
1404 2876 1436 2902 et,
1454 2877 1476 2896 et
1493 2875 1586 2897 insci-ius
1604 2875 1626 2897 in
1645 2876 1697 2898 cml.
1716 2877 1738 2898 er
1759 2883 1844 2899 vacare.

1003 2904 1100 2932 divinis,
1120 2908 1142 2926 cl
1158 2904 1242 2927 deinde
1259 2905 1327 2927 eliam
1345 2905 1415 2927 verba
1434 2905 1563 2929 observatio
1582 2906 1627 2929 ism
1644 2909 1767 2936 quonlam.

1067 2935 1076 2947 ⁹
1093 2937 1151 2958 loun.
1170 2936 1196 2963 8,
1215 2936 1251 2958 34.
1268 2936 1342 2958 Locus
1359 2938 1455 2964 August.
1471 2940 1504 2959 cst
1517 2937 1538 2959 in
1558 2937 1617 2960 Libr.
1630 2938 1658 2960 dc
1677 2939 1758 2961 Decem
1776 2939 1845 2961 (ilior-

1003 2966 1049 2994 dis,
1067 2967 1105 2995 qni
1123 2973 1183 2989 nunc
1202 2967 1275 2989 Serm,
1291 2968 1313 2989 9.
1331 2973 1349 2989 (·.
1368 2968 1388 2989 3,
1407 2974 1426 2990 n⁴
1446 2968 1467 2990 3.

1066 2997 1084 3010 ¹⁰
1103 2998 1153 3020 Vct.
1170 2998 1252 3020 omittit
1269 2998 1312 3021 isla
1331 2997 1435 3022 liberius.
