2133 3317
2 326 5 340 ι
112 313 195 346 probis
213 312 297 337 tamen
316 312 342 336 et
360 310 499 336 constantis
526 309 602 334 animi
630 308 691 332 viris
718 307 789 332 facile
813 306 955 338 superatur.

4 354 5 358 ’
111 357 196 382 Novos
213 355 298 381 autem
314 354 407 379 Christi
426 353 519 378 milites
536 352 601 376 bello
620 350 732 376 tentator
750 350 849 381 impetit
867 350 956 375 acriori

3 406 6 435 ι
111 400 137 426 et
154 406 238 424 eorum
257 398 334 423 saluti
352 397 378 422 et
402 396 447 421 Dei
473 395 568 427 gloriae
585 394 710 424 invidens,
731 393 761 418 ut
778 401 850 425 quem
862 392 869 405 ¹
889 392 956 424 apud

110 442 222 468 homines
249 448 308 466 suae
333 438 500 465 conversionis
522 437 633 468 exemplo
660 436 803 468 glorificant
831 443 876 460 sua
904 435 955 460 tur-

112 486 167 517 pius
186 483 344 515 prolapsione
367 480 550 512 blasphement.
575 480 670 511 Nempe
697 479 755 504 vilis
782 479 900 510 apostata
929 479 954 503 et

110 534 199 553 nomen
218 526 264 551 Dei
282 526 307 550 et
325 524 477 556 Religionem
497 523 621 552 sanctam,
634 522 681 547 etsi
694 529 743 547 non
761 529 834 551 voce,
848 521 905 546 actu
918 521 954 545 ta-

40 582 97 606 ·apo-
111 577 168 595 men
185 569 348 601 ignominioso
367 566 534 598 blasphemat.
552 566 687 590 Maximum
714 565 855 596 apostasiae
874 564 954 589 scelus

57 606 74 621 ⁰*
112 612 165 642 est,
184 611 249 644 quod
267 610 292 636 et
311 610 390 635 Deum
413 607 598 638 inhonorans2,
617 607 774 639 persequitur
792 607 904 632 homines
925 606 957 631 ab

113 657 165 681 eius
192 654 307 686 obsequio
334 652 500 682 detrahendo,
528 651 681 683 Religionem
708 650 814 675 infamat
832 650 858 675 et
876 648 954 674 actori

113 705 157 724 5110
175 697 321 729 perpetuam
340 696 463 721 maculam
481 695 581 726 ingerit.

184 740 225 765 12.
243 740 336 765 Verum
355 739 493 764 malevolus
511 738 591 763 hostis
608 744 670 769 quos
687 737 718 761 ad
740 736 877 761 saecularia
890 743 958 767 pror-

32 791 38 797 ·
74 791 99 811 aa
114 792 157 810 sus
175 791 290 809 revocare
308 790 358 808 non
377 782 461 814 potest
485 781 575 806 saltem
593 780 625 805 ad
643 779 760 804 inferiora
780 779 871 803 nititur
891 779 958 803 incli-

113 834 182 853 nare.
201 825 371 851 Ascensiones
390 825 418 849 in
436 822 529 849 corde³
548 823 657 848 fidelium
671 823 805 851 Dominus,
819 822 955 847 descensio-

113 877 158 896 nes
184 870 210 894 in
235 869 307 894 corde
334 868 488 893 instabilium
516 866 629 891 diabolus
653 865 807 897 suggerendo
827 864 952 896 procurat

113 913 161 944 Qui
178 913 210 938 ab
229 912 281 937 alto
300 911 386 937 cecidit
404 911 435 935 ad
454 910 503 935 ima
528 909 640 934 diabolus
664 908 795 933 instabiles
815 907 954 939 pertrahit,

114 956 144 981 de
162 955 252 988 quibus
271 962 315 986 per
332 953 485 985 Prophetam
503 952 607 977 dicitur:
629 951 802 977 Transierunt
820 951 850 976 de
874 952 959 975 monte

28 1004 103 1026 ffifflaeul-
115 1000 144 1024 im
162 998 258 1023 collem.
279 1012 314 1016 —
332 997 378 1022 Sed
396 996 463 1025 esto,
477 995 541 1027 quod
554 995 585 1019 ad
598 995 675 1019 alium
688 994 814 1018 transiens
827 993 957 1022 Ordinem,

19 1029 99 1060 *m*
115 1049 165 1068 non
183 1040 316 1066 descendas
339 1039 474 1070 nostroque
501 1045 550 1063 non
569 1037 709 1062 inferiorem
728 1036 805 1060 alium
824 1035 960 1067 quemlihet

115 1091 256 1114 asseveres3
275 1090 324 1108 11011
338 1082 377 1107 est
403 1082 451 1106 mei
476 1081 611 1112 propositi,
630 1079 800 1111 Religionibus
829 1079 886 1103 aliis
911 1086 956 1110 pro

113 1127 215 1153 nostrae
242 1125 479 1151 recommendatione
506 1123 645 1148 detrahere.
670 1123 737 1147 Satis
764 1129 808 1153 per
828 1129 853 1146 50
872 1121 959 1146 sancta

114 1170 210 1202 Religio
227 1169 273 1194 sibi
286 1168 318 1193 ad
335 1167 437 1193 laudum
457 1166 546 1191 merita
564 1166 664 1191 sufficit.
683 1165 792 1190 Penuria
810 1163 955 1189 meritorum

115 1213 154 1239 est
170 1212 270 1238 laudem
289 1219 318 1237 ex
335 1211 441 1236 3110111111
459 1210 562 1235 infamia
581 1209 728 1233 mendicare.
741 1207 841 1233 Veritas
860 1207 885 1232 et
903 1214 960 1232 con—

115 1255 219 1281 scientia
237 1255 296 1284 tua,
315 1254 337 1279 si
355 1254 439 1278 tamen
457 1252 633 1278 conscientiam
649 1251 733 1280 habes,
753 1251 778 1275 et
798 1250 883 1275 iumen
902 1257 957 1275 ocu-

116 1299 200 1324 lorum
220 1298 266 1323 tibi
284 1296 348 1329 est⁴,
368 1297 397 1321 de
415 1296 462 1321 hac
485 1296 531 1320 tibi
556 1295 714 1320 satisfaciant
735 1294 885 1326 quaestione.
907 1293 953 1318 Sed

115 1341 266 1367 confidenter
284 1340 330 1366 hoc
354 1340 470 1369 dixerim,
489 1339 554 1370 quod
576 1338 698 1370 Religioni
726 1338 827 1363 nostrae
852 1337 957 1362 maxime

115 1384 237 1414 tenearis,
257 1391 319 1415 quae
337 1383 362 1408 te
381 1383 410 1408 de
438 1382 535 1407 saeculo
562 1381 698 1413 fugientem
717 1380 825 1412 excepit,
845 1379 956 1405 initiavit

116 1428 147 1453 ad
165 1428 256 1453 bonum
270 1427 295 1452 et
307 1426 459 1457 spiritualis,
473 1426 494 1450 si
508 1426 596 1456 pastus
614 1431 652 1453 es,
665 1423 841 1449 consolationis
854 1423 959 1448 lactavit

115 1470 233 1496 uberibus
251 1470 343 1501 tuaque
362 1469 388 1493 in
412 1468 507 1493 Christi
534 1468 635 1493 servitio
663 1467 743 1492 mater
762 1467 787 1491 et
806 1467 891 1491 nutrix
910 1466 958 1491 est.

116 1514 219 1544 Qualem
237 1512 262 1538 te
280 1512 396 1537 habuerit
415 1511 494 1536 filium
513 1518 591 1543 usque
610 1511 694 1540 modo,
713 1510 742 1535 tu
755 1510 852 1534 videris.
867 1509 899 1534 In
912 1516 962 1535 cor-

116 1556 244 1589 poralibus
263 1563 358 1588 quoque
387 1555 510 1586 obsequiis
534 1562 583 1580 non
612 1554 673 1585 puto
700 1553 803 1578 Fratres
822 1553 879 1577 tuae
899 1552 960 1577 indi-

116 1600 215 1632 gentiae
233 1599 340 1624 defuisse
358 1605 403 1630 pro
422 1598 546 1629 exigentia
574 1597 657 1622 status
685 1597 730 1621 tui.
750 1596 818 1621 Licet
836 1595 901 1621 Ordo
920 1595 960 1620 hic

117 1643 151 1668 sit
169 1642 306 1668 altissimae
325 1641 496 1673 paupertatis,
515 1641 595 1665 nescit
613 1640 696 1665 tamen
715 1639 884 1671 indigentibus
903 1646 961 1670 pau-

117 1694 161 1718 per
179 1693 232 1711 esse
251 1685 276 1710 et
294 1684 450 1716 providentia
468 1684 582 1709 caritatis
594 1682 705 1708 extendit
717 1683 836 1708 terminos
849 1689 957 1713 pauper-

117 1729 187 1754 tatis.
207 1728 270 1758 Quid
288 1728 367 1760 igitur
385 1727 461 1752 matri
479 1727 621 1752 retribues?
639 1726 702 1755 Quid
721 1726 831 1750 nutrici?
849 1725 962 1750 Pessima

117 1772 263 1801 retributio,
282 1778 327 1803 pro
340 1770 423 1802 gratia
436 1770 595 1798 scandalum,
613 1776 658 1800 pro
671 1768 788 1794 beneficio
810 1768 962 1799 vituperium

118 1815 228 1840 reddere.

190 1857 232 1882 13.
250 1857 329 1887 Esto,
348 1857 378 1882 ut
404 1857 467 1886 dixi,
495 1856 559 1888 quod
578 1856 609 1881 ad
637 1856 708 1887 paria
726 1855 855 1885 transeas,
879 1855 958 1880 locum

54 1903 104 1924 'uno
119 1901 217 1931 tamen,
236 1908 308 1932 quem
327 1900 452 1932 elegeras,
470 1899 577 1928 deseris,
603 1899 758 1930 propositum
777 1899 860 1923 mutas
878 1897 958 1923 effice-

60 1940 65 1947 '
119 1945 202 1976 risque
220 1944 249 1969 de
267 1943 443 1968 instabilitatis
459 1942 562 1967 levitate
581 1942 621 1966 vel
639 1941 705 1966 certe
724 1941 753 1966 de
771 1941 855 1973 aliqua
872 1941 959 1972 iniqui-

118 1987 172 2013 tate
189 1986 315 2012 notabilis.
343 1986 482 2011 Peccatum
504 1985 621 2016 peccavit
645 1984 802 2016 Ierusalem,
821 1985 960 2015 propterea

118 2030 250 2056 instabilis
268 2028 339 2060 facta
357 2030 394 2054 est
404 2028 422 2053 ⁵.
441 2028 498 2054 Non
517 2029 552 2053 sic
570 2028 673 2059 Sapiens
697 2028 817 2053 consulit:
838 2027 868 2053 Si
886 2027 961 2058 spiri-

119 2075 168 2105 tus,
186 2073 281 2105 inquit,
296 2073 447 2104 potestatem
465 2071 582 2096 habentis
606 2071 748 2096 ascenderit
765 2077 841 2102 super
861 2071 899 2101 te,
927 2070 964 2095 lo-

118 2123 175 2142 cum
194 2117 266 2141 tuum
284 2122 317 2140 ne
335 2115 472 2140 dimiseris.
500 2114 583 2139 Habet
610 2114 722 2139 diabolus
747 2113 897 2145 potestatem
923 2121 964 2145 pa-

118 2160 184 2189 leas,
203 2159 229 2184 id
246 2159 285 2184 est
311 2159 379 2184 leves
406 2158 431 2183 et
457 2157 599 2187 instabiles,
619 2156 787 2182 tentationum
805 2157 915 2188 impulsu
934 2157 963 2181 de

119 2210 178 2228 area
196 2202 295 2228 Domini
314 2201 452 2230 exsufflare,
470 2201 513 2226 sed
531 2208 622 2232 grana,
642 2200 667 2224 id
686 2200 724 2225 est
742 2199 827 2224 fideles
845 2200 871 2224 et
889 2199 964 2224 stabi-

118 2246 169 2275 les,
189 2245 298 2270 retinent
315 2245 396 2270 locum
415 2252 487 2269 suum
514 2251 559 2268 nec
583 2251 639 2268 eum
661 2250 706 2274 pro
727 2243 841 2268 diabolici
860 2243 964 2274 spiritus

119 2288 183 2314 flatu
201 2287 340 2313 dimittunt.
359 2287 445 2312 Fiant
462 2287 545 2316 venti,
563 2287 671 2311 irruwnt
688 2286 812 2317 flumina,
832 2287 856 2310 et
874 2285 964 2311 domus

120 2339 202 2364 supra
215 2332 318 2362 petram
345 2330 472 2355 Christum
496 2328 608 2359 fundata
635 2329 733 2360 perstat
757 2328 908 2358 immobilis,
936 2329 964 2353 at

121 2382 196 2406 super
215 2380 324 2399 arenam
341 2372 453 2403 fundata
472 2373 523 2397 ruit
541 2372 658 2397 continuo
669 2370 687 2396 ⁶.

193 2416 235 2442 14.
253 2417 313 2442 Noli
330 2416 452 2441 locustam
470 2416 523 2441 loco
552 2415 619 2439 stare
643 2414 793 2439 nescientem
811 2415 837 2439 in
856 2413 962 2439 saltibus

71 2466 107 2484 tur.
121 2460 223 2485 imitari.
242 2460 335 2485 Vereor
353 2460 450 2488 tamen,
469 2465 499 2483 110
519 2458 615 2489 primus
634 2457 714 2482 saltus
732 2457 763 2482 ad
781 2457 858 2482 alium
877 2456 902 2481 te
921 2457 964 2481 im-

123 2502 209 2535 pellat.
229 2502 276 2532 Qui
293 2510 370 2527 unum
388 2501 464 2526 audet
491 2501 585 2526 saltum
611 2500 686 2525 audet
703 2499 828 2524 interdum
847 2500 872 2524 et
890 2499 960 2524 duos.

123 2546 201 2572 Tenet
218 2546 291 2571 1101110
309 2545 435 2570 instabilis
453 2545 518 2576 pilae
536 2544 632 2575 typum,
651 2551 714 2574 quae
741 2543 772 2567 ab
790 2542 868 2568 arduo
889 2542 963 2567 semel

122 2588 232 2620 impulsa
251 2595 346 2613 cessare
374 2595 389 2612 a
411 2587 517 2612 saltibus
544 2586 631 2611 nescit.
659 2586 763 2610 Saltasti
782 2585 870 2615 semel,
889 2592 962 2615 cave,

546 229 744 260 OPUSCULUM
767 229 807 257 VI.
829 227 985 257 EPISTOLA
1006 227 1049 256 AD
1069 227 1228 264 QUENDAM
1249 226 1420 255 NOVlTIUM.
1800 225 1855 253 665

1012 313 1043 331 ne
1061 306 1179 331 cervicem
1198 305 1288 330 iterum
1308 304 1423 329 saltando
1446 304 1532 329 elidas.
1555 304 1651 328 Saltum
1677 303 1756 327 facere
1774 303 1799 327 et
1817 302 1855 327 de-

1013 348 1091 373 bitum
1112 348 1225 380 suggerit
1241 348 1322 373 locum
1341 347 1438 372 mutare
1466 347 1507 378 qui
1526 354 1598 371 suum
1617 345 1783 377 apostatando
1802 351 1856 369 mu-

1012 391 1092 420 tavit,
1111 398 1183 415 suum
1201 391 1254 421 ipse
1273 391 1353 415 locum
1371 397 1420 415 non
1440 390 1535 419 tenuit,
1554 390 1579 414 et
1597 389 1650 414 ideo
1663 388 1805 413 tenentibus
1823 387 1857 412 in-

1012 434 1112 464 videns,
1131 441 1181 459 non
1205 434 1289 458 tenere
1314 433 1410 458 suadet.
1439 433 1484 458 Sed
1514 433 1635 458 Dominus
1662 432 1749 456 aliter:
1774 431 1853 462 Tene,
1868 432 1997 452 Conni-matur.

1012 477 1127 509 inquiens
1137 475 1155 506 ⁷,
1175 476 1243 507 quod
1260 476 1350 507 habes,
1370 477 1399 500 ut
1418 483 1490 500 nemo
1509 476 1620 507 accipiat
1638 482 1758 500 coronam
1776 475 1856 499 tuam.

1013 520 1146 545 Praeterea
1164 519 1196 544 ad
1214 519 1329 544 Ordinem
1349 518 1425 544 istum
1444 518 1543 544 vocavit
1561 519 1585 543 te
1604 518 1726 543 Dominus
1743 517 1767 542 et
1788 516 1858 542 docet

1013 563 1161 594 Apostolus,
1175 563 1204 587 ut
1217 563 1407 593 unusquisque,
1426 563 1453 586 in
1473 569 1525 593 qua
1545 562 1674 586 vocatione
1685 561 1789 585 vocatus
1807 560 1857 591 est,

1013 607 1041 632 in
1059 613 1089 631 ea
1103 606 1257 638 permaneat
1266 604 1284 629 ⁸.
1304 605 1399 630 Posuit
1417 606 1439 629 te
1467 605 1597 629 Dominus
1615 604 1644 629 in
1662 603 1790 635 paradiso
1818 610 1857 627 vo-

1014 650 1136 681 luptatis,
1155 649 1180 673 id
1198 648 1237 673 est
1255 648 1355 673 Ordinis
1374 648 1456 676 huius,
1475 647 1518 672 ubi
1537 647 1629 672 scilicet
1647 647 1700 678 ipse
1716 646 1857 671 excellentis

1014 693 1175 721 humilitatis,
1195 691 1322 720 caritatis,
1342 691 1462 722 puritatis
1488 690 1642 721 aliarumque
1661 689 1784 714 virtutum
1808 688 1859 713 fra-

1014 736 1115 767 grantia
1133 735 1284 763 delectatum
1304 735 1329 758 et
1347 734 1375 758 tu
1394 741 1443 758 non
1471 741 1497 758 es
1524 733 1656 758 contentus
1682 733 1802 764 positione
1820 731 1857 756 di—

1015 779 1089 804 vina?
1107 779 1148 803 An
1167 778 1195 802 tu
1214 778 1243 803 de
1261 778 1286 802 te
1305 777 1394 802 melius
1412 777 1542 807 disponere
1568 776 1643 807 putas
1662 783 1736 807 quam
1755 775 1797 800 ille
1816 775 1857 806 qui

1015 822 1143 853 disposuit
1161 821 1248 846 omnia
1268 821 1294 845 in
1312 827 1432 850 numero,
1441 820 1555 850 pondere
1569 820 1592 843 et
1604 826 1726 843 mensura
1736 816 1767 843 ⁹?
1785 817 1857 847 Cave,

1015 872 1045 890 110
1058 864 1126 894 Eva,
1138 864 1162 889 id
1175 864 1214 889 est
1226 871 1297 893 caro,
1310 863 1342 887 ab
1354 863 1399 888 hoc
1412 863 1436 887 te
1450 862 1548 887 Domini
1562 862 1677 893 paradiso
1694 861 1810 892 expellat.
1823 875 1858 879 —

1016 908 1040 932 Si
1059 909 1165 939 rigorem
1184 907 1286 935 metuis,
1305 906 1347 930 ubi
1367 906 1442 937 putas
1461 906 1591 934 maiorem,
1605 912 1635 929 ne
1654 905 1732 929 dicam
1751 904 1860 933 tantam,

1016 950 1208 975 misericordiam
1227 950 1351 978 invenire;
1373 949 1394 973 si
1419 949 1536 973 maiorem
1563 947 1622 972 alibi
1647 947 1759 978 quaeris,
1783 947 1859 971 alium

1015 1001 1105 1025 quaere
1124 993 1250 1018 mundum.
1271 992 1354 1016 Habet
1373 999 1478 1022 namque
1492 991 1586 1022 Religio
1600 990 1791 1015 misericordiam
1804 997 1858 1014 cum

1016 1037 1111 1068 rigore,
1131 1036 1160 1060 ut
1185 1035 1226 1067 qui
1255 1035 1361 1066 rigorem
1391 1041 1440 1059 non
1469 1034 1552 1065 potest
1578 1032 1770 1058 misericordiam
1795 1032 1858 1057 ferre

1017 1079 1104 1110 possit.

1088 1121 1130 1146 15.
1149 1121 1221 1152 Noli,
1242 1120 1334 1149 frater,
1354 1120 1403 1145 noli
1427 1119 1595 1144 occasionibus
1620 1119 1716 1144 frivolis
1734 1118 1790 1143 niti.
1812 1117 1858 1143 Oc-

1016 1165 1131 1190 casiones
1150 1164 1253 1195 quaerit
1276 1164 1322 1194 qui
1348 1163 1404 1188 vuit
1431 1162 1544 1187 recedere
1563 1162 1595 1187 ab
1617 1162 1698 1186 amico
1710 1160 1739 1185 ¹⁰.
1759 1161 1803 1186 Dic
1822 1168 1860 1185 ve-

1017 1208 1068 1232 rius
1087 1215 1142 1232 cum
1161 1207 1296 1238 Apostoloz
1320 1206 1413 1231 Omnia
1428 1212 1535 1236 possum
1555 1205 1581 1229 in
1600 1212 1627 1229 co
1641 1204 1686 1235 qui
1704 1211 1744 1229 me
1762 1202 1860 1233 confor-

1016 1252 1062 1277 tat.
1082 1251 1106 1276 Si
1126 1257 1169 1281 per
1189 1249 1340 1281 Prophetam
1359 1249 1458 1274 iubetur
1477 1247 1599 1278 infirmus
1612 1248 1708 1278 dicere,
1728 1247 1791 1278 quia
1809 1246 1860 1276 for-

1017 1295 1050 1320 tis
1069 1295 1119 1325 est,
1138 1293 1197 1325 quid
1215 1293 1312 1318 fortiori
1331 1292 1453 1323 agendum
1468 1292 1524 1316 est?
1537 1291 1613 1316 lacta
1626 1291 1767 1322 coqitatum
1786 1291 1858 1314 tuum

1016 1339 1045 1363 in
1064 1337 1192 1368 Domino,
1212 1337 1235 1361 et
1259 1336 1313 1367 *ipse
1341 1336 1363 1360 te
1390 1335 1507 1360 enutriet.
1535 1334 1583 1359 Fac
1608 1334 1672 1365 quod
1697 1333 1781 1365 potes,
1809 1334 1861 1364 ipse

1018 1380 1128 1412 perficiet
1152 1380 1216 1412 quod
1235 1387 1284 1405 non
1304 1379 1382 1410 potes.
1402 1378 1459 1403 Non
1478 1385 1504 1402 es
1532 1385 1593 1409 puer
1612 1377 1657 1401 aut
1675 1377 1768 1401 inscius
1786 1382 1862 1407 agen-

1017 1425 1118 1454 dorum,
1147 1425 1176 1448 ut
1203 1423 1306 1455 propter
1335 1422 1442 1447 aetatem
1470 1421 1510 1446 vel
1538 1420 1706 1452 ignorantiam
1729 1419 1861 1444 excuseris.

1018 1467 1128 1492 Adultus
1147 1468 1172 1491 et
1191 1466 1269 1491 sciens
1288 1466 1377 1490 vitium
1403 1464 1489 1496 nequit
1516 1464 1632 1495 obtegere
1650 1462 1770 1487 levitatis.
1793 1462 1861 1493 Age,

1018 1518 1044 1535 re
1063 1509 1143 1535 adhuc
1161 1510 1260 1541 integra
1278 1508 1413 1537 existente,
1432 1515 1492 1539 age,
1520 1507 1633 1538 inquam,
1661 1506 1690 1530 ut
1710 1505 1818 1536 prudens
1838 1504 1863 1529 et

1018 1553 1130 1583 stabilis,
1149 1552 1265 1577 abscinde
1292 1559 1308 1576 a
1335 1551 1359 1576 te
1387 1550 1549 1582 cogitationes
1567 1549 1680 1577 inutiles,
1701 1548 1749 1579 fige
1767 1549 1792 1572 in
1810 1554 1859 1572 11110

1018 1604 1059 1622 001
1077 1597 1156 1621 tuum.
1183 1596 1228 1621 Vir
1247 1595 1341 1626 duplex
1359 1594 1445 1619 animo
1466 1594 1613 1618 inconstans
1640 1593 1677 1616 cst
1696 1592 1723 1616 in
1741 1591 1858 1615 omnibus

1018 1642 1066 1666 viis
1085 1641 1140 1665 sziis
1152 1638 1181 1663 ¹¹.
1200 1639 1257 1664 Non
1276 1638 1373 1663 dicatur
1391 1637 1420 1662 de
1439 1638 1475 1661 te:
1498 1636 1550 1661 Iste
1575 1635 1649 1660 homo
1678 1634 1759 1665 coepit
1777 1633 1860 1664 aedili·

1020 1691 1079 1709 care
1104 1684 1127 1708 et
1144 1690 1198 1707 non
1210 1682 1299 1713 potuit
1326 1686 1508 1705 consummare.
1541 1679 1586 1709 Qui
1614 1677 1751 1703 Ierusalem
1778 1683 1860 1701 muros

1019 1726 1151 1752 aedificant
1178 1724 1288 1749 aemulos
1312 1724 1419 1752 habeut,
1448 1723 1489 1754 qui
1514 1729 1555 1747 eos
1585 1721 1703 1752 impedire
1727 1720 1862 1749 conantur,

1021 1770 1076 1800 sed,
1095 1770 1125 1794 ut
1143 1766 1289 1800 legimus¹²,
1309 1767 1393 1792 altera
1411 1773 1491 1791 manu
1510 1765 1658 1796 aedificant,
1677 1764 1761 1788 altera
1780 1764 1864 1788 tenent

1018 1813 1137 1845 qladium
1157 1812 1192 1837 ad
1205 1810 1386 1843 puynandzim.
1404 1808 1534 1839 Aedificat
1561 1815 1648 1832 servus
1672 1807 1716 1831 Dei
1740 1806 1862 1831 virtutum

1021 1855 1136 1887 operibus
1154 1853 1304 1884 insistendo,
1319 1853 1422 1884 puynat
1448 1858 1506 1876 vero
1534 1851 1602 1876 vitiis
1630 1851 1655 1875 et
1682 1848 1863 1875 tentationibus

1020 1898 1166 1924 resistendo.
1186 1897 1283 1922 Gravat
1309 1896 1434 1921 interdum
1463 1902 1561 1926 pugna,
1582 1894 1624 1919 sed
1651 1894 1704 1918 sine
1726 1899 1810 1924 pugna
1829 1892 1861 1916 vi-

1020 1942 1099 1967 ctoria
1118 1948 1167 1966 non
1185 1940 1301 1965 habetur.
1314 1939 1392 1964 Porro
1411 1938 1498 1963 victori
1512 1945 1602 1962 corona
1615 1936 1784 1968 promittitur:
1798 1935 1863 1960 Bea-

1021 1987 1063 2010 tus
1080 1985 1135 2016 vir,
1155 1984 1200 2015 qui
1219 1982 1309 2013 suffert
1328 1982 1506 2012 tentationem,
1526 1980 1649 2012 quoniam
1668 1986 1725 2003 cum
1739 1978 1864 2009 probatus

1020 2027 1113 2058 fuerit,
1133 2027 1241 2058 accipiet
1264 2033 1384 2051 coronam
1411 2025 1494 2055 vitae,
1522 2030 1601 2055 quam
1629 2021 1775 2053 repromisit
1793 2021 1864 2045 Deus

1021 2070 1187 2102 diligentibus
1206 2076 1239 2094 se.

1092 2112 1134 2138 16.
1159 2113 1213 2144 Age
1240 2119 1299 2143 ergo
1322 2111 1435 2140 strenue,
1461 2117 1506 2142 age
1535 2108 1687 2134 constanter.
1716 2106 1864 2132 Certaminis

1021 2164 1134 2188 campum
1154 2157 1282 2187 ingressus
1301 2162 1340 2183 es,
1360 2154 1409 2178 iam
1428 2153 1598 2178 adversarium
1618 2150 1770 2183 provocast13
1789 2150 1818 2174 de
1831 2156 1866 2174 ce-

1020 2199 1074 2225 tero
1093 2199 1191 2224 fortiter
1209 2198 1255 2223 tibi
1274 2198 1396 2230 agendum
1415 2197 1462 2222 est.
1488 2196 1545 2221 Non
1564 2195 1653 2220 evades
1671 2194 1785 2225 deinceps
1807 2193 1867 2218 alte-

1021 2250 1076 2268 rum
1095 2250 1107 2267 e
1127 2242 1235 2267 duobus:
1263 2241 1308 2266 aut
1335 2241 1481 2269 maximam,
1506 2240 1527 2264 si
1555 2239 1662 2270 fugeris,
1690 2237 1866 2269 ignominiam3

1021 2285 1066 2310 aut
1084 2285 1224 2314 maximam,
1244 2285 1265 2309 si
1285 2284 1391 2308 viriliter
1409 2283 1501 2314 egeris,
1520 2282 1634 2313 gloriam.
1661 2280 1707 2310 Qui
1734 2279 1809 2305 semel
1827 2279 1865 2303 fu-

1021 2329 1089 2360 gisti,
1108 2335 1157 2360 qua
1176 2327 1257 2353 fronte
1276 2327 1365 2352 iterum
1394 2326 1495 2357 fugias?
1513 2325 1553 2350 An
1573 2324 1688 2356 fugiendo
1708 2323 1783 2354 putas
1808 2321 1866 2346 effu-

1021 2378 1078 2403 gere
1097 2370 1304 2402 persequentem?
1329 2369 1412 2401 Fugat
1440 2368 1599 2393 adversarius
1627 2365 1776 2398 fugientem,
1804 2365 1864 2389 resi-

1022 2413 1128 2439 stentem
1148 2413 1228 2445 fugit,
1247 2413 1317 2437 iuxta
1336 2412 1401 2444 quod
1429 2410 1549 2442 scriptum
1569 2408 1652 2435 est¹³z
1672 2408 1791 2434 Resistite
1811 2407 1865 2432 dia-

1022 2456 1095 2488 bolo,
1114 2457 1138 2481 et
1155 2455 1237 2487 fuyiet
1255 2463 1271 2480 a
1290 2455 1375 2486 vobis,
1394 2455 1419 2479 et
1437 2455 1466 2479 ut
1485 2454 1569 2478 Sancti
1588 2452 1670 2477 verbis
1689 2452 1755 2481 utar,
1774 2461 1786 2473 «
1799 2458 1867 2476 secu-

1022 2507 1065 2524 rus
1085 2499 1155 2530 potes
1174 2506 1294 2530 pugnare,
1313 2498 1355 2523 ubi
1383 2504 1484 2522 securus
1511 2504 1537 2521 es
1560 2496 1588 2521 de
1607 2495 1710 2520 victoria
1723 2505 1747 2519 >›.
1771 2494 1791 2519 O
1810 2501 1866 2518 vere

1021 2542 1079 2566 tuta
1097 2549 1152 2566 cum
1172 2541 1272 2566 Christo
1290 2541 1315 2566 et
1334 2548 1378 2572 pro
1399 2540 1498 2565 Christo
1517 2546 1614 2570 pugna,
1633 2539 1658 2563 111
1677 2544 1726 2569 qua
1749 2544 1793 2562 nec
1812 2536 1868 2561 vul-

1022 2585 1125 2610 neratus
1147 2591 1191 2609 nec
1219 2584 1361 2615 prostratus
1385 2590 1429 2608 nec
1458 2583 1616 2608 conculcatus
1645 2589 1689 2606 nec
1717 2580 1818 2609 millies,
1847 2580 1867 2604 si

189 2776 195 2788 ¹
215 2777 304 2799 Scilicet
321 2777 404 2799 Deum.

188 2807 196 2820 ²
213 2808 269 2830 Cod.
287 2807 303 2830 C
321 2807 459 2838 inhonorat,
472 2807 545 2835 quiet
559 2806 652 2828 inferius
664 2805 782 2835 infirmant
799 2812 841 2833 pro
858 2805 965 2835 infamat.

188 2838 197 2851 ³
214 2839 296 2861 Psalm.
314 2839 356 2866 83,
374 2838 396 2860 6.
412 2851 442 2854 -—
461 2837 563 2860 Subinde
581 2838 691 2865 allegatur
717 2837 756 2859 101.
774 2837 811 2863 50,
829 2837 849 2858 6.
868 2849 898 2853 —
916 2837 968 2859 lnse-

126 2872 173 2894 rius
190 2877 232 2898 pro
249 2869 282 2903 nd
297 2869 345 2892 ima
362 2868 469 2892 diabolus
487 2869 503 2891 C
519 2875 611 2897 semper
627 2871 649 2890 et
661 2874 703 2896 pro
721 2867 839 2891 instabiles
858 2870 872 2889 A
884 2868 900 2890 Β
917 2874 968 2896 per-

126 2908 205 2945 peram
216 2900 356 2958 §Jfffflf'sssffi
375 2932 414 2953 il:
432 2932 457 2953 Et
473 2931 549 2953 lumen
573 2931 692 2953 oculorum
719 2936 823 2952 meorum
848 2933 869 2952 01
892 2930 967 2957 ipsum

127 2971 172 2987 non
190 2967 224 2986 est
241 2969 340 2985 mecum.

189 2994 198 3007 ⁵
215 2995 299 3017 Thren.
321 2995 343 3021 Ι,
361 2994 382 3015 8.
400 3006 430 3010 —
447 2993 550 3015 Subinde
567 2993 677 3020 allegatur
695 2993 767 3015 Eccle.
789 2993 822 3019 10,
840 2992 861 3015 4.

189 3026 199 3039 ‘⁵
216 3026 291 3048 Marte,
309 3025 335 3053 7,
353 3025 432 3047 25-27.

221 3072 247 3096 S.
259 3073 348 3095 Bonav.
359 3084 389 3088 —
401 3072 469 3094 Tom.
481 3071 537 3093 Vlll.

1088 2773 1096 2786 ⁷
1114 2774 1184 2801 Apoc.
1203 2774 1224 2799 3,
1246 2773 1279 2794 11.
1295 2785 1326 2789 -
1343 2772 1455 2800 Superius
1472 2778 1514 2799 pro
1532 2770 1634 2800 impulsu
1653 2770 1669 2792 (Ζ
1686 2769 1800 2799 imlmlsu.

1087 2803 1096 2816 ⁸
1115 2804 1182 2832 Epist.
1201 2805 1216 2826 1.
1234 2803 1284 2826 Cor.
1302 2805 1328 2832 7,
1346 2804 1382 2825 20.
1403 2816 1430 2819 —
1448 2802 1556 2831 Sequitur
1574 2802 1629 2824 Gen.
1648 2802 1674 2829 ²2,
1693 2802 1715 2823 S.

1088 2835 1097 2847 ⁰
1114 2835 1281 2863 51111.11,21.

1088 2866 1108 2879 ¹⁰
1125 2867 1192 2889 Prov.
1214 2867 1252 2893 18,
1273 2868 1290 2888 1.
1308 2878 1338 2882 —-
1356 2866 1413 2888 Tres
1430 2871 1495 2893 seqq.
1516 2864 1558 2886 loci
1584 2867 1636 2886 sunt
1654 2863 1707 2886 Phil,
1727 2863 1747 2890 fi,
1769 2864 1807 2890 13;
1825 2864 1868 2885 loel

1026 2899 1050 2927 3,
1072 2899 1112 2920 1οε
1130 2898 1235 2920 Infirmus
1252 2897 1322 2919 dicat:
1341 2897 1398 2925 Quia
1426 2897 1489 2919 sortis
1514 2902 1558 2923 ego
1582 2902 1645 2920 suun
1666 2895 1700 2916 Ps.
1719 2894 1760 2921 ⁶3AE,
1779 2895 1820 2921 23,
1838 2894 1868 2916 (10

1025 2936 1071 2958 quo
1089 2930 1128 2951 cfr.
1147 2935 1215 2956 supra
1233 2935 1286 2956 pag.
1305 2928 1357 2955 511,
1375 2931 1425 2950 nota
1445 2928 1469 2950 7.

1089 2960 1105 2972 ¹¹
1125 2961 1167 2982 lav.
1189 2960 1211 2987 Ι,
1229 2960 1249 2981 S.
1268 2972 1298 2976 —
1315 2960 1423 2987 Sequitur
1440 2959 1494 2980 Luc.
1517 2958 1555 2985 li,
1573 2958 1610 2979 30.

1089 2990 1107 3003 ¹²
1125 2991 1184 3014 Lihr.
1204 2991 1227 3013 ΙΙ.
1247 2991 1309 3013 Esdr.
1328 2991 1353 3016 4,
1376 2990 1408 3012 17.
1426 3003 1453 3006 -—
1473 2989 1576 3012 Subinde
1593 2990 1703 3015 allegatur
1721 2989 1761 3010 lac,
1785 2989 1806 3014 l,
1828 2988 1861 3009 12.

1089 3021 1108 3035 ¹³
1126 3023 1167 3044 lav.
1187 3022 1211 3049 si,
1229 3022 1255 3049 7,
1274 3025 1405 3050 postquem
1421 3022 1531 3043 sententia
1546 3020 1668 3047 nei-nardi,
1681 3020 1748 3048 Epist.
1765 3020 1781 3041 1.
1795 3026 1817 3041 11,
1831 3019 1867 3040 113.

1747 3067 1775 3089 si

1878 907 1991 927 Notandum.

1879 1121 1992 1141 Admonitio.

1895 2112 1989 2139 Suadetur

1884 2138 1995 2155 constantia.
