2133 3317
2 0 6 113 Ξ

1 162 3 202 i

1 212 3 260 i

7 301 43 320 2101
56 303 94 318 mo-

7 323 14 344 '3
19 323 93 346 diligen-

0 461 2 520 l

0 525 3 616 l

0 1233 53 1253 antio
66 1233 90 1252 de

0 1261 37 1276 :oro
47 1256 89 1275 Dei.

0 1419 90 1445 omousio.

667 210 864 239 OPUSCL'LUM
885 211 914 239 11.
936 209 1166 246 SOLILOQUIUM.
1188 210 1256 238 CAP.
1279 210 1296 239 1.

110 291 226 321 redemit
246 293 274 319 et
300 291 327 319 in
350 290 421 319 bono
449 288 621 318 confortavit.
643 288 731 325 Dilige
753 289 837 325 igitur
865 289 953 317 Deum

110 338 216 366 Patrem
231 336 359 374 fortiter,
374 339 406 365 ut
420 336 497 364 nullo
510 335 599 364 alieno
613 343 707 364 amore
725 335 880 372 periculose
894 335 953 363 vin-

109 384 194 418 caris;
216 383 297 420 dilige
318 383 406 412 Deum
421 382 518 411 Filium
532 381 693 418 sapienter,
715 384 747 410 ut
767 381 844 410 nullo
865 381 954 410 alieno

108 438 202 459 amore
222 430 315 458 dolose
336 428 492 463 seducaris;
518 428 600 465 dilige
621 428 708 457 Deum
737 428 870 465 Spiritum
892 436 954 457 san-

108 481 183 507 ctum
204 476 342 510 dulciter,
363 479 395 504 ut
414 476 491 504 nullo
511 475 600 504 alieno
620 483 715 503 amore
736 482 872 504 venenose
892 475 954 503 infi-

109 523 200 553 ciaris,
222 523 270 551 Vel
284 522 378 556 aliter,
400 521 553 551 secundum
575 521 746 550 Bernardum
760 522 783 550 ¹:
809 532 823 546 α
838 521 918 550 Disce
938 530 954 550 a

108 569 230 603 Christo,
251 577 268 597 o
295 568 386 597 anima
407 567 570 602 christiana,
600 567 832 604 quemadmodum
853 567 954 596 debeas

107 616 220 653 diligere
241 615 391 644 Christum.
406 615 494 651 Dilige
515 614 648 648 dulciter,
669 615 829 651 prudenter
849 617 878 643 et
890 613 953 652 for-

108 662 189 691 titer.-
211 661 344 695 dulciter,
359 665 391 690 ut
411 669 506 690 amore
527 661 601 690 illius
615 661 704 690 omnis
720 669 798 689 amor
818 661 890 690 alius
904 661 952 690 tibi

107 709 231 742 vilescat,
253 711 280 737 et
301 708 359 744 ipse
380 707 455 737 solus
476 708 511 736 sit
533 708 581 737 tibi
602 708 657 736 mel
677 708 704 736 in
726 715 789 742 ore,
811 708 898 736 melos
925 708 953 736 in

106 763 190 790 aure,
212 755 315 784 iubilus
343 755 371 783 in
392 754 483 783 corde.
509 755 597 792 Dilige
615 755 787 792 prudenter,
816 757 847 782 ut
875 762 953 783 amor

107 805 172 830 tuus
193 801 221 830 in
242 809 274 830 00
294 801 351 830 5010
372 804 400 830 01
421 801 448 830 10
470 801 547 830 011110
567 801 621 829 3110
638 801 768 829 continue
789 801 952 830 inardescat.

106 848 192 885 Dilige
212 847 338 886 fortiter,
354 851 386 876 ut
406 851 455 877 tua
469 848 602 885 fragilitas
620 848 712 876 omnia
725 847 797 876 dura
814 851 841 876 et
855 856 954 885 aspera

106 895 257 932 gaudenter
278 903 329 931 pro
351 894 410 931 ipso
430 894 580 928 sustineat,
601 896 634 923 ut
653 894 743 923 dicas:
765 894 853 923 Labor
875 903 953 924 meus

106 942 154 970 vix
175 944 217 970 est
236 941 321 970 unius
348 941 447 975 horae,
468 943 496 969 et
517 941 539 969 si
560 941 680 978 amplius
704 944 761 975 est,
790 949 844 970 non
866 942 953 970 sentio

106 996 172 1026 prae
193 996 295 1017 amore.
319 989 350 1017 Et
371 989 409 1017 ita
429 988 602 1017 Christianus
616 996 666 1025 per
687 996 809 1017 amorem
831 988 859 1017 in
874 988 954 1017 Chri—

106 1038 179 1064 stum
209 1035 311 1072 iugiter
342 1035 480 1070 intendat,
513 1038 544 1064 ut
575 1035 667 1064 omnia
691 1035 808 1064 libenter
839 1038 953 1073 propter

107 1082 198 1119 ipsum
219 1082 368 1116 sustineat,
389 1082 476 1111 00000
503 1082 537 1111 30
558 1083 649 1119 ipsum
678 1082 862 1119 perveniat».
884 1083 953 1112 11300

108 1128 263 1158 8010310115
275 1129 294 1157 2.

184 1176 231 1204 44.
253 1176 352 1204 Annia.
375 1176 423 1205 Dic
441 1184 557 1213 quaese,
579 1184 595 1205 0
610 1176 706 1210 homo,
728 1177 803 1205 salva
823 1184 954 1206 reveren-

106 1222 143 1251 tia
164 1225 225 1257 tua,
247 1231 301 1251 non
324 1230 360 1251 ex
381 1223 555 1257 curiositate,
577 1223 624 1252 sed
645 1231 682 1252 ex
703 1223 874 1258 humilitate,
898 1232 953 1253 non

106 1277 142 1298 ex
157 1269 376 1306 praesumtione,
398 1270 445 1298 sed
467 1269 558 1307 potius
578 1278 615 1298 ex
635 1270 779 1299 devotione
800 1270 953 1308 interrogo:

107 1319 133 1346 et
154 1316 221 1354 quid
240 1319 282 1345 051
303 1317 377 1354 quod
398 1325 473 1351 amo,
496 1325 559 1346 cum
581 1317 668 1346 Deum
691 1325 784 1346 meum
805 1321 888 1346 amo?

185 1364 271 1393 Hono.
293 1364 316 1392 Ο
337 1364 441 1398 31111113,
463 1364 484 1393 51
506 1367 555 1393 tua
575 1365 700 1401 quaestio
718 1368 790 1393 esset
810 1373 954 1402 praesum-

107 1414 199 1444 tuosa,
221 1413 288 1439 11100
309 1411 391 1439 nimis
412 1414 484 1440 esset
511 1411 624 1445 vitiosa;
647 1411 694 1439 sed
722 1411 788 1448 quia
808 1419 844 1439 ex
872 1411 954 1440 devo-

107 1457 180 1486 tione
194 1457 358 1494 originatur,
369 1457 496 1486 devotam
511 1457 718 1494 responsionem
730 1460 863 1486 meretur.
875 1458 953 1493 Audi,

107 1504 174 1541 quid
188 1503 254 1532 dicit
268 1504 313 1532 ille
326 1511 442 1541 magnus
460 1507 567 1533 amator
585 1504 633 1532 Dei
652 1504 821 1541 Augustinus
836 1504 862 1532 in
883 1504 954 1533 libro

107 1549 313 1579 confessionum
325 1550 349 1578 ³:
377 1562 390 1575 «
401 1550 469 1579 Cum
485 1550 586 1585 Deum,
609 1550 711 1588 inquit,
732 1558 807 1585 amo,
823 1559 877 1579 non
892 1559 954 1580 31110

107 1597 225 1634 speciem
248 1597 372 1634 corporis
393 1605 444 1626 nec
464 1597 549 1626 decus
567 1597 700 1634 temporis
724 1605 775 1626 nee
806 1598 953 1627 candorem

107 1643 176 1672 lucis
196 1643 277 1672 istius
290 1643 410 1672 amicum
431 1644 531 1678 oculis,
546 1652 601 1672 non
622 1644 718 1673 dulces
740 1644 952 1679 melodias,non

106 1692 249 1726 unguenta
279 1689 401 1718 suaviter
429 1690 545 1724 olentia,
567 1698 622 1718 non
649 1698 750 1719 manna
780 1694 829 1719 aut
855 1691 953 1726 mella,

106 1743 161 1765 non
175 1736 300 1765 membra
313 1737 405 1765 carnis
418 1737 594 1774 amplexibus
612 1737 788 1774 acceptabilia
793 1748 800 1773 ;
816 1746 871 1766 non
886 1738 954 1768 haec

1818 214 1855 243 43

1011 296 1085 322 amo,
1107 296 1170 316 cum
1201 288 1290 317 Deum
1313 296 1405 317 meum
1427 296 1497 317 amo.
1520 288 1569 317 Sed
1591 289 1657 326 quid
1686 293 1770 319 amo?
1791 292 1856 320 Amo

1011 333 1100 362 lucem
1132 334 1284 371 quandam,
1315 334 1453 371 quandam
1482 342 1594 370 vocem,
1626 335 1762 372 quendam
1791 337 1856 366 odo-

1011 388 1084 415 rem,
1105 381 1243 417 quendam
1257 381 1363 416 cibum,
1378 381 1516 418 quendam
1537 382 1698 419 amplexum
1717 383 1857 413 interioris

1012 426 1130 455 hominis
1151 427 1220 460 mei3
1237 427 1284 456 ubi
1299 428 1387 464 fulget
1406 428 1513 457 animae
1535 436 1625 463 meae,
1643 429 1717 466 quod
1736 438 1790 458 non
1812 439 1856 459 ca-

1010 473 1050 510 pit
1074 473 1166 507 locus;
1189 474 1237 502 ubi
1258 477 1352 508 sonat,
1374 474 1447 511 quod
1473 483 1526 503 non
1555 475 1628 512 rapit
1658 479 1782 513 tempus;
1808 477 1856 506 ubi

1010 520 1081 554 olet,
1103 520 1177 557 quod
1198 528 1252 549 000
1275 521 1379 558 spargit
1407 521 1502 556 ssatus;
1524 522 1572 551 ubi
1594 523 1678 560 sapit,
1707 523 1781 561 quod
1799 532 1854 553 non

1012 566 1112 595 minuit
1133 567 1267 601 edacitas;
1289 567 1336 596 ubi
1359 568 1467 603 haeret,
1482 569 1555 605 quod
1576 577 1631 598 non
1652 569 1756 599 divellit
1777 571 1857 600 satie-

1011 616 1052 642 tas
1066 625 1093 642 υ.

1089 660 1136 688 45.
1156 660 1256 688 11111111.
1272 660 1320 689 Ι)10
1335 669 1450 698 quaeso,
1465 670 1481 690 0
1496 661 1591 696 1101110,
1607 663 1650 691 vel
1665 663 1810 700 paululum
1824 664 1858 693 de

1010 706 1133 735 caritatis
1161 707 1277 741 virtute,
1306 715 1362 744 qua
1382 708 1490 745 cognita
1517 708 1551 737 ad
1572 709 1741 746 diligendum
1769 710 1857 739 Deum

1010 753 1109 782 fortius
1130 754 1300 783 inardescam
1311 755 1332 783 4.

1089 800 1174 829 Hono.
1198 801 1315 835 Revera,
1330 809 1346 829 o
1360 801 1463 835 anima,
1479 801 1601 831 caritatis
1618 802 1727 832 fructus
1741 811 1858 841 magnus

1010 850 1064 881 est,
1096 847 1143 876 sed
1171 848 1305 876 occultus.
1340 859 1353 872 α
1368 848 1427 884 Ipsa
1454 848 1526 877 enim
1558 849 1674 884 caritas,
1706 851 1857 880 secundum

1010 894 1193 931 Augustinum
1205 894 1225 928 ⁵,
1248 894 1275 922 in
1307 894 1521 923 adversitatibus
1542 895 1656 930 tolerat,
1685 896 1712 925 in
1745 906 1858 935 prospe-

1010 941 1139 970 ritatibus
1160 944 1311 978 temperat,
1333 941 1361 970 in
1389 941 1468 970 duris
1496 942 1670 978 passionibus
1697 947 1738 972 est
1765 944 1857 979 fortis,

1010 989 1038 1017 in
1053 989 1132 1017 bonis
1152 988 1284 1025 operibus
1305 988 1415 1022 hilaris,
1437 988 1464 1016 in
1486 989 1636 1018 tentatione
1658 990 1809 1025 tutissima,
1831 992 1858 1020 in

1010 1036 1195 1072 hospitalitate
1217 1035 1422 1070 liberalissima,
1447 1035 1519 1065 inter
1548 1044 1628 1065 veros
1648 1036 1749 1066 fratres
1769 1038 1859 1067 laetis-

1010 1083 1091 1117 sima,
1113 1083 1185 1111 inter
1205 1082 1287 1111 salsos
1308 1082 1519 1119 patientissima,
1547 1083 1619 1112 inter
1646 1084 1797 1120 opprobria
1818 1092 1859 1113 se-

1010 1137 1094 1163 cura,
1116 1129 1188 1157 inter
1215 1129 1277 1157 odia
1304 1129 1440 1163 benefica,
1461 1129 1534 1158 10101
1561 1129 1617 1158 1135
1638 1130 1758 1167 placida,
1787 1130 1859 1160 inter

1011 1176 1123 1205 insidias
1144 1176 1288 1210 innocens,
1316 1175 1344 1204 in
1366 1176 1510 1213 iniquitate
1531 1184 1660 1213 gemens,
1686 1177 1713 1205 in
1742 1177 1857 1206 veritate

1011 1223 1151 1259 respirans
1163 1234 1190 1251 ».
1211 1222 1258 1250 «Ο
1279 1222 1346 1251 felix
1364 1231 1456 1257 amor,
1474 1230 1508 1252 ex
1532 1231 1587 1260 quo
1602 1223 1692 1252 oritur
1708 1224 1858 1253 strenuitas

1011 1278 1137 1303 morum,
1159 1269 1267 1306 puritas
1294 1270 1460 1303 affectuum,
1483 1269 1621 1299 subtilitas
1648 1270 1858 1305 intellectuum,

1011 1317 1141 1345 sanctitas
1162 1316 1378 1351 desideriorum,
1406 1317 1517 1345 claritas
1544 1325 1678 1354 operum,
1705 1317 1859 1347 fecunditas

1011 1363 1163 1398 virtutum,
1191 1363 1309 1400 dignitas
1336 1364 1514 1398 meritorum,
1540 1364 1695 1393 sublimitas
1724 1365 1859 1401 praemio-

1011 1418 1075 1438 rum
1090 1413 1116 1439 et
1132 1410 1270 1439 honorum
1283 1410 1293 1427 6
1308 1422 1336 1438 ».
1353 1422 1366 1435 «ι
1378 1410 1401 1438 O
1415 1410 1532 1439 dulcedo
1547 1411 1649 1439 amoris
1664 1414 1691 1440 et
1706 1419 1784 1440 amor
1798 1412 1859 1440 dul-

1011 1457 1127 1491 cedinis,
1149 1457 1274 1486 comedat
1289 1460 1315 1486 te
1333 1465 1380 1486 cor
1395 1465 1488 1486 111011111
1504 1460 1531 1486 01
1545 1461 1656 1486 nectare
1671 1460 1719 1487 tuo
1734 1459 1860 1495 replean-

1011 1506 1058 1532 tur
1084 1504 1190 1532 viscera
1217 1503 1324 1532 animae
1346 1511 1423 1532 meae
1438 1515 1464 1532 n.
1490 1504 1559 1533 Haec
1581 1504 1751 1541 Augustinus
1764 1505 1781 1533 ⁷.
1804 1505 1861 1534 Hie-

1011 1558 1158 1587 ronymus:
1175 1562 1189 1575 «
1201 1550 1263 1579 Sine
1275 1558 1369 1579 amore
1381 1551 1503 1579 caritatis
1513 1551 1641 1588 quamvis
1653 1551 1772 1588 quisque
1784 1555 1858 1581 recte

1010 1598 1117 1632 credat,
1139 1597 1173 1626 ad
1191 1597 1389 1626 beatitudinem
1405 1600 1496 1626 tamen
1515 1598 1661 1634 pervenire
1682 1606 1735 1627 non
1751 1602 1860 1635 potest;

1010 1644 1076 1681 quia
1090 1647 1165 1673 tanta
1185 1647 1227 1672 est
1247 1643 1361 1678 caritas,
1383 1647 1414 1672 ut
1435 1644 1515 1672 etiam
1538 1644 1684 1681 prophetia
1704 1647 1732 1673 et
1756 1648 1860 1682 marty-

1010 1691 1084 1720 rium
1113 1691 1171 1720 sine
1198 1691 1245 1719 illa
1265 1691 1334 1719 nihil
1362 1698 1422 1720 0550
1450 1690 1613 1725 credantur,
1641 1691 1749 1720 nullum
1781 1700 1860 1729 prae-

1010 1738 1097 1767 mium
1126 1738 1232 1767 caritati
1264 1740 1467 1774 compensatur.
1498 1738 1602 1767 Caritas
1632 1738 1705 1767 enim
1736 1739 1859 1767 omnium

173 1909 180 1922 ¹
198 1910 271 1932 Serm.
289 1910 326 1932 20.
344 1910 366 1931 in
389 1909 453 1932 Cant.
470 1916 494 1932 n.
518 1910 539 1932 4.
557 1910 613 1932 Iluic
632 1911 694 1937 1000,
716 1911 746 1933 00
762 1917 809 1940 quo
832 1911 954 1934 ACDEF

106 1948 212 1970 ultimum
225 1948 300 1970 solum
318 1947 449 1970 membrum
463 1947 538 1977 Diliye.
554 1948 648 1978 fortiter
665 1952 707 1971 etc.
719 1949 840 1977 exhibent,
852 1950 954 1973 immixta

107 1989 159 2009 sunt
177 1986 248 2008 verba
271 1987 393 2013 Bernardi,
417 1993 477 2015 quac
495 1990 619 2009 occurrunt
641 1988 665 2009 in
687 1988 736 2009 aliis
760 1988 911 2011 Sermonihus
932 1989 954 2011 in

107 2025 182 2053 Cant.;
200 2026 232 2048 510
250 2025 324 2048 Serui.
342 2025 379 2048 45.
397 2032 419 2048 0.
437 2026 464 2048 6:
482 2026 543 2048 lesus
555 2027 599 2048 mel
617 2027 639 2048 in
657 2032 709 2053 010,
728 2027 750 2049 10
762 2033 818 2049 0010
836 2029 919 2055 melos,
932 2028 954 2050 in

107 2064 176 2087 corde
194 2064 289 2092 iubilus;
308 2065 381 2087 Serm.
399 2065 436 2087 ¹¹4.
453 2071 474 2087 n.
493 2064 519 2087 4:
537 2065 601 2093 Opus
622 2072 700 2088 meum
719 2066 755 2088 vix
773 2067 842 2089 unius
865 2070 899 2090 est
916 2068 954 2090 ho-

106 2109 158 2132 rae,
174 2107 197 2126 et
213 2104 231 2126 si
248 2104 314 2132 plus,
331 2110 387 2132 prae
404 2110 483 2126 amore
500 2110 545 2127 non
562 2105 644 2127 sentio.

169 2142 178 2155 ²
195 2143 247 2165 Vat.
264 2149 318 2166 cum
334 2143 448 2166 nonnullis
466 2143 534 2166 codd.
553 2144 656 2166 ultimam
674 2145 856 2172 propositionem
874 2145 904 2168 Et
921 2145 954 2168 ita

107 2181 256 2205 Christianus
268 2185 311 2204 010.
329 2181 407 2204 tribuit
418 2181 574 2212 Hieronymo,
587 2186 608 2205 et
620 2183 704 2206 deinde
715 2184 876 2213 prosequitur:
893 2185 953 2207 llaec

106 2221 261 2249 Hieronymus
286 2220 366 2251 [Epist.
384 2222 421 2244 22.
439 2227 462 2244 n.
481 2221 542 2251 40.]:
568 2222 702 2245 «Amemus
723 2221 838 2245 Christum
862 2226 884 2246 et
903 2223 953 2246 eius

107 2266 199 2288 semper
221 2266 362 2289 quaeramus
384 2260 505 2282 inhaerere
527 2261 686 2289 amplexibus,
705 2264 728 2284 et
750 2262 815 2284 tacite
836 2262 953 2285 videbitur

107 2305 189 2326 omne,
207 2299 269 2328 quod
287 2302 321 2322 est
337 2299 428 2321 difficile
439 2308 461 2322 1».
479 2299 628 2322 Ambrosius:
653 2309 663 2321 ιι
675 2301 693 2323 O
714 2301 798 2328 anima,
815 2307 908 2330 semper
930 2303 953 2324 in

107 2340 183 2360 mente
201 2340 238 2360 tua
256 2340 382 2366 pertracta,
399 2344 470 2367 quam
488 2338 583 2360 dulciter
595 2338 699 2361 Christus
716 2342 738 2362 te
755 2339 832 2362 dilexit
844 2340 865 2362 in
883 2340 954 2363 incar-

106 2377 210 2404 natione,
227 2383 297 2406 quam
316 2377 442 2405 prudenter
464 2377 485 2399 in
503 2378 677 2400 conversatione
694 2381 716 2400 et
737 2385 808 2407 qnam
825 2380 912 2402 sortiter
931 2380 953 2402 in

107 2416 213 2444 passione
225 2425 247 2439 n.
264 2417 331 2444 Hugo
349 2416 401 2445 [etr.
426 2422 495 2444 snpra
523 2422 576 2444 pag.
602 2416 644 2445 40,
665 2419 718 2439 nota
743 2417 788 2446 4.]:
809 2418 896 2440 «Nulla
922 2418 954 2441 di-

107 2455 173 2478 leetio
190 2456 276 2483 maior,
294 2456 353 2478 nulla
371 2456 454 2478 caritas
471 2455 592 2483 sincerior,
610 2456 687 2478 nullus
703 2462 769 2479 amor
787 2457 878 2484 tortior,
895 2464 954 2480 mor-

107 2496 160 2517 tuus
177 2497 211 2517 est
228 2500 271 2522 pro
288 2497 309 2516 te
327 2494 449 2521 innocens,
467 2494 523 2516 nihil
542 2494 563 2516 in
576 2497 598 2516 10
616 2494 742 2523 inveniens,
754 2495 818 2524 quod
833 2498 954 2518 amaret».

107 2533 167 2555 Haec
184 2534 252 2561 Hngo
269 2533 298 2555 de
315 2536 393 2555 saneto
409 2533 508 2555 Victore.

170 2571 179 2584 ³
195 2571 258 2594 Libr.
277 2571 307 2594 X.
318 2578 337 2594 0.
350 2573 372 2594 G.
389 2578 411 2594 n.
425 2572 449 2599 S,
463 2572 483 2594 in
497 2572 541 2594 tine
553 2578 595 2600 pro
608 2572 697 2595 divellit
707 2573 724 2595 Α
735 2572 751 2595 C
762 2573 779 2595 D
789 2574 804 2595 E
814 2574 829 2595 F
839 2574 854 2596 L
871 2574 954 2597 evellit.

170 2610 179 2623 ⁴
196 2611 247 2633 Vat.
265 2617 317 2633 cum
336 2611 450 2633 nonnullis
466 2611 534 2633 codd.
552 2611 649 2634 animus
667 2611 808 2635 inardescat.

170 2649 180 2662 ⁶
197 2650 269 2672 Serm.
288 2650 340 2672 350.
360 2650 424 2678 (alias
442 2650 479 2672 39.
491 2650 521 2673 (10
537 2651 665 2678 Tempore,
683 2650 733 2672 sive
750 2651 825 2673 Tract.
841 2651 870 2673 de
887 2652 954 2674 laude

109 2689 217 2718 caritatis)
235 2696 258 2712 n.
275 2690 296 2711 3.
309 2690 352 2712 Pro
365 2689 532 2713 liberalissima
550 2692 624 2712 textus
635 2690 753 2718 originalis
771 2690 900 2719 latissima,
914 2691 954 2720 qui

108 2729 176 2751 etiam
194 2731 246 2756 post
260 2728 433 2758 patientissima
450 2729 514 2757 plura
533 2729 605 2751 addit.

170 2766 180 2779 ὅ
197 2767 248 2789 Vat.
265 2773 317 2790 cum
331 2768 444 2790 nonnullis
461 2768 528 2790 codd.
541 2768 721 2796 descriptionem
734 2768 911 2796 praecedentem
924 2770 954 2791 es-

109 2807 209 2828 10010110]
230 2806 316 2829 amoris
341 2806 409 2834 (sicut
433 2810 456 2829 et
472 2810 608 2836 sequentem
635 2807 826 2836 propositionem)
851 2807 955 2831 attribuit

108 2845 247 2874 Bernardo;
259 2845 384 2868 concordat
395 2846 496 2868 Thomas
508 2846 537 2868 de
549 2846 656 2869 Hibernia
670 2847 786 2874 (Manipul.
803 2847 898 2874 florum,
910 2847 954 2870 sub

109 2891 166 2907 voce
183 2885 281 2912 Amor),
303 2885 342 2913 qui
361 2885 443 2912 allegat
465 2885 582 2908 Bernard.
599 2885 624 2908 in
641 2885 678 2908 lib.
702 2885 729 2908 tle
749 2885 869 2915 Diliqemlo
893 2886 953 2914 Dea,

109 2922 148 2944 ubi
165 2928 210 2945 non
222 2923 321 2945 occurrit
340 2922 389 2951 (cfr.
402 2926 478 2945 tamen
496 2929 516 2946 c.
538 2924 571 2946 10.
589 2930 611 2946 11.
625 2925 672 2953 28.)
690 2927 776 2947 etcum
794 2925 862 2947 codd.
880 2925 913 2947 Bl
931 2925 953 2947 in

109 2961 153 2984 tine
172 2961 255 2984 omittit
271 2963 293 2984 et
309 2961 428 2984 honorum
447 2962 472 2989 (C
484 2962 539 2990 legit
555 2962 688 2986 sublimitas
700 2970 808 2991 morum,
821 2964 864 2986 DE
882 2963 953 2986 subti-

109 2999 178 3022 micas
196 2999 334 3025 honorum).
352 3001 395 3022 Pro
411 3006 442 3023 eoe
457 3006 502 3030 quo
520 3000 598 3024 oritur
615 3002 632 3024 Α
642 3001 684 3024 CF
700 3008 731 3024 ec
743 3008 789 3031 quo
806 3001 921 3025 nuscitur.

1075 1911 1083 1924 ⁷
1101 1912 1123 1934 ln
1142 1911 1237 1934 1113011011
1257 1912 1324 1939 (inter
1335 1917 1406 1938 opera
1419 1911 1528 1939 August,
1547 1912 1587 1933 cfr.
1599 1911 1666 1939 Hugo
1683 1917 1695 1933 a
1709 1912 1731 1933 S.
1749 1911 1807 1934 Vict.
1820 1911 1857 1935 lV.

1011 1951 1041 1973 00
1057 1951 1151 1977 Δ1011110,
1163 1956 1183 1973 c.
1197 1950 1240 1979 G.)‚
1258 1956 1278 1972 0.
1294 1951 1332 1972 121
1351 1949 1368 1971 O
1381 1949 1516 1972 dulcedo...
1533 1950 1639 1972 comedat
1652 1953 1673 1972 te
1690 1953 1770 1972 venter
1782 1956 1859 1979 inens,

1011 1992 1033 2012 et
1051 1992 1141 2012 nectar(=
1160 1989 1191 2011 tui
1210 1989 1295 2011 amoris
1312 1990 1444 2017 repleantur
1461 1989 1548 2011 viscera
1568 1995 1631 2017 mea,
1650 1992 1674 2011 ut
1690 1992 1777 2011 eructet
1795 1995 1860 2012 mens

1011 2035 1062 2051 mea
1080 2028 1180 2050 vei-hum
1198 2028 1285 2050 bonum
1310 2028 1358 2055 (cfr.
1376 2028 1455 2050 Ezech.
1478 2028 1503 2054 3,
1521 2028 1542 2050 3.
1560 2030 1582 2050 et
1604 2028 1639 2050 rs.
1658 2027 1698 2056 44,
1722 2028 1762 2056 2.).
1779 2041 1809 2044 —
1827 2029 1859 2051 De

1010 2074 1059 2096 seq.
1077 2067 1210 2095 Hieronymi
1228 2067 1338 2089 sententia
1356 2068 1396 2089 cfr.
1414 2067 1446 2089 111.
1459 2066 1589 2089 Comment.
1605 2067 1628 2089 in
1643 2068 1714 2095 Epist.
1725 2068 1755 2090 ad
1772 2068 1821 2090 Gal.
1834 2069 1859 2095 5,

1011 2106 1048 2129 it.
1065 2109 1088 2129 et
1105 2107 1147 2135 22;
1165 2107 1189 2128 11.
1201 2106 1298 2134 Apolog.
1315 2106 1429 2129 adversus
1446 2105 1516 2129 libros
1533 2106 1623 2133 Rufini,
1639 2113 1661 2128 n.
1680 2108 1700 2128 2.
1718 2107 1774 2129 Fide
1791 2107 1859 2130 codd.

1010 2145 1054 2168 AC
1065 2146 1158 2168 DEFL
1177 2147 1239 2168 hunc
1256 2145 1389 2173 llieronymi
1407 2146 1484 2168 locum
1502 2145 1538 2168 hic
1555 2145 1707 2174 inseruimus,
1725 2152 1795 2175 quem
1808 2147 1858 2169 Vat.

1010 2191 1064 2207 cum
1081 2185 1130 2207 aliis
1147 2185 1215 2207 codd.
1233 2185 1278 2207 iarn
1299 2185 1406 2213 superius
1424 2185 1493 2213 (pag.
1514 2184 1554 2212 42,
1572 2188 1626 2207 nota
1648 2186 1678 2214 2.)
1697 2186 1811 2213 allegavit.
1828 2198 1860 2203 —

1010 2224 1053 2246 Pro
1071 2224 1133 2246 Haec
1154 2223 1304 2253 Auqnstimts
1322 2224 1364 2253 (ita
1388 2223 1546 2253 ACDEFL)
1570 2224 1622 2246 Yat.
1645 2230 1698 2247 cum
1721 2225 1770 2246 aliis
1787 2225 1856 2248 codd.

1010 2263 1073 2286 Haec
1088 2262 1229 2286 Bernartius
1247 2264 1297 2291 (csr.
1314 2265 1366 2285 nota
1384 2263 1545 2292 praecedens).
1564 2263 1650 2285 Deinde
1662 2264 1811 2292 prosequitur
1829 2265 1857 2287 G:

1010 2301 1104 2324 Anima.
1123 2301 1227 2324 Validius
1244 2308 1288 2324 non
1306 2307 1401 2329 possum
1420 2301 1549 2330 inquirere,
1573 2310 1584 2321 α
1596 2304 1621 2324 111
1638 2302 1722 2330 sciam,
1745 2306 1858 2330 quantum

1011 2340 1104 2362 desit...
1121 2343 1212 2368 egestas
1229 2343 1263 2362 est
1278 2349 1301 2363 11.
1325 2341 1385 2363 naec
1403 2340 1545 2368 Augustinus
1563 2340 1585 2362 in
1603 2340 1661 2363 libro
1684 2340 1857 2363 Consessionurn

1011 2378 1076 2408 [Xlll.
1093 2385 1114 2401 0.
1132 2380 1153 2401 8.
1170 2386 1192 2402 11.
1209 2380 1236 2406 93
1254 2381 1296 2402 cfr,
1312 2386 1382 2407 supra
1401 2386 1454 2407 pag.
1473 2379 1514 2406 42,
1540 2382 1591 2402 nota
1618 2380 1639 2401 2.
1665 2380 1687 2401 in
1709 2380 1770 2408 tine).
1796 2380 1858 2402 1110111

1010 2418 1062 2440 cod.
1079 2419 1097 2440 G
1115 2424 1168 2440 cum
1192 2419 1253 2441 Bitu
1277 2421 1299 2441 et
1316 2419 1368 2441 Vat.
1390 2418 1521 2446 subiungit:
1544 2419 1675 2441 Bernardus
1698 2418 1810 2448 [Tractat.
1829 2419 1857 2441 dc

1011 2457 1127 2479 Gradibus
1143 2457 1242 2480 humilit.
1259 2464 1280 2480 c.
1298 2458 1320 2480 2.
1337 2464 1360 2480 11,
1377 2457 1424 2487 3.]:
1446 2466 1456 2477 α
1467 2458 1485 2480 Ο
1503 2457 1587 2485 01111110,
1605 2464 1676 2486 quam
1694 2457 1767 2480 dulcis
1779 2460 1813 2480 cst
1829 2459 1858 2480 ci-

1011 2495 1055 2518 bus
1072 2496 1183 2523 caritatis,
1200 2496 1240 2525 qui
1259 2497 1331 2519 sessos
1342 2496 1435 2523 allevat,
1453 2496 1541 2519 debiles
1557 2496 1663 2524 roborat,
1681 2499 1783 2519 moestos
1800 2497 1860 2519 laeti-

1011 2535 1076 2557 tiratt
1095 2535 1176 2563 iugum
1194 2541 1296 2564 namque
1307 2535 1416 2558 Veritatis
1434 2535 1486 2558 facit
1502 2541 1575 2557 suave
1592 2538 1614 2557 et
1631 2542 1689 2557 onus
1707 2536 1756 2558 eius
1774 2536 1824 2558 leve
1836 2545 1857 2558 ι».

1011 2573 1073 2596 1110111
1086 2573 1174 2602 [Serui.
1192 2574 1228 2596 44.
1240 2574 1262 2596 10
1276 2573 1339 2596 Cant.
1352 2580 1374 2596 n.
1388 2574 1434 2604 4.];
1455 2582 1465 2594 α
1477 2575 1565 2601 Fateor,
1578 2574 1688 2603 Domine,
1701 2580 1747 2597 non
1760 2574 1858 2597 sustinui

1008 2611 1104 2641 pondus
1121 2611 1168 2635 diei
1184 2614 1206 2635 et
1221 2614 1314 2641 aestus,
1332 2613 1371 2635 sed
1390 2613 1474 2642 layum
1496 2619 1568 2636 snare
1585 2614 1607 2636 et
1629 2619 1689 2636 onus
1707 2612 1755 2636 lere
1771 2614 1857 2642 [Matth.

1011 2651 1052 2678 20,
1071 2651 1107 2673 42.
1120 2654 1142 2673 et
1163 2652 1200 2679 13,
1218 2650 1265 2680 30.]
1278 2654 1353 2679 porto.
1373 2651 1437 2680 Opus
1449 2652 1509 2674 enim
1523 2657 1638 2674 mcum...
1656 2658 1700 2673 non
1718 2652 1790 2674 sentio
1803 2658 1858 2680 prae

1011 2696 1090 2712 amore
1107 2689 1159 2719 [cfr.
1177 2696 1247 2718 snpra
1266 2693 1318 2712 nota
1332 2691 1353 2712 11.
1371 2691 1392 2712 in
1410 2690 1472 2720 tine}
1490 2690 1534 2713 Sed
1557 2691 1613 2719 quid
1634 2691 1717 2718 plura?
1735 2691 1802 2719 Ilugo
1828 2691 1857 2713 de

1011 2733 1089 2751 sancto
1108 2729 1201 2751 Victore
1218 2728 1270 2758 [cfr.
1287 2735 1357 2757 supra
1375 2735 1429 2757 pag.
1444 2730 1481 2757 30,
1493 2732 1544 2751 nota
1563 2728 1611 2758 7.]:
1631 2738 1642 2749 «
1654 2729 1672 2751 O
1690 2729 1777 2758 anima,
1796 2732 1856 2752 tanta

1010 2771 1044 2790 est
1061 2768 1097 2790 vis
1114 2768 1211 2795 amoris,
1224 2771 1247 2790 ut
1260 2768 1326 2790 talem
1381 2768 1550 2791 transformaris
1562 2777 1584 2790 n.
1603 2769 1663 2791 Haec
1675 2769 1749 2796 Hugo.
1763 2781 1792 2784 ——
1805 2769 1857 2791 Vat.

1011 2812 1064 2828 cum
1082 2813 1127 2829 uno
1145 2807 1262 2835 alteroque
1282 2807 1334 2829 cod.
1352 2807 1388 2829 hic
1406 2808 1475 2829 tinem
1498 2807 1595 2835 imponit
1621 2807 1721 2835 capitulo
1741 2807 1817 2835 primo
1835 2810 1857 2829 et

1011 2846 1138 2868 secundum
1157 2846 1186 2868 ita
1205 2846 1294 2873 incipit:
1312 2845 1406 2869 Anima.
1431 2846 1477 2868 10111
1500 2846 1581 2874 video,
1606 2846 1716 2875 qnoniam
1743 2845 1780 2876 [ut
1802 2846 1857 2869 dicit

1010 2884 1120 2911 August„
1137 2884 1174 2906 lV.
1191 2884 1292 2907 Confess.
1311 2890 1329 2906 0.
1348 2885 1369 2907 6,
1387 2891 1409 2906 11.
1429 2884 1478 2913 lh]
1498 2893 1508 2904 «
1526 2885 1595 2907 miser
1618 2887 1652 2907 est
1673 2885 1749 2907 omnis
1766 2885 1856 2907 animus

1010 2924 1100 2946 iunctus
1124 2923 1222 2945 amicitia
1249 2923 1319 2946 rebus
1344 2924 1510 2952 temporalibus
1529 2933 1551 2952 12,
1581 2930 1641 2953 quae.
1669 2933 1679 2944 α
1700 2931 1753 2947 curn
1779 2924 1856 2946 labore

1010 2963 1194 2991 acquiruntur...
1212 2969 1264 2985 cum
1283 2963 1361 2985 dolore
1379 2963 1513 2986 amittuntur
1525 2972 1547 2985 n.

1880 668 1970 692 Quaestio
1979 668 2003 687 de

1870 691 1939 710 virtute
1954 692 2001 710 cari-

1870 715 1921 734 tatis.

1875 808 2002 851 lant-carita-

1931 837 1945 850 lS
1949 846 1953 850 .
