2133 3317
270 219 313 248 XC
979 212 1223 242 PROLEGOMENA
1244 212 1272 241 C.
1294 213 1323 241 11.

334 297 373 319 54.
389 295 521 324 Monacltii,
533 294 671 317 bibliotheca
683 294 769 322 Regia,
787 293 839 315 cod.
857 292 942 315 17478.
959 292 1030 313 chart.
1049 291 1122 313 insol.

271 350 331 367 saec.
348 344 400 366 XV.
419 343 510 372 (1451).
533 355 563 358 -
587 342 633 364 Fol.
660 341 713 363 192.
736 346 767 362 r.:
790 338 875 368 Incipit
895 338 1015 368 proloqu-s
1032 337 1124 360 domini

272 391 358 422 fratris
375 391 558 414 Bonaventarae
577 387 708 412 cardinalis
725 388 746 410 et
763 392 848 410 sacrae
871 384 1001 414 theologiae
1018 383 1122 408 doctoris

272 438 296 461 in
314 438 387 461 vitam
405 436 466 460 beati
484 435 613 459 Francisci.
631 435 718 457 Desinit
736 434 772 456 sol.
791 434 845 456 228.
864 439 902 460 v.,
920 432 999 455 addito
1020 434 1121 454 tantum:

273 484 379 514 Eoeplicit
395 483 502 513 feliciter.

336 531 373 553 55.
391 529 491 557 Ibidem,
509 529 561 552 cod.
585 528 669 551 18427.
687 529 758 550 chart.
784 527 806 549 in
824 527 860 549 sol.
878 532 938 549 saec.
956 526 1008 548 XV.
1033 524 1124 554 (1465).

273 590 304 595 --
320 578 367 600 Fol.
385 578 406 600 3.
431 584 450 599 r.
472 583 485 599 a
505 576 608 599 secunda
625 582 696 598 manu
721 577 841 597 exaratum
857 573 954 601 legitur:
977 573 1068 596 Auctor
1083 571 1124 594 Iiu-

275 624 313 648 ius
331 623 425 654 legende
441 623 487 653 suit
510 622 621 646 dominus
638 623 816 645 Bonavenlura.
834 620 909 643 Prima
926 625 1010 642 manus
1027 618 1124 647 praemi-

273 672 302 695 sit
318 671 453 699 Legendae:
471 670 557 700 Incipit
572 669 687 699 proloqus
711 668 735 691 in
751 668 825 691 vitam
848 666 909 691 beati
927 665 1052 690 Francisci
1069 671 1124 689 con-

272 719 378 749 fessoris.
397 718 483 741 Desinit
501 718 538 740 sol.
557 717 594 740 84.
611 723 648 739 v.:
664 716 701 740 Ad
721 715 816 739 laudem
833 716 854 739 et
871 714 976 745 gloriam
992 713 1065 737 ultius
1083 713 1126 737 Dei

273 767 296 789 et
312 765 381 793 trini,
399 765 441 795 qui
451 764 509 788 vivit
524 766 547 788 et
562 765 649 794 reqnat
665 763 689 786 in
706 762 788 786 secula
804 762 949 786 seculorum.
968 763 1051 785 Amen.

338 813 375 835 56.
394 811 496 839 Ibidem,
515 811 566 834 cod.
585 810 669 833 23412.
695 809 796 832 membr.
820 809 844 832 in
867 809 888 831 4.
905 814 966 831 saec.
991 808 1051 830 XlV.
1072 810 1125 830 ante

274 860 387 883 medium.
405 872 435 875 —
451 859 499 881 Fol.
517 859 538 881 1.
554 865 573 880 r.
591 858 687 886 legitur:
705 856 788 886 Incipit
803 856 921 886 proloqus
938 856 963 878 in
978 855 1053 878 ‘citam
1065 854 1126 878 beati

275 906 407 931 Franctsct.
425 906 545 936 Apparuit
562 909 604 928 etc.
622 905 711 928 Desinit
728 905 764 927 sol.
783 904 835 927 100.
853 911 876 926 v.
893 906 918 926 ut
935 903 957 925 in
974 902 1049 925 editis.

338 955 376 977 57.
388 953 500 983 Neapoli,
514 952 652 975 bibliotheca
663 952 794 980 Nationalis‚
806 951 858 974 cod.
870 951 926 973 Vlll.
938 951 963 973 B.
976 950 1014 972 28.
1026 948 1125 971 membr.

275 1002 298 1024 in
316 1001 338 1024 4.
355 1007 415 1023 saec.
434 1001 495 1023 XlV.
511 1012 542 1016 —
559 1000 605 1022 Fol.
625 1000 646 1022 1.
662 1006 695 1022 r.:
712 998 797 1028 Incipit
811 998 927 1028 prolapus
944 997 968 1020 in
981 996 1051 1020 vitam
1066 996 1127 1019 beati

275 1048 409 1072 Francisci.
427 1048 513 1070 Desinit
530 1048 568 1070 sol.
586 1047 678 1075 ultimo,
697 1046 726 1068 ad
743 1046 811 1068 cuius
827 1045 914 1068 calcem
931 1044 973 1066 alia
991 1050 1074 1066 manus
1085 1050 1126 1066 no-

276 1096 345 1119 tavit:
360 1096 407 1119 Hec
419 1094 517 1125 leqenda
528 1094 575 1124 fuit
585 1095 664 1123 empta
671 1099 719 1123 pro
732 1093 781 1116 loco
795 1092 873 1115 sancti
886 1091 1037 1115 Bernardini.
1049 1089 1125 1114 1467.

340 1142 379 1164 58.
397 1141 496 1169 Ibidem,
514 1141 565 1163 cod.
586 1141 631 1163 Vll.
648 1140 674 1162 G.
692 1140 730 1162 52.
746 1139 848 1162 membr.
864 1144 925 1161 saec.
945 1138 997 1160 XV.
1020 1137 1127 1160 ineuntis.

279 1202 310 1207 —
326 1190 373 1212 Fol.
393 1189 413 1211 1.
430 1195 462 1211 r.:
480 1187 566 1217 Incipit
578 1187 696 1217 proloyus
713 1186 738 1209 in
755 1186 804 1210 vita
821 1185 951 1209 beatissimi
960 1184 1038 1215 patris
1050 1184 1129 1207 nostri

277 1236 398 1266 seraphici
414 1234 547 1259 Francisci.
563 1234 683 1264 Apparuit
699 1236 742 1256 etc.
760 1233 848 1256 Desinit
864 1233 887 1255 in
912 1238 963 1261 cap.
988 1233 1027 1260 12;
1051 1234 1127 1254 cetera

277 1291 323 1307 non
341 1285 432 1306 suerunt
449 1283 545 1311 scripta,
562 1282 603 1305 sed
621 1282 697 1304 adhuc
713 1280 865 1303 membranae
882 1279 948 1302 albae
965 1280 1064 1302 relictae.

341 1332 378 1353 59.
396 1330 497 1356 Ibidem,
515 1330 567 1352 cod.
584 1330 640 1352 Vlll.
656 1329 682 1351 Β.
699 1328 736 1351 41.
754 1328 848 1350 miscell.
866 1327 889 1350 in
907 1327 929 1350 4.
946 1332 1006 1350 saec
1028 1326 1081 1348 XV.
1098 1338 1128 1341 —

280 1379 326 1401 Fol.
346 1378 365 1400 1.
384 1384 402 1400 r.
419 1377 515 1405 legitur:
533 1377 585 1399 Iesu
600 1375 652 1405 pie,
669 1375 747 1398 nostri
763 1374 883 1398 miserere.
906 1373 991 1403 Incipit
1009 1372 1128 1403 proloqus

280 1425 305 1448 in
322 1424 396 1448 vitam
414 1423 476 1447 beati
491 1422 623 1447 Francisci.
641 1422 728 1445 Desinit
744 1422 782 1444 sol.
799 1421 837 1444 95.
855 1427 878 1443 v.
895 1427 936 1448 per
948 1418 1129 1448 verbutEarpli-

279 1472 344 1496 ciunt
360 1470 481 1495 miracula
498 1471 552 1500 post
567 1469 698 1494 transitum
720 1468 782 1492 beati
804 1467 931 1491 Francisci
954 1468 1055 1490 ostensa.
1080 1466 1128 1489 Deo

278 1518 379 1549 gratias.
395 1519 479 1542 Amen.

344 1566 382 1588 60.
399 1565 499 1593 Ibidem,
519 1565 572 1587 cod.
590 1564 644 1587 V111.
664 1564 686 1586 B.
704 1564 743 1586 30.
765 1562 864 1586 membr.
889 1563 913 1584 in
936 1562 957 1585 4.

280 1613 390 1637 exeuntis.
408 1625 438 1629 —-
456 1612 502 1635 Fol.
521 1613 542 1634 1.
559 1618 590 1634 r.:
608 1610 693 1639 Incipit
706 1610 825 1640 prolapus
842 1610 866 1632 in
885 1609 957 1633 citam
974 1608 1036 1632 beati
1050 1609 1129 1632 Fran-

983 1567 1043 1584 saec.
1068 1562 1129 1584 XlV.

280 1660 343 1684 cisci.
361 1660 446 1682 Desinit
464 1662 489 1682 ut
506 1659 529 1681 in
540 1658 608 1681 editis
620 1664 673 1680 cum
686 1657 845 1680 conclusione:
857 1656 1000 1686 Expliciunt
1009 1654 1130 1678 miracula

276 1709 332 1737 post
348 1707 478 1730 transitum
496 1705 557 1729 beati
571 1704 697 1729 Francisci
713 1705 815 1728 ostensa.

344 1755 382 1777 61.
402 1753 504 1782 Οίσοηίί,
523 1753 575 1776 cod.
600 1753 695 1775 miscell.
720 1751 828 1775 Canonic.
855 1751 905 1774 148.
922 1751 944 1773 111
962 1751 984 1773 4.
1001 1756 1061 1773 saec.
1078 1749 1130 1772 XV.

282 1802 389 1825 ineuntis.
406 1814 438 1818 —
455 1801 501 1824 Fol.
520 1801 540 1823 1.
557 1807 577 1823 r.
594 1803 628 1822 est
645 1805 744 1828 sequens
761 1798 866 1821 rubrica:
889 1796 974 1827 Incipit
995 1796 1093 1826 leyenda
1110 1797 1131 1819 el

281 1849 330 1872 rita
347 1848 409 1872 beati
421 1848 500 1878 patris
517 1847 596 1871 nostri
613 1845 737 1870 Francisci
760 1847 781 1868 et
799 1844 881 1875 primo
903 1844 1029 1874 proloqus.
1052 1844 1132 1873 Appa-

283 1895 331 1919 rait
348 1898 392 1918 etc.
410 1895 495 1917 Dfflinit
512 1901 566 1917 cum
583 1894 651 1916 editis
669 1894 707 1916 sol.
724 1893 762 1916 66.
779 1899 798 1915 r.

346 1944 383 1966 6²2.
400 1942 502 1970 Ibidem.
520 1942 571 1965 cod.
589 1942 643 1965 ¹153.
669 1940 769 1963 membr.
793 1940 817 1962 in
840 1940 862 1962 4.
887 1946 947 1962 saec.
969 1939 1020 1962 XV.
1043 1938 1131 1967 (1451.)

283 2003 314 2007 —-
330 1990 376 2013 Fol.
395 1991 418 2012 2.
434 1996 459 2012 v.
475 1995 559 2012 manus
575 1988 660 2011 saeculi
676 1987 811 2016 posterioris
828 1988 885 2009 haec
901 1987 1001 2009 notavit:
1016 1985 1068 2009 Vita
1079 1992 1133 2009 san-

283 2037 314 2061 cti
329 2036 456 2060 Francisci
471 2042 486 2059 a
504 2035 570 2059 beato
588 2035 772 2062 Bonaventura,·
790 2036 812 2056 et
829 2034 899 2056 infra:
920 2034 966 2056 Iste
988 2032 1046 2056 liber
1060 2032 1132 2062 perti-

282 2086 321 2108 net
339 2084 370 2108 ad
395 2084 473 2108 locum
490 2090 509 2107 s.
526 2082 602 2106 Blasii
625 2083 732 2112 fratrum
749 2081 872 2106 Minorum
897 2082 969 2105 esrtra
997 2080 1132 2110 Vz'yurtiam

284 2132 449 2161 (worcester),
466 2131 546 2155 eodeni
563 2131 614 2155 laco
627 2129 837 2155 commorantium.
849 2129 895 2151 Fol.
909 2129 930 2151 3.
942 2134 974 2151 r.:
985 2127 1070 2157 Incipit
1077 2133 1133 2157 pro-

284 2179 353 2209 loqus
369 2179 395 2202 in
419 2178 493 2202 vitam
517 2177 578 2201 beati
599 2177 732 2202 Francisci.
749 2176 836 2200 Desinit
852 2177 891 2198 rol.
908 2176 945 2198 65.
963 2181 995 2197 r.:
1012 2174 1132 2199 Miracnla

280 2227 336 2255 post
352 2225 484 2249 transitum
501 2225 563 2249 beati
578 2224 704 2249 Francisci
719 2225 813 2248 ostensa
829 2223 928 2254 feliciter
945 2222 1085 2252 eoeptz‘cz‘mzt.

347 2273 386 2296 63.
402 2273 502 2303 Papiae,
520 2272 658 2295 bibliotheca
675 2271 846 2298 Universitatis,
868 2270 921 2293 cod.
943 2270 1037 2293 CXXX.
1054 2270 1078 2292 F.
1097 2269 1132 2291 «12.

285 2321 385 2344 membr.
410 2321 434 2343 in
451 2321 489 2344 sol.
513 2326 573 2343 saec.
598 2320 659 2343 X1V.
675 2331 706 2336 -
722 2319 770 2342 Fol.
788 2319 810 2341 1.
826 2325 858 2341 r.:
875 2317 960 2347 Incipit
972 2317 1091 2347 protomus
1108 2315 1133 2339 in

284 2368 358 2392 vitam
376 2368 437 2392 beati
453 2368 579 2392 Francisci
594 2367 744 2397 confessoris.
761 2365 881 2396 Apparuit
892 2364 973 2395 qratia
984 2364 1028 2387 Dei
1038 2367 1081 2387 etc.
1092 2364 1134 2386 De-

285 2416 338 2438 sinit
354 2416 393 2438 sol.
409 2422 428 2438 r.
445 2422 490 2438 non
508 2417 629 2438 numerato
642 2420 695 2437 cum
708 2413 838 2436 additione:
851 2411 992 2442 Expliciant
1003 2410 1132 2434 miracula.

349 2464 386 2486 64.
403 2462 515 2491 Parisiis,
541 2462 681 2485 bibliotheca
706 2461 842 2489 Nationalis,
863 2460 915 2482 cod.
934 2459 1018 2482 13780.
1035 2457 1134 2481 membr.

286 2511 311 2533 in
329 2510 350 2533 4.
367 2516 429 2533 saec.
445 2511 500 2533 Xlll.
517 2510 628 2532 exeuntis.
645 2521 675 2525 —
692 2509 740 2531 Fol.
761 2508 811 2530 136.
827 2514 858 2530 r.:
876 2506 961 2536 Incipit
975 2505 1093 2536 prolapus
1111 2505 1135 2528 in

288 2557 335 2580 cita
353 2556 414 2580 beati
429 2556 561 2580 Francis-ci.
573 2555 692 2585 Apparuit
704 2558 746 2578 cte.
759 2555 805 2577 Fol.
818 2555 842 2577 21
854 2555 884 2577 1.:
898 2553 1017 2583 Incipiunt
1035 2552 1136 2582 quedam

287 2604 315 2627 [le
331 2603 456 2627 miraculis
473 2603 548 2633 ipsius
562 2605 619 2633 post
633 2604 735 2626 mortem
752 2601 864 2629 ostensis,
881 2602 904 2624 et
919 2600 1000 2631 primo
1017 2600 1045 2623 de
1062 2599 1137 2623 virtu-

288 2651 349 2675 tibus
365 2657 494 2675 sacrorum
510 2651 658 2680 stigmatum.
674 2649 711 2673 Ad
727 2649 841 2673 honorem
858 2649 901 2672 Dei
917 2651 972 2677 etc.,
992 2647 1096 2677 sequitur
1113 2649 1138 2669 ut

287 2699 310 2720 in
327 2699 405 2727 editis,
423 2699 465 2721 sed
481 2705 553 2721 unum
571 2698 607 2720 vel
623 2698 721 2720 alterum
738 2697 817 2720 solium
836 2696 856 2719 iu
875 2696 920 2718 fine
938 2695 1069 2724 praecisum
1088 2694 1137 2717 suit.

353 2746 389 2768 65.
407 2745 508 2774 Ibidem,
526 2745 577 2768 cod.
595 2745 680 2767 18317.
698 2743 796 2767 membr.
814 2744 837 2766 in
855 2744 876 2765 S.
893 2749 955 2766 saec.
971 2742 1023 2765 XV.
1040 2754 1071 2758 —
1087 2742 1135 2764 Fol.

290 2796 311 2817 2.
327 2801 347 2817 r.
365 2794 461 2822 legitur:
478 2795 505 2816 Iu
523 2793 619 2816 nomi-ne
634 2792 736 2816 Domini.
754 2793 837 2815 Amen.
849 2790 933 2820 Incipit
941 2790 1060 2820 proloqus
1071 2795 1137 2812 sera-

286 2841 353 2871 phici
368 2841 477 2864 Doctoris
494 2840 572 2864 sancti
588 2840 753 2863 Bonarenture
769 2838 793 2862 iu
813 2838 885 2861 citam
908 2837 987 2861 sancti
1005 2835 1136 2860 Fraucisci.

290 2888 377 2911 Desinit
394 2888 432 2910 fol.
450 2888 503 2910 106.
521 2894 540 2910 r.
556 2893 610 2910 cum
628 2886 786 2910 conclusione:
804 2884 909 2914 Eaplicit
925 2884 973 2908 vita
991 2883 1052 2907 beati
1062 2883 1137 2907 Fran-

290 2936 353 2959 cisci.
378 2936 446 2958 Deest
472 2935 493 2957 in
519 2935 599 2958 codice
624 2934 723 2956 narratio
748 2933 913 2956 miraculorum
938 2934 991 2960 post
1015 2930 1136 2954 transitum

290 2986 443 3006 ostensorum.

1242 291 1280 313 66.
1297 290 1396 319 Ibidem,
1414 291 1466 313 cod.
1485 290 1569 313 14586.
1586 291 1658 313 chart.
1675 290 1698 312 in
1718 291 1756 312 sol.
1778 295 1838 313 saec.
1861 290 1914 312 XV.
1936 302 1968 306 —
1984 290 2025 313 Le-

1179 338 1258 365 genda
1275 338 1353 366 incipit
1370 338 1407 360 sol.
1425 338 1478 360 188.
1495 338 1531 360 his
1547 337 1638 360 verbis:
1656 336 1775 367 Apparuit
1792 336 1872 366 ¹qratia
1888 336 1932 360 Dei
1945 336 2026 360 Salva.-

1180 383 1239 407 toris
1256 387 1299 406 etc.
1318 384 1405 407 Desinit
1422 390 1473 412 cap.
1491 385 1528 406 112.
1546 384 1583 406 fol.
1601 384 1654 407 219.
1671 390 1694 406 v.
1711 384 1747 406 his
1763 383 1855 406 verbis:
1866 383 2026 407 testimonium

1179 429 1339 460 perhibebant.
1357 430 1462 460 Emplicit
1480 430 1527 454 vita
1545 430 1606 454 beati
1620 430 1745 454 Francisci
1760 437 1776 453 a
1793 430 1887 453 donzino
1905 431 2027 453 Bonaven-

1180 478 1236 500 tura
1253 477 1391 507 composita.

1245 525 1282 546 67.
1294 525 1427 552 Ravennae,
1439 524 1578 547 bibliotheca
1590 525 1723 554 classensis,
1734 525 1786 548 cod.
1800 525 1852 547 y138.
1865 526 1886 547 2.
1896 525 1920 547 S.
1928 524 2027 547 membr.

1181 571 1205 593 in
1222 571 1244 594 4.
1260 578 1320 594 saec.
1338 572 1392 594 X111.
1411 572 1521 594 exeuntis.
1537 584 1569 588 —
1585 572 1631 594 Fol.
1649 572 1702 594 2²27.
1719 578 1750 594 r.:
1771 571 1855 601 Incipit
1867 571 1985 601 proloqus
2002 571 2027 594 in

1180 618 1254 642 ‘citam
1272 618 1333 642 beati
1349 618 1480 642 Francisci.
1499 619 1584 641 Desinit
1602 619 1638 641 t'ol.
1655 620 1709 641 268.
1725 625 1748 641 v.
1766 622 1791 641 ut
1807 619 1829 641 in
1847 619 1921 641 editis.

1247 666 1284 688 68.
1296 665 1444 695 Reyimontu',
1458 665 1596 688 bibliotheca
1607 666 1772 693 Universitatis,
1784 666 1836 689 cod.
1849 667 1858 688 1
1869 666 1919 688 159.
1930 665 2028 688 membr.

1182 713 1205 735 in
1223 713 1245 736 4.
1262 719 1321 735 saec.
1339 713 1399 736 XlV.
1418 725 1446 728 —
1463 713 1510 735 Fol.
1529 713 1548 735 1.
1566 719 1603 735 v.:
1622 713 1704 743 Incipit
1717 712 1835 742 prolapus
1848 712 1872 736 in
1883 712 1957 736 vitam
1969 712 2029 736 beati

1181 760 1314 783 FrancI'sci.
1331 760 1379 782 Alia
1397 766 1480 782 manus
1496 760 1631 788 posterioris
1647 760 1732 782 saeculi
1747 760 1849 782 addidit:
1860 759 1908 783 sice
1920 759 1943 782 in
1957 759 2030 789 leyen-

1182 806 1239 830 clam
1256 806 1286 830 ab
1303 806 1506 830 illuminatissima
1523 806 1646 835 seraphici)
1664 806 1764 829 Doctore
1780 806 1950 829 Bonaventura
1966 811 2030 829 com-

1179 854 1292 884 pilatam.
1309 853 1429 884 Apparuit
1445 853 1525 883 qratia
1542 853 1585 876 Dei
1595 856 1638 876 etc.
1650 853 1736 876 Desinit
1748 853 1786 875 sol.
1798 853 1835 876 51.
1848 860 1871 875 v.
1883 855 1908 875 ut
1919 853 1941 875 in
1953 852 2028 875 editis.

1249 903 1286 924 69.
1305 902 1403 930 Romae,
1421 901 1559 924 bibliotheca
1577 901 1700 929 Vaticana,
1718 900 1769 923 cod.
1781 900 1851 922 7339.
1863 899 1963 922 membr.
1973 899 1997 922 in
2009 900 2031 922 8.

1182 955 1245 972 saec.
1264 949 1325 971 XVl.
1341 948 1448 971 ineuntis.
1464 961 1495 965 —
1511 948 1558 970 Fol.
1576 948 1597 970 1,
1609 954 1641 970 1·.;
1653 947 1736 977 Incipit
1744 946 1863 977 proloqus
1874 947 1899 970 in
1910 946 1958 970 vita
1970 946 2032 970 beati

1179 995 1258 1025 patris
1275 995 1400 1019 Fraucisci
1415 995 1476 1018 edita
1493 1001 1509 1018 a
1524 994 1648 1024 seraphico
1660 994 1755 1017 doctore
1766 995 1848 1017 sancto
1860 994 2030 1017 Bonaventura

1182 1043 1274 1066 ordinis
1290 1043 1413 1066 Minorum
1430 1042 1536 1072 episcopo
1553 1043 1574 1065 ct
1591 1041 1711 1065 cardinali
1732 1043 1813 1064 sancte
1834 1041 1939 1064 Romane
1961 1040 2032 1064 eccle-

1182 1090 1222 1114 sie.
1241 1091 1328 1113 Desinit
1346 1091 1382 1112 sol.
1401 1090 1438 1112 53.
1456 1097 1479 1112 v.
1497 1096 1538 1118 per
1555 1089 1642 1112 verba:
1668 1088 1774 1118 Eaplicit
1799 1088 1846 1111 cita
1870 1087 1932 1111 beati
1952 1087 2031 1117 patris

1183 1137 1262 1160 nostri
1277 1137 1409 1160 Francisci.
1427 1137 1461 1160 De
1485 1136 1611 1160 miraculis
1632 1138 1689 1166 post
1712 1135 1843 1159 transitum
1867 1135 1918 1158 eius
1941 1134 2032 1165 felicem

1184 1183 1296 1212 ostensis,
1314 1190 1388 1207 causa
1405 1183 1525 1207 breuitatis
1542 1183 1636 1211 omitto,
1654 1182 1710 1213 quia
1727 1183 1762 1206 est
1777 1181 1845 1205 valde
1862 1187 1979 1211 maqnum
1996 1187 2032 1205 ca-

1184 1231 1296 1261 pitnlum.

1247 1278 1285 1301 70.
1303 1278 1403 1306 Ibidem,
1420 1279 1472 1301 cod.
1490 1278 1544 1300 553.
1556 1277 1656 1300 membr.
1672 1283 1734 1300 saec.
1744 1277 1806 1300 XlV.
1819 1277 1930 1300 exeuntis.
1940 1289 1971 1293 ——
1983 1277 2030 1300 Fol.

1186 1327 1207 1349 -1.
1224 1333 1242 1349 r.
1261 1327 1355 1355 legitur:
1382 1325 1467 1355 Incipit
1479 1325 1598 1355 prologus
1623 1325 1648 1348 in
1666 1324 1789 1354 leyendam
1814 1324 1875 1348 beati
1893 1324 2029 1353 Francisci,

1185 1373 1327 1404 confessoris
1344 1372 1441 1402 eqreqii.
1458 1372 1545 1395 Desinit
1562 1375 1586 1395 ut
1603 1373 1625 1394 in
1643 1372 1710 1394 editis
1727 1378 1780 1394 cum
1798 1371 1928 1395 additione:
1951 1370 2033 1401 Empti-

1185 1421 1217 1445 cit
1233 1420 1333 1450 leq-enda
1350 1420 1411 1443 beati
1421 1419 1547 1444 Francisci
1557 1419 1687 1449 composita
1698 1425 1714 1443 a
1724 1419 1802 1449 fintre-
1819 1419 1989 1442 Bonaventura
2006 1418 2033 1442 de

1186 1467 1350 1497 Ralneoreqio.

1249 1515 1288 1537 71.
1305 1514 1407 1543 Ibidem,
1427 1514 1479 1537 cod.
1492 1514 1562 1536 1219.
1578 1513 1678 1536 membr.
1690 1513 1712 1536 in
1730 1513 1751 1536 4.
1768 1519 1829 1536 saec.
1841 1513 2034 1541 XV.—-Legen-

1186 1562 1230 1585 dae
1247 1562 1400 1590 praemittitur
1421 1564 1531 1584 consueta
1548 1560 1655 1583 rubrica:
1678 1560 1763 1590 Incipit
1774 1560 1893 1590 prologus
1917 1560 1942 1583 in
1959 1560 2034 1583 vitam

1188 1607 1249 1632 beati
1264 1608 1397 1631 Francisci.
1415 1608 1501 1630 Desinit
1518 1610 1543 1630 ut
1560 1607 1582 1630 in
1599 1607 1708 1630 editione.

1251 1655 1290 1678 72.
1315 1654 1415 1683 Ibidem,
1440 1654 1579 1677 bibliotheca
1607 1654 1780 1681 Casanatensis‚
1807 1654 1860 1677 cod.
1886 1654 1912 1676 B.
1936 1654 1968 1677 111.
1996 1654 2034 1676 20.

1192 1703 1291 1726 membr.
1309 1703 1333 1725 in
1351 1703 1373 1725 4.
1397 1709 1456 1725 saec.
1482 1702 1543 1724 ΚΝ.
1568 1702 1672 1724 ineuntis.
1690 1714 1720 1718 -—
1737 1701 1860 1729 Legendae
1884 1701 2035 1730 praeponitur

1187 1749 1293 1773 rubrica:
1310 1750 1338 1772 In
1356 1750 1408 1773 Iesu
1418 1748 1464 1772 Xti
1478 1748 1581 1772 nomine.
1594 1750 1677 1772 Amen.
1692 1747 1777 1778 Incipit
1786 1748 1903 1778 prologus
1919 1748 1944 1772 in
1960 1748 2035 1772 vitam

1189 1796 1249 1821 beati
1266 1796 1391 1820 Francisci
1407 1796 1556 1826 confessoris.
1573 1795 1686 1819 Convenit
1702 1795 1800 1824 proinde
1817 1802 1871 1818 cum
1891 1795 1992 1818 editione
2013 1798 2036 1818 et

1188 1845 1210 1868 in
1228 1845 1273 1867 fine
1291 1844 1372 1867 habet:
1384 1843 1525 1873 Eapliciunt
1539 1842 1660 1867 miracula
1674 1845 1730 1873 post
1740 1843 1870 1866 transitum
1887 1842 1950 1866 beati
1960 1843 2035 1866 Fran-

1188 1892 1245 1916 cisci
1259 1894 1361 1916 ostensa.

1251 1940 1292 1962 73.
1309 1938 1408 1967 Ibidem,
1433 1938 1572 1961 bibliotheca
1597 1937 1729 1966 principum
1753 1937 1855 1964 Cor-sini,
1877 1937 1932 1960 cod.
1957 1937 1994 1960 40.
2011 1938 2035 1959 E.

1189 1987 1226 2009 24.
1245 1986 1343 2009 membr.
1361 1992 1422 2009 saec.
1442 1986 1493 2008 XV.
1511 1998 1541 2001 —
1557 1985 1603 2008 Fol.
1622 1985 1675 2007 280.
1692 1991 1712 2007 r.
1728 1985 1811 2012 legitur
1828 1991 1840 2007 a
1857 1984 1934 2012 prima
1950 1990 2035 2007 manu:

1190 2033 1322 2057 Conventus
1338 2033 1446 2062 fratrum
1461 2031 1584 2056 Minoi-am
1602 2031 1629 2054 de
1646 2031 1719 2054 Luca.
1737 2030 1822 2060 Incipit
1833 2030 1953 2060 prologus
1969 2030 1994 2054 in
2005 2030 2036 2054 vi-

1190 2082 1240 2104 tam
1259 2079 1337 2104 sancti
1352 2079 1484 2103 Francisci.
1502 2079 1587 2102 Desinit
1607 2079 1643 2101 sol.
1662 2079 1715 2102 385.
1734 2085 1760 2101 v.
1774 2077 1867 2100 verbis:
1886 2077 1991 2107 Explicit
2008 2077 2037 2101 le-

1190 2128 1267 2158 yencta
1284 2127 1346 2151 beati
1362 2126 1493 2151 Francisci.
1509 2127 1557 2150 Deo
1574 2126 1675 2156 aralius.
1691 2127 1777 2149 Amen.

1252 2175 1292 2198 74.
1309 2174 1393 2199 Sancti
1406 2174 1478 2198 Pauli
1494 2174 1519 2196 in
1529 2173 1657 2202 (ἴω-11111113,
1675 2173 1815 2196 bibliotheca
1831 2173 1972 2201 Monasterii,
1984 2172 2037 2195 eod.

1192 2224 1249 2246 Blas.
1269 2224 1305 2246 10.
1323 2224 1394 2246 chart.
1410 2223 1433 2245 in
1451 2222 1475 2244 4.
1490 2228 1552 2244 saec.
1567 2221 1620 2244 XV.
1632 2221 1743 2244 exeuntis.
1759 2232 1790 2237 --
1806 2221 1853 2243 Fol.
1872 2221 1936 2242 l.r.:
1953 2219 2038 2249 Incipit

1187 2270 1306 2300 proloyus
1323 2269 1432 2293 Doctoris
1454 2268 1573 2298 seraphici
1594 2267 1685 2291 domini
1704 2268 1883 2295 Bonaventare,
1899 2268 1981 2290 sancte
1995 2267 2037 2290 Ro-

1190 2323 1261 2340 mane
1278 2316 1372 2340 ecclesie
1391 2315 1524 2346 presbyteri
1545 2314 1676 2339 cardinalis
1698 2314 1723 2337 in
1740 2314 1814 2337 vitam
1831 2313 1894 2337 beati
1912 2313 2039 2337 Francisci

1190 2363 1331 2394 fundatoris
1357 2363 1449 2387 ordinis
1473 2362 1603 2386 Minornm.
1625 2361 1713 2384 Desinit
1737 2361 1798 2384 circa
1820 2361 1890 2383 finem
1912 2360 2037 2383 voluminis

1192 2417 1245 2434 cum
1268 2411 1401 2434 additione:
1416 2409 1484 2434 Finis
1500 2409 1573 2433 huius
1590 2408 1684 2439 leyencle
1703 2408 1781 2432 sancti
1796 2407 1937 2438 confessoris
1960 2407 2038 2431 Fran»

1191 2458 1254 2482 cisci.

1254 2505 1295 2528 75.
1310 2504 1408 2529 Sta-mlii
1424 2504 1518 2533 (Stams)
1542 2504 1565 2526 in
1581 2503 1672 2531 Tyron,
1694 2501 1831 2524 bibliotheca
1853 2501 1984 2524 Monasterii
1999 2501 2038 2523 Pa-

1192 2555 1255 2575 trum
1270 2551 1470 2579 Cisterciensfflm,
1486 2551 1540 2573 cod.
1556 2551 1577 2573 6.
1595 2549 1696 2572 membr.
1711 2550 1735 2572 in
1753 2550 1790 2572 rol.
1806 2556 1866 2572 saec.
1883 2549 1945 2572 XIV.
1960 2549 2039 2571 ineun-

1192 2600 1228 2622 tis.
1244 2612 1274 2617 —-
1291 2600 1344 2621 Post
1361 2599 1403 2621 alia
1420 2604 1491 2626 opera
1510 2598 1546 2620 sol.
1564 2604 1583 2620 r.
1600 2604 1645 2620 non
1658 2599 1794 2619 numerato:
1813 2596 1896 2625 Incipit
1912 2595 1961 2619 vila
1978 2595 2040 2619 beati·

1192 2646 1324 2672 Franeisct.
1342 2645 1462 2675 Apparuit
1477 2644 1558 2674 aratia
1574 2644 1618 2667 Dei
1633 2647 1678 2667 etc.
1696 2643 1783 2666 Desinit
1799 2645 1825 2665 ut
1840 2643 1863 2665 in
1880 2643 1953 2665 editis.

1254 2694 1293 2717 76.
1312 2693 1400 2721 Toleti,
1420 2692 1559 2715 bibliotheca
1584 2691 1693 2720 Capituli,
1713 2691 1755 2713 cai.
1773 2691 1812 2713 25.

1203 2741 1305 2764 membr.
1321 2740 1352 2763 in.
1370 2740 1391 2763 4.
1407 2745 1469 2762 saec.
1490 2739 1551 2762 XlV.
1568 2751 1598 2754 -—
1614 2739 1661 2761 Fol.
1682 2738 1705 2761 4.
1720 2744 1752 2760 r.:
1769 2737 1854 2767 Incipit
1872 2736 1992 2766 proloqus
2013 2735 2038 2759 in

1192 2788 1266 2812 vitam
1284 2786 1344 2810 beati
1360 2785 1491 2810 Francisci.
1517 2785 1604 2808 Desihit
1621 2785 1658 2807 sol.
1684 2785 1765 2807 ultimo
1789 2790 1809 2806 r.
1833 2789 1888 2806 cum
1906 2783 2038 2806 additione:

1835 2696 1900 2712 num.
1925 2690 1963 2712 38.
1986 2690 2038 2712 cod.

1193 2834 1300 2865 Eoeplicit
1318 2833 1415 2864 leqenda
1430 2833 1508 2857 sancti
1524 2832 1656 2856 Francisci.
1673 2832 1720 2855 Deo
1737 2831 1838 2861 qratias.

1256 2882 1294 2904 77.
1315 2880 1447 2910 Tubinyae,
1466 2879 1603 2902 bibliotheca
1620 2878 1742 2901 Seminarii
1758 2877 1908 2910 episcopalis,
1925 2877 1976 2899 cod.
1994 2875 2038 2899 sub

1194 2929 1253 2952 clavi
1269 2931 1380 2951 asservat.
1397 2927 1446 2950 sine
1465 2927 1594 2955 signatura,
1611 2925 1711 2948 membr.
1729 2931 1790 2947 saec.
1809 2925 1860 2947 XV.
1884 2923 1991 2946 ineuntis.
2007 2935 2038 2940 -

1194 2978 1251 2999 lnter
1268 2976 1311 2998 alia
1331 2975 1368 2997 sol.
1385 2981 1431 2997 non
1448 2976 1569 2996 numerato
1582 2973 1661 3001 incipit
1672 2971 1780 3000 Legenda
1797 2971 1869 2994 sancti
1884 2970 1998 2993 Francisci
2014 2972 2039 2992 ut
