2133 3317
14 968 59 993 :ipim
66 967 85 986 in

0 1004 1 1012 i
14 996 70 1017 pom.

504 227 704 256 OPUSCULUM
725 226 814 254 XXIV.
838 226 988 255 LEGENDA
1009 226 1112 255 MINOR
1134 227 1248 255 SANCTI
1267 228 1440 256 FRANCtSCt.
1788 231 1839 258 571

99 307 214 344 simplex
236 310 263 335 et
284 310 378 335 rectus
405 306 438 334 ad
460 309 561 334 statum
584 305 637 333 iam
668 304 739 333 foret
769 305 940 334 innocentiae

98 353 270 383 reformatus.

386 445 476 474 Lectio
496 445 619 482 sepciiiia
631 446 650 473 ¹.

175 540 283 568 Pietatis
304 547 416 576 quoque
436 539 552 568 dulcedo
575 542 649 567 tanta
671 539 848 576 plenitudinis
863 539 940 575 copia

12 603 16 614 t
58 594 62 598 ·
98 587 124 616 in
146 586 252 614 Domini
274 585 406 614 famulum
429 593 443 613 a
459 585 663 614 misericordiae
679 586 751 614 sonte
767 589 938 619 manaverat,

97 637 128 662 ut
147 633 181 661 ad
202 632 399 661 miserabilium
421 640 603 669 personarum
632 632 791 661 relevandas
816 633 940 661 miserias

97 680 201 708 viscera
222 679 364 707 videretur
384 682 492 716 gestare
515 682 653 712 materna,
676 686 739 707 cum
766 682 793 707 et
822 679 939 707 clemen-

77 727 161 766 xtiam
185 726 298 754 haberet
319 725 483 762 ingenitam,
515 733 598 762 quam
630 725 806 762 superinsusa
837 725 938 754 Christi

9 764 11 772 '
97 773 182 810 pietas
202 772 367 809 duplicabat.
392 772 484 808 ltaque
506 771 674 808 liquescebat
694 772 804 800 animus
825 773 885 801 eius
906 773 939 800 ad

97 819 221 848 infirmos
241 822 268 847 et
290 826 441 855 pauperes,
463 822 489 847 et
504 818 607 855 quibus
622 827 675 847 non
691 822 798 855 poterat
813 827 939 852 manum,

97 866 246 896 exhibebat
265 866 410 899 affectuum
433 873 483 902 pro
504 873 536 894 eo
550 865 624 902 quod
639 865 774 902 quidquid
792 866 940 902 penuriae,

97 913 230 950 quidquid
251 913 374 941 desectus
394 912 524 941 cernebat
546 913 571 940 in
592 912 700 949 aliquo,
723 913 758 949 pii
775 912 865 941 cordis
879 912 941 941 dul-

97 959 190 989 cedine
213 959 378 996 regerebat²
402 959 428 987 in
449 959 600 987 Christum.
623 959 748 996 Cumque
771 959 796 987 in
812 959 940 996 pauperi-

97 1007 148 1035 bus
169 1007 276 1035 cunctis
296 1006 413 1043 effigiem
435 1005 535 1034 Christi
553 1006 737 1043 prospiceret,
753 1006 774 1034 si
790 1014 845 1043 qua
859 1006 940 1034 etiam

97 1053 250 1082 necessaria
271 1053 342 1082 vitae
364 1053 413 1081 sibi
436 1053 533 1082 collata
554 1053 685 1086 fuissent,
706 1053 745 1082 eis
770 1053 941 1082 occurrenti-

97 1100 150 1129 bus
168 1108 222 1128 non
244 1100 333 1128 solum
356 1100 506 1129 liberaliter
527 1100 701 1134 conferebat,
724 1108 820 1129 verum
842 1101 939 1134 etiam,

97 1155 128 1176 ac
148 1148 169 1176 si
193 1147 303 1176 illorum
319 1147 430 1184 propria
446 1150 553 1180 essent,
568 1147 706 1175 iudicabat
720 1155 780 1176 esse
795 1147 940 1176 reddenda.

97 1194 167 1223 Nulli
189 1201 305 1231 prorsus
327 1194 365 1223 rei
388 1194 533 1231 parcebat,
555 1202 605 1223 nec
628 1194 765 1223 mantellis
792 1202 842 1223 nec
869 1195 941 1223 tuni-

99 1240 137 1269 cis
157 1248 207 1269 nec
229 1240 306 1269 libris
337 1248 386 1269 nec
418 1241 499 1269 etiam
533 1241 700 1277 paramentis
732 1241 842 1275 altaris,
874 1242 940 1278 quin

97 1287 188 1316 omnia
210 1287 292 1322 haec,
314 1287 380 1316 dum
403 1291 509 1324 posset,
532 1288 681 1325 largiretur
711 1288 871 1325 egentibus,
894 1296 942 1317 cu-

97 1334 188 1371 piens,
211 1337 242 1363 ut
262 1333 398 1371 perfectae
421 1334 528 1371 pietatis
550 1334 677 1371 impleret
698 1335 835 1369 officium,
858 1335 940 1363 etiam

97 1381 348 1418 superimpendere
368 1381 553 1418 semetipsum
565 1381 585 1409 ³.

392 1475 484 1503 Lectio
506 1479 569 1503 occa
573 1483 609 1503 υα
620 1476 640 1503 4.

176 1569 256 1598 Zelus
277 1569 414 1598 fraternae
436 1569 546 1603 salutis,
561 1577 597 1598 ex
613 1569 735 1598 caritatis
754 1570 864 1598 fornace
880 1578 944 1606 pro-

64 1621 78 1635 '·
98 1616 212 1650 cedens,
234 1619 266 1645 ut
287 1616 394 1653 gladius
414 1619 514 1644 acutus
542 1619 568 1644 et
594 1616 738 1645 flammeus
766 1616 832 1645 adeo
861 1617 943 1645 Fran-

61 1659 68 1700 ’-
99 1663 161 1692 cisci
184 1663 344 1700 pertransiit
365 1663 476 1697 intima,
499 1666 529 1691 ut
552 1663 593 1691 vir
615 1663 665 1692 iste
687 1664 786 1692 zelotes
810 1667 882 1693 totus
903 1664 943 1692 vi-

98 1710 211 1739 deretur
233 1714 260 1739 et
279 1710 472 1739 aemulationis
493 1710 592 1739 ardore
614 1718 764 1739 succensus
778 1714 805 1739 et
819 1719 942 1747 compas-

99 1757 182 1786 sionis
203 1765 329 1786 moerore
343 1757 477 1794 plagatus.
493 1756 632 1794 Siquidem
647 1757 752 1786 animas
766 1757 867 1786 Christi
883 1758 943 1786 lesu

99 1804 230 1841 sanguine
253 1804 374 1841 pretioso
394 1804 551 1841 redemptas
571 1812 635 1832 cum
657 1807 783 1833 cerneret
804 1804 941 1841 inquinari

99 1850 191 1888 aliqua
211 1850 292 1879 sorde
314 1850 432 1887 peccati,
455 1850 527 1878 miro
546 1850 648 1879 doloris
669 1850 811 1879 confossus
832 1851 943 1885 aculeo,

100 1900 174 1926 tanta
194 1897 400 1926 miserationis⁵
422 1897 606 1926 teneritudine
634 1897 810 1934 deplorabat,
840 1900 871 1926 ut
898 1906 944 1927 eas

101 1948 230 1982 tanquam
252 1948 340 1973 mater
363 1945 389 1973 in
410 1944 520 1973 Christo
540 1944 662 1981 quotidie
688 1944 849 1981 parturiret.
878 1945 944 1974 Hinc

100 1991 150 2020 sibi
171 1991 198 2019 in
219 1991 343 2020 oratione
357 1991 510 2025 luctamen,
526 1991 553 2019 in
569 1991 771 2028 praedicatione
785 1991 944 2026 discursus,

101 2037 127 2066 in
149 2037 286 2074 exemplis
306 2037 402 2065 dandis
423 2045 571 2071 excessus,
592 2045 643 2074 pro
671 2046 703 2066 eo
735 2038 808 2074 quod
841 2046 893 2066 non
916 2046 945 2067 se

101 2084 200 2113 Christi
224 2087 334 2121 putaret
355 2084 492 2118 amicum,
514 2084 565 2113 nisi
594 2084 698 2113 animas
727 2085 846 2119 foveret,
876 2093 946 2122 quas

101 2131 146 2160 ille
167 2131 290 2160 redemit.
313 2131 427 2167 Propter
448 2131 538 2168 quod,
562 2131 623 2160 licet
645 2131 775 2160 innocens
790 2132 850 2161 eius
864 2140 944 2166 caro,

102 2185 173 2215 quae
194 2178 295 2218 seiam
318 2181 414 2215 sponte
435 2178 571 2207 subdebat
592 2178 718 2215 spiritui,
740 2179 817 2207 nullo
832 2181 946 2216 propter

102 2225 218 2254 offensas
239 2228 332 2262 egeret
353 2225 476 2262 flagello;
499 2228 588 2254 tamen
610 2225 730 2262 exempli
746 2233 829 2254 causa
844 2233 945 2263 poenas

35 2275 91 2295 inias
102 2271 139 2300 illi
161 2272 311 2300 renovabat
330 2275 357 2300 et
378 2280 478 2305 onera,
494 2271 657 2300 custodiens
671 2275 785 2309 propter
799 2273 867 2301 alios
882 2273 946 2301 vias

102 2319 197 2347 clm-as
208 2319 229 2352 θ,
252 2322 282 2347 ut
311 2318 384 2347 illius
415 2318 535 2355 perfecte
566 2319 784 2356 subsequeretur
816 2320 945 2357 vestigia,

103 2365 149 2402 qui
172 2373 223 2403 pro
243 2365 360 2394 aliorum
383 2365 471 2394 salute
493 2365 617 2394 tradidit
630 2365 661 2394 in
676 2370 797 2395 mortem
812 2366 946 2395 animam

103 2420 198 2441 Stla'm.

410 2506 503 2535 Lectio
524 2515 602 2535 nona
614 2506 633 2534 ⁷.

182 2598 308 2628 Caritatis
329 2607 441 2636 quoque
460 2599 596 2636 perfectae
611 2599 764 2633 fervorem,
780 2607 835 2636 quo
850 2598 946 2636 Sponsi

21 2636 90 2674 lis-‘3¹¹'
106 2645 209 2674 amicus
230 2646 370 2675 ferebatur
392 2646 418 2674 in
441 2646 543 2680 Deum,
565 2654 600 2674 ex
623 2646 675 2674 hoc
696 2645 869 2682 potissimum
885 2645 947 2682 quis

998 305 1070 333 valet
1084 304 1244 338 advertere,
1259 305 1333 342 quod
1349 314 1397 342 per
1413 306 1537 342 martyrii
1553 306 1691 335 flammam
1707 315 1736 335 se
1751 307 1842 344 ipsum
1860 314 1937 341 Quaeri}
1950 316 1979 333 ter

997 354 1029 379 ut
1050 350 1175 379 hostiam
1198 351 1292 380 vivam
1306 351 1317 368 Β
1338 352 1455 381 Domino
1478 353 1639 389 peroptabat
1659 353 1767 382 offerre.
1783 354 1843 382 Tri·
1861 340 1976 361 'nmmum'

998 397 1051 426 bus
1072 406 1190 435 namque
1212 398 1319 427 vicibus
1340 398 1375 427 ob
1397 399 1448 427 hoc
1470 407 1568 428 versus
1582 403 1674 436 partes
1689 400 1840 429 infidelium

998 444 1050 473 iter
1071 452 1233 482 aggressus,
1256 445 1302 473 sed
1318 445 1359 473 bis
1373 445 1462 474 divina
1479 446 1655 483 dispositione
1671 448 1840 484 prohibitus,

998 491 1079 520 tertia
1101 491 1210 520 tandein
1235 492 1293 520 vice
1314 495 1375 528 post
1403 493 1489 521 multa
1519 493 1683 529 opprobria,
1718 495 1841 529 vincula,

998 538 1114 566 verbera
1135 541 1162 566 et
1183 538 1291 567 labores
1313 539 1472 567 innumeros
1490 539 1524 567 ad
1539 544 1715 576 conspectum
1731 541 1841 570 Soldani

998 584 1176 621 Babyloniae,
1198 585 1313 613 Domino
1334 585 1502 620 deducente,
1530 587 1696 623 perductus,
1729 587 1755 616 in
1784 591 1839 616 tam

998 631 1099 660 efficaci
1122 632 1279 660 ostensione
1299 632 1424 669 spiritus
1445 636 1471 661 et
1490 633 1610 662 <virtutis
1622 634 1632 650 ⁰
1647 635 1843 671 evangelizavit

997 679 1102 713 Iesum,
1124 682 1156 707 ut
1176 679 1362 707 admiraretur
1384 680 1441 716 ipse
1463 680 1596 709 Soldanus
1617 684 1643 709 et
1665 684 1735 709 nutu
1749 681 1841 711 divino

998 725 1024 753 in
1046 726 1285 754 mansuetudinem
1317 734 1430 760 versus,
1464 727 1611 764 benignum
1640 728 1663 756 ei
1696 729 1841 764 praeheret

997 772 1131 800 auditum.
1154 772 1275 801 Cernens
1296 772 1406 809 quidem
1430 773 1455 801 in
1485 781 1517 801 eo
1545 774 1681 802 fervorem
1710 775 1840 811 spiritus,

998 819 1179 847 constantiam
1200 819 1301 853 animi,
1324 823 1511 857 contemptum
1532 821 1602 849 vitae
1618 822 1770 858 praesentis
1784 822 1843 850 effi-

998 866 1156 902 caciauique
1178 865 1261 894 divini
1284 867 1434 900 sermonis,
1456 867 1627 896 devotionem
1651 871 1752 896 tantam
1779 877 1842 897 con-

999 912 1070 948 cepit
1101 912 1133 940 ad
1166 912 1272 948 ipsum,
1305 916 1335 941 ut
1370 921 1467 949 magno
1499 922 1562 942 eum
1595 914 1699 943 honore
1729 915 1842 952 dignum

998 958 1129 992 duceret,
1151 967 1266 988 munera
1289 960 1408 996 pretiosa
1429 960 1542 988 offerret
1563 964 1590 989 ct
1611 961 1642 989 ad
1672 969 1764 990 secum
1788 967 1843 990 tra-

999 1005 1120 1034 hendum
1144 1014 1249 1034 moram
1271 1006 1404 1035 instanter
1427 1007 1562 1036 invitaret.
1586 1008 1616 1036 At
1637 1016 1721 1037 verus
1747 1009 1841 1037 mundi

999 1052 1098 1089 suique
1119 1056 1304 1089 contemptor,
1326 1053 1417 1082 oblata
1437 1054 1528 1082 omnia
1549 1062 1682 1091 spernens
1703 1057 1735 1083 ut
1754 1056 1842 1084 lutum

1000 1106 1084 1136 seque
1105 1099 1276 1136 conspiciens
1296 1100 1405 1137 assequi
1428 1109 1509 1129 suum
1532 1109 1586 1129 non
1613 1110 1691 1138 posse
1720 1103 1844 1139 proposi-

1000 1149 1075 1180 tum,
1098 1149 1243 1184 postquam
1266 1147 1299 1175 ad
1322 1147 1347 1176 id
1369 1147 1548 1176 obtinendum
1571 1148 1628 1177 sine
1651 1149 1760 1177 lictione
1781 1157 1843 1186 per-

999 1192 1054 1229 egit
1082 1193 1155 1230 quod
1187 1194 1292 1230 potuit,
1320 1194 1353 1222 ad
1382 1197 1475 1231 partes
1506 1195 1645 1229 fidelium,
1677 1196 1843 1225 revelatione

1000 1239 1203 1275 praemonitus,
1226 1241 1365 1269 remeavit.
1389 1241 1487 1278 Sicque
1508 1242 1610 1270 factum
1632 1245 1688 1275 est,
1711 1246 1741 1271 ut
1767 1243 1846 1271 Chri-

999 1285 1032 1314 sti
1054 1286 1160 1315 amicus
1182 1290 1297 1316 mortem
1319 1296 1370 1324 pro
1392 1288 1450 1325 ipso
1465 1288 1572 1317 viribus
1593 1289 1657 1318 totis
1681 1290 1844 1326 exquireret

999 1336 1026 1361 et
1048 1336 1137 1362 tamen
1160 1334 1318 1363 nullatenus
1339 1335 1491 1369 inveniret,
1524 1344 1580 1372 quo
1600 1339 1627 1364 et
1659 1337 1756 1365 merito
1788 1345 1842 1365 non

1000 1383 1107 1409 careret
1127 1381 1212 1417 optati
1234 1382 1358 1418 martyrii
1381 1386 1407 1410 et
1429 1382 1617 1418 insigniendus
1639 1386 1798 1412 servaretur
1819 1384 1844 1412 in

1000 1430 1142 1463 posterum
1164 1428 1307 1465 privilegio
1328 1429 1470 1466 singulari.

1068 1521 1108 1549 ΒΕ
1129 1529 1225 1550 srenio
1246 1530 1391 1551 onariosls
1413 1531 1444 1550 ET
1466 1531 1570 1551 SPIRlTU
1592 1532 1769 1552 venenariae,

1295 1616 1386 1645 Lectio
1404 1617 1507 1653 prima
1519 1617 1550 1645 ¹⁰.

1079 1710 1204 1739 Sentiens
1225 1710 1325 1739 Christi
1348 1718 1446 1739 servus
1467 1719 1583 1748 corpore
1604 1720 1632 1740 se
1654 1713 1844 1749 peregyrz'num
1861 1716 1980 1758 Ofiiifuam‘

1001 1765 1020 1785 α
1037 1757 1157 1785 Βοιιῑίηο
1171 1757 1203 1791 ¹¹,
1219 1766 1283 1786 cum
1298 1758 1331 1786 ad
1348 1761 1457 1787 terrena
1471 1758 1538 1787 soris
1553 1758 1687 1787 desideria
1703 1767 1750 1796 per
1765 1759 1843 1788 Chri-

1001 1805 1034 1833 sti
1056 1812 1176 1833 amorem
1200 1808 1274 1833 totus
1295 1805 1460 1834 insensibilis
1481 1808 1552 1834 esset
1574 1806 1702 1839 effectus,
1725 1814 1758 1834 ne
1772 1806 1843 1835 soret

1000 1851 1104 1888 absque
1119 1851 1303 1880 consolatione
1318 1852 1426 1886 Dilecti‚
1442 1852 1500 1880 sine
1519 1852 1720 1881 intermissione
1740 1853 1843 1881 orando

1001 1898 1129 1934 spiritum
1151 1898 1207 1927 Deo
1227 1898 1408 1927 contendebat
1429 1899 1563 1928 exhibere
1578 1902 1759 1936 praesentem.
1775 1900 1842 1928 Nam

1000 1945 1145 1973 ambulans
1167 1947 1194 1973 et
1214 1945 1326 1979 sedens,
1349 1945 1423 1974 intus
1444 1949 1471 1974 et
1492 1946 1574 1980 foris,
1597 1946 1725 1975 laborans
1750 1950 1776 1975 et
1798 1955 1843 1975 va-

1001 2000 1066 2020 cans
1092 1982 1240 2021 adederat
1261 1992 1377 2021 orationi
1400 1993 1425 2021 vi
1458 1993 1557 2022 mentis
1585 1993 1722 2027 intentus,
1752 1997 1782 2022 ut
1808 1994 1845 2022 illi

1002 2039 1143 2068 videretur
1164 2039 1299 2076 quidquid
1321 2043 1380 2068 erat
1403 2040 1428 2068 in
1451 2048 1482 2069 eo
1513 2049 1566 2068 non
1589 2041 1678 2069 solum
1708 2041 1798 2070 cordis
1819 2045 1846 2070 et

1001 2085 1141 2122 corporis,
1163 2094 1261 2114 verum
1283 2086 1365 2114 etiam
1385 2087 1477 2123 operis
1498 2091 1525 2115 et
1547 2087 1678 2124 temporis
1698 2087 1844 2116 dedicasse.

1001 2132 1227 2169 suspendebatur
1249 2133 1388 2162 multoties
1410 2137 1485 2162 tanto
1499 2133 1651 2162 devotionis
1666 2142 1798 2168 excessu,
1815 2138 1846 2163 ut
1874 2137 1968 2179 ,2232-

1001 2187 1086 2216 supra
1107 2179 1286 2216 semetipsum
1308 2183 1405 2216 raptus
1427 2184 1453 2209 et
1474 2180 1548 2209 ultra
1563 2181 1717 2209 humanum
1733 2189 1844 2210 sensum

1001 2225 1105 2264 aliquid
1127 2226 1262 2260 sentiens,
1284 2227 1351 2263 quid
1382 2227 1455 2256 circa
1483 2235 1512 2256 se
1542 2231 1672 2265 ageretur
1703 2229 1844 2262 exterius,

1001 2272 1112 2301 omnino
1133 2273 1260 2301 nesciret.

1282 2367 1373 2395 Lectio
1394 2368 1523 2395 secunda
1535 2368 1566 2395 Π.

1081 2459 1114 2487 L't
1138 2462 1229 2487 autem
1261 2459 1382 2496 quietius
1413 2460 1597 2496 spiritualium
1630 2462 1847 2490 consolationum
1864 2464 1981 2505 Affi‘t'i‘mffl'*

1003 2505 1185 2534 immissiones
1206 2506 1373 2543 susciperet,
1394 2507 1428 2535 ad
1443 2507 1604 2536 solitudines
1618 2512 1645 2536 et
1659 2508 1786 2537 ecclesias
1800 2509 1847 2538 de-

1004 2552 1112 2581 relictas
1133 2556 1265 2582 oraturus
1286 2557 1365 2582 nocte
1387 2554 1532 2591 pergebat;
1554 2555 1681 2592 quamvis
1702 2559 1729 2584 et
1744 2555 1779 2584 ibi
1796 2564 1846 2592 pu-

1003 2607 1070 2635 gnas
1091 2599 1254 2628 daemonum
1277 2599 1424 2629 horribiles
1446 2601 1576 2635 senserit,
1602 2601 1649 2638 qui
1672 2610 1765 2630 secum
1780 2610 1844 2631 con-

1004 2645 1129 2682 fligentes
1150 2646 1227 2683 quasi
1250 2654 1333 2675 manu
1354 2647 1388 2675 ad
1410 2655 1537 2681 manum,
1566 2648 1725 2676 nitebantur
1753 2648 1843 2685 ipsum

168 2820 175 2833 ¹
195 2820 250 2844 ibid.
267 2829 286 2844 c.
305 2822 325 2844 8.
343 2829 364 2844 ιι.
382 2822 403 2844 5.

168 2858 177 2872 ²
193 2860 249 2883 (ἴοι-1.
267 2862 284 2882 Α
302 2860 426 2890 referebat.

168 2897 178 2911 ⁸
195 2899 263 2928 Epist.
281 2901 303 2922 ll.
321 2901 349 2922 ad
367 2900 418 2922 Cor.
441 2901 479 2928 12,
501 2901 535 2923 13.

169 2937 177 2950 ¹
196 2938 250 2960 ibid.
269 2946 287 2961 c,
307 2940 327 2961 8.
346 2946 365 2961 n.
389 2941 406 2962 Ι.
423 2944 444 2962 et
462 2946 482 2962 ‹·.
499 2941 521 2962 9.
539 2947 559 2962 n.
578 2940 599 2962 4.

169 2976 178 2989 ⁶
195 2978 223 3000 lta
242 2978 274 3004 Μ’,
291 2978 326 3000 cd.
345 2978 487 3007 [leroli'onis,·
505 2979 599 3002 interius
616 2983 693 3001 contra
707 2980 776 3002 codd.
788 2980 870 3003 eadem
882 2981 946 3002 omit-

110 3015 133 3037 tit
150 3015 261 3045 quocieli'n,
279 3021 300 3039 vt
318 3024 439 3045 pei-peram
458 3018 521 3046 ponit
539 3017 616 3041 luctus
633 3024 676 3045 pro
694 3018 819 3041 [uelamen.

1066 2823 1075 2836 ὅ
1094 2825 1174 2846 l'saliii.
1196 2825 1234 2850 16,
1254 2824 1278 2850 si,
1297 2825 1380 2846 deinde
1397 2825 1518 2852 respicitur
1537 2825 1582 2846 lsai.
1602 2825 1644 2852 513,
1667 2826 1701 2847 iz.

1066 2862 1074 2875 ⁷
1092 2862 1148 2885 ibid.
1165 2870 1185 2885 c.
1203 2864 1224 2885 9.
1242 2870 1262 2885 n.
1281 2864 1328 2885 5-9.

1066 2901 1074 2914 Β
1092 2902 1136 2924 Cir.
1155 2902 1221 2924 nom.
1244 2903 1281 2929 12,
1304 2903 1321 2924 l.
1563 2902 1572 2914 ⁰
1590 2904 1658 2931 l-Ipist.
1677 2904 1690 2925 Ι.
1708 2904 1759 2926 Cor.
1777 2905 1803 2930 2,
1823 2904 1843 2926 4.

1066 2940 1085 2952 ¹⁰
1103 2940 1158 2962 thid.
1175 2947 1195 2962 c.
1216 2941 1248 2962 10.
1267 2948 1288 2963 ιι.
1311 2941 1327 2962 1.
1347 2943 1366 2963 2.
1385 2954 1414 2957 —
1432 2941 1488 2963 Cod.
1506 2943 1522 2964 Α
1542 2942 1664 2970 praemittit
1683 2942 1774 2970 Ormi-tri
1792 2943 1835 2965 ilie.

1066 2979 1083 2992 ¹¹
1102 2980 1146 3002 Cir.
1165 2980 1234 3008 Epist.
1254 2981 1274 3003 ll.
1293 2980 1344 3002 Cor.
1362 2980 1388 3007 5,
1406 2983 1428 3002 6.
1444 2984 1466 3003 et
1485 2982 1498 3003 l.
1517 2981 1572 3003 Petr.
1592 2982 1618 3008 2,
1640 2982 1673 3004 ll.

1066 3018 1085 3031 ¹²
1103 3019 1158 3041 thid.
1177 3026 1196 3041 c.
1218 3019 1250 3041 10.
1268 3026 1289 3041 n.
1308 3020 1328 3041 3.
1353 3020 1368 3041 l.
