2133 3317
356 266 413 289 CHA

153 305 296 329 Cumisnim
313 317 344 321 —
361 306 424 327 Dona
442 305 606 327 charismatum
619 306 671 326 sunt

106 345 317 373 supererogationis
334 344 378 366 246
400 344 421 365 11

152 396 183 400 -
199 383 278 406 divina
301 383 452 405 desideranda
476 385 528 404 sunt
546 382 590 403 129
608 381 622 403 7
640 393 671 398 —-

107 424 180 450 Sapor
196 422 329 445 divinorum
347 421 510 444 charismatum
533 420 601 443 trahit
623 420 670 442 ani·

105 467 168 484 mam
186 461 215 483 55
237 462 258 483 11

153 514 183 517 -
199 501 302 524 Christus
317 506 344 522 ex
356 500 454 522 caritatis
466 499 625 522 benevolentia
639 499 670 521 di-

106 546 173 562 versa
189 540 284 567 largitur
301 539 463 562 charismatum
481 539 541 561 dona
560 538 605 560 267
624 538 637 560 4

153 591 183 595 --
201 579 278 601 divina
300 580 394 606 propter
416 578 548 599 caecitatem
571 583 617 599 non
635 577 669 599 in-

105 618 237 645 telliguntur
254 620 276 639 et
287 619 382 645 propter
393 617 555 644 negligentiam
568 616 669 644 perdun-

106 660 143 679 tur
160 657 189 679 56
208 657 236 678 12

153 696 267 718 Camunni
283 707 313 711 —
333 695 465 717 attribuitur
487 695 545 717 visio
569 694 669 716 veritatis

109 735 136 756 12
159 735 163 756 l
185 746 215 750 —-
232 737 266 756 est
282 734 391 756 admirari
409 734 527 756 veritatem
546 734 574 755 18
594 733 622 755 14

153 785 184 789 —
195 775 276 795 ornant
287 773 421 795 convivium
434 773 530 795 caeleste
545 772 670 800 splendore

106 814 210 834 aeternae
227 812 334 834 claritatis
351 813 375 833 61
402 812 427 834 17

152 851 227 874 Cnonn
244 863 274 867 —
290 854 324 873 est
341 853 441 873 castrum
459 850 578 879 quoddam
597 849 642 872 564
655 850 668 871 6

152 890 296 913 Camsumus
312 903 343 906 —
360 890 455 918 Qualem
473 889 543 911 vitam
565 889 670 911 duxerint

105 930 215 958 primitivi
232 929 354 952 Christiani
372 929 416 951 399
433 929 447 950 7
458 941 490 944 —
502 928 569 956 primi
582 928 668 950 vende-

106 968 161 991 bant
178 975 259 991 omnes
276 968 434 996 possessiones
456 974 509 989 suas
532 970 554 989 et
575 967 669 989 abdica-

106 1007 161 1030 bant
178 1007 307 1030 dominium
325 1007 442 1034 prix-atum
459 1012 499 1029 seu
517 1006 636 1034 personale
648 1009 670 1027 et

106 1045 292 1069 sustentabantur
309 1046 338 1068 de
354 1045 471 1068 communi
490 1045 534 1067 273
553 1044 565 1066 4
583 1057 613 1061 -
625 1044 669 1066 i’ri-

105 1085 185 1107 mitiva
202 1084 299 1107 Ecclesia
312 1084 406 1106 suberat
417 1083 560 1111 dispositioni
572 1083 667 1110 Aposto-

105 1124 180 1146 lorum
197 1124 273 1152 quoad
291 1129 328 1145 res
345 1126 368 1145 et
384 1129 495 1151 personas
511 1123 556 1144 283
575 1123 604 1144 32

152 1176 184 1179 -
200 1163 358 1190 Praeceptorie
381 1165 480 1184 vovetur
504 1162 533 1184 ab
558 1160 669 1183 omnibus

106 1202 239 1225 Christianis
262 1205 348 1224 tautum
372 1201 395 1223 id
420 1201 484 1230 quod
508 1200 669 1228 praeceptorie

105 1241 232 1269 imponitur
248 1248 274 1264 ex
291 1241 342 1269 lege
359 1241 399 1263 Dei
417 1240 461 1263 394
479 1240 492 1262 3
511 1252 540 1255 -
557 1239 669 1262 Obedien-

105 1281 148 1309 tia,
166 1280 188 1302 in
205 1283 318 1309 quantum
335 1282 369 1302 est
380 1279 453 1302 virtus
465 1278 577 1301 contraria
589 1277 670 1300 inobe-

105 1319 216 1347 dientiae,
234 1319 296 1342 omni
314 1319 441 1341 Christiano
458 1318 566 1341 convenit
582 1316 612 1340 ib.
631 1316 644 1339 4

152 1371 183 1375 —
199 1359 303 1381 Tentatio
314 1358 371 1386 ipsis
391 1357 465 1385 magis
486 1357 614 1385 periculosa
636 1358 670 1378 est

105 1398 200 1426 proprio
222 1397 298 1420 sensui
315 1397 379 1419 inniti
397 1396 441 1419 146
464 1397 489 1418 18
507 1408 536 1412 —-
553 1393 670 1423 superbus

105 1439 139 1459 est
156 1437 224 1459 valde
240 1436 403 1459 abominabilis
422 1436 460 1458 111
484 1435 498 1458 4

151 1487 183 1492 —
199 1476 292 1504 Septem
311 1475 451 1503 metaphoris
472 1474 610 1498 describitur
627 1477 669 1497 sta-

106 1517 143 1538 tus
159 1514 232 1543 plebis
248 1515 385 1537 christianae
401 1520 413 1536 a
431 1514 477 1536 fide
488 1514 584 1536 errantis
597 1514 642 1536 318
655 1514 668 1536 6

153 1553 260 1577 0111115105
275 1566 307 1570 -
323 1556 357 1576 est
372 1552 448 1576 Filius
459 1552 497 1576 Dei
509 1553 612 1576 altissimi
628 1554 669 1575 122

107 1593 120 1615 9
138 1605 168 1609 ——
185 1595 219 1615 est
236 1592 339 1615 Verbum
355 1593 482 1615 increatum
494 1595 516 1615 et
527 1593 669 1615 incarnatum

105 1631 152 1654 242
170 1632 199 1654 12
216 1645 247 1649 -
264 1635 298 1654 051
314 1632 450 1660 Unigenitus
467 1632 538 1654 Patris
550 1638 592 1659 pro
604 1631 670 1654 nobis

106 1672 176 1694 bomo
194 1673 279 1698 sactus,
296 1672 418 1694 crucifixus
439 1674 461 1693 ct
482 1671 623 1699 glorificatus
640 1671 669 1693 86

108 1710 137 1732 49
153 1722 184 1727 -
201 1713 234 1733 est
251 1711 334 1738 inclyta
351 1711 427 1738 proles
443 1710 528 1732 summi
541 1710 580 1732 Dei
593 1712 615 1732 et
626 1711 670 1732 sru-

106 1752 157 1772 ctus
173 1749 278 1772 sublimis
296 1750 353 1772 uteri
370 1749 489 1777 virginalis
505 1749 534 1771 85
553 1748 580 1771 48

153 1800 185 1805 —
202 1788 236 1811 Ab
253 1792 344 1811 aeterna
361 1789 413 1811 luce
429 1789 497 1811 simul
519 1789 631 1810 immensa
649 1790 671 1810 et

106 1827 289 1856 simplicissima,
306 1828 471 1855 fulgentissima
489 1830 511 1849 et
527 1833 618 1849 summe
635 1833 671 1849 ar-

106 1872 176 1895 cana,
202 1869 349 1894 coaeternus,
374 1867 506 1895 coaequalis
531 1869 553 1888 et
570 1865 671 1888 consub-

106 1906 216 1928 stantialis
233 1906 342 1934 splendor
359 1906 431 1928 oritur
448 1906 473 1928 71
497 1907 505 1928 1
525 1918 557 1922 —-
573 1908 607 1927 est
625 1905 670 1926 vir-

107 1948 144 1968 tus
160 1948 182 1967 et
198 1945 308 1973 sapientia
327 1945 458 1973 generantis
476 1944 530 1968 ibid.

153 1996 185 2000 —
201 1984 331 2007 credendus
349 1987 382 2007 est
399 1984 510 2006 veraciter
525 1990 576 2006 esse
588 1983 627 2006 Dei
639 1983 672 2006 Fi-

106 2023 163 2050 lius,
180 2023 285 2045 omnium
301 2029 379 2045 rerum
397 2023 550 2051 principium,
568 2023 671 2045 Salvator

107 2062 242 2089 bominum,
263 2062 388 2085 retributor
409 2062 544 2084 meritorum
567 2062 669 2084 omnium

108 2101 137 2124 12
155 2102 169 2124 3

155 2153 186 2157 -
202 2141 235 2163 Ι)0
251 2141 397 2169 generatione
414 2140 496 2163 Christi
513 2146 539 2163 ex
554 2141 603 2163 Deo
615 2141 671 2163 nihil

108 2179 225 2202 infirmum
259 2180 342 2202 carnali
370 2180 507 2207 cogitatione
529 2180 670 2202 credendum

108 2221 142 2241 est
158 2219 183 2241 71
207 2219 215 2240 l

155 2270 186 2274 —
202 2260 236 2280 est
253 2258 364 2280 Dominus
382 2258 542 2280 universorum
556 2259 601 2280 312
615 2259 628 2281 4
640 2271 671 2275 -

109 2300 142 2319 051
159 2297 271 2319 Dominus
287 2297 426 2325 Angelorum
446 2297 489 2319 443
508 2297 522 2318 5

155 2348 186 2352 —
203 2336 328 2358 salvatoris
352 2336 466 2358 adventus
489 2335 613 2365 promissus
638 2339 672 2359 est

109 2376 190 2404 primis
208 2375 342 2403 parentibus
358 2375 434 2398 statim
456 2378 508 2403 post
529 2376 619 2403 lapsum
642 2375 671 2398 ad

109 2414 210 2437 dandam
227 2420 293 2442 spem
311 2414 392 2436 veniae
408 2414 433 2436 71
456 2415 469 2436 2
486 2426 517 2431 ——
529 2415 672 2442 praenuntia-

109 2456 146 2476 tus
162 2455 196 2475 est
213 2453 303 2481 magnis
320 2456 342 2475 et
358 2453 436 2475 multis
458 2453 568 2481 oraculis,
592 2456 617 2476 ut
634 2460 672 2475 ex-

110 2492 242 2515 cluderetur
257 2492 385 2520 ignorantia
402 2495 423 2514 et
434 2492 574 2520 ingratitudo
593 2495 614 2514 ct
633 2498 671 2514 au-

110 2533 203 2558 geretur
220 2531 277 2554 sides
293 2534 315 2553 et
332 2531 473 2553 desiderium
491 2530 545 2554 ibid.

156 2582 188 2586 —
204 2571 227 2592 ln
243 2570 347 2599 quinque
363 2571 448 2592 saeculi
469 2570 538 2592 huius
559 2569 672 2592 aetatibus

110 2609 171 2631 Deus
187 2615 228 2637 per
246 2610 398 2637 Pati-iarchas,
417 2609 515 2637 iudices,
527 2609 672 2636 sacerdotes,

109 2654 177 2676 reges
193 2650 216 2670 ct
233 2649 356 2676 prophetas
372 2648 402 2670 ab
419 2648 474 2670 Abel
486 2648 544 2670 insto
558 2654 631 2677 usque
642 2648 671 2670 ad

111 2687 217 2709 loannem
230 2687 353 2715 baptistam
366 2687 412 2709 Filii
424 2687 460 2709 sui
472 2687 598 2709 adventum
609 2693 672 2714 prae-

110 2726 228 2753 nuntiare,
246 2726 380 2754 promittere
402 2733 428 2749 30
451 2727 607 2754 praefigurare
624 2732 670 2748 non

111 2764 197 2786 destitit
212 2765 238 2787 71
260 2766 273 2787 2

157 2815 188 2819 -
205 2803 299 2826 advenit
308 2804 329 2826 in
342 2804 483 2832 plenitudine
495 2807 637 2832 temporum,
649 2804 672 2826 in

112 2842 224 2870 principio
246 2846 322 2864 sextae
347 2843 438 2870 aetatis,
463 2850 522 2871 quae
547 2843 673 2871 respondet

111 2883 187 2903 sextae
203 2881 261 2908 diei,
279 2888 324 2910 qna
343 2883 412 2904 homo
434 2882 539 2904 conditus
561 2886 595 2904 est
611 2882 636 2903 71
659 2883 672 2903 3

111 2932 141 2935 —
161 2920 247 2942 Virtute
265 2920 362 2948 Spiritus
379 2921 450 2943 sancti
473 2923 583 2948 operante
605 2921 625 2943 in
643 2921 674 2942 in-

111 2958 178 2980 stanti
195 2965 280 2986 corpus
297 2959 379 2981 Christi
397 2959 437 2982 suit
449 2961 585 2986 formatum,
598 2959 672 2981 anima

112 3001 186 3019 creata
204 3000 226 3019 ct
243 2998 310 3020 simul
324 3001 448 3027 utrumque
460 2998 575 3021 Divinitati
588 2998 609 3020 in
622 3005 673 3026 per-

796 225 894 254 INDEX
916 226 1162 254 ALPfflBETiCUs

703 310 758 326 sona
776 304 823 326 Filii
841 304 971 331 counitum,
989 306 1014 326 ut
1035 304 1095 326 idem
1121 306 1180 326 esset
1206 304 1266 326 Deus

703 346 725 365 ct
742 344 823 370 homo,
841 344 903 365 salva
928 343 1047 372 utriusque
1069 343 1209 371 proprietate
1229 349 1266 365 na-

704 385 768 404 turae
785 382 810 404 71
832 383 845 404 3

751 434 779 437 -
792 421 861 443 1111115
871 424 996 449 00110ορ105
1005 421 1124 449 virgineus
1132 421 1266 444 exsultando

703 463 725 483 et
742 460 859 483 iubilando
876 460 1008 483 adorandus
1023 461 1048 482 71
1065 461 1078 482 3
1091 472 1122 476 ——
1133 461 1266 483 adorandus

703 502 737 522 est
758 506 812 522 cum
835 500 963 522 reverentia
981 499 1010 521 94
1028 499 1040 521 4
1062 499 1117 522 Vide
1141 499 1164 521 V.
1182 499 1266 522 Gonoe-

703 540 765 567 plus.

749 591 780 593 —
796 577 855 600 Cum
872 578 976 606 quietum
994 577 1108 600 silentium
1130 578 1266 600 universalis

703 617 767 644 pacis
783 616 827 639 sub
843 616 947 638 Caesaris
958 616 1054 644 Augusti
1068 616 1165 644 imperio
1178 620 1265 644 pertur-

704 655 755 678 bata
773 656 837 683 prius
853 656 943 677 saei-ula
960 659 1099 683 serenasset,
1117 656 1141 677 in
1164 659 1265 683 tantum,

704 697 727 717 ut
744 701 785 722 per
802 695 875 722 ipsius
892 695 993 717 edictum
1015 693 1196 721 describeretur,
1219 696 1266 717 uni-

703 740 785 755 versus
810 733 873 755 orbis
897 740 937 756 rex
961 733 1071 761 pacificus
1099 734 1212 761 processit
1236 734 1265 756 de

704 775 768 795 utero
786 773 891 800 virginali
916 772 1004 801 absque
1029 773 1090 795 omni
1117 773 1265 801 corruptione

702 811 727 833 71
751 812 764 833 4

748 863 780 867 -
796 851 819 873 111
837 851 959 879 praesepio
976 852 1115 873 osculandus
1131 852 1160 873 72
1180 851 1192 873 4

749 902 780 906 -
797 890 819 912 10
836 889 918 912 Cin-isti
935 890 1052 912 nativitate
1070 892 1188 917 pastorum
1201 896 1266 913 excu-

702 928 765 956 biae,
783 929 924 956 Angelorum
941 935 1081 951 concurrens
1092 929 1205 951 exercitus
1217 935 1266 951 cae-

702 968 751 989 lesti
769 968 866 990 melodia
884 968 1008 990 decantans
1030 971 1107 990 mente
1130 969 1265 996 pertractari

703 1006 787 1029 dehent
803 1007 833 1028 72
852 1007 865 1028 4

748 1058 778 1062 —-
795 1048 829 1068 est
845 1048 914 1073 eaput
940 1045 1034 1067 humani
1059 1046 1151 1073 generis
1178 1046 1218 1068 102
1238 1046 1265 1068 10

702 1097 732 1100 -
748 1087 782 1107 051
798 1086 869 1112 caput
885 1087 989 1107 nostrum
1008 1084 1052 1106 464
1071 1084 1084 1106 4

748 1136 780 1140 —
796 1130 849 1145 cum
867 1130 966 1151 magnus
977 1126 1037 1146 esset
1048 1126 1070 1146 et
1082 1124 1160 1150 diveS,
1174 1130 1215 1151 pro
1227 1130 1265 1146 no-

702 1162 738 1185 bis
762 1164 856 1185 eftectus
881 1169 968 1190 parvus
993 1165 1015 1185 et
1032 1169 1128 1190 pauper,
1145 1166 1206 1185 extra
1225 1163 1266 1185 do-

703 1208 766 1224 mum
785 1202 807 1224 in
825 1202 954 1224 diversorio
972 1202 1033 1223 nasci
1056 1202 1135 1229 elegit,
1159 1203 1266 1230 pannicu-

702 1241 728 1264 lis
744 1241 844 1269 involvi,
862 1241 919 1263 lacte
931 1241 1036 1268 vlrgineo
1048 1241 1111 1269 pasci
1124 1244 1145 1263 et
1157 1241 1215 1263 inter
1228 1241 1265 1263 bo-

703 1287 755 1302 vem
773 1283 795 1302 et
811 1280 902 1302 asinum
920 1280 942 1302 in
958 1280 1080 1308 praesepio
1092 1280 1195 1302 reclinari
1208 1280 1234 1302 71
1253 1280 1264 1302 4

701 1332 730 1336 -
750 1320 860 1342 Summus
885 1320 957 1341 sactus
982 1322 1015 1341 est
1041 1319 1112 1346 imus,
1139 1320 1266 1342 immensus

703 1365 790 1387 parvus
807 1362 828 1381 et
845 1359 928 1385 homo,
946 1358 1044 1386 putredo
1061 1361 1083 1381 et
1095 1359 1181 1381 vermis
1194 1359 1234 1380 111
1252 1358 1265 1381 4

703 1410 732 1414 -
750 1399 772 1420 10
796 1398 951 1420 incarnatione
973 1398 1013 1420 Dei
1037 1397 1148 1420 celsitudo
1173 1398 1267 1420 admisit

702 1436 868 1464 abiectionem,
885 1437 968 1459 iustitia
981 1436 1051 1459 subiit
1061 1439 1162 1465 reatum,
1174 1437 1266 1465 opulen<

703 1476 732 1498 tia
748 1476 850 1504 suscepit
866 1479 991 1504 egestatem
1012 1477 1039 1498 43
1058 1476 1070 1498 4

748 1521 838 1543 —pro
856 1515 922 1537 nobis
947 1515 1055 1537 assumsit
1079 1515 1183 1537 vilissimi
1205 1515 1265 1537 servi

703 1555 813 1582 sormam,
831 1554 853 1576 in
870 1560 897 1577 ea
914 1554 1039 1577 subiiciens
1050 1560 1074 1577 se
1087 1554 1217 1577 voluntarie
1229 1555 1266 1576 ho-

703 1594 791 1616 minum
817 1594 922 1621 potestati
949 1593 992 1615 494
1016 1600 1028 1615 3
1045 1605 1076 1610 -
1093 1596 1160 1616 natus
1184 1596 1218 1616 est
1243 1593 1266 1615 in

703 1633 776 1655 alieno
793 1633 855 1660 loco,
872 1633 896 1655 in
913 1633 987 1655 media
1005 1633 1093 1660 hieme,
1104 1633 1128 1655 in
1140 1633 1217 1655 medio
1230 1639 1267 1655 no-

703 1671 756 1699 ctis,
773 1675 835 1694 extra
852 1672 1020 1700 diversorium,
1041 1678 1054 1694 a
1077 1672 1146 1694 Matre
1169 1677 1266 1700 pauper-

703 1711 753 1734 cula
772 1711 815 1733 183
835 1711 843 1733 sl

749 1762 780 1767 υ-
797 1750 917 1779 quomodo
934 1750 957 1772 in
975 1750 1131 1773 incarnatione
1148 1751 1215 1773 suerit
1227 1752 1266 1773 hu-

703 1789 803 1812 miliatus
813 1789 853 1811 161
870 1790 891 1812 2.
900 1796 935 1818 sq.
946 1802 977 1805 —
990 1791 1114 1812 humanam
1127 1791 1266 1812 assumendo

703 1831 822 1855 naturam,
840 1829 862 1851 in
879 1829 962 1851 nostris
979 1830 1052 1851 sactus
1063 1831 1097 1851 est
1109 1829 1213 1856 humilis,
1225 1830 1266 1852 sed

704 1868 725 1890 in
743 1868 844 1896 propriis
861 1868 987 1896 permansit
1003 1869 1105 1891 excelsus
1123 1868 1167 1890 239
1187 1869 1214 1890 10

749 1919 781 1924 —
798 1907 814 1929 Α
833 1907 957 1930 nativitatis
974 1907 1055 1930 Christi
1072 1908 1166 1930 exordio
1188 1908 1268 1930 nativi-

705 1948 738 1969 tas
755 1947 830 1969 crucis
846 1946 914 1969 simul
932 1949 1009 1968 exorta
1026 1950 1060 1969 est
1078 1947 1122 1969 183
1143 1947 1148 1968 1
1172 1959 1201 1962 -
1213 1946 1267 1969 Cru-

704 1986 737 2009 cis
755 1985 892 2013 ignominia,
910 1985 976 2008 dolor
993 1988 1015 2008 et
1031 1988 1155 2014 paupertas
1168 1986 1266 2008 maxima

704 2025 779 2047 statim
797 2025 881 2047 recenti
899 2025 959 2047 ortui
976 2024 1057 2047 Christi
1075 2025 1226 2053 copulabatur
1237 2025 1266 2047 il).

705 2065 718 2086 2
735 2076 766 2081 —-
782 2064 800 2086 A
818 2063 891 2092 prima
910 2064 946 2086 die
963 2064 1086 2086 nativitatis
1112 2070 1168 2086 snae
1193 2071 1267 2093 usque

705 2103 733 2126 ad
751 2103 857 2125 ultimum
880 2103 941 2125 diem
967 2103 1047 2126 mortis
1071 2110 1164 2131 semper
1187 2104 1228 2126 suit
1244 2105 1267 2126 in

704 2142 853 2170 passionibus
869 2146 892 2164 et
908 2142 1028 2165 doloribus
1045 2143 1089 2164 122
1108 2143 1121 2164 8

751 2194 782 2198 -
798 2188 810 2203 a
827 2181 941 2210 principio
959 2184 1023 2204 ortus
1034 2182 1070 2204 sui
1082 2188 1156 2210 usque
1168 2183 1197 2204 ad
1209 2188 1267 2204 mor-

705 2223 750 2243 tem
768 2220 930 2247 durissimam,
947 2220 1018 2242 immo
1043 2223 1065 2242 et
1090 2223 1143 2248 post
1168 2223 1265 2243 mortem

703 2259 839 2287 sanguinem
857 2265 924 2282 suum
943 2266 985 2287 pro
1002 2259 1070 2281 nobis
1092 2260 1172 2282 effudit
1190 2260 1234 2282 487
1252 2261 1265 2282 2

703 2311 734 2315 -
750 2299 806 2321 Tota
823 2298 906 2321 Christi
923 2299 968 2321 vita
988 2299 1064 2327 passio
1082 2299 1122 2321 suit
1140 2299 1183 2321 483
1199 2300 1220 2321 4.
1231 2305 1266 2328 sq.

752 2349 782 2353 —-
799 2339 869 2359 horno
885 2337 982 2360 visibilis
1000 2339 1072 2360 taetus
1089 2340 1135 2365 est,
1153 2341 1178 2360 ut
1198 2344 1211 2360 a
1228 2344 1268 2360 no-

705 2375 740 2398 bis
756 2376 821 2398 visus
838 2379 953 2399 amaretur
972 2377 1016 2398 189
1034 2377 1046 2399 3

751 2427 782 2431 --
799 2414 857 2437 Caro
874 2415 955 2438 Christi
967 2418 1001 2438 est
1011 2415 1082 2438 vestis
1093 2416 1123 2438 de
1134 2416 1267 2439 castissimis

705 2453 816 2476 membris
833 2454 934 2482 Virginis
951 2455 1049 2482 Spiritus
1070 2455 1140 2477 sancti
1163 2455 1267 2477 artificio-

704 2493 769 2515 sitate
786 2496 889 2515 contexta
908 2494 936 2515 80
955 2493 979 2515 31
1000 2506 1031 2510 -
1048 2493 1105 2516 Caro
1123 2493 1204 2516 Christi
1221 2497 1265 2516 tota

704 2532 808 2560 virginea
825 2532 878 2558 suit,
895 2532 948 2561 quia
967 2532 996 2554 de
1014 2532 1098 2560 Spiritu
1117 2533 1139 2555 S.
1156 2536 1265 2561 concepta

705 2574 727 2593 et
743 2571 772 2593 de
789 2571 885 2598 Virgine
903 2574 952 2593 nata
973 2572 1011 2593 121
1035 2572 1048 2593 5

752 2622 782 2626 —-
799 2611 822 2632 ln
839 2610 928 2632 Christo
941 2610 981 2633 suit
993 2611 1118 2633 similitudo
1130 2611 1205 2633 carnis
1217 2617 1267 2639 pec-

704 2649 747 2671 cati
766 2649 794 2671 80
813 2650 836 2671 31
859 2662 889 2666 -
912 2649 1045 2672 hominibus
1070 2650 1209 2672 assimilatus
1234 2652 1268 2673 est

705 2694 746 2716 pcr
763 2688 840 2710 onmia
859 2691 949 2716 practcr
972 2689 1124 2716 ignorantiam
1147 2692 1169 2711 ct
1190 2696 1267 2717 pecca·

706 2730 755 2749 tum
773 2727 803 2749 72
821 2727 835 2749 5

752 2778 783 2782 -
799 2766 861 2788 501115
877 2768 910 2788 051
928 2766 1059 2794 impollutus
1076 2769 1098 2788 et
1120 2773 1200 2789 carens
1217 2773 1268 2795 poc-

705 2808 756 2826 0310
773 2805 856 2826 veniali
875 2806 919 2827 2112
938 2805 966 2827 -17
983 2818 1013 2821 -
1030 2811 1077 2827 non
1090 2806 1197 2828 assumsit
1209 2806 1266 2828 111111·-

706 2843 795 2865 mitatcs
813 2844 853 2866 nisi
871 2844 932 2871 illas,
949 2851 1008 2872 quae
1025 2844 1177 2866 communiter
1198 2845 1268 2873 respi-

706 2882 767 2904 ciunt
784 2885 867 2904 statum
886 2884 1000 2905 humanae
1021 2887 1127 2910 naturae,
1151 2890 1195 2905 1100
1218 2890 1268 2912 spe-

706 2921 785 2943 cialem
803 2921 877 2943 carnis
895 2921 1047 2944 infirmitatem
1066 2923 1111 2944 ‘265
1129 2922 1158 2944 *253

753 2972 783 2977 —-
800 2960 919 2989 quomodo
944 2961 1090 2988 spirituntitvr
1115 2964 1221 2983 nascatur
1238 2961 1267 2983 31)

706 2998 781 3021 anima
799 2999 881 3021 ‹lexota
900 3000 924 3022 91
947 3001 960 3021 3

1554 265 1610 288 CHR

1346 316 1375 319 ——
1393 305 1414 326 S.
1433 305 1579 333 Franciscus,
1607 312 1660 328 cum
1678 309 1764 334 quanta
1781 306 1863 329 maiori

1299 343 1441 366 solemnitate
1472 344 1573 372 valeret,
1599 344 1698 367 celebrat
1722 345 1862 367 nativitatem

1299 382 1381 405 Christi
1399 383 1444 405 535
1461 383 1475 405 7

1347 435 1376 437 —
1392 421 1457 445 Finis
1473 421 1641 445 iucarnationis
1662 423 1743 445 Christi
1767 423 1820 451 suit,
1838 426 1863 446 ut

1299 467 1340 483 nos
1358 461 1437 483 Deitati
1454 467 1510 483 suae
1527 462 1601 484 uniret
1621 462 1663 484 179
1685 463 1689 483 l
1713 475 1742 478 —-
1759 463 1781 484 in
1799 469 1862 490 prae·

1299 499 1371 521 mium
1388 500 1550 522 incarnationis
1567 503 1589 523 et
1607 501 1719 528 passionis
1741 507 1796 523 suae
1818 508 1860 524 1105

1299 538 1361 566 ipsos
1378 540 1427 561 vult
1445 538 1530 561 habere
1549 540 1591 561 189
1612 540 1624 560 3

1347 590 1375 593 —
1393 578 1415 600 ln
1427 577 1507 600 Christi
1521 579 1637 601 nativitate
1650 579 1721 601 illuxit
1734 579 1800 601 nobis
1811 580 1861 602 dies

1298 617 1464 644 redemptionis
1480 617 1510 639 72
1529 617 1541 639 4
1562 630 1593 633 —
1615 624 1657 640 nos
1678 619 1862 640 conformiwerat

1299 655 1392 682 imagini
1410 656 1502 678 Deitatis
1519 663 1574 679 suae
1591 657 1702 685 creando,
1714 660 1736 679 et
1748 658 1796 686 ipse
1807 663 1860 680 con-

1298 695 1408 717 formatus
1425 698 1459 717 cst
1475 695 1569 723 imagini
1587 696 1734 718 humanitatis
1757 699 1862 723 nostrae,

1299 736 1322 755 ut
1340 740 1381 755 1105
1397 735 1532 757 reformaret
1553 735 1594 757 189
1612 736 1625 757 3

1345 785 1376 789 -
1393 773 1453 795 Deus
1471 775 1543 796 sactus
1560 777 1594 796 est
1614 776 1683 797 1101110
1707 775 1769 803 vilis,
1793 776 1862 798 misci·

1298 813 1320 833 et
1337 818 1426 839 pauper
1442 812 1472 834 ad
1493 813 1660 835 restituendum
1684 814 1751 836 nobis
1773 814 1861 842 paradi-

1298 856 1349 872 sum
1373 851 1472 878 gloriae,
1497 852 1593 874 laetitiae
1615 855 1637 874 01
1654 853 1783 880 opulentiae
1805 854 1829 875 13
1849 853 1861 875 4

1297 901 1328 905 -
1344 890 1473 912 Altissimus
1490 892 1615 918 lmpcrator
1626 892 1715 919 acecpit
1726 893 1861 914 servitutem

1298 927 1425 956 abiectam,
1438 932 1462 951 ut
1473 929 1652 952 sublimaremur
1665 930 1686 952 in
1699 931 1795 958 gloriam
1807 930 1861 953 ibid.

1345 979 1376 983 —-
1392 968 1461 990 Filius
1479 969 1517 990 Dei
1535 969 1602 991 datus
1619 972 1653 991 cst
1675 969 1697 991 in
1723 971 1815 992 fratrem
1840 974 1862 993 et

1298 1006 1399 1028 amicum
1418 1007 1438 1028 in
1452 1007 1619 1036 incarnatione,
1633 1008 1653 1030 in
1667 1008 1765 1036 pretium
1779 1009 1800 1030 in
1813 1015 1862 1036 pas-

1298 1045 1374 1073 sione,
1392 1047 1414 1067 01
1431 1045 1498 1068 datur
1515 1047 1618 1074 quotidie
1635 1047 1656 1068 in
1676 1047 1754 1069 cibum
1774 1047 1794 1069 in
1812 1054 1863 1069 con-

1299 1084 1426 1106 secratione
1443 1085 1456 1105 6
1479 1086 1504 1107 13

1347 1136 1375 1138 --
1393 1124 1458 1145 Pater
1476 1124 1621 1146 inenarrabili
1639 1125 1700 1147 dono
1722 1125 1863 1148 affluentissi-

1299 1168 1350 1184 mae
1367 1162 1467 1185 caritatis
1484 1163 1578 1185 unicum
1596 1164 1677 1186 Filium
1689 1170 1758 1186 suum
1771 1171 1813 1192 pro
1825 1171 1863 1186 no-

1298 1200 1334 1223 bis
1351 1201 1445 1224 tradidit
1462 1202 1491 1224 82
1509 1203 1538 1224 38
1555 1214 1586 1219 -
1608 1203 1669 1225 Deus
1694 1204 1757 1225 dedit
1781 1203 1862 1226 Filium

1298 1246 1367 1262 suum
1385 1240 1496 1263 beneflcio
1513 1244 1631 1269 spectante
1642 1243 1672 1265 ad
1684 1243 1771 1265 donum
1784 1249 1863 1270 super-

1298 1278 1453 1302 abundantiae
1485 1281 1506 1302 in
1532 1282 1623 1303 fratrem
1651 1285 1672 1303 et
1697 1282 1810 1310 amicum,
1840 1282 1861 1304 111

1298 1319 1398 1345 pretium
1415 1322 1437 1341 et
1453 1320 1556 1348 quotidie
1573 1321 1594 1342 in
1611 1320 1689 1343 cibum
1707 1321 1720 1342 6
1739 1322 1767 1343 13

1345 1370 1376 1374 -
1394 1359 1417 1380 111
1434 1358 1523 1381 Christo
1548 1363 1582 1382 est
1603 1360 1660 1382 ratio
1685 1360 1863 1388 exemplaritatis

1299 1401 1405 1420 aeternae
1421 1401 1444 1421 et
1461 1399 1593 1426 temporalis
1610 1399 1654 1421 242
1676 1400 1702 1421 12
1719 1412 1750 1416 -
1767 1403 1791 1422 ut
1808 1400 1863 1421 Yer-

1299 1437 1355 1460 bum
1372 1439 1515 1461 aeternaliter
1538 1439 1624 1461 dictum
1651 1441 1684 1461 est
1709 1439 1861 1467 principium,

1299 1484 1341 1505 per
1363 1478 1426 1506 quod
1452 1478 1528 1500 omnia
1555 1478 1716 1506 producuntur
1739 1479 1768 1500 85
1787 1478 1815 1500 48
1834 1490 1863 1493 —

1299 1517 1404 1539 Verbum
1422 1517 1549 1539 increatum
1576 1520 1610 1539 est
1634 1518 1754 1545 speculum
1781 1517 1864 1539 intelle-

1299 1557 1373 1578 ctuale
1390 1559 1412 1578 et
1428 1557 1545 1584 exemplar
1562 1559 1680 1579 aeternum
1698 1556 1862 1578 101111511130111-

1299 1602 1341 1618 nae
1359 1596 1482 1618 mundialis
1499 1596 1544 1618 242
1563 1596 1591 1618 12
1612 1608 1643 1612 -
1659 1599 1684 1618 111
1707 1595 1810 1618 Verbum
1833 1596 1863 1618 in-

1299 1637 1401 1657 creatum
1419 1637 1454 1657 est
1470 1635 1578 1663 splendor
1594 1637 1616 1657 et
1633 1635 1765 1663 speculum,
1782 1635 1804 1657 iu
1816 1641 1863 1663 quo

1298 1674 1471 1702 exemplaritate
1487 1677 1578 1696 aeterna
1604 1677 1685 1697 cuneta
1708 1677 1783 1696 creata
1805 1674 1863 1696 relu-

1299 1716 1352 1736 cent
1368 1713 1423 1736 ibid.

1345 1765 1377 1769 —
1394 1753 1459 1775 Pater
1476 1753 1549 1775 maior
1566 1755 1600 1775 est
1616 1752 1705 1775 Christo
1726 1759 1771 1775 non
1794 1758 1864 1781 quan-

1300 1794 1348 1814 tum
1366 1792 1395 1814 ad
1412 1792 1461 1814 eius
1478 1792 1638 1819 Divinitatem,
1651 1792 1692 1814 sed
1704 1791 1862 1814 tantummodo

1299 1833 1412 1860 quantum
1435 1831 1464 1853 ad
1486 1831 1536 1853 eius
1556 1831 1722 1853 humanitatem
1740 1830 1784 1853 240
1802 1831 1815 1853 5
1832 1843 1863 1847 —

1299 1877 1323 1893 se
1339 1871 1395 1893 dicit
1408 1871 1472 1892 Patre
1488 1871 1602 1892 minorem
1615 1870 1743 1892 secundum
1757 1873 1862 1892 naturam

1300 1911 1425 1932 humanam
1443 1910 1488 1932 267
1506 1910 1519 1931 5

1346 1962 1377 1964 -
1394 1950 1424 1970 Ex
1442 1949 1569 1976 pluralitate
1585 1951 1608 1970 et
1630 1948 1763 1971 diversitate
1785 1954 1864 1976 opera-

1300 1987 1387 2010 tionum
1405 1993 1450 2010 non
1467 1988 1571 2016 sequitur
1583 1987 1700 2015 pluralitas
1712 1993 1862 2015 personarum

1300 2027 1343 2049 nisi
1360 2027 1487 2049 secundum
1513 2027 1655 2053 Nestorium,
1681 2026 1722 2048 sed
1747 2026 1864 2054 pluralitas

1299 2066 1410 2088 virtutum
1427 2068 1449 2088 et
1465 2069 1600 2088 naturarum
1619 2066 1664 2088 267
1681 2066 1695 2088 5
1706 2078 1737 2082 -
1749 2066 1779 2088 Ex
1792 2065 1862 2087 mino-

1299 2105 1364 2127 ritate
1380 2105 1521 2132 operationis
1539 2105 1561 2127 in
1578 2104 1668 2128 Christo
1685 2108 1791 2132 respectu
1810 2110 1863 2132 ope-

1299 2150 1351 2165 rum
1369 2144 1440 2166 Patris
1456 2150 1502 2166 non
1519 2144 1623 2172 sequitur
1640 2144 1758 2166 minoritas
1776 2144 1798 2165 in
1814 2149 1864 2171 pei·-

1299 2183 1418 2205 sonalitate
1435 2183 1526 2210 divina,
1543 2183 1583 2205 sed
1601 2183 1623 2205 in
1646 2186 1726 2205 natura
1749 2185 1863 2210 assumta,

1299 2221 1342 2244 nisi
1359 2222 1487 2244 secundum
1505 2222 1585 2244 Arium
1603 2221 1654 2244 ibid.

1346 2274 1376 2277 —
1392 2260 1540 2283 circumcisus
1557 2264 1591 2283 est
1603 2267 1648 2283 non
1661 2262 1724 2290 quod
1740 2261 1863 2290 indigeret,

1299 2300 1340 2322 sed
1359 2302 1383 2322 ut
1399 2301 1555 2323 consolaretur
1572 2301 1663 2323 dolores
1680 2303 1770 2323 nostros
1787 2301 1831 2322 460
1849 2301 1857 2322 4

1298 2339 1455 2362 —innocens
1477 2346 1522 2361 non
1551 2339 1660 2361 abhorret
1681 2340 1863 2363 circumcisionis

1299 2379 1427 2400 cauterium
1444 2378 1473 2400 72
1492 2379 1505 2400 5
1522 2390 1553 2394 -
1574 2381 1668 2406 propter
1690 2379 1862 2401 similitudinem

1299 2417 1480 2439 circumcisionis
1497 2417 1585 2445 accepit
1596 2418 1753 2445 signaculum,
1766 2419 1825 2441 sieut
1841 2422 1863 2441 ct

1299 2456 1394 2477 veniens
1412 2456 1519 2484 apparuit
1531 2457 1551 2478 111
1564 2457 1711 2479 similitudine
1723 2458 1798 2480 carnis
1810 2464 1863 2486 pcc-

1299 2495 1341 2516 cati
1350 2512 1355 2521 ,
1373 2497 1397 2516 ut
1414 2494 1481 2517 nobis
1498 2495 1562 2518 1101·οῑ
1573 2496 1633 2517 531115
1646 2498 1667 2518 01
1679 2497 1818 2524 sempiterna
1831 2497 1863 2519 iu-

1299 2534 1358 2555 stitia
1376 2533 1430 2556 ibid.

1346 2585 1376 2588 —
1393 2575 1475 2595 octavo
1492 2573 1529 2595 dic.
1546 2573 1717 2596 circumciditur
1734 2576 1755 2596 ct
1767 2577 1862 2597 vocatur

1300 2612 1373 2639 lesus,
1386 2614 1411 2633 ut
1422 2612 1540 2639 sanguinis
1551 2613 1586 2635 sui
1599 2613 1698 2640 pretium
1712 2620 1757 2635 non
1770 2614 1862 2636 tardans

1300 2650 1426 2677 effundere,
1438 2656 1462 2673 sc
1475 2651 1620 2673 verissimum
1635 2652 1776 2675 salvatorem
1789 2656 1862 2675 osten-

1300 2689 1345 2713 dat.
1359 2689 1463 2712 Patribus
1474 2691 1639 2718 repromissum
1653 2694 1697 2713 tam
1709 2691 1780 2714 verbo
1791 2699 1860 2720 quam

1300 2728 1366 2756 signo
1382 2728 1412 2750 72
1430 2728 1444 2750 5
1462 2742 1491 2744 —
1508 2736 1532 2751 so
1550 2729 1656 2752 submisit
1681 2731 1747 2758 Legi,
1774 2734 1795 2753 111
1819 2737 1862 2753 nos

1300 2767 1422 2789 redimeret
1444 2774 1456 2789 a
1482 2768 1591 2790 servitute
1614 2768 1642 2791 ih.
1659 2769 1673 2791 7
1691 2781 1721 2786 ——
1739 2770 1862 2797 Sanguinis

1300 2806 1379 2828 01111510
1397 2807 1418 2828 10
1436 2807 1608 2829 circumcisione
1630 2808 1713 2830 Christi
1735 2809 1861 2836 significat,

1300 2845 1362 2873 quod
1381 2846 1470 2868 futurus
1487 2849 1535 2869 erat
1551 2853 1621 2869 verus
1639 2848 1712 2874 lesus,
1731 2847 1753 2870 id
1771 2849 1861 2870 051501-

1301 2887 1365 2906 tator
1384 2885 1427 2906 483
1450 2885 1454 2906 l

1347 2935 1375 2938 —
1393 2930 1417 2946 so
1435 2924 1522 2951 ipsum,
1540 2924 1644 2947 omnium
1668 2925 1860 2954 Redemptorcm,

1301 2965 1323 2984 ut
1341 2962 1519 2990 primogenitum
1538 2964 1609 2986 votuit
1626 2964 1719 2992 redimi,
1737 2965 1757 2986 in
1777 2965 1861 2993 templo

1301 3002 1339 3024 Dei
1357 3000 1431 3024 offerri
1448 3004 1470 3025 ct
1487 3003 1583 3025 bostiam
1602 3009 1644 3031 pro
1661 3010 1685 3026 se
1702 3004 1751 3026 dari
1768 3004 1797 3026 72
1814 3004 1828 3026 7
