2133 3317
153 916 180 935 De
195 916 255 934 victus

145 940 263 958 districtione

145 963 182 982 duo
193 968 263 986 ponun-

145 1151 172 1169 De
191 1150 262 1169 iudicio

162 1174 245 1193 vitando.

132 1620 160 1639 De
177 1620 261 1639 ciborum

158 1644 237 1663 vilitate.

278 224 335 253 406

279 302 387 331 Ioannis
407 301 513 330 decimo
533 307 606 328 nono
626 298 708 332 dicit,
729 297 803 335 quod
832 297 878 325 illa
907 297 1000 326 tunica
1021 297 1073 325 fuit
1094 296 1128 325 de

278 348 367 377 viliori
383 354 484 384 genere
498 345 617 374 vestium
632 344 815 377 Palaestinae;
831 347 858 372 et
877 344 990 372 loannes
1011 351 1129 380 evange-

278 396 340 424 lista
352 396 361 411 ¹
384 393 455 422 dixit
476 391 643 429 quibusdam
665 390 826 427 arguendo:
854 402 867 415 «
883 390 970 419 Emite
989 390 1067 419 vobis
1082 398 1128 419 ve-

279 444 333 471 stes
348 440 463 473 sericas,
478 442 510 467 ut
524 438 557 466 ad
574 441 683 475 tempus
697 437 825 475 fulgeatis
840 449 867 466 ».
884 437 916 465 Et
930 440 1042 466 sanctus
1057 438 1128 465 Mar-

279 488 354 517 tinus
374 487 401 515 in
424 485 570 522 Legenda2
592 493 642 513 sua
662 484 744 518 dicit,
759 484 908 513 Dominum
925 484 1014 513 lesum
1030 492 1085 512 non
1100 491 1129 513 se

278 533 440 563 exhibuisse
461 534 659 569 purpuratum.
677 548 712 551 —
736 532 773 560 De
795 531 899 560 vilitate
917 531 983 559 dicit
998 531 1129 567 Hierony-

278 589 341 610 mus
362 580 395 609 ad
418 580 561 609 Rusticum
572 579 602 606 ⁸:
626 590 639 603 «
655 578 785 607 Sordidae
800 582 890 607 vestes
905 578 1036 607 candidae
1053 586 1129 607 men-

279 629 313 658 tis
334 628 434 657 indicia
456 630 536 661 sunt,
552 627 614 655 vilis
634 626 728 655 tunica
742 629 932 663 contemptum
951 626 1052 655 saeculi
1069 634 1130 663 pro-

278 676 326 705 bat
340 688 366 704 ι).
389 675 473 704 Aliter
495 678 586 703 tamen
608 674 642 703 de
664 673 787 702 vestibus
817 674 945 702 hortatus
973 677 1014 702 est
1042 673 1129 710 Nepo-

279 723 386 751 tianum
408 722 435 750 in
457 722 573 759 epistola
599 721 633 749 ad
661 721 793 757 ipsum⁴‚
822 720 902 749 aliter
930 720 1013 749 etiam
1036 721 1130 749 Eusto-

278 770 389 803 chium,
410 772 442 798 ut
464 768 580 797 intuenti
604 771 687 805 patet.
703 784 742 788 -—
757 767 788 795 Et
802 770 882 801 nota,
898 767 971 804 quod
987 767 1130 796 Fratribus

278 817 355 845 nulla
378 816 421 844 hic
445 815 607 844 vestimenta
628 814 742 852 pellicea
764 814 964 843 conceduntur.

359 864 404 891 25.
429 863 507 898 Quos
537 870 637 890 moneo
659 864 710 890 etc.
739 861 786 889 Hic
814 861 870 898 agit
897 861 931 889 de
958 860 1130 890 districtione

281 914 416 947 quantum
442 909 475 938 ad
496 909 615 937 victum.
645 908 774 937 Excludit
799 908 911 945 quidem
941 908 1130 945 principaliter

280 957 426 985 iudicium
455 956 645 985 temerarium
673 958 700 984 et
731 955 849 984 aliorum
882 958 1070 992 contemptum
1099 963 1131 984 ac

280 1004 514 1042 praesumtionem
542 1004 721 1041 propriorum
753 1003 905 1037 factorum;
934 1002 1055 1031 secundo
1083 1002 1130 1031 ad-

279 1051 318 1080 dit
340 1051 525 1080 insinuantem
547 1049 775 1079 eoeltortationem
797 1049 831 1078 de
852 1049 985 1078 ciborum
1006 1049 1129 1084 vilitate,

279 1098 390 1127 dicens:
414 1098 492 1134 Quos
513 1106 612 1126 moneo
634 1100 659 1125 et
680 1096 831 1131 eoelzortor,
853 1105 888 1125 ne
906 1095 1085 1132 despiciant,
1102 1096 1130 1124 in

279 1145 394 1178 affectu,
423 1153 513 1182 neque
542 1144 684 1178 iudicem,
713 1143 913 1172 contemnendo
940 1142 984 1171 vel
1016 1142 1130 1179 vilipen-

279 1192 368 1221 dendo
383 1192 410 1220 in
426 1191 560 1228 cogitatu,
582 1190 728 1224 homiues,
744 1199 815 1229 quos
831 1190 957 1218 viderint
968 1190 978 1207 ⁵
994 1189 1129 1218 moltibus

278 1237 456 1266 vestimentis
484 1241 509 1266 et
530 1237 668 1266 eoloratis
689 1237 816 1265 indutos,
844 1236 920 1265 Unde
946 1236 1130 1272 Hieronymus

279 1285 313 1313 ad
335 1285 495 1313 Rusticum:
523 1296 536 1309 «
551 1284 619 1313 Vilis
634 1284 728 1312 tunica
743 1286 932 1319 contemptum
948 1283 1050 1311 saeculi
1066 1290 1130 1319 pro-

279 1332 342 1366 hat,
364 1332 402 1360 ita
422 1331 584 1365 dumtaxat,
606 1339 641 1360 ne
662 1331 772 1359 animus
801 1333 922 1364 tumeat,
951 1338 986 1358 ne
1018 1330 1130 1359 habitus

280 1387 427 1416 sermoque
448 1378 651 1407 dissentiant».
676 1378 706 1406 Et
728 1377 791 1406 licet
811 1377 891 1406 vitari
914 1385 969 1405 non
992 1377 1077 1413 possit
1091 1376 1130 1405 fa-

279 1426 367 1455 ciliter
389 1425 523 1454 iudicium
544 1425 709 1462 suspicionis
734 1424 777 1453 vel
804 1424 1009 1458 haesitationis,
1034 1432 1131 1453 caven-

278 1473 344 1501 dum
361 1476 401 1502 est
417 1476 507 1501 tamen
523 1472 634 1509 penitus
648 1480 664 1500 a
679 1472 780 1501 iudicio
801 1471 984 1506 definitionis,
1006 1480 1062 1508 quo
1081 1471 1129 1500 ab-

279 1520 369 1549 solute
390 1523 500 1549 utentes
522 1520 624 1548 talibus
645 1522 871 1548 contemnuntur.

358 1567 403 1595 26.
431 1566 478 1595 Uti
495 1566 567 1595 cibis
581 1570 606 1594 et
619 1565 734 1603 potibus
756 1565 895 1593 delicatis.
918 1565 976 1593 Non
998 1568 1039 1594 est
1061 1572 1128 1601 ergo

279 1613 406 1642 Fratrum
429 1613 468 1642 uti
491 1613 559 1642 cibis
580 1616 607 1641 et
627 1612 738 1650 potibus
760 1612 898 1646 delicatis,
920 1612 993 1640 sicut
1014 1620 1064 1640 neo
1088 1611 1130 1640 uti

279 1661 403 1690 vestibus
418 1661 555 1690 coloratis.
572 1661 625 1689 Hoc
640 1660 712 1689 enim
735 1659 769 1688 ad
785 1659 828 1688 ius
843 1659 963 1696 pertinet
981 1659 1130 1688 altissimae

279 1708 466 1745 paupertatis,
488 1715 559 1744 quae
581 1710 685 1744 quanto
700 1709 741 1735 est
761 1706 859 1740 altior,
881 1708 957 1734 tanto
979 1708 1006 1734 et
1027 1706 1130 1734 arctior

279 1755 360 1784 debet
374 1762 434 1783 esse
446 1755 543 1783 victus.
558 1754 631 1783 Unde
646 1754 673 1782 in
689 1753 818 1782 comitiva
828 1753 929 1781 Christi
945 1753 1049 1781 inventi
1065 1755 1130 1781 sunt

279 1810 364 1839 panes
380 1801 540 1836 hordeacei,
559 1801 666 1830 loannis
681 1804 761 1830 sexto
773 1800 793 1835 ⁶,
809 1803 836 1829 et
850 1800 903 1829 hoc
918 1800 945 1828 in
961 1799 1086 1833 desert0;
1102 1799 1129 1827 in

279 1850 389 1878 civitate
410 1852 503 1878 autem
525 1857 593 1878 usus
615 1851 656 1878 est
670 1856 741 1886 pane
758 1848 881 1882 triticeo,
896 1848 924 1876 in
940 1856 996 1884 quo
1010 1850 1038 1876 et
1052 1846 1130 1876 insti-

279 1897 332 1925 tuit
344 1897 561 1925 Sacramentum.
574 1896 704 1925 Similiter
716 1895 782 1925 etin
793 1896 902 1925 deserto
918 1894 1050 1924 ieiunavit
1061 1902 1130 1931 qua-

278 1944 404 1981 draginta
418 1943 527 1972 dierum
542 1943 646 1980 spati03
661 1942 733 1971 inter
748 1942 873 1971 homines
888 1945 981 1971 autem
996 1941 1129 1975 existens,

279 1991 346 2019 adeo
361 1998 390 2019 se
405 1990 487 2019 etiam
509 1990 701 2027 peccatoribus
723 1989 750 2018 in
772 1989 840 2018 cibis
854 1992 882 2018 et
896 1989 1008 2026 potibus
1022 1988 1130 2017 confor-

278 2038 386 2072 mabat,
408 2041 440 2066 ut
462 2041 573 2066 vorator
588 2040 615 2066 et
630 2039 739 2074 potator
753 2036 809 2065 vini
828 2036 863 2065 ab
884 2036 1043 2065 hominibus
1057 2035 1130 2064 dioe-

280 2087 368 2113 retur.
392 2084 463 2121 Quid
484 2084 511 2112 in
544 2084 596 2112 hoc
625 2083 700 2112 aliud
726 2083 806 2112 tacite
835 2083 974 2120 praedicat
1003 2082 1054 2111 nisi
1082 2081 1130 2110 da-

281 2131 449 2159 mnationem
471 2130 641 2167 hypocrisis,
664 2138 757 2159 coram
779 2129 939 2158 hominibus
960 2129 1063 2157 scilicet
1080 2136 1127 2157 au<

508 221 706 251 OPUSCULUM
727 220 793 249 XVI.
816 218 990 248 EXPOSITIO
1011 219 1115 248 SUPER
1135 218 1290 248 REGULAM
1311 219 1466 248 FRATRUM
1486 219 1649 248 MINORUM.
1670 219 1739 248 CAP.
1761 219 1801 248 111.

1185 299 1258 326 stere
1286 297 1360 326 etin
1382 297 1543 326 abscondito
1570 298 1664 326 vivere
1692 297 1830 326 delicate?
1857 297 1933 327 Unde
1964 299 2030 327 Mat-

1185 344 1258 372 thaei
1287 344 1471 373 duodecimo⁷
1499 344 1617 382 legitur,
1645 344 1719 381 quod
1749 344 1808 373 {esu
1833 344 1953 373 abeunte
1977 353 2031 381 per

1184 394 1269 424 saca,
1291 390 1430 428 discipuli
1449 394 1603 428 coeperunt
1623 391 1723 419 vellere
1743 391 1850 428 spicas.
1872 391 1923 420 Ubi
1938 391 2032 420 Glossa

1185 437 1265 471 dicit,
1288 437 1362 474 quod
1393 437 1421 465 in
1449 437 1502 466 hoc
1522 438 1679 467 docuerunt
1703 449 1717 463 «
1732 440 1871 467 austeram
1898 438 1981 466 vitam
2006 441 2032 467 et

1185 492 1240 512 non
1255 487 1449 520 praeparatos,
1464 484 1511 513 sed
1526 484 1664 521 simplices
1678 484 1753 513 cibos
1768 492 1942 522 quaerere».
1958 485 2033 514 Unde

1186 533 1294 559 certum
1317 533 1374 564 est,
1396 530 1471 568 quod
1493 533 1685 567 paupertatem
1706 533 1734 560 et
1758 531 1954 568 poenitentiam
1969 539 2034 568 pro-

1186 577 1329 606 fitentibus
1349 585 1447 607 carnes
1467 577 1495 606 in
1517 578 1645 607 domibus
1660 578 1718 607 suis
1732 581 1798 607 sunt
1812 578 1938 608 vitandae
1953 582 2034 608 extra

1186 632 1281 653 casum
1309 624 1480 653 necessitatis
1504 624 1637 661 duplicis,
1660 625 1763 653 scilicet
1792 625 1835 653 vel
1865 625 2034 654 infirmitatis

1186 671 1229 700 vel
1250 671 1398 700 debilitatis
1413 671 1588 705 manifestae;
1610 671 1691 699 iuxta
1711 671 1784 708 quod
1806 671 1904 700 beatus
1921 671 2034 701 Benedi-

1187 721 1248 747 ctus
1260 717 1271 734 8
1287 718 1394 746 inhibet
1407 718 1550 746 monachis
1568 729 1582 743 «
1597 725 1694 747 carnes
1709 718 1936 755 quadrupedum,
1955 726 2034 756 prae-

1187 768 1229 794 ter
1257 765 1318 794 illos
1346 765 1394 802 qui
1426 768 1492 794 sunt
1512 765 1625 793 omnino
1646 764 1750 794 debiles
1770 768 1798 794 et
1818 765 1964 802 aegroti».
1994 765 2035 794 Id-

1187 812 1261 841 circo
1283 812 1402 841 Ecclesia
1430 812 1603 849 temporibus
1635 812 1819 849 poenitentiae
1846 813 1915 841 solet
1939 821 1955 841 a
1976 820 2036 842 car-

1187 859 1270 888 nibus
1290 859 1438 888 abstinere.
1460 859 1513 895 Qui
1539 867 1605 896 ergo
1633 862 1698 888 sunt
1726 859 1909 896 poenitentiae
1937 867 2036 897 perpe-

1187 909 1251 935 tuae
1272 906 1443 943 professores
1470 906 1505 935 ab
1529 906 1569 935 eis
1594 906 1667 935 tritis
1687 909 1714 935 et
1735 906 1850 943 integris
1875 907 1948 935 omni
1967 909 2035 936 tem-

1187 961 1254 990 pore
1282 953 1382 982 debent
1410 953 1564 987 abstinere,
1597 955 1732 990 quantum
1765 953 1869 990 patitur
1903 953 2036 991 fragilitas

1187 1000 1317 1029 humana.
1340 1000 1394 1029 Nec
1422 1000 1474 1028 hoc
1503 999 1621 1034 sufficit,
1643 1000 1694 1028 nisi
1716 1003 1743 1029 et
1764 1008 1780 1029 a
1804 1000 1974 1037 sumptuosis
1999 1000 2037 1037 pi-

1187 1048 1280 1076 scibus
1308 1050 1335 1076 et
1356 1047 1471 1076 marinis
1492 1047 1592 1076 belluis
1620 1047 1749 1076 studeant
1781 1047 1928 1076 abstinere.
1960 1047 2036 1077 Unde

1187 1094 1337 1131 Gregorius
1358 1094 1391 1123 ad
1413 1094 1596 1131 Augustinum
1609 1093 1639 1122 ⁹:
1667 1105 1680 1119 «
1694 1094 1746 1130 Qui
1768 1102 1783 1122 3
1801 1101 1884 1123 carne
1899 1094 2037 1123 abstinent

1187 1149 1363 1178 nequaquam
1386 1141 1594 1178 sumptuosiora
1615 1141 1787 1170 marinarum
1804 1141 1960 1170 belluarum
1974 1149 2036 1171 con-

1187 1188 1260 1217 vivia
1280 1191 1489 1225 praeparent».
1519 1188 1674 1217 Ridiculosa
1701 1188 1786 1225 igitur
1815 1188 1925 1217 videtur
1952 1188 2036 1217 absti-

1187 1234 1295 1267 nentia,
1318 1235 1440 1263 maxime
1461 1234 1647 1271 pauperibus,
1670 1242 1768 1264 carnes
1795 1243 1850 1263 non
1876 1237 1988 1272 tangere
2009 1237 2036 1263 et

1187 1282 1276 1318 pisces
1303 1289 1439 1318 quaerere
1467 1282 1596 1311 cariores.
1627 1282 1658 1310 Et
1685 1282 1868 1319 Hieronymus
1896 1282 1930 1311 ad
1951 1282 2037 1311 Pauli-

1187 1337 1255 1357 num
1268 1329 1309 1357 1⁰:
1336 1340 1350 1353 «
1364 1329 1404 1357 Sit
1424 1329 1473 1357 tibi
1495 1329 1556 1357 vilis
1577 1331 1604 1357 et
1619 1329 1794 1365 vespertinus
1812 1329 1906 1364 cibus;
1921 1329 1997 1358 olera
2010 1331 2038 1358 et

1187 1376 1327 1413 legumina
1354 1375 1552 1413 interdumque
1578 1375 1725 1413 pisciculos
1750 1384 1854 1413 paucos
1882 1384 1933 1413 pro
1961 1384 2037 1405 sum-

1187 1424 1239 1452 mis
1260 1423 1345 1452 ducas
1366 1423 1470 1452 deliciis
1485 1434 1512 1451 ».

1266 1471 1417 1508 Sequitur:
1441 1470 1497 1499 Sed
1526 1470 1623 1508 mayis
1649 1470 1850 1508 zmusqm'sque
1878 1470 1986 1499 iudicet
2011 1473 2037 1499 et

1186 1518 1328 1555 despiciat
1355 1518 1548 1554 semetipsum.
1578 1518 1632 1546 Hoc
1660 1517 1733 1546 enim
1763 1525 1845 1547 verae
1873 1517 2037 1547 humilitatis

1187 1565 1315 1593 convenit
1344 1564 1548 1601 professoribus
1576 1572 1605 1593 se
1636 1564 1710 1601 ipsos
1738 1564 1879 1601 despicere
1900 1568 1927 1593 et
1947 1564 2037 1602 despi-

1187 1612 1288 1641 cabiles
1309 1614 1450 1648 reputare.

1465 1701 1672 1734 (OAPITULUM
1696 1701 1760 1734 ΠΙ.)

1238 1785 1276 1810 DE
1294 1791 1381 1810 DIVINO
1399 1791 1493 1810 OFFIOEO
1512 1791 1543 1809 ΕΤ
1555 1791 1664 1817 4ΙΕῙὈἨῘΟ1
1683 1791 1715 1809 ΕΤ
1734 1791 1850 1813 QUOMODO
1868 1784 1986 1809 FRATRES

1426 1834 1540 1853 DEBEANT
1559 1834 1600 1852 IRE
1618 1835 1667 1852 PER
1684 1834 1800 1852 MUNDUM.

1258 1915 1346 1940 Clerici
1360 1914 1454 1940 faciant
1467 1915 1579 1939 divinum
1593 1914 1701 1940 officium
1715 1914 1849 1939 secundum
1860 1914 1970 1939 ordinem
1982 1921 2037 1939 san-

1186 1959 1240 1985 ctae
1259 1959 1385 1984 Romanae
1397 1958 1537 1987 Ecclesiae,
1557 1957 1658 1989 excepto
1677 1957 1814 1988 Psalterio,
1834 1965 1863 1982 ex
1881 1964 1929 1989 quo
1945 1957 2036 1982 habere

1187 2001 1306 2034 poterunt
1322 2001 1458 2027 Breviaria.
1472 2001 1540 2026 Laici
1552 2008 1611 2026 vero
1629 2000 1714 2026 dicant
1726 2000 1817 2032 viginti
1836 2000 1943 2032 quatuor
1960 1999 2037 2025 Pater

1186 2045 1272 2071 noster
1285 2053 1330 2077 pro
1343 2045 1482 2075 Matutin03
1502 2051 1548 2076 pro
1567 2044 1650 2069 Laude
1664 2044 1785 2076 quinque3
1805 2051 1850 2075 pro
1869 2044 1965 2074 Prima,
1980 2044 2037 2068 Ter-

1186 2088 1234 2118 tia,
1254 2088 1340 2117 Sexta,
1362 2087 1447 2117 Nona,
1467 2094 1512 2118 pro
1532 2086 1643 2118 qualibet
1662 2086 1770 2111 istarum
1793 2086 1905 2117 septem3
1928 2093 1974 2117 pro
1990 2086 2035 2111 Ve-

1187 2131 1267 2163 speris
1285 2131 1369 2155 autem
1388 2130 1531 2159 duodecim3
1551 2137 1596 2161 pro
1617 2129 1783 2161 Oompletorio
1802 2129 1896 2161 septem
1920 2128 1945 2154 et
1963 2128 2035 2154 orent

344 2280 351 2293 ¹
371 2281 398 2303 Ut
415 2279 511 2303 habetur
525 2280 551 2302 V.
564 2280 676 2302 Historiae
693 2279 826 2302 certaminis
837 2279 1014 2307 Apostolorum,
1032 2278 1131 2301 tributae

280 2320 376 2348 Adeae,
389 2320 465 2348 primo
478 2319 616 2348 Babyloniae
627 2319 738 2347 episcopo
751 2318 800 2347 (cfr.
812 2324 883 2346 supra
895 2324 950 2346 pag.
960 2319 1013 2345 283,
1022 2320 1077 2340 nota
1088 2317 1128 2347 7.)‚

282 2360 351 2382 Paris.
373 2359 438 2386 1571,
456 2365 510 2387 pag.
528 2357 589 2381 621³:
608 2358 681 2380 Emite
698 2358 766 2380 vohis
783 2358 868 2380 sericas
883 2360 971 2384 vestes,
984 2360 1008 2379 ut
1020 2363 1063 2384 pro
1075 2359 1130 2379 tem-

281 2405 337 2427 pore
354 2399 459 2426 fulgeatis
475 2398 534 2420 51001
551 2404 615 2425 rosa,
627 2403 700 2426 quae,
712 2397 809 2419 odorem
827 2400 848 2418 et
866 2396 976 2418 ruborem
994 2395 1130 2421 ostendens,

281 2441 376 2467 repente
393 2438 520 2460 marcescit.

344 2476 352 2489 ²
370 2476 484 2504 Sulpicius
501 2477 614 2503 Severus,
631 2475 661 2498 (le
680 2475 730 2498 Vita
742 2475 767 2497 B.
779 2475 879 2501 Martini,
897 2480 916 2496 c.
929 2474 972 2501 24,
984 2477 1072 2500 narrat,
1084 2473 1131 2496 dia-

281 2516 359 2538 bolum
383 2516 434 2538 luce
459 2521 577 2543 purpurea
601 2514 776 2537 circumiectum
799 2516 910 2542 vesteque
935 2513 998 2540 regia
1022 2513 1129 2535 indutum

282 2555 378 2577 martino
396 2555 532 2583 apparuisse
550 2556 572 2576 et
589 2554 688 2577 dixisse:
709 2553 836 2576 «Christus
861 2559 904 2580 ego
929 2559 981 2575 snm
995 2561 1016 2579 n,
1039 2552 1130 2581 ipsique

281 2595 402 2616 Martinum
428 2593 591 2622 respondisse:
614 2593 663 2615 Non
680 2599 704 2615 se
722 2593 784 2615 lesus
801 2592 913 2614 Dominus
931 2595 1084 2620 purpuratum
1108 2594 1130 2613 et

282 2633 412 2655 diademate
429 2633 565 2654 renitentem
582 2635 707 2654 venturum
725 2638 776 2654 esse
795 2631 907 2660 praedixit
923 2635 965 2653 etc.

344 2671 353 2684 ⁸
370 2672 440 2699 Epist.
463 2671 512 2693 1⁶25.
530 2671 596 2699 (alias
609 2671 639 2700 4.)
652 2677 675 2693 n.
687 2671 714 2692 7:
732 2670 845 2693 Sordidae
856 2673 932 2692 vestes
944 2670 1057 2692 candidae
1070 2675 1130 2691 men-

282 2711 310 2733 tis
328 2711 409 2733 indicia
428 2711 485 2738 sint,
502 2711 554 2732 vilis
572 2710 647 2733 tunica
665 2712 823 2737 contemptum
842 2709 927 2731 saeculi
945 2708 1035 2737 probet.

344 2749 353 2762 ⁴
371 2750 440 2777 Epist.
458 2750 494 2772 52.
514 2749 579 2778 (alias
596 2750 627 2778 2.)
645 2756 667 2771 11.
686 2749 714 2771 9:
733 2749 814 2771 Vestes
826 2749 900 2776 pullas
920 2754 994 2776 aeque
1011 2748 1089 2770 devita
1106 2751 1131 2770 ut

283 2789 401 2811 candidas.
418 2788 516 2811 Ornatus
534 2791 559 2811 ut
575 2789 656 2811 sordes
674 2788 724 2816 pari
748 2788 818 2810 modo
841 2787 966 2815 fugiendae
987 2790 1052 2814 sunt,
1076 2787 1129 2815 quia

282 2828 378 2850 alterum
397 2828 502 2855 delicias,
520 2829 617 2850 alterum
635 2828 733 2855 gloriam
752 2827 839 2849 redolet
856 2829 899 2849 etc.
912 2827 981 2854 Epist.
996 2827 1033 2848 22.
1045 2826 1075 2848 ad
1086 2826 1130 2848 Eu-

283 2867 411 2893 stochium,
429 2873 451 2888 n.
468 2867 513 2888 27:
532 2867 606 2889 Vestis
623 2872 665 2889 nec
682 2867 736 2889 satis
754 2866 840 2888 munda
859 2871 901 2888 nec
918 2865 1011 2888 sordida
1029 2868 1051 2887 et
1068 2865 1129 2887 nulla

283 2906 416 2928 diversitate
437 2905 555 2933 notabilis,
573 2912 602 2927 ne
619 2906 649 2928 ad
675 2908 696 2927 te
721 2905 816 2927 obviam
843 2905 1039 2932 praetereuntium
1063 2903 1128 2926 turba

283 2945 391 2967 consistat
408 2947 430 2966 et
446 2945 518 2972 digito
536 2945 677 2967 monstreris.
690 2957 721 2961 -
734 2945 784 2966 Vat.
802 2951 855 2967 cum
875 2945 892 2966 D
909 2950 970 2973 quae
987 2944 1130 2972 praecedunt

284 2984 372 3007 Dicunt
387 2985 463 3006 tumen
483 2983 604 3013 quidam...
626 2983 727 3007 intuenti
741 2985 805 3013 patet
822 2984 917 3010 omittit,
935 2983 1035 3006 exhibita
1053 2986 1129 3005 tamen

283 3021 313 3044 ab
330 3021 453 3044 ABGFG
471 3025 493 3044 et
510 3022 546 3043 od.
569 3023 585 3044 1.

1251 2276 1260 2289 ⁵
1278 2277 1364 2299 Textus
1389 2276 1509 2304 originalis
1533 2274 1619 2298 vident.
1636 2288 1667 2291 —
1688 2275 1803 2297 Sententia
1826 2275 1919 2296 Hieron.
1938 2273 2036 2297 habetur

1188 2316 1257 2344 Epist.
1277 2316 1329 2338 125.
1348 2315 1413 2344 (31135
1431 2315 1461 2343 li.)
1480 2321 1502 2337 n.
1520 2315 1542 2337 7.
1560 2315 1628 2342 paulo
1646 2314 1755 2342 superius
1767 2314 1813 2336 iam
1825 2314 1930 2341 allegata.
1942 2326 1971 2329 —
1984 2313 2035 2336 Vat.

1187 2361 1240 2377 cum
1259 2355 1287 2381 D,
1306 2355 1342 2377 hic
1359 2354 1446 2377 omisso
1465 2353 1543 2381 Unde,
1561 2353 1655 2375 inferius
1672 2359 1715 2381 pro
1733 2353 1762 2376 Et
1777 2352 1829 2376 licet
1841 2352 1958 2375 substituit
1970 2351 2036 2375 Unde

1188 2394 1248 2417 licet.
1265 2393 1369 2416 Subinde
1387 2399 1429 2421 pro
1448 2392 1610 2416 haesitationis
1628 2393 1646 2414 G
1663 2391 1853 2415 emistimationis.

1250 2432 1260 2445 ⁶
1277 2434 1342 2455 Vers.
1360 2433 1382 2454 9.
1400 2445 1430 2448 -
1448 2432 1552 2454 Subinde
1569 2431 1725 2459 respiciuntur
1742 2431 1819 2453 Matth.
1838 2430 1863 2459 4,
1886 2431 1903 2452 1.
1919 2436 1984 2459 seqq.
1997 2429 2036 2458 (de

1186 2473 1272 2495 ieiunio
1290 2472 1381 2501 Christi)
1400 2475 1421 2494 et
1439 2472 1476 2500 11,
1495 2472 1539 2493 19ι
1558 2471 1625 2493 Venit
1643 2471 1712 2493 Filius
1730 2470 1830 2492 hominis
1853 2469 1997 2492 manducans
2013 2471 2036 2491 et

1188 2511 1283 2538 bibens,
1301 2514 1323 2533 et
1340 2511 1431 2534 dicunt:
1450 2511 1520 2539 Eece,
1534 2511 1603 2533 horno
1621 2516 1692 2532 vorax
1709 2512 1731 2532 et
1747 2512 1838 2538 potator
1855 2509 1915 2536 vini,
1933 2508 2036 2537 publica-

1187 2557 1270 2573 norum
1288 2554 1307 2572 et
1327 2553 1477 2578 peccatorum
1500 2550 1596 2571 amicus.
1614 2548 1646 2571 lbi
1664 2549 1715 2571 Vat.
1734 2549 1803 2576 legit:
1820 2547 1878 2571 adeo
1896 2554 1920 2571 se
1937 2546 2035 2570 homini-

1187 2589 1230 2613 bus
1247 2591 1270 2612 et
1286 2589 1342 2613 cibis·
1359 2591 1381 2612 et
1396 2588 1514 2618 potibus...
1530 2588 1560 2611 ab
1577 2587 1686 2611 ominbus
1703 2587 1829 2611 [liceretur.

1250 2627 1259 2641 ⁷
1278 2629 1343 2650 Vers.
1362 2628 1384 2650 1.
1401 2628 1480 2650 Glossa
1498 2630 1532 2650 est
1552 2626 1713 2650 interlinearis
1731 2627 1768 2651 (ex
1790 2626 1905 2655 Hieron.),
1931 2631 1992 2654 quae
2011 2627 2036 2648 ut

1187 2667 1312 2691 ordinaria
1331 2667 1451 2690 exhibetur
1469 2667 1490 2688 in
1508 2667 1576 2689 Marc.
1594 2667 1620 2693 2,
1638 2666 1675 2688 23.
1693 2668 1715 2688 et
1732 2666 1755 2687 in
1773 2666 1826 2688 Luc.
1841 2665 1902 2692 6,1.
1915 2665 1957 2687 Pro
1966 2670 2035 2694 prae-

1184 2709 1286 2737 paratos
1304 2707 1355 2729 Vat.
1372 2708 1506 2730 accuratos.

1250 2744 1259 2757 ⁸
1276 2746 1358 2774 Regul.
1376 2752 1396 2768 c.
1414 2746 1451 2768 39.
1468 2745 1513 2768 Csr.
1531 2751 1601 2773 supra
1620 2750 1672 2772 pag.
1691 2744 1750 2771 258,
1768 2746 1823 2766 nota
1839 2744 1861 2766 7.

1250 2784 1259 2797 ⁹
1277 2785 1367 2807 Scilicet
1384 2785 1512 2812 Anglorum
1535 2784 1689 2812 episcopum3
1716 2784 1809 2805 affertur
1829 2789 1840 2805 a
1867 2782 1986 2809 Gratiano,
2009 2781 2033 2804 C.

1186 2823 1291 2853 Denique
1307 2823 1441 2847 sacerdotes
1460 2823 1514 2852 (6.),
1540 2823 1553 2851 {j
1575 2823 1597 2845 3.
1615 2822 1736 2850 Ceterum,
1754 2822 1806 2844 dist.
1825 2821 1854 2844 4:
1872 2821 1976 2850 Denique
1992 2820 2033 2849 qui

1186 2869 1198 2885 a
1216 2869 1285 2885 carne
1302 2862 1425 2885 abstinet...
1444 2864 1575 2890 praeparet.
1592 2874 1622 2878 —
1640 2861 1751 2889 Superius
1769 2867 1811 2889 pro
1828 2859 1930 2883 marinis
1950 2859 2032 2882 belluis

1188 2902 1239 2924 Vat.
1255 2902 1362 2925 maxime
1379 2901 1469 2924 belluis.

1250 2940 1269 2953 ¹⁰
1286 2941 1357 2969 Epist.
1374 2941 1413 2962 58.
1431 2940 1495 2969 (alias
1516 2940 1561 2969 13.)
1577 2946 1599 2962 11.
1618 2940 1639 2962 6.
1656 2940 1740 2962 Textus
1757 2939 1875 2967 originalis
1892 2938 1976 2961 omittit
1989 2937 2030 2961 tibi

1187 2983 1209 3003 et
1222 2986 1322 3010 paucos.

2050 678 2122 699 Ordinat
2126 683 2133 702 s

2061 702 2122 723 Benna:
2128 719 2132 724 .

2054 865 2122 886 Notand
2129 882 2133 888 .

2061 1479 2121 1498 Hamil
2130 1491 2132 1497 .

2061 1502 2121 1522 suadet
