2133 3317
98 368 169 395 Quarta
182 368 228 387 abu-

145 396 180 410 510.

155 1268 231 1292 Quinta.

124 2086 238 2106 Notandum.

242 240 299 268 ⁵218

316 317 375 342 138.
394 316 525 341 Ardenter
543 314 668 340 comedere
687 312 725 337 est
744 312 810 337 cibos
829 311 869 336 vel
888 310 963 342 potus
981 317 1036 334 cum
1056 309 1094 333 ni-

245 361 293 386 mio
312 360 432 385 desiderio
451 365 561 386 sumere,
581 356 646 388 quod
665 356 740 380 etiam
760 355 811 379 tam
831 355 857 378 in
875 353 968 378 vilibus
981 360 1055 384 quam
1068 352 1094 376 in

246 403 358 429 delicatis
377 401 460 434 potest
479 400 578 425 cibariis
603 399 709 424 evenire.
736 397 811 422 Cuius
831 397 866 421 rei
891 396 1032 427 exemplum
1049 395 1095 420 ha-

244 447 330 471 bemus
348 446 375 470 111
393 445 468 473 Esau,
489 444 531 474 qui
549 443 606 467 vilis
625 441 673 466 cibi
691 440 854 466 delectatione
873 439 1007 469 attractus,
1027 438 1095 463 ultro

245 488 356 514 vendidit
383 485 550 519 primogenita
579 492 632 510 sua.
660 484 702 509 Ita
730 484 795 509 enim
823 483 860 508 ait
881 483 945 507 liber
964 482 1066 507 Genesis
1077 480 1094 512 ¹,

247 532 317 563 quia,
336 529 450 556 veniente
469 528 537 553 Esau
566 527 595 552 de
620 534 693 559 agro,
714 526 777 551 vidit
795 526 870 551 Iacob
894 525 999 550 fratrem
1023 532 1095 550 suum

246 573 391 605 coquentem
409 571 569 600 lenticulam,
598 570 637 595 cui
665 569 737 595 dicit:
762 570 807 594 Da
833 569 899 594 mihi
927 569 956 594 (le
984 568 1095 593 coctione

247 618 292 641 tua
312 616 360 640 11αο
377 614 453 646 rufa,
475 614 537 645 quia
556 613 649 645 oppido
669 613 755 638 lassus
774 620 840 637 sum.
854 612 888 636 Et
900 611 968 637 facta
982 610 1095 642 pactione

247 667 302 684 011111
321 658 396 684 Iacob
415 658 443 682 de
462 656 604 682 venditione
630 656 868 687 primogenitorum,
888 654 994 680 comedit
1012 654 1038 678 in
1056 661 1096 679 vo-

245 701 350 727 racitate
369 700 503 726 coctionem
523 700 597 724 nimis
625 698 791 724 desideratam
814 698 840 723 et
867 697 1017 729 dignitatem
1045 697 1097 728 pri-

248 744 429 777 mogenitorum
449 743 541 768 amisit.
561 742 623 772 Quia
647 743 712 767 enim
740 742 843 766 nimium
871 740 988 765 ardenter
1006 740 1097 765 deside-

247 788 321 813 rabat
339 787 493 816 lenticulam,
513 786 549 810 ita
568 786 597 810 ut
616 785 741 810 diceret2:
762 785 806 810 En
824 785 939 814 morton
957 784 1022 815 quid
1033 783 1098 808 mihi

242 831 389 862 proderunt
404 828 599 861 2)›·t7›zoyerzita?
618 836 668 853 non
687 828 726 853 est
748 828 863 857 dubium,
892 827 953 858 quin
980 826 1098 852 ardenter

246 873 379 899 comederit
397 872 540 904 acceptum,
560 872 625 903 quod
653 872 705 896 tam
731 871 848 896 ardenter
876 870 959 895 fuerat
977 870 1098 895 desidera-

247 917 309 942 tum.
328 917 457 946 Miserere,
478 915 705 940 misericordissime
724 914 794 943 Iesu,
815 914 876 938 mihi
894 914 1032 938 miserrimo
1046 921 1098 945 pec-

246 960 336 991 catori,
357 960 398 991 qui
418 959 513 984 nullam
539 958 602 983 diem
622 958 674 982 sine
699 957 840 982 huiusmodi
859 956 959 988 peccato
984 964 1023 981 me
1042 963 1098 981 sen-

246 1003 282 1028 tio
302 1002 453 1034 praeterire,
467 1010 497 1027 ne
516 1009 560 1033 per
580 1002 657 1026 talem
673 1008 799 1025 excessum
818 1000 875 1025 fidei
894 1000 963 1029 tuae,
984 1007 1033 1031 qua
1052 999 1098 1024 tibi

247 1046 349 1077 genitus
369 1053 437 1074 511111,
458 1052 554 1069 merear
574 1044 675 1075 perdere
695 1043 852 1075 dignitatern.
872 1042 982 1068 Econtra
1001 1042 1026 1067 et
1043 1049 1098 1067 san-

248 1089 372 1114 ctissimos
400 1089 501 1113 Eliam3
525 1088 550 1112 et
570 1088 689 1113 Ioannem
718 1086 862 1117 Baptistam
881 1086 998 1111 carnibus
1021 1085 1098 1110 nullis

248 1140 306 1158 usos
325 1133 401 1157 fuisse
421 1132 574 1163 accepimus,
601 1131 643 1155 sed
668 1138 712 1162 per
732 1129 893 1155 sobrietatem
917 1128 1098 1160 temperantiae

249 1183 289 1202 eos
316 1176 415 1200 nullum
436 1183 464 1199 ex
483 1175 529 1199 1100
548 1175 647 1200 0111111110
675 1173 792 1198 meritum
812 1172 956 1204 perdidisse.

320 1218 379 1243 139.
400 1218 520 1243 Studiose
539 1217 663 1242 comedere
692 1216 730 1241 est
757 1217 782 1240 in
812 1216 872 1241 cibis
891 1216 931 1240 vel
949 1216 975 1240 in
999 1214 1099 1246 potibus

249 1262 323 1287 nimis
342 1261 384 1286 diu
402 1261 538 1285 immorari.
558 1260 594 1285 De
612 1259 658 1285 1100
677 1258 786 1290 expertis
805 1259 944 1290 loquimur,
965 1257 990 1282 et
1002 1257 1099 1282 utinam

249 1312 299 1330 11011
317 1311 427 1329 essemus
456 1302 552 1334 experti
580 1310 624 1327 nec
652 1309 762 1334 unquam
787 1301 922 1333 experturi.
947 1300 1100 1332 Frequenter

250 1348 313 1374 solet
331 1347 447 1376 accidere,
467 1346 532 1378 quod
551 1346 640 1371 sumtis
668 1346 781 1375 cibariis,
802 1352 864 1376 quae
893 1344 1028 1369 secundum
1047 1351 1101 1368 con-

250 1391 406 1416 suetudinem
425 1390 569 1415 necessitati
588 1389 710 1414 sumentis
730 1388 832 1420 possent
851 1388 876 1412 et
895 1387 1013 1412 deberent
1032 1386 1102 1411 suffi-

250 1442 317 1463 cere,
337 1434 458 1465 quaedam
487 1433 576 1464 surgat
604 1440 669 1458 nova
697 1432 827 1457 delectatio
847 1439 876 1456 ex
903 1431 943 1455 his
961 1438 1024 1462 quae
1043 1430 1102 1454 ante

250 1478 359 1504 comesta
387 1478 454 1505 sunt,
484 1476 570 1508 utpote
597 1477 669 1507 panis
697 1469 837 1501 comedendi
847 1476 865 1505 ⁴,
885 1482 947 1506 quae
971 1473 1102 1499 delectatio

251 1522 318 1550 facit,
338 1521 461 1546 hominem
481 1519 647 1551 improvidum
667 1519 691 1543 et
710 1519 813 1543 insidias
837 1518 929 1542 diaboli
948 1524 998 1542 non
1017 1523 1102 1541 caven-

251 1565 302 1589 tem
320 1564 358 1588 illi
377 1563 429 1588 01110
449 1570 504 1588 cum
524 1562 596 1587 tanto
624 1562 707 1586 studio
735 1561 875 1590 inhaerere,
896 1560 1017 1591 tanquam
1040 1559 1103 1584 nihil

252 1607 310 1631 ante
329 1606 473 1634 comederit,
494 1606 532 1629 vel
552 1605 620 1629 intra
640 1604 732 1629 multos
757 1604 809 1629 dies
835 1603 892 1635 post
914 1603 960 1628 hoc
978 1602 1041 1627 nihil
1070 1602 1104 1626 sit

253 1650 382 1675 sumturus
401 1649 520 1674 ciborum.
539 1648 575 1672 At
594 1648 631 1672 illi
651 1648 692 1679 qui
711 1647 775 1672 hanc
800 1647 874 1678 gulae
900 1646 1005 1677 speciem
1033 1646 1059 1670 in
1078 1652 1104 1669 se

253 1692 453 1724 deprehendunt,
483 1691 619 1716 auxiliante
648 1691 712 1719 Deo,
742 1690 813 1714 facile
843 1689 949 1721 possunt
973 1688 1103 1717 resistere,

253 1736 311 1768 quia
329 1735 438 1766 impetus
457 1735 510 1759 eius
529 1742 578 1759 non
597 1734 697 1765 longius
716 1733 804 1762 durat,
826 1740 900 1764 quam
919 1732 978 1757 dum
991 1739 1006 1757 a
1019 1738 1105 1756 mensa

254 1778 374 1810 surgatur
394 1778 418 1803 et
437 1778 505 1802 illius
525 1777 590 1808 quod
609 1776 681 1802 tanto
701 1776 783 1801 studio
812 1775 969 1800 desideratur
988 1775 1106 1800 memoria

254 1821 415 1847 subducatur.
436 1821 500 1845 Sunt
519 1820 603 1845 autem
632 1820 742 1851 plurimi,
762 1819 804 1850 qui
830 1818 880 1843 tale
901 1818 1011 1843 studium
1030 1825 1106 1843 come—

255 1865 329 1890 dendi
346 1872 391 1890 nec
411 1863 540 1895 peecatum
559 1863 657 1895 quidem
676 1862 826 1892 aestimant,
840 1869 885 1887 nec
898 1861 973 1887 etiam
992 1861 1107 1892 cuiquam

256 1907 401 1940 suggerenti
430 1907 559 1939 peccatum
587 1914 653 1938 esse,
681 1906 754 1931 fidem
778 1905 908 1935 adhibent,
932 1905 1054 1930 habentes
1082 1905 1108 1929 in

255 1951 432 1977 consuetudine
467 1949 604 1975 damnabili
640 1949 704 1974 nulli
735 1949 856 1974 desiderio
884 1948 1014 1978 resistere,
1044 1948 1109 1980 quod

256 1994 337 2026 possit
355 2001 370 2018 a
388 1994 482 2019 natura
501 1993 586 2024 aliqua
605 1992 794 2018 obumbratione
817 1992 928 2021 defendi,
948 1999 992 2016 nec
1011 1991 1109 2023 ponunt

257 2037 367 2069 aliquam
386 2036 478 2061 metam
507 2036 627 2061 desiderio
652 2035 805 2064 comedendi,
825 2035 901 2060 donec
920 2034 1031 2066 tempore
1049 2033 1110 2058 defi-

258 2079 325 2105 ciant
344 2079 445 2111 fatigati
457 2080 475 2103 5,
494 2079 541 2104 Sed
560 2078 714 2103 christianus
738 2078 811 2103 homo
838 2078 957 2107 comedit,
977 2077 1006 2102 ut
1024 2077 1108 2106 vivat,

257 2130 308 2148 11011
326 2122 397 2152 vivit,
417 2122 446 2147 ut
464 2121 584 2150 comedat,
604 2121 668 2146 sicut
687 2120 807 2152 quidam‘³
826 2121 870 2145 ait.
889 2120 996 2151 Ideoque
1010 2120 1035 2145 et
1047 2119 1110 2144 illud

258 2166 319 2191 bene
338 2165 367 2190 de
386 2165 518 2190 inutilibus
537 2164 562 2189 et
581 2163 724 2189 voracibus:

362 2255 407 2277 Nos
424 2260 536 2277 numerus
553 2260 641 2281 sumus,
659 2256 681 2275 et
700 2254 778 2281 fruges
797 2259 935 2275 consumere
953 2252 1008 2275 nati.

332 2336 491 2361 Christianus
511 2335 595 2360 autem
614 2342 664 2360 non
684 2335 729 2364 sic,
751 2335 793 2359 sed
813 2342 910 2366 semper
922 2334 959 2359 ita
976 2334 1084 2366 surgat⁷
1097 2341 1111 2358 a

260 2388 360 2410 mensa,
380 2380 409 2405 ut
427 2379 508 2404 adhuc
527 2378 618 2404 habeat
631 2378 771 2410 appetitum
785 2378 859 2409 plura
872 2378 999 2409 sumendi,
1019 2378 1044 2402 et
1056 2384 1112 2402 eum

261 2424 303 2455 qui
322 2423 403 2448 adhuc
421 2422 487 2447 esset
507 2421 648 2453 implendus
661 2421 772 2450 eibarfis,
787 2421 892 2446 Domino
905 2421 963 2446 Iesu
977 2428 1022 2452 pro
1038 2420 1112 2452 grato

261 2474 362 2491 munere
381 2465 493 2491 conferat
512 2464 667 2496 appetitum,
681 2465 723 2496 qui
742 2471 787 2495 pro
806 2463 894 2491 nostra
913 2463 995 2488 salute
1014 2463 1113 2494 saepius

261 2510 356 2535 esurire
374 2509 454 2534 voluit
474 2508 499 2533 et
518 2508 596 2533 sitire.
625 2508 672 2532 His
700 2507 725 2532 et
752 2507 808 2532 aliis
829 2506 951 2531 similibus
974 2506 1113 2532 rationibus

327 2717 335 2730 ¹
354 2718 410 2746 Cap.
428 2719 465 2745 ²25,
484 2718 522 2740 30.

328 2749 337 2762 2
355 2750 412 2772 Gen.
430 2750 466 2777 25,
486 2749 522 2771 32.

327 2780 336 2793 ³
353 2780 415 2803 Libr.
427 2781 459 2803 111.
472 2781 530 2808 Reg.
546 2780 579 2808 17,
592 2780 613 2802 6.
632 2783 709 2802 tamen
726 2780 822 2802 dicitur:
840 2779 909 2802 Corvi
921 2786 1016 2808 quoque
1028 2779 1117 2802 desere-

267 2812 322 2834 bant
339 2812 359 2834 ei
377 2818 461 2840 panem
480 2815 502 2834 et
519 2817 603 2835 earnes
621 2817 688 2834 mane
706 2814 762 2840 etc.;
780 2811 836 2834 ibid.
859 2811 897 2839 19,
916 2812 937 2833 6.
949 2811 979 2834 (10
991 2817 1050 2839 pane
1062 2810 1117 2833 sub-

266 2843 383 2866 cinericio.
400 2843 469 2865 Marc.
488 2844 508 2870 1,
527 2843 553 2865 6:
572 2844 597 2865 Et
614 2843 713 2866 locustas
730 2846 752 2865 et
769 2843 814 2865 mel
831 2842 916 2865 edebat
934 2841 1062 2872 [loannes]⁸

308 2904 311 2908 Ι
329 2873 338 2886 ⁴¹
356 2875 386 2897 Ex
404 2875 422 2896 Α
439 2874 602 2902 supplevimus
618 2880 649 2897 ea:
660 2874 721 2897 lzst...
733 2873 876 2898 comedendi.
888 2874 984 2896 Inferius
996 2880 1039 2902 pro
1051 2873 1116 2897 intra

267 2906 285 2928 Α
302 2905 345 2948 m?
353 2911 414 2959 hod.
434 2937 452 2958 Α
470 2936 534 2959 addit
551 2936 587 2959 vel
603 2936 664 2966 forte
677 2936 772 2966 pudore
789 2936 879 2959 deuicti.

331 2966 341 2980 θ
357 2968 463 2996 August„
480 2968 510 2990 de
527 2968 647 2996 Magistro,
664 2974 684 2990 c.
702 2968 723 2990 9.
741 2975 762 2990 n.
781 2968 824 2990 26:
842 2967 972 2990 Cibandum
990 2967 1075 2996 potius,
1092 2969 1117 2989 ut

269 2998 390 3025 vivamus,
408 3005 478 3027 quam
497 2999 640 3026 vivendum,
653 3002 677 3021 ut
689 2999 802 3021 cibemur.
818 2999 902 3021 Similis
914 2999 1027 3022 sententia
1039 2998 1117 3021 11111111-

269 3033 306 3053 tur
315 3030 412 3053 Socrati.
429 3042 460 3046 —
478 3030 577 3058 Versus,
589 3030 629 3059 qui
641 3031 757 3059 sequitur,
770 3033 804 3053 est
815 3031 913 3058 Horatii,
926 3031 996 3058 Epist.
1009 3031 1031 3053 2.
1043 3037 1065 3053 v.
1079 3029 1116 3052 27.

685 233 882 263 OPUSCULUM
904 232 934 260 X.
958 232 979 259 V
982 231 1043 260 [TIS
1064 230 1214 259 MYSTtCA.
1238 229 1500 258 ADDITAMENTUM
1522 229 1544 256 V
1547 252 1552 257 .

1151 315 1216 333 unus
1234 308 1325 339 aliquis
1344 307 1474 337 inductus,
1494 307 1567 332 tanta
1595 315 1620 332 se
1648 306 1802 332 abstinentia
1826 306 1949 335 macerat,
1969 306 1998 331 ut

1151 352 1228 376 nimia
1246 351 1391 377 consumtus
1410 351 1491 375 inedia
1503 351 1530 375 in
1542 351 1676 382 languores
1695 349 1789 375 incidat
1807 349 1950 378 diuturnos,
1970 348 1999 374 ut

1151 402 1195 419 nec
1215 394 1262 419 sibi
1280 401 1325 419 nec
1343 394 1400 418 aliis
1419 393 1504 418 valeat
1522 394 1621 419 omnino
1640 393 1765 424 prodesse,
1778 393 1853 418 immo
1866 392 1912 417 fiat
1924 392 1998 417 etiam

1152 437 1266 463 omnibus
1291 437 1391 468 gravis,
1411 443 1484 468 quos,
1504 437 1525 461 si
1543 436 1724 468 gravarentur,
1752 436 1805 467 ipse
1831 435 1914 467 potius
1942 435 2000 460 alle-

1152 481 1220 505 viare
1246 480 1355 505 deberet.
1381 479 1441 509 Quis
1468 479 1518 504 ista
1546 479 1630 509 docet,
1650 479 1705 511 quis
1734 479 1834 510 sapiens
1852 478 1902 503 ista
1922 478 2000 503 facit?

1151 522 1277 555 Ignorant
1295 522 1373 551 tales,
1392 520 1476 553 quod⁸

1236 612 1316 635 Virtus
1333 614 1367 635 est
1384 611 1488 634 medium
1506 611 1616 633 vitiorum
1634 614 1657 634 et
1673 611 1782 640 utrinque
1799 611 1929 634 reductum.

1153 695 1200 720 Est
1220 695 1284 720 enim
1304 694 1427 726 quoddam
1446 694 1553 719 medium
1572 694 1638 719 inter
1657 694 1731 718 nimis
1744 694 1868 719 comedere
1887 694 1912 718 et
1929 694 2003 719 nimis

1153 738 1293 767 0115111101·ος
1314 738 1339 762 01
1366 737 1430 762 illud
1458 737 1565 762 medium
1589 737 1628 761 est
1646 737 1744 768 virtus,
1764 736 1810 762 hoc
1837 737 1876 761 est
1903 736 2003 762 tantum

1155 788 1252 806 sumere
1279 780 1464 809 alimentorum,
1484 787 1514 804 ne
1543 779 1688 804 debilitetur
1716 780 1814 804 omnino
1833 779 1940 809 natura;
1960 786 2004 804 nec

1154 824 1268 854 tantum,
1288 824 1318 848 111
1336 824 1399 848 vitia
1417 823 1575 855 vegetentur.
1595 822 1687 852 Quodsi
1706 823 1805 848 omnino
1824 822 1874 847 tale
1897 822 2003 847 medium

1155 868 1250 892 servari
1269 874 1319 892 non
1344 866 1436 897 potest,
1456 866 1541 890 tamen
1559 865 1606 891 hoc
1624 866 1706 890 caveri
1725 865 1822 896 potest,
1842 873 1872 890 ne
1897 866 1971 890 nimis
1990 873 2005 890 a

1154 911 1233 936 medio
1252 910 1395 939 recedatur,
1415 909 1440 934 id
1459 909 1508 938 est,
1530 909 1559 934 ut
1576 909 1619 934 ille
1637 910 1680 940 qui
1698 909 1781 933 minus
1800 909 1912 938 comedit,
1930 916 2006 940 quam

1155 953 1256 983 debeat,
1280 960 1330 978 non
1348 953 1422 977 nimis
1441 951 1581 981 abstineat3
1600 951 1630 976 ut
1648 952 1690 976 ille
1716 952 1758 983 qui
1777 952 1917 977 comedendi
1941 959 2006 977 men-

1156 1004 1240 1021 suram
1259 996 1360 1025 excedit,
1375 1003 1429 1020 eam
1442 1003 1492 1020 non
1511 996 1585 1020 nimis
1604 994 1718 1024 excedat,
1738 995 1775 1019 ita
1793 994 1823 1019 ut
1846 1002 1936 1026 corpus
1955 1002 2006 1020 non

1155 1039 1286 1065 nutriatur
1298 1039 1381 1068 vitiis,
1395 1039 1437 1063 sed
1450 1038 1589 1063 virtutibus
1608 1037 1778 1063 conservetur.

1228 1082 1287 1107 140.
1308 1082 1389 1112 Quare
1408 1082 1491 1106 autem
1510 1081 1556 1107 flos
1577 1082 1641 1106 croci
1659 1081 1838 1106 abstinentiam
1867 1081 2005 1113 significet,

1156 1126 1222 1151 color
1241 1126 1321 1157 ipsius
1340 1124 1463 1155 ostendit,
1482 1124 1542 1149 facit
1560 1125 1625 1149 enim
1643 1124 1797 1149 abstinentia
1816 1131 1874 1149 suos
1897 1124 2006 1149 cultores

1156 1176 1266 1198 0100005,
1293 1176 1337 1193 5110
1365 1168 1421 1193 11011
1450 1168 1551 1192 similes.
1571 1168 1629 1193 Non
1654 1168 1719 1192 enim
1746 1167 1830 1199 potest
1859 1175 1911 1192 esse
1930 1167 2005 1192 facies

1156 1212 1294 1237 rubicunda
1313 1219 1369 1236 cum
1389 1211 1516 1236 stomacho
1538 1211 1681 1236 abstinente
1691 1208 1709 1235 ⁹.
1721 1211 1858 1236 Multitudo
1871 1210 1955 1236 autem
1974 1211 2007 1236 fo-

1156 1256 1247 1281 liorum
1266 1255 1330 1280 croci
1358 1254 1452 1279 multas
1480 1255 1574 1285 species
1602 1254 1769 1279 abstinentiae
1797 1254 1921 1286 designat.
1949 1254 2008 1280 Non

1157 1299 1223 1323 enim
1243 1298 1282 1322 est
1301 1297 1456 1322 abstinentia
1476 1296 1629 1322 solummodo
1648 1297 1696 1321 cibi
1714 1296 1739 1321 et
1758 1296 1847 1328 potus,
1871 1297 1914 1322 sed
1933 1297 2009 1322 etiam

1158 1341 1238 1366 somni
1257 1340 1282 1365 et
1300 1341 1417 1365 lasciviae
1436 1340 1461 1364 et
1477 1339 1685 1365 vestimentorum
1704 1340 1730 1364 et
1747 1340 1853 1365 aliorum
1872 1340 2010 1371 quorumli-

1158 1384 1200 1409 bet
1219 1383 1413 1413 commodorum,
1428 1390 1491 1414 quae
1504 1383 1602 1414 corpori
1615 1383 1739 1414 superflue
1753 1382 1907 1413 tribuuntur,
1922 1383 1947 1408 et
1959 1383 2010 1408 bal-

1159 1435 1269 1457 neorum,
1284 1426 1479 1458 unguentorum,
1492 1426 1631 1451 stratorum
1644 1426 1770 1455 mollium,
1785 1426 2009 1456 odoramentorum,

1160 1471 1310 1495 musicorum
1329 1469 1555 1495 instrumentorum
1580 1470 1605 1494 et
1627 1469 1810 1494 cantilenarum
1829 1469 1854 1494 et
1872 1469 2010 1495 ceterorum

1160 1513 1316 1543 huiusmodi,
1337 1520 1399 1544 quae
1419 1520 1508 1537 sensus
1527 1512 1650 1538 humanos
1669 1512 1834 1544 corrumpunt
1852 1513 2010 1544 animumque

1161 1556 1320 1582 subvertunt.
1341 1556 1410 1586 Quod
1429 1556 1513 1580 autem
1532 1556 1653 1587 quaedam
1673 1555 1733 1580 folia
1747 1556 1817 1580 rubei
1836 1556 1896 1580 sunt
1913 1556 2011 1586 coloris,

1161 1600 1300 1632 significat,
1321 1599 1451 1624 caritatem
1472 1606 1569 1630 semper
1594 1599 1681 1624 debere
1706 1598 1845 1624 immixtam
1864 1606 1917 1624 esse
1936 1600 2012 1631 operi-

1161 1644 1208 1668 bus
1227 1643 1406 1672 abstinentiae,
1426 1643 1499 1674 quia,
1520 1643 1541 1667 si
1560 1643 1615 1674 quis
1634 1643 1687 1667 sine
1706 1642 1811 1667 caritate
1825 1649 1918 1673 corpus
1936 1650 2013 1668 sumn.

1163 1687 1200 1711 ita
1220 1686 1320 1718 tradat,
1339 1687 1370 1711 ut
1388 1686 1494 1717 ardeat,
1514 1685 1583 1710 nihil
1602 1686 1624 1710 ei
1639 1684 1784 1717 prodestw.
1804 1685 1929 1715 Quosdam
1948 1686 2013 1711 enim

1162 1737 1229 1759 esse,
1258 1730 1301 1761 qui
1328 1736 1378 1754 non
1408 1729 1511 1760 propter
1538 1728 1669 1754 caritatem
1695 1729 1754 1759 Dei,
1778 1729 1821 1754 sed
1846 1728 1949 1760 propter
1973 1736 2014 1753 va-

1162 1781 1221 1798 nam
1241 1773 1347 1804 gloriam
1367 1779 1392 1797 se
1415 1772 1541 1797 macerent
1560 1772 1721 1802 abstinendo,
1745 1771 1854 1797 ostendit
1872 1773 1927 1803 ipsa
1946 1772 2015 1797 Veri-

1163 1816 1212 1846 tas,
1232 1816 1311 1841 bonus
1331 1816 1410 1845 Iesus,
1431 1815 1514 1840 dicens
1534 1815 1663 1846 discipulis
1682 1815 1733 1840 suis
1744 1814 1777 1840 ²¹:
1801 1814 1865 1841 Cum
1877 1815 2014 1846 ieiunatis,

1163 1860 1243 1885 nolite
1262 1859 1319 1890 fieri
1338 1859 1406 1884 sicut
1425 1858 1576 1890 hypocritae
1596 1859 1695 1890 tristes,
1715 1859 1761 1889 qui
1783 1858 1957 1883 exterminant
1974 1858 2015 1888 fa-

1164 1903 1214 1928 cies
1233 1910 1310 1934 suas,
1334 1904 1365 1927 ut
1382 1902 1522 1927 videantur
1541 1902 1572 1927 ab
1591 1901 1739 1927 hominibus
1756 1902 1910 1927 ietzmwntes.
1922 1900 2013 1933 Amen,

1165 1946 1221 1971 dico
1241 1946 1320 1977 vobis,
1340 1946 1489 1976 receperunt
1510 1944 1647 1970 mercedem
1665 1952 1749 1970 suam.
1769 1944 1872 1974 Quare?
1891 1944 1953 1974 Quia
1966 1951 2016 1970 non

1168 1988 1228 2013 sunt
1247 1995 1322 2013 verus
1348 1995 1441 2017 0100115,
1462 1988 1504 2019 qui
1523 1987 1610 2013 carent
1628 1988 1712 2013 rubris
1731 1987 1797 2013 foliis
1816 1987 1944 2017 caritatis,
1964 1987 2016 2012 sine

1167 2040 1216 2064 qua
1241 2032 1339 2057 nullum
1368 2039 1431 2063 opus
1459 2031 1596 2062 perfectum
1615 2031 1662 2056 est.
1681 2031 1743 2063 Ipsa
1766 2032 1831 2056 enim
1859 2031 1897 2056 est
1922 2030 2015 2061 virtus,

1168 2076 1196 2100 de
1216 2083 1265 2107 qua
1283 2074 1388 2099 dicitur:
1415 2074 1462 2104 Qui
1483 2074 1560 2099 habet
1578 2081 1655 2099 unam
1673 2074 1750 2099 habet
1768 2081 1867 2103 omnes,
1890 2074 1916 2099 et
1943 2081 2017 2105 quam

1167 2119 1209 2150 qui
1227 2125 1277 2144 non
1295 2117 1379 2147 habet,
1399 2117 1424 2142 id
1444 2117 1513 2148 quod
1530 2117 1607 2142 habet
1624 2116 1758 2147 auferetur
1776 2117 1808 2142 ab
1826 2119 1893 2142 e012.

1488 2203 1572 2228 CAPUT
1592 2203 1688 2228 XLIH.

1410 2289 1451 2314 De
1470 2289 1546 2315 odore
1564 2289 1658 2320 florum
1676 2290 1774 2315 vitisffl.

1242 2375 1301 2400 141.
1321 2376 1377 2401 Iam
1395 2375 1427 2400 ad
1446 2375 1545 2401 odorem
1564 2375 1653 2401 horum
1672 2375 1761 2401 florum
1781 2375 1841 2400 vitis
1858 2375 1960 2401 nostrae
1978 2382 2019 2401 ao-

1170 2418 1300 2448 cedamus,
1319 2418 1438 2450 rogantes
1457 2419 1540 2450 ipsum
1559 2418 1730 2443 dulcissimum
1749 2418 1847 2448 Iesum,
1867 2418 1896 2443 ut
1915 2418 1953 2443 sui
1966 2418 2020 2444 odo-

1171 2463 1208 2487 ris
1226 2462 1363 2487 dulcissimi
1382 2462 1525 2494 fragrantia
1552 2462 1626 2488 corda
1653 2462 1741 2487 nostra
1769 2462 1887 2494 dignetur
1911 2461 2020 2487 suffumi-

1171 2513 1230 2538 gare
1241 2503 1268 2535 ¹⁴,
1287 2505 1317 2530 ut
1335 2505 1365 2530 de
1383 2505 1437 2537 ipso
1465 2505 1546 2530 dulcia
1571 2505 1596 2530 et
1624 2505 1717 2530 sentire
1735 2505 1761 2530 et
1783 2505 1862 2530 (110010
1883 2505 2019 2530 valeamus.

1236 2716 1246 2730 ⁷
1263 2716 1320 2739 Cod.
1337 2716 1355 2738 Α
1372 2717 1462 2745 sufflet.

1186 2779 1189 2783 ⁵
1236 2747 1246 2762 ⁸
1264 2748 1291 2770 Ut
1308 2747 1339 2770 ait
1357 2748 1443 2774 Horat„
1460 2747 1531 2775 Epist.
1549 2747 1589 2781 2¹8:
1605 2753 1628 2768 v.
1646 2746 1668 2768 9.
1685 2759 1715 2762 —
1728 2745 1840 2774 Superius
1857 2751 1900 2774 pro
1917 2750 1984 2775 quos,
2001 2744 2024 2768 si

1175 2778 1215 2808 (lm
1233 2779 1341 2838 ffllgog}
1352 2778 1487 2833 β111111161111111
1504 2784 1551 2832 ‹3de
1560 2783 1745 2832 118ιῇἱλςῐίηεηιῖαε
1770 2810 1792 2831 et
1813 2807 1912 2831 subinde
1932 2807 2022 2836 florum

1173 2848 1217 2870 pro
1234 2841 1369 2895 &hg-{2⁷3}
1394 2871 1439 2895 Cor
1468 2872 1494 2894 13
1526 2872 1539 2894 3

1237 2903 1255 2917 ¹¹
1274 2879 1351 2926 Mguh'.
1369 2890 1391 2931 e,
1410 2890 1446 2926 (εἰ
1501 2889 1507 2899 ’
1542 2889 1548 2894 “

1218 2934 1256 2971 ,Ῑῖ
1273 2936 1351 2978 11101111.
1369 2935 1412 2962 13,
1430 2935 1470 2978 425
1488 2934 1556 2975 Marc.
1575 2934 1601 2961 4,
1619 2934 1660 2982 2{;
1678 2934 1732 2988 [[11οἰ
1751 2934 1793 2987 1396,
1811 2934 1904 2986 267¹—P3
1916 2933 1948 2985 Dse
1972 2938 2024 2955 con-

1173 2966 1699 3020 ¹¹ffl¹⁰22⁶30¹5f⁰t¹¹13m⁰a'aa‘ratast:
1734 2981 1740 2987 ·
1789 2971 1835 2994 'q'
1869 2982 1874 2987 ·
1908 2981 1913 2986 ·
1947 2982 1952 2986 ·

1238 3028 1257 3044 ¹4
1274 3030 1305 3052 lta
1322 3031 1353 3057 Α;
1371 3029 1428 3051 Bon.
1446 3034 1499 3051 cum
1517 3028 1555 3051 ed.
1573 3029 1581 3050 1
1603 3027 1720 3057 aspirare.

2022 1082 2083 1106 Quare
2101 1087 2111 1101 e

2029 1110 2062 1124 eus
2074 1105 2089 1124 si

2029 1130 2060 1148 cet
2085 1134 2112 1148 01

2029 1152 2113 1172 nuntiam.
