2133 3317
609 206 804 235 OPUSCULUM
825 206 865 235 Ill.
888 205 1011 235 LtGNtm
1030 205 1137 235 vlTAE.
1158 205 1341 235 PROLOGUS.
1811 207 1848 236 69

105 286 198 314 vivum
219 287 247 314 et
267 292 413 321 magnum,
434 287 555 321 quatuor
570 283 696 312 videlicet
710 283 846 320 capitum,
862 284 895 312 ad
911 284 948 312 ir-

105 331 249 369 rigandum
265 331 349 359 totius
364 330 497 359 Ecclesiae
512 329 670 367 paradisum
680 331 699 357 ¹.
713 330 797 358 Porro
812 338 848 359 ex
863 330 948 359 huius

2 389 26 412 ιιῑ,
40 387 88 406 non-
104 377 211 407 arboris
231 377 322 414 stipite
336 377 481 405 duodecim
503 376 573 405 rami
586 375 758 414 frondibus,
779 376 903 413 floribus
921 380 948 405 et

2 411 89 435 ’ΛΜ
103 424 251 463 fructibus
278 423 402 452 adornati
424 426 609 460 consurgant,
637 423 728 460 sitque
755 421 861 460 foliam
887 423 947 451 eius

104 474 199 501 contra
219 478 299 499 omne
319 478 408 507 genus
428 470 517 498 morbi
539 469 770 499 medicamentum
792 469 948 498 efficacissi-

104 525 193 551 mum,
216 519 270 545 tam
285 524 466 553 praeservans
487 524 571 553 quam
586 524 732 553 reparans,
755 524 805 553 pro
827 523 859 544 eo
873 515 947 552 quod

104 564 222 593 verbum
244 564 342 592 crucis
360 564 456 592 virtus
478 563 531 591 Dei
543 567 584 591 est
604 563 636 591 in
656 563 779 591 salutem
794 563 875 591 omni
888 571 948 591 cre-

104 610 189 640 denti.
211 610 278 639 Flos
299 613 392 639 autem
414 610 449 639 sit
469 610 558 638 omnis
583 610 683 638 coloris
703 609 873 638 formositate
902 609 949 638 de-

104 665 186 687 corus
206 657 353 694 omnisque
372 657 466 685 odoris
486 656 621 686 suavitate
649 664 810 693 respersus,
831 656 879 693 qui
902 656 948 685 de-

105 703 284 733 siderantium
315 702 399 732 anxia
430 703 513 732 corda
544 706 571 732 et
597 702 729 732 refocillet
760 706 787 731 et
818 702 947 731 attrahat..

0 758 93 780 mauo—
105 751 234 779 Fructus
255 749 364 778 tandein
386 750 421 778 sit
442 749 602 784 duodenus,
630 748 738 778 liabens
759 749 790 778 in
810 758 840 777 sc
867 757 949 777 ontne

2 783 64 802 ‘'m‘'
104 796 338 826 delectamentum
359 800 383 825 et
404 796 498 825 omnis
519 796 637 833 saporis
658 796 871 829 saavdatenff,
901 796 949 833 qui

104 843 143 872 sic
157 843 314 872 domesticis
329 843 375 872 Dei
395 843 428 872 ad
450 843 616 880 gustandum
638 843 816 880 proponitur,
831 845 863 871 ut
877 851 949 871 sem-

103 898 153 927 per
174 898 206 919 eo
227 890 362 918 satientur
383 890 510 924 edentes,
539 893 566 918 et
587 893 678 918 tamen
706 897 849 926 nunquam
874 889 949 918 fasti-

0 936 187 966 wtnsodiant.
202 954 242 957 —
255 936 287 965 Et
308 937 353 965 hic
373 937 485 973 quidem
499 937 610 965 fructus
631 940 688 971 est,
704 936 799 974 quide
821 936 948 973 virginali

5 973 56 991 ω’
103 987 184 1013 utero
207 984 293 1012 traxit
313 983 446 1021 originem
468 987 496 1013 et
515 983 544 1012 in
566 984 639 1021 ligno
667 984 758 1013 crucis
778 983 813 1012 ad
834 983 949 1012 maturi-

103 1033 187 1059 tatem
208 1038 366 1067 saporosam
388 1038 437 1067 per
464 1030 569 1059 aeterni
591 1030 656 1059 solis
677 1030 795 1059 calorem
822 1029 950 1058 meridia-

103 1085 187 1111 num,
218 1077 319 1106 Christi
349 1077 477 1106 videlicet
508 1077 667 1111 caritatem,
699 1077 826 1114 pervenit
860 1080 886 1106 et
922 1077 949 1105 in

103 1124 185 1153 horto
216 1124 335 1160 paradisi
367 1124 507 1158 caelestis,
529 1131 623 1153 mensa
644 1124 748 1153 scilicet
775 1124 822 1153 Dei
836 1124 856 1158 ³,
877 1124 949 1152 desi-

102 1170 264 1199 derantibus
285 1171 375 1208 ipsum
391 1171 557 1208 proponitur
578 1171 775 1208 degustandus.
793 1171 823 1199 Et
842 1171 893 1199 hoe
910 1171 950 1199 in-

103 1217 195 1246 sinuat
215 1218 323 1255 primus
343 1218 511 1252 versiculus,
534 1226 590 1255 quo
611 1217 730 1246 dicitur:

315 1296 335 1322 O
354 1304 425 1326 crux,
445 1297 528 1321 frutex
547 1297 684 1326 salvificus,

350 1340 413 1365 Vivo
431 1339 500 1365 fonte
518 1340 630 1371 rigatus,

350 1383 426 1408 Cuius
443 1383 490 1408 flos
507 1382 671 1412 aromaticus,

350 1426 458 1451 Fructus
477 1426 640 1451 desideratus.

181 1501 208 1529 lt.
231 1501 334 1529 Verum
356 1500 419 1529 licet
448 1501 492 1529 hic
513 1500 622 1530 fructus
643 1508 717 1529 unus
738 1500 772 1529 sit
800 1504 827 1530 et
852 1500 950 1529 indivi-

0 1555 88 1575 ›euzsa-
102 1555 163 1582 sus,
185 1547 251 1584 quia
270 1550 363 1576 tamen
391 1547 543 1576 secundum
566 1547 626 1576 eius
655 1547 821 1584 multiplices
845 1550 948 1581 status,

0 1583 55 1604 ΡΜ
102 1593 263 1631 dignitates,
285 1593 404 1623 virtutes
424 1597 451 1622 et
479 1602 564 1631 opera
585 1594 802 1623 multiformibus
827 1594 949 1623 consola-

102 1640 224 1670 tionibus
244 1640 356 1669 devotas
376 1641 482 1669 animas
504 1641 592 1675 cibat,
614 1649 684 1678 quae
700 1641 810 1678 quidem
832 1641 866 1669 ad
881 1641 948 1669 duo-

102 1687 247 1716 denarium
276 1695 426 1716 numerum
455 1687 646 1722 reducuntur;
677 1687 737 1716 ideo
765 1688 874 1716 fructus
903 1688 948 1717 hic

102 1734 167 1771 ligni
189 1734 261 1763 vitae
282 1734 359 1771 qnasi
382 1734 435 1763 sub
456 1734 600 1763 duodecim
622 1735 769 1772 saporibus
789 1735 816 1763 in
845 1735 948 1764 duode-

102 1781 155 1810 cim
177 1781 261 1810 ramis
281 1781 435 1818 gustandus
464 1781 628 1818 proponitur
649 1785 734 1818 atque
761 1781 947 1811 describitur:

102 1829 134 1855 ut
147 1827 176 1856 in
197 1827 286 1864 primo
302 1828 461 1857 ramusculo
477 1836 555 1857 mens
576 1828 686 1857 Christo
700 1828 799 1857 devota
820 1837 946 1866 saporem

102 1874 246 1903 suavitatis
277 1875 426 1911 percipiat,
458 1875 630 1911 praeclaram
656 1875 805 1904 salvatoris
829 1876 872 1904 sui
904 1884 948 1904 re-

10 1933 82 1948 mume-
102 1921 245 1958 cogitando
270 1922 413 1959 originem
439 1922 605 1960 dulcemque
629 1923 828 1956 natiuitateni,·
853 1923 879 1951 in
906 1931 948 1952 se-

0 1954 61 1972 mu*
102 1968 192 1997 cundo
213 1969 385 2004 ramusculo,
407 1969 577 2006 diynativae
605 1970 852 1998 condescensionis
880 1979 946 1999 con-

1005 284 1197 313 versationem
1220 283 1432 321 perhmm'lenm
1464 285 1491 313 in
1523 284 1620 318 tertio,
1651 284 1847 313 celsitudinem

1003 328 1147 367 perfectae
1168 330 1308 364 virtutis5
1335 330 1361 359 in
1383 334 1497 367 quarto,
1516 331 1724 368 plenitudinem
1756 330 1849 359 abim-

1005 377 1224 406 dantissimac⁴
1254 377 1394 414 pietatis;
1424 378 1451 406 in
1483 378 1596 415 quinto,
1628 378 1849 415 confidentiam,

1005 431 1087 459 quam
1110 424 1206 452 habuit
1220 424 1248 452 in
1270 424 1393 461 periculo
1408 425 1554 461 passionis3
1577 425 1603 453 in
1623 428 1716 459 sexto,
1736 425 1849 462 patien-

1005 470 1092 503 tiam,
1114 478 1197 507 quam
1218 471 1349 499 exhihuit
1369 471 1396 499 in
1422 471 1504 500 illatis
1524 471 1634 500 iniuriis
1661 475 1688 500 et
1708 474 1850 500 contume-

1005 515 1048 544 liis
1070 517 1190 553 magnis3
1212 517 1239 545 in
1261 517 1393 554 septime,
1415 518 1627 552 constantiam,
1649 526 1732 555 quam
1757 526 1850 547 serva-

1006 562 1044 590 vit
1065 562 1092 591 in
1113 563 1172 599 ipso
1193 564 1320 592 cruciatu
1342 567 1368 593 et
1389 563 1483 593 dolore
1504 565 1672 601 asperrimae
1694 565 1800 598 crucis;
1823 565 1849 593 in

1004 612 1114 643 octavo,
1135 610 1304 644 victoriam,
1327 619 1410 648 quam
1436 614 1580 640 assecutus
1601 615 1643 640 est
1670 611 1697 640 in
1719 612 1850 640 conflictu

1005 658 1032 684 et
1054 656 1172 685 transitu
1193 658 1305 691 mortis;
1327 658 1353 686 in
1377 666 1461 692 nono,
1484 658 1708 687 resurrectionis
1734 659 1848 687 nouita-

1006 705 1060 730 tem
1082 702 1159 731 miris
1179 703 1290 732 dotibus
1310 703 1487 738 adornataun
1509 704 1536 733 in
1565 705 1686 739 decimo,
1709 705 1849 734 ascensio-

1005 749 1052 777 nis
1071 749 1293 784 sublimitatem,
1313 751 1501 788 spiritualium
1523 752 1723 781 charismatum
1745 752 1851 781 diffusi-

1006 803 1084 830 vam;
1107 796 1133 824 in
1159 797 1320 831 undecimo,
1349 798 1522 836 aequitatem
1549 798 1649 836 futuri
1669 799 1794 833 iadicii;
1823 800 1850 828 in

1005 842 1181 877 duodecimo,
1203 843 1402 872 aeternitatem
1423 844 1518 873 diuini
1538 846 1630 883 reyni.

1086 890 1111 917 5.
1145 890 1196 918 Hos
1227 893 1320 919 autem
1351 891 1411 920 ideo
1439 899 1507 920 voco
1537 891 1672 928 fractas,
1704 893 1769 930 quia
1800 901 1850 922 sua
1863 899 1998 941 ‹guarsedimn-

1007 936 1115 965 multa⁵
1135 937 1270 966 suavitate
1292 937 1428 967 delectant
1449 942 1476 967 et
1497 939 1671 968 virtuositate
1696 940 1851 971 confortant
1878 928 1898 941 ur
1920 925 1989 941 mm*

1006 983 1124 1012 animam
1141 984 1317 1013 meditantem
1334 985 1360 1013 in
1383 985 1426 1014 his
1446 989 1473 1014 et
1487 985 1645 1022 diligentius
1666 987 1774 1023 singula
1789 995 1851 1023 per-

1006 1034 1186 1065 tractantem,
1208 1032 1229 1061 si
1252 1035 1342 1061 tamen
1358 1033 1518 1069 exemplum
1539 1033 1690 1062 abhorreat
1710 1034 1850 1070 praevari-

1006 1078 1093 1106 cantis
1108 1077 1191 1112 Adae,
1207 1078 1253 1115 qui
1278 1078 1390 1116 liymtm
1403 1079 1540 1108 scientiae
1561 1079 1628 1108 boni
1641 1083 1667 1108 et
1687 1080 1761 1108 mali
1774 1088 1851 1117 prae-

1006 1125 1070 1153 tulit
1091 1124 1168 1162 liyno
1190 1126 1273 1154 vitae.
1289 1143 1327 1146 —
1341 1126 1419 1162 Quod
1438 1125 1548 1163 quidem
1564 1126 1652 1155 vitare
1673 1135 1726 1155 non
1750 1130 1851 1164 potest,
1875 1132 1961 1151 Conditio
1973 1133 1995 1151 ad

1866 1156 1899 1174 hos
1923 1158 1998 1179 gustan-

1006 1171 1057 1200 nisi
1080 1172 1178 1200 rationi
1201 1172 1295 1206 fidem,
1322 1172 1522 1210 investigationi
1545 1173 1731 1208 devotionem,
1760 1174 1852 1203 curio·
1865 1180 1998 1206 ‹tosnecessa-

1007 1218 1078 1247 sitali
1101 1219 1319 1256 simplicitatem,
1342 1219 1508 1257 tandemque
1531 1221 1633 1249 carnali
1655 1221 1747 1250 sensui
1776 1222 1852 1250 omni
1865 1208 1900 1221 Μ’

1007 1273 1056 1294 seu
1077 1266 1239 1302 prudentiae
1261 1267 1352 1295 carnis
1374 1275 1480 1295 sacram
1503 1267 1641 1304 praeferat
1662 1268 1762 1296 Christi
1786 1276 1850 1297 crib

1006 1320 1066 1341 cem
1078 1313 1098 1347 ⁶,
1121 1321 1170 1350 per
1191 1322 1275 1350 quant
1297 1314 1384 1342 sancti
1406 1314 1526 1350 Spiritus
1547 1314 1647 1343 caritas
1668 1315 1695 1343 in
1722 1315 1852 1344 cordibus

1006 1359 1112 1389 devotis
1140 1360 1278 1394 nutritur,
1308 1363 1335 1389 et
1366 1361 1533 1398 septiformis
1561 1362 1650 1398 gratia
1674 1362 1851 1396 diffunditur,

1007 1407 1079 1435 sicut
1106 1407 1132 1435 in
1161 1407 1271 1436 duobus
1304 1408 1443 1444 supremis
1472 1410 1499 1436 et
1529 1408 1676 1445 postremis
1708 1408 1852 1438 versiculis

1007 1453 1172 1489 postulatur.

1086 1501 1111 1528 6.
1144 1501 1258 1530 Dicatur
1289 1501 1374 1538 igitur
1405 1510 1460 1530 non
1491 1502 1550 1531 sine
1581 1501 1725 1531 devotione
1757 1505 1784 1532 et
1814 1502 1853 1531 la-
1881 1506 1945 1525 Oratio
1964 1512 1998 1533 [πο

1870 1530 1978 1549 obtinendis
1987 1530 1998 1548 7

1006 1548 1108 1585 crymis
1120 1549 1146 1576 ⁷:
1870 1553 1924 1572 donis
1939 1554 1999 1578 spiri-

1871 1579 1900 1596 tus
1913 1578 1932 1596 s.

1218 1635 1265 1660 His
1284 1642 1329 1660 nos
1348 1635 1401 1660 ciba
1421 1635 1557 1665 fructibus,

1253 1678 1360 1703 Illustra
1378 1679 1515 1710 cogitatus,

1253 1721 1336 1746 Rectis
1355 1722 1401 1747 duc
1420 1722 1562 1751 itineribus',

1252 1765 1340 1790 Hostis
1358 1765 1445 1797 frange
1464 1765 1574 1795 conatus,

1218 1847 1299 1872 Sacris
1318 1847 1385 1878 reple
1405 1847 1556 1879 fulgoribus,

1251 1890 1323 1921 Spira
1343 1890 1396 1921 pios
1414 1890 1528 1922 afflatus,

1252 1933 1338 1964 Sisque
1358 1933 1486 1958 Christum
1505 1933 1650 1958 timentibus

1252 1975 1413 2007 Tranquillus
1432 1975 1498 2001 vitae
1518 1976 1610 2001 status.
1629 1977 1717 2002 Amen.

163 2333 171 2346 ¹
190 2333 234 2357 Csr.
252 2335 331 2357 Esther
352 2335 391 2362 ¹0,
409 2335 435 2362 63
448 2335 504 2357 Gen.
516 2336 543 2362 ⁴2,
560 2335 593 2358 10.
606 2336 627 2358 6.
640 2338 661 2358 ct
673 2336 744 2364 Apoc.
757 2336 798 2358 loc.
812 2336 848 2359 cit.
862 2336 948 2359 Deinde

100 2373 210 2401 allegatur
226 2374 293 2396 Rom.
312 2374 333 2401 l,
351 2374 388 2396 lfi.

164 2411 173 2424 ²
190 2412 320 2440 RespIcitur
338 2413 392 2440 Sap.
410 2413 451 2440 ⁴16,
470 2413 508 2435 20.
525 2425 555 2429 —
572 2414 646 2441 Supra
664 2415 716 2441 post
737 2413 781 2442 flos
808 2414 860 2436 Vat.
884 2414 948 2437 addit

99 2449 161 2478 eius,
173 2453 196 2473 et
207 2451 264 2473 intra
277 2457 320 2479 pro
332 2451 409 2474 omnis
421 2451 515 2481 saporis
526 2451 668 2475 suavitatem
680 2452 762 2474 eadem
775 2452 843 2475 habet
854 2459 948 2476 omnem

101 2489 195 2519 saporis
211 2489 365 2517 suavitatem,
386 2490 457 2513 etad
473 2490 649 2519 deaastandum
672 2497 715 2519 pro
740 2490 772 2514 ad
793 2491 947 2520 gustandum.

163 2528 173 2541 ²⁵
191 2530 220 2551 lta
238 2529 307 2552 codd.
325 2530 342 2551 B
352 2530 367 2552 E
377 2530 394 2552 N
403 2530 421 2552 Ο
431 2530 447 2552 Ρ
457 2530 475 2558 Q
487 2530 502 2551 S
511 2530 529 2552 T
540 2530 556 2552 U
575 2535 601 2552 aa
620 2529 660 2559 bb⁴
669 2536 694 2552 cc
711 2536 764 2552 cum
783 2531 897 2553 nonnullis
909 2531 949 2553 dis-

103 2568 220 2595 serendis,
238 2568 290 2590 Vat.
306 2568 424 2596 caelestis,
442 2568 467 2591 in
485 2568 591 2592 Ecclesia
616 2568 722 2592 videlicet
746 2568 799 2596 Dei,
819 2569 863 2592 AC
874 2570 947 2593 utW

101 2609 125 2629 et
141 2607 180 2629 ed.
198 2608 205 2628 l
224 2607 332 2636 pervenit
348 2609 370 2630 et
386 2607 573 2630 desiderantibus
598 2607 676 2637 ipsum
694 2607 718 2630 in
740 2607 881 2631 amoenitate
901 2608 948 2638 spi-

102 2645 199 2669 ritualis
212 2646 332 2676 paradisi.
353 2647 448 2670 Verum.
465 2647 492 2669 lli
510 2647 571 2669 enim
597 2647 705 2669 omittunt
730 2650 853 2676 sequentes
877 2648 948 2670 versi-

101 2685 166 2707 culos
186 2685 255 2714 (quos
272 2686 376 2714 plerique
392 2688 482 2714 ponunt
501 2688 554 2714 post
570 2686 716 2715 prologum),
735 2688 757 2708 et
773 2686 857 2709 deinde
879 2687 947 2709 etiam

101 2723 195 2753 quidem
212 2727 265 2747 ante
281 2724 313 2747 ad
328 2724 511 2748 duodenarium.

165 2762 175 2775 ¹
192 2764 243 2786 Vat.
260 2763 325 2786 addit
341 2765 362 2787 et
375 2763 570 2794 perfectissimae.

164 2801 174 2815 ⁵
190 2803 242 2825 Vat.
258 2802 375 2826 mawima.
391 2804 449 2826 lnsra
465 2804 587 2831 respicitur
603 2805 658 2826 Gen.
675 2804 703 2831 ⁴2,
720 2804 743 2826 9.

165 2841 175 2854 Β
192 2842 278 2864 Similia
290 2842 399 2865 dicuntur
410 2843 433 2865 in
445 2843 545 2865 itinerar.
557 2844 640 2866 mentis
656 2843 678 2865 in
691 2843 776 2870 Deum,
789 2844 880 2871 Prolog.
891 2850 912 2866 n.
926 2843 946 2866 4.

165 2879 173 2892 ⁷
191 2881 252 2903 Haec
268 2880 341 2903 verba
357 2884 380 2904 et
397 2882 410 2903 8
428 2882 467 2910 qui
484 2884 613 2910 sequuntur
630 2882 737 2905 versiculi
753 2882 835 2904 desunt
854 2882 874 2904 in
893 2882 946 2905 edd.

86 2918 203 2947 ·(praeter
213 2920 250 2942 ed.
261 2920 291 2948 l.)
304 2922 327 2942 et
337 2920 406 2942 etiam
419 2920 440 2942 in
452 2926 498 2942 non
511 2920 591 2948 paucis
602 2921 678 2948 codd„
688 2927 789 2949 quorum
802 2924 878 2943 tamen
891 2927 946 2943 non-

103 2958 156 2980 nulli
173 2958 195 2980 in
208 2958 254 2981 tine
264 2959 369 2987 opusculi
382 2958 466 2981 habent
478 2959 526 2982 illos
537 2959 664 2982 versiculos
680 2960 717 2982 vel
734 2960 802 2982 etiam
815 2966 895 2982 omnes
908 2960 946 2983 48.

102 2995 173 3018 Huius
189 2997 320 3019 omissionis
335 2997 393 3020 ratio
411 2996 481 3020 fuisse
498 2997 601 3026 videtur,
627 2997 695 3027 quia,
719 3003 774 3020 cum
792 2997 820 3020 48
838 2997 944 3021 versiculi

1392 2294 1402 2315 l

1006 2336 1051 2359 iant
1068 2337 1136 2364 positi
1154 2339 1230 2359 essent
1246 2337 1268 2359 in
1285 2336 1369 2359 arbore
1386 2337 1498 2359 delineata
1515 2340 1537 2359 et
1554 2337 1576 2359 in
1593 2337 1691 2360 decursu
1704 2338 1851 2365 expositionis

1005 2376 1102 2404 singulis
1119 2375 1224 2403 partibus
1240 2376 1403 2404 superscripti,
1419 2382 1431 2398 a
1449 2376 1582 2404 repetendis
1599 2376 1635 2399 hic
1652 2376 1771 2399 versiculis
1781 2379 1851 2406 atque

1005 2415 1080 2443 prima
1098 2415 1133 2436 illa
1150 2415 1244 2442 stropha
1264 2414 1284 2437 Ο
1300 2420 1376 2442 crint,
1395 2415 1479 2444 frater
1495 2417 1545 2443 etc.,
1564 2415 1608 2437 iam
1631 2415 1652 2437 in
1674 2416 1772 2443 prologo
1788 2422 1811 2438 n.
1829 2417 1850 2438 3.

1005 2456 1150 2482 occurrente,
1176 2453 1260 2476 librarii
1278 2454 1467 2482 supersederunt.
1484 2455 1521 2477 Sic
1537 2457 1614 2477 aulem
1632 2454 1727 2482 accidit,
1744 2457 1769 2477 ut
1790 2455 1850 2478 duae

1006 2493 1100 2515 ultimae
1117 2494 1237 2520 strophae,
1262 2498 1323 2521 quae
1340 2493 1467 2521 incipiunt:
1484 2492 1526 2516 His
1542 2499 1585 2516 nos
1603 2492 1654 2516 ciba
1671 2495 1726 2521 etc.,
1743 2493 1766 2516 in
1783 2500 1850 2522 prac-

1004 2531 1072 2553 dictis
1089 2531 1142 2553 edd.
1159 2534 1181 2553 et
1197 2531 1266 2553 codd.
1284 2532 1375 2559 penitus
1392 2532 1523 2554 exciderint.
1540 2532 1566 2554 Hi
1584 2532 1701 2554 continent
1721 2532 1850 2555 orationem

1005 2576 1048 2598 pro
1065 2569 1197 2593 obtinendis
1214 2573 1303 2598 septem
1321 2571 1387 2593 donis
1405 2570 1504 2598 Spiritus
1521 2571 1542 2593 S.
1556 2573 1578 2593 et
1591 2572 1691 2599 perfecte
1708 2571 1850 2599 respondent

1005 2609 1100 2631 orationi
1118 2609 1139 2631 in
1157 2615 1226 2637 prosa
1246 2609 1308 2631 idem
1333 2609 1432 2637 petenti,
1449 2615 1495 2638 qua
1512 2611 1584 2631 totum
1601 2610 1741 2637 opuseulum
1758 2611 1849 2632 conclu-

1004 2648 1066 2670 ditur
1084 2648 1135 2675 (ct'r.
1151 2648 1209 2670 infra
1227 2654 1249 2670 n.
1268 2648 1322 2677 ta).
1340 2648 1397 2671 Cum
1410 2648 1478 2670 etiam
1491 2648 1598 2670 meliores
1614 2649 1734 2677 utriusque
1752 2649 1849 2672 familiae

1004 2686 1074 2709 codd,
1094 2687 1127 2709 illa
1146 2686 1229 2709 verba:
1255 2686 1354 2709 Dicatur
1372 2686 1445 2716 iqitur
1462 2692 1515 2709 cum
1533 2686 1582 2709 istis
1602 2687 1720 2709 versiculis
1737 2687 1848 2714 habeant,

1004 2725 1139 2753 praesertim
1157 2726 1174 2748 Α
1185 2725 1201 2748 C
1212 2726 1229 2747 D
1240 2726 1256 2747 ll
1267 2725 1376 2747 LUWZ
1393 2731 1433 2753 aa,
1450 2728 1472 2748 et
1488 2726 1566 2753 plures
1582 2726 1619 2748 alii
1636 2732 1648 2748 a
1665 2725 1733 2749 nobis
1748 2732 1794 2749 non
1806 2727 1849 2749 col-

1004 2764 1055 2793 lati,
1072 2764 1113 2786 sed
1131 2766 1217 2787 tantum
1235 2764 1346 2792 inspecti3
1371 2767 1460 2787 certum
1477 2767 1523 2792 est,
1541 2766 1597 2787 haec
1614 2770 1665 2788 esse
1682 2765 1790 2793 genuina.
1808 2766 1850 2788 Ta-

1005 2809 1058 2825 men
1076 2803 1144 2825 codd.
1162 2803 1184 2825 in
1202 2804 1245 2825 hoc
1256 2803 1376 2831 differunt,
1387 2803 1450 2832 quod
1463 2803 1564 2826 nonnulli
1576 2806 1665 2832 ponunt
1675 2804 1698 2826 in
1710 2804 1772 2827 initio
1787 2804 1849 2827 illam

1004 2842 1139 2870 stropham:
1158 2841 1177 2864 Ο
1193 2847 1268 2869 crux,
1286 2841 1369 2871 frutex·
1380 2845 1435 2869 etc.,
1447 2845 1469 2864 et
1487 2842 1509 2864 in
1525 2842 1570 2864 tine
1586 2842 1645 2865 duas
1662 2843 1710 2865 illas
1727 2844 1848 2871 strophas:

1003 2880 1045 2903 His
1062 2886 1106 2904 nos
1123 2880 1173 2903 ciba
1190 2883 1246 2908 etc.,
1263 2881 1312 2908 alii,
1330 2882 1354 2902 ut
1372 2881 1414 2903 DL
1425 2881 1455 2909 U,
1473 2881 1648 2904 convenientius
1665 2881 1701 2904 hic
1713 2884 1803 2909 ponunt
1814 2887 1849 2904 so-

1002 2920 1122 2942 lummodo
1140 2920 1269 2948 praedictas
1286 2919 1345 2942 duas
1361 2921 1481 2948 strophas;
1498 2920 1583 2942 deinde
1596 2926 1637 2948 per
1649 2920 1744 2943 modum
1758 2920 1848 2943 tabulae

1002 2961 1091 2987 ponunt
1108 2959 1136 2981 48
1149 2959 1288 2986 versiculos,
1304 2962 1413 2988 tanquam
1430 2959 1541 2988 capitula,
1558 2959 1643 2982 omissa
1661 2959 1736 2988 prima
1754 2960 1850 2988 stropha

1003 2997 1022 3020 Ο
1038 3003 1115 3025 cru-r,
1131 2997 1214 3027 srutea:
1230 3000 1274 3020 etc.
