2133 3317
252 202 309 230 714

506 240 539 262 1Ε1

253 293 283 296 -
300 281 401 308 Moyses,
419 280 478 302 Elias
494 282 516 301 et
533 278 637 301 Christus
655 278 683 300 40
697 278 780 301 diebus
792 279 821 300 ie-

254 320 363 342 iunarunt
379 318 432 341 ibid.
456 331 486 334 —
509 318 569 346 Quid
586 318 699 346 significet
716 318 819 346 ipsorum

254 358 364 381 ieiunium
382 357 436 380 ibid.
454 370 483 373 ——
501 357 604 380 Christus
622 357 745 379 ieiunando
758 357 822 379 dedit

253 398 384 425 exemplum
401 396 538 419 austeritatis
550 396 595 418 266
608 397 621 418 2
635 408 664 412 -
676 396 759 418 Christi
770 396 821 418 imi-

254 437 348 459 tandum
366 437 396 458 73
415 437 443 458 10
455 448 487 452 -
503 437 543 458 Ρ61·
556 436 666 458 ieiunium
680 438 759 457 contra
770 441 821 458 con-

254 476 407 504 cupiscentias
438 475 573 498 certandum
602 475 709 502 exemplo
739 474 821 497 Christi

253 516 298 539 269
320 516 356 537 10.
374 522 408 544 sq.
427 528 456 530 —
475 514 553 537 ieiunii
570 515 678 537 defensor
696 514 741 536 266
761 514 769 535 1
793 526 822 529 —

252 555 430 578 commendatur
448 560 460 576 a
478 554 550 576 sacris
571 553 706 576 doctoribus
729 553 774 575 270
793 553 820 575 13

254 607 284 611 -
302 593 434 616 attribuitur
452 593 595 616 innocentiae
617 593 719 621 paradisi
744 591 775 615 ib.
793 592 822 614 14

254 646 284 650 —
301 636 450 661 comparatur
467 633 528 655 vitae
545 632 636 655 caelesti
660 631 723 659 ibid„
746 632 774 654 15
792 644 822 648 -

253 672 299 696 Cur
315 673 344 695 sit
361 672 511 695 ieiunandum
530 671 575 694 444
601 672 630 693 25
653 683 683 687 -
708 674 821 700 quantum

253 711 320 734 nobis
337 712 458 739 imponere
475 710 603 733 debeamus
621 710 665 732 482
684 712 696 732 2
714 722 745 726 -
756 716 823 738 prae-

254 751 375 774 ferendum
393 751 505 773 saturitati
524 750 568 772 258
588 750 607 772 4.
627 750 671 772 260
691 750 727 772 11,
745 750 789 772 268
809 750 821 771 6

254 803 283 806 -
302 791 357 819 Quis
374 793 496 813 excusetur
513 796 525 812 a
549 789 640 812 ieiuniis
666 789 711 811 269
741 790 766 811 12
792 802 823 806 -

255 830 375 859 quomodo
393 830 433 852 fiat
449 828 585 852 delectabile
610 829 654 851 409
672 829 686 851 7
711 841 743 845 —
764 829 823 851 diffi-

253 870 318 892 cilius
336 872 370 891 est
387 869 469 897 guloso
487 875 514 891 ex
530 869 654 891 vitiositate
671 868 760 896 agentis
777 868 822 890 248

255 910 283 931 16
300 921 332 925 -
349 910 392 931 Sex
410 908 551 931 differentiae
568 908 648 930 ieiunii
660 908 705 930 268
724 908 737 929 9
749 920 780 924 -
792 908 823 929 16-

253 949 335 971 innare
352 951 428 976 potest
446 948 493 970 [ieri
511 949 613 976 perfecte
638 950 659 969 et
677 947 822 975 imperfecte,

254 988 314 1010 bene
331 991 352 1010 et
370 989 430 1010 male
448 988 493 1010 266
513 988 520 1009 1
542 999 573 1003 —-
599 987 704 1010 ieiunans
727 992 771 1009 non
789 988 823 1008 est

254 1028 414 1050 universaliter
436 1027 573 1050 comedente
598 1026 721 1055 perfectior
746 1026 790 1048 268
809 1026 822 1047 6

254 1080 284 1084 -
297 1067 441 1095 depravatur
454 1073 495 1094 per
507 1066 623 1088 defectum
636 1065 823 1088 circumstantiae

255 1106 299 1129 237
317 1106 331 1128 7
349 1119 379 1122 —‹
397 1106 506 1133 coniungi
525 1105 594 1127 debet
610 1112 663 1127 cum
686 1104 821 1127 abstinentia

254 1152 267 1168 a
285 1145 384 1168 sensibili
402 1146 522 1172 voluptate
540 1144 584 1167 410
603 1145 616 1166 9
639 1157 670 1161 —
691 1144 771 1166 ieiunii
790 1150 823 1166 ar-

254 1185 342 1208 ctitudo
359 1188 393 1207 est
410 1184 560 1207 abstinentiae
578 1185 669 1206 culmen
688 1184 732 1205 266
760 1183 768 1205 1
794 1195 823 1198 -

255 1225 284 1247 (16
301 1225 390 1247 ratione
407 1224 441 1246 sui
461 1224 554 1251 generis
575 1226 609 1245 est
635 1222 722 1245 bonum
748 1226 770 1245 et
794 1222 823 1245 ad

254 1264 420 1292 perfectionem
438 1263 570 1285 ordinatum
588 1261 642 1285 ibid.
659 1275 690 1278 —
708 1262 736 1285 de
754 1268 778 1284 se
790 1264 825 1284 est

254 1304 347 1326 difficile
364 1307 386 1325 et
403 1303 502 1325 arduum
521 1305 543 1324 et
555 1303 634 1324 efficax
652 1301 682 1324 ad
699 1301 825 1329 repressio-

255 1349 307 1365 nem
325 1342 426 1365 libidinis
438 1346 460 1364 et
471 1342 656 1364 exercitationem
667 1341 757 1363 virtutis
769 1340 797 1363 ib.
811 1341 824 1362 2

254 1395 285 1399 -
304 1381 427 1404 Pei-lectius
444 1385 478 1403 est
495 1381 578 1403 ieiunia
592 1386 686 1403 serrare
698 1386 769 1409 quam
784 1380 825 1402 501-

255 1427 310 1444 vere
335 1420 388 1443 ibid.
416 1433 445 1436 -
470 1420 521 1443 licet
548 1426 574 1442 ex
600 1419 729 1442 rationabili
756 1425 824 1441 causa

255 1461 317 1483 salva
331 1460 470 1488 perfectione
482 1459 598 1482 intermitti
611 1459 691 1487 possit,
703 1461 780 1481 tamen
792 1460 826 1480 est

256 1500 285 1522 de
303 1500 449 1528 perfectionis
462 1499 591 1527 integritate
604 1499 648 1520 268
660 1498 673 1520 7
691 1511 723 1514 -
734 1498 825 1520 solvere

256 1540 320 1562 facilc
338 1542 383 1567 est,
401 1539 463 1562 carni
482 1544 567 1565 suave,
585 1538 714 1560 secundum
732 1538 825 1559 inclina-

255 1579 341 1601 tionem
355 1578 459 1600 mentalis
478 1578 616 1600 intirmitatis
629 1580 650 1599 et
663 1577 824 1605 imperfectum

256 1619 286 1641 de
297 1625 321 1641 se
334 1618 378 1640 266
390 1619 402 1639 2
414 1630 443 1633 -e
452 1617 574 1645 dupliciter
584 1617 632 1639 fieri
643 1619 717 1644 potest
726 1617 825 1644 perfecte

257 1657 310 1681 ibid.
319 1670 349 1674 —
359 1657 511 1679 Fraudulenta
525 1656 726 1679 commendatione
735 1656 826 1678 solutio-

257 1698 292 1719 nis
301 1697 378 1719 ieiunii
389 1696 487 1718 carnalis
496 1696 602 1718 lasciviae
609 1701 697 1717 venena
705 1695 827 1723 propinan-

257 1740 293 1759 tur
306 1736 351 1758 267
361 1736 374 1758 3
385 1748 415 1752 —
424 1741 519 1757 servare
531 1735 641 1763 competit
653 1735 708 1757 viris
721 1734 827 1762 perfectis

259 1776 351 1798 27013
375 1788 405 1791 —
431 1775 521 1797 solvere
548 1780 592 1796 non
619 1776 652 1796 est
670 1776 826 1802 perfectorum

257 1815 302 1837 235
315 1816 328 1837 2
344 1828 371 1830 -
384 1814 584 1842 concupiscentiae
594 1813 746 1836 refrenandae
758 1819 825 1835 causa

258 1855 334 1882 magis
351 1854 462 1881 competit
480 1853 587 1881 perfectis
604 1859 675 1881 quam
688 1852 827 1881 imperfectis

259 1894 304 1916 269
322 1894 335 1915 9
361 1905 392 1909 -
418 1899 430 1915 a
448 1893 556 1920 perfectis
574 1892 694 1914 observari
712 1892 782 1915 debet
798 1892 826 1914 ad

258 1933 417 1961 superandum
436 1934 528 1954 hostem
540 1932 695 1954 domesticum
713 1931 742 1954 ib.
759 1932 785 1953 12
798 1944 827 1947 -

258 1979 300 2001 pro
318 1972 446 1994 exhibenda
465 1972 514 1994 aliis
532 1971 690 1994 misericordia
708 1977 752 1993 non
765 1976 828 1993 com-

258 2012 315 2040 petit
332 2011 483 2040 imperfectis,
501 2012 542 2033 sed
568 2010 676 2038 perfectis
693 2010 724 2033 ib.
747 2011 767 2032 11
797 2023 828 2026 -

258 2058 304 2074 non
322 2051 433 2078 competit
451 2051 505 2073 soils
523 2050 630 2078 perfectis
647 2050 692 2073 235
711 2051 731 2072 2.
750 2050 795 2072 266
818 2050 822 2072 1

259 2103 288 2107 -
306 2091 385 2113 16111011
403 2092 498 2112 effectus
515 2090 555 2112 271
579 2090 608 2111 20
625 2102 657 2106 —-
679 2092 713 2112 est.
730 2089 828 2111 medica·

259 2133 363 2152 mentum
381 2130 534 2158 spiritualium
553 2129 689 2151 morborum
708 2129 754 2151 235
772 2130 785 2151 2
797 2141 828 2144 -

259 2181 289 2186 —
307 2169 399 2191 ordinat
417 2169 535 2191 hominem
553 2169 581 2191 ad
600 2174 625 2190 se
642 2168 720 2195 ipsum
744 2167 788 2190 407
811 2168 828 2189 1.

262 2208 305 2230 409
324 2208 337 2229 7
356 2221 385 2223 -
413 2208 520 2229 solatium
545 2208 635 2229 carnale
661 2208 740 2235 procul
767 2206 830 2234 pellit

261 2247 305 2270 434
324 2248 337 2269 9
356 2260 384 2263 -ω
412 2247 519 2275 perducit
538 2246 566 2268 ad
590 2246 765 2274 purgationem,
783 2245 829 2267 illu-

260 2287 411 2309 minationem
430 2289 451 2308 61
469 2286 632 2314 perfectionem
650 2285 694 2307 270
726 2285 759 2307 15,
784 2284 824 2306 271

262 2327 269 2348 1
292 2339 321 2342 ›—
340 2326 448 2354 impetrat
466 2325 638 2353 intelligentiam
660 2324 752 2347 divinae
772 2324 830 2352 legis

261 2366 283 2388 in
301 2365 426 2393 operandis
439 2368 460 2387 et
474 2365 577 2387 veritatis
589 2364 611 2386 in
623 2364 772 2392 speculandis
784 2363 829 2385 270

262 2406 290 2427 Ἰ16
313 2417 344 2421 -
370 2405 454 2427 ieiunio
472 2404 589 2427 obtinetur
607 2404 706 2431 perfecta
725 2403 829 2425 custodia

260 2445 386 2467 sanctitatis
403 2443 433 2467 ib.
451 2444 480 2466 15
498 2456 527 2460 -
545 2447 579 2466 est
596 2442 785 2465 reconciliationis
797 2448 830 2464 sa-

261 2484 382 2511 crificium,
400 2483 491 2506 virtutis
504 2483 672 2505 incrementum
684 2481 738 2505 ibid.
751 2494 781 2498 --
791 2481 830 2503 dat

261 2524 411 2546 constantiam
425 2524 540 2551 perfectae
552 2522 643 2544 virtutis
655 2521 685 2544 ad
698 2521 829 2543 faciendum

261 2563 333 2585 ardua
351 2565 373 2585 et
390 2562 418 2584 ad
437 2562 596 2590 superandum
613 2561 710 2583 adversa
729 2560 769 2582 271
793 2560 829 2581 18.

262 2609 296 2631 sq.
319 2615 349 2618 —
376 2603 417 2624 Per
442 2602 552 2624 ieiunium
579 2600 695 2623 obtinetur
720 2599 829 2628 perfectio

262 2641 399 2668 sanctitatis,
418 2641 544 2669 sapientiae
561 2643 583 2663 et
601 2640 691 2662 virtutis
705 2639 735 2662 ib.
753 2639 781 2661 20
800 2651 830 2655 -

262 2681 410 2708 evangelicae
429 2680 562 2708 perfectioni
584 2682 685 2707 praestat
711 2678 831 2701 munimen

263 2720 307 2742 266
330 2721 334 2741 1
358 2732 387 2735 -
405 2719 452 2742 Cur
470 2719 581 2741 Dominus
595 2718 722 2746 discipulos
739 2724 785 2740 non
803 2717 831 2739 ie-

263 2760 367 2781 iunantes
384 2758 529 2781 excusaverit
547 2758 591 2780 410
610 2758 622 2779 9
640 2771 671 2773 -
697 2758 729 2780 De
745 2757 830 2779 ieiunio

263 2804 347 2826 parum
366 2804 501 2826 expressura
520 2798 561 2820 ’651
578 2797 601 2819 111
627 2797 751 2825 Evangelio
776 2795 830 2819 ibid.

264 2850 293 2853 —
311 2837 357 2860 Cur
374 2837 502 2859 institutum
520 2838 549 2860 sit
566 2837 676 2859 ieiunium
699 2837 831 2865 Quadi-age-

264 2877 335 2898 simac
355 2876 398 2898 409
416 2877 428 2898 7
448 2890 477 2892 -
500 2877 619 2906 quomodo
638 2877 659 2899 in
677 2877 762 2900 Ordine
779 2878 829 2900 Min.

264 2916 405 2938 servandum
423 2916 451 2938 sit
470 2916 513 2939 453
531 2922 551 2938 a.
570 2916 614 2939 464
633 2916 647 2938 b
673 2929 704 2933 —
725 2917 748 2939 S.
766 2917 832 2939 Fran-

264 2954 339 2976 ciscus
357 2955 415 2977 duas
432 2956 628 2983 Quadragesimas
646 2956 776 2985 praecepit,
788 2960 832 2979 ter-

265 2993 319 3015 tiam
337 2994 408 3016 suasit
426 2994 469 3016 409
487 2995 500 3016 7

954 200 1054 229 INDEX
1075 201 1325 231 ALPHABETICUS.

901 279 1003 301 lemnias
1015 291 1045 296 —
1056 279 1158 302 officium
1170 286 1238 302 suum
1249 280 1342 302 sollicite
1352 281 1423 303 adim-

855 318 925 346 plevit
942 318 983 341 361
1005 324 1017 340 a

903 358 1023 380 iERUSALEM
1046 370 1077 374 --
1095 358 1256 385 interpretatur
1274 358 1333 380 visio
1359 359 1422 386 pacis

854 396 900 418 246
918 397 931 418 8
958 409 987 412 -
1013 397 1090 419 Novae
1108 396 1230 419 ierusalem
1248 397 1422 419 fundamentum

854 438 877 458 et
893 435 1000 458 fundator
1017 439 1051 458 est
1068 436 1170 459 Christus
1197 436 1240 458 272
1259 437 1272 458 2
1294 449 1324 452 -
1348 437 1371 458 111
1389 443 1424 459 511-

855 480 952 502 pernam
973 475 1095 497 ierusalem
1118 481 1183 497 mens
1209 475 1288 497 transit
1306 481 1347 503 per
1372 481 1424 497 con·

855 514 1028 542 templationem
1047 515 1071 536 11
1096 515 1103 536 1

904 554 962 576 lasus
978 566 1010 570 —
1030 554 1124 581 proprIe
1142 553 1238 581 dicitur,
1261 554 1316 582 quia
1342 554 1363 576 in
1381 554 1424 576 1106

855 593 948 615 nomine
965 592 1081 615 obtinetur
1098 593 1160 615 salus
1178 593 1207 614 85
1226 593 1253 615 48
1273 605 1303 608 —-
1319 593 1425 615 salutaris

855 632 893 654 vel
910 633 1010 654 salvator
1029 632 1192 660 interpretatur
1211 632 1255 654 219
1275 632 1314 654 141
1343 644 1373 648 -
1391 634 1425 654 651

855 671 955 694 salvator
977 672 1007 693 92
1026 672 1048 693 1.
1069 671 1110 693 183
1129 672 1137 693 1
1159 684 1190 687 —
1207 670 1253 693 Cur
1271 674 1425 699 congruenter

856 710 878 732 in
895 710 1071 733 circumcisione
1088 710 1132 738 ipsi
1150 711 1193 732 hoc
1210 716 1295 732 nomen
1320 713 1424 738 aptatum

856 749 923 772 fuerit
938 750 982 771 183
995 750 1009 772 2
1021 761 1052 766 —-
1063 749 1125 771 Varii
1138 750 1232 771 effectus
1244 750 1313 771 huius
1325 749 1425 771 nominis

856 789 885 811 92
909 790 926 811 1.
943 795 995 818 sqq.
1013 789 1042 811 93
1062 789 1068 810 1
1091 801 1121 805 -—
1138 790 1187 811 Hoc
1204 795 1288 811 nomen
1305 790 1328 811 B.
1341 789 1425 811 Mariae

856 834 966 857 magnam
984 828 1057 851 attulit
1074 828 1220 851 dulcedinem
1245 829 1273 850 92
1292 829 1305 851 3
1330 841 1359 844 -
1384 829 1425 851 iN‘o-

856 874 909 890 men
927 868 989 890 165115
1006 868 1078 890 nutrit
1095 868 1139 890 219
1158 868 1197 890 141
1220 880 1250 884 -
1268 868 1341 896 pascit
1358 870 1380 890 et
1395 869 1424 890 fo-

856 910 895 930 vet
911 906 941 930 ib.
960 907 1004 929 143
1031 919 1062 923 -
1079 907 1101 929 10
1128 908 1171 929 1106
1196 907 1288 929 nomine
1307 910 1341 929 est
1366 907 1425 930 dele-

856 947 966 969 ctandum
984 949 1007 969 et
1024 947 1085 969 salus
1103 946 1242 975 requirenda
1260 947 1304 968 219
1324 946 1364 968 141
1394 959 1425 963 --

856 986 979 1013 Dominus,
998 987 1067 1008 frater
1083 989 1105 1008 et
1117 986 1206 1008 amicus
1218 989 1294 1008 noster
1306 989 1340 1008 est
1355 986 1396 1008 163
1411 986 1424 1008 4

856 1037 887 1041 —
909 1027 943 1047 est
959 1031 1035 1053 agnus
1052 1025 1211 1052 beatissimus,
1230 1025 1331 1047 mundus
1348 1028 1369 1047 et
1386 1025 1426 1047 im-

857 1065 984 1087 maculatus
1002 1064 1031 1087 59
1054 1065 1075 1086 11
1101 1077 1131 1081 -
1156 1067 1190 1087 651
1215 1065 1327 1092 sapientia
1354 1065 1425 1087 Patris

856 1104 961 1127 altissimi
980 1105 1024 1126 182
1043 1104 1055 1126 4
1072 1117 1103 1121 -
1120 1104 1174 1126 Sine
1191 1105 1241 1132 ipso
1259 1107 1293 1127 est
1306 1105 1380 1127 nullus
1393 1111 1425 1127 sa-

857 1144 924 1171 piens
942 1144 986 1165 159
1004 1150 1016 1165 6
1034 1156 1065 1159 -
1077 1146 1112 1166 651
1123 1144 1207 1166 aeterni
1225 1144 1297 1166 Patris
1314 1144 1425 1172 sapientia

857 1182 911 1205 ibid.
929 1195 960 1199 —
977 1186 1011 1205 est
1028 1184 1078 1205 fons
1101 1183 1240 1211 sapientiae,
1259 1186 1339 1206 auctor
1356 1184 1426 1206 scien-

858 1222 914 1249 tiae,
932 1222 1057 1244 seminator
1074 1222 1129 1244 casti
1147 1223 1234 1245 consilii
1253 1222 1281 1244 34
1304 1223 1328 1244 15
1344 1235 1374 1238 -
1393 1225 1427 1245 651

858 1262 894 1284 lux
912 1268 967 1284 vera
989 1262 1030 1284 159
1048 1262 1063 1284 1)
1090 1274 1120 1279 —
1144 1264 1179 1284 est
1203 1262 1275 1284 clavis
1298 1262 1372 1284 David
1394 1268 1427 1284 re-

858 1307 937 1324 serans
956 1301 1055 1324 obscura
1073 1300 1127 1324 i'bicl.
1152 1314 1183 1318 —
1207 1304 1241 1323 est
1266 1302 1298 1324 501
1321 1301 1426 1329 iustitiae⁷

858 1341 937 1363 lucens
955 1341 977 1362 111
995 1341 1080 1363 virtute
1097 1346 1138 1363 sua
1157 1340 1200 1362 178
1219 1342 1232 1362 2
1250 1353 1280 1357 --
1298 1344 1331 1363 651
1343 1341 1377 1363 lex
1390 1340 1427 1363 de-

859 1382 981 1407 votorum,
998 1380 1036 1402 lux
1058 1386 1188 1408 caecorum,
1211 1380 1257 1402 dux
1274 1380 1426 1407 miserorum⁷

859 1419 905 1441 vita
923 1419 1085 1446 morientium,
1103 1420 1165 1441 salus
1182 1423 1273 1441 aeterna
1300 1420 1328 1441 93
1357 1420 1370 1441 2

859 1462 893 1481 651
910 1458 1013 1486 optimus
1031 1458 1148 1487 medicus,
1166 1458 1211 1481 dux
1229 1465 1274 1480 non
1300 1458 1426 1486 seducens⁷

858 1504 898 1521 rex
915 1495 971 1521 suos
989 1498 1092 1526 erigens,
1118 1499 1201 1520 athleta
1229 1498 1380 1524 fortissimus,
1405 1498 1426 1519 in

859 1538 907 1559 suis
924 1540 946 1559 et
968 1543 1011 1565 pro
1034 1538 1081 1559 suis
1105 1544 1213 1565 pugnans
1239 1541 1260 1559 et
1286 1537 1381 1559 vincens
1407 1539 1429 1559 et

859 1577 959 1599 victores
977 1583 1090 1599 coronans
1112 1577 1152 1599 199
1175 1576 1204 1598 75
1228 1590 1258 1592 -
1285 1581 1318 1599 651
1343 1578 1428 1606 omnia,

860 1622 921 1645 quae
938 1617 997 1638 velle
1016 1620 1081 1644 potes
1098 1620 1120 1638 et
1137 1616 1208 1639 debes
1225 1616 1279 1639 ibid.
1298 1629 1328 1633 —
1346 1620 1379 1639 651
1392 1616 1429 1640 be-

860 1655 966 1677 nedictus
984 1656 1027 1678 ilos
1041 1658 1062 1677 et
1075 1657 1161 1678 fructus
1174 1656 1275 1684 Virginis
1288 1657 1429 1679 castissimae

861 1694 905 1717 159
924 1700 937 1716 a
954 1707 984 1711 —
1002 1698 1035 1717 est
1052 1695 1095 1717 ssos
1113 1695 1235 1718 deliciosus
1260 1696 1315 1719 caeli
1345 1697 1387 1719 187
1408 1697 1429 1719 1.

860 1740 894 1762 sq.
914 1746 942 1749 —
960 1734 1037 1757 floruit
1054 1735 1115 1757 omni
1134 1736 1244 1758 virtutum
1263 1736 1339 1764 specie
1353 1736 1397 1758 180
1416 1736 1424 1757 1

860 1784 891 1789 —
909 1776 943 1795 est
960 1773 1048 1801 lignum
1066 1774 1127 1796 vitae
1145 1775 1189 1796 159
1208 1781 1219 1797 a
1231 1787 1262 1791 —
1279 1778 1313 1797 est
1329 1774 1429 1803 benigna

860 1812 914 1834 vitis
931 1812 985 1835 ibid.
1002 1826 1033 1829 —
1043 1817 1076 1836 est
1088 1814 1141 1836 vitis
1153 1815 1257 1837 caelestis
1269 1814 1298 1837 ib.
1316 1815 1320 1836 1
1342 1814 1396 1837 Vide
1407 1821 1429 1838 v.

865 1853 1050 1882 Vitis-mystica.
1073 1866 1104 1870 —
1126 1857 1222 1876 vocatur
1245 1854 1311 1882 panis
1335 1854 1370 1876 bis
1392 1860 1428 1876 60-

861 1897 911 1916 ctus
932 1894 972 1915 221
996 1893 1040 1915 148
1058 1906 1088 1910 --
1105 1899 1146 1916 cur
1163 1894 1252 1916 dicatur
1271 1894 1360 1917 hoedus
1388 1894 1424 1915 181

862 1934 874 1955 2
894 1945 925 1949 ——
943 1936 977 1955 est
994 1935 1044 1955 fons
1066 1933 1143 1955 omnis
1166 1933 1327 1961 pulcritudinis
1354 1934 1381 1956 33
1402 1934 1429 1956 12

861 1985 892 1988 -
910 1976 944 1995 est
963 1973 1012 1995 fons
1030 1972 1152 1995 universae
1164 1973 1294 1995 dulcedinis
1306 1976 1328 1995 et
1340 1973 1430 2001 pietatis

862 2011 891 2033 34
914 2012 938 2033 13
956 2024 986 2028 -
1004 2014 1038 2034 est
1055 2013 1105 2034 fons
1124 2012 1244 2034 universae
1264 2012 1392 2035 dulcedinis
1409 2014 1431 2034 et

862 2051 982 2074 suavitatis
999 2051 1029 2073 35
1048 2051 1084 2073 17.
1103 2052 1131 2074 93
1154 2052 1158 2072 1
1182 2064 1211 2067 -—
1233 2054 1267 2074 est
1284 2052 1334 2074 fons
1352 2051 1431 2074 odoris

863 2090 892 2112 34
912 2090 940 2112 14
958 2103 988 2106 —
1007 2091 1090 2113 Suavis
1107 2093 1141 2113 est
1164 2092 1285 2119 amplexus
1308 2091 1368 2119 eius,
1391 2092 1431 2113 110-

862 2133 940 2152 0651115
952 2133 1049 2153 attactus
1066 2134 1088 2152 et
1105 2130 1228 2153 deliciosus
1245 2131 1365 2153 convictus
1381 2131 1431 2152 eius

862 2169 892 2190 35
912 2169 947 2191 17.
965 2176 999 2198 sq.
1019 2182 1048 2185 η
1065 2173 1099 2191 651
1117 2170 1166 2197 ipse
1184 2170 1233 2192 fons
1251 2170 1319 2192 totius
1337 2169 1392 2191 boni
1408 2169 1429 2190 in

863 2208 927 2230 caelo
946 2208 990 2230 375
1009 2209 1022 2230 3
1041 2221 1069 2223 —
1087 2208 1121 2230 Ab
1139 2208 1189 2236 ipso
1207 2208 1256 2230 fluit
1268 2209 1343 2230 omnis
1357 2208 1429 2236 gloria

864 2248 1002 2269 Sanctorum
1020 2246 1074 2270 ibid.
1092 2260 1122 2263 -—
1147 2249 1298 2275 semetipsum
1325 2253 1431 2275 perseve-

863 2285 968 2308 rantibus
984 2286 1066 2309 reddet
1083 2287 1105 2308 in
1123 2287 1252 2314 praemium
1272 2286 1316 2308 178
1330 2288 1342 2308 2
1355 2299 1386 2302 -
1399 2287 1431 2308 De

863 2325 936 2352 ipsius
953 2326 1095 2348 humanitate
1112 2330 1134 2348 et
1152 2326 1273 2348 Divinitate
1298 2326 1386 2348 Sanctis
1409 2326 1431 2347 in

864 2364 926 2386 caelo
945 2365 1103 2387 ministrantur
1128 2366 1212 2387 fercula
1237 2364 1379 2387 nobilissIma
1402 2364 1430 2386 59

868 2404 888 2425 11
911 2416 941 2419 -—
960 2410 1061 2432 quorum
1080 2407 1175 2427 vocetur
1192 2410 1274 2427 corona
1295 2405 1339 2426 166
1363 2405 1375 2426 3
1403 2417 1431 2420 -

863 2442 907 2465 Cor
925 2444 974 2465 lesu
992 2446 1026 2466 est
1043 2443 1118 2466 bonus
1143 2445 1265 2466 thesaurus
1288 2448 1309 2466 et
1331 2444 1432 2472 pretiosa

863 2483 988 2510 margarita
1006 2483 1050 2504 163
1069 2483 1081 2504 3
1099 2495 1130 2499 -
1147 2483 1211 2505 Pium
1230 2486 1262 2506 est
1275 2483 1379 2511 gaudere
1390 2489 1432 2511 pro

864 2524 912 2546 lesu
931 2526 953 2546 et
973 2524 1029 2546 flere
1045 2524 1110 2551 pium
1128 2524 1203 2546 lesum
1222 2523 1265 2545 167
1293 2524 1305 2545 3
1333 2537 1361 2539 -
1388 2523 1431 2545 6110

864 2563 968 2591 exaudit,
987 2563 1031 2585 cito
1048 2563 1175 2591 promittit,
1193 2563 1237 2585 cito
1255 2563 1293 2585 dat
1312 2563 1353 2585 174
1371 2564 1384 2585 2
1402 2576 1432 2578 -

863 2602 916 2624 Dies
933 2602 982 2624 Iesu
1001 2602 1106 2625 nubilum
1123 2608 1169 2624 non
1183 2602 1252 2624 habet
1274 2602 1313 2624 178
1333 2604 1345 2624 2
1363 2614 1393 2618 --
1410 2602 1432 2624 111

864 2642 901 2664 (116
919 2648 961 2664 sua
978 2643 1040 2664 solus
1057 2642 1180 2670 singularis
1203 2643 1236 2664 sol
1260 2642 1302 2664 erit
1323 2641 1376 2665 ibid.
1402 2654 1433 2658 —

865 2681 920 2709 Quis
937 2683 960 2703 et
976 2681 1050 2709 qualis
1067 2681 1096 2703 sit
1113 2681 1162 2703 dies
1179 2682 1227 2703 lesu
1246 2680 1299 2704 ibid.
1318 2694 1347 2697 —
1365 2681 1433 2703 illedi-

865 2720 919 2743 tatio
938 2721 1000 2747 lesu,
1019 2721 1099 2749 quales
1115 2721 1209 2743 effectus
1235 2721 1349 2749 producat
1373 2721 1401 2742 88
1421 2726 1432 2742 a

865 2772 894 2775 ——
912 2763 936 2782 ut
954 2760 1057 2782 omnium
1081 2759 1195 2782 bonorum
1221 2763 1312 2787 auctor,
1340 2761 1389 2782 fons
1412 2763 1433 2782 et

864 2799 1005 2827 principium
1023 2802 1056 2821 est
1072 2799 1213 2826 laudandus,
1231 2799 1394 2827 glorificandus
1411 2802 1433 2822 et

865 2838 1039 2861 benedicendus
1056 2837 1085 2861 ib.
1104 2838 1118 2860 b
1130 2851 1160 2855 —
1173 2842 1206 2860 est
1219 2844 1274 2866 prae
1285 2838 1394 2861 omnibus
1411 2842 1433 2861 et

864 2878 888 2900 in
904 2877 1013 2900 omnibus
1029 2877 1197 2900 desiderandus
1215 2878 1243 2900 93
1262 2879 1275 2900 2
1290 2891 1320 2893 -
1333 2878 1432 2900 Affectus

865 2917 896 2945 pii
911 2917 940 2940 ad
953 2918 1027 2939 lesum
1041 2917 1069 2939 35
1087 2917 1119 2939 18.
1132 2917 1176 2939 213
1191 2917 1234 2939 112
1247 2930 1277 2934 --
1289 2917 1389 2940 Affectus
1403 2918 1433 2940 ad

866 2957 939 2979 lesum
957 2963 1052 2984 passum
1072 2957 1114 2978 187
1133 2958 1154 2979 2.
1173 2957 1217 2979 189
1236 2957 1248 2979 4
1266 2969 1296 2973 -
1313 2957 1432 2985 quomodo

866 2996 1014 3024 spiritualiter
1031 2996 1174 3024 concipiatur
1192 2996 1220 3018 88
1243 2997 1247 3017 1
1271 3009 1300 3012 -
1312 2996 1432 3025 quomodo

1733 243 1769 265 11111

1456 280 1603 308 spiritualiter
1621 284 1728 303 nascatur
1746 282 1770 303 91
1793 282 1814 304 1.
1832 282 1861 304 94
1880 283 1888 304 1
1911 295 1941 299 -
1962 283 2022 311 Quid

1456 319 1484 341 sit
1502 322 1558 342 haec
1575 320 1681 342 nativitas
1698 320 1723 342 91
1746 321 1754 342 1
1784 333 1815 337 -
1836 322 1933 344 Effectus
1955 322 2022 344 huius

1456 359 1581 381 nativitatis
1598 358 1652 382 ibid.
1673 371 1704 375 —
1728 360 1848 388 quomodo
1874 361 2023 388 spiritualiter

1457 398 1592 420 nutriendus
1609 401 1631 420 et
1649 398 1763 421 fovendus
1781 399 1809 421 sit
1826 398 1856 422 ib.
1874 399 1887 421 3
1913 412 1943 416 —
1968 406 2022 428 quo·

1458 436 1528 458 modo
1545 437 1573 459 sit
1589 438 1746 460 nominandus
1763 438 1792 460 92
1815 439 1832 460 1.
1855 444 1906 467 sqq.
1932 450 1963 455 —
1985 445 2022 461 110-

1458 475 1557 497 minatur
1575 482 1616 504 per
1633 477 1765 499 caelestium
1783 477 1933 500 dulcedinum
1953 478 2024 505 degu-

1457 514 1578 536 stationem
1595 515 1625 536 94
1645 515 1652 536 1
1675 528 1704 531 —
1728 522 1782 538 cum
1806 516 1878 544 Magis
1900 519 1934 539 est
1955 522 2024 545 quae·

1457 553 1543 575 rendus
1560 556 1582 575 et
1599 554 1732 577 adorandus
1750 555 1778 577 93
1798 555 1819 577 1.
1836 561 1888 584 sqq.
1904 567 1936 571 —
1953 555 2024 583 Quae-

1457 592 1544 614 rendus
1561 595 1595 615 est
1613 593 1807 621 meditationibus,
1824 595 1978 623 requirendus
1992 595 2024 617 af-

1458 630 1608 659 fectionibus,
1637 632 1816 660 interrogandus
1846 633 2024 661 cogitationibus

1458 669 1487 693 ib.
1506 671 1514 692 1
1536 682 1566 687 -
1584 670 1627 693 Ubi
1659 672 1790 694 inveniatur
1807 671 1836 694 ab
1853 673 1929 694 anima
1942 673 2025 695 devota

1457 708 1487 732 ib.
1505 710 1518 732 3
1536 722 1568 726 —
1584 710 1717 733 adorandus
1734 714 1780 739 est,
1797 711 1851 740 quia
1869 715 1904 733 est
1923 714 2023 739 creator,

1457 748 1604 777 redemptor,
1630 752 1789 772 remunerator
1811 750 1841 772 94
1868 750 1881 772 4
1905 763 1937 767 —
1961 751 2025 779 Quae

1458 794 1554 811 munera
1572 789 1592 811 ei
1610 789 1727 811 offerenda
1744 789 1790 812 sint
1806 788 1860 812 ibid.
1877 802 1907 806 —
1923 790 1947 812 in
1970 792 2025 812 tem-

1458 828 1522 855 plum
1540 831 1700 856 praesentatur
1718 835 1758 857 per
1775 829 1929 857 spiritualium
1948 835 2025 851 mune-

1458 873 1510 889 rum
1529 868 1735 895 praesentationem
1754 867 1783 891 ib.
1803 868 1810 890 1
1833 880 1863 885 -
1880 868 1978 891 Domino
1992 869 2025 890 of-

1458 907 1529 929 fertur
1554 907 1745 935 pergratiarum
1771 907 1886 930 actionem
1916 906 1970 930 ibid.
1994 919 2025 924 -

1458 946 1606 974 quaerendus
1629 950 1663 969 est
1688 953 1742 969 cum
1767 947 1912 975 doctoribus,
1938 950 1963 969 ut
1987 947 2026 970 det

1458 990 1538 1007 veram
1556 986 1693 1013 sapientiam
1706 986 1735 1008 96
1748 992 1759 1008 6
1769 998 1800 1002 -
1812 986 1960 1015 quaerendus
1970 992 2025 1009 cum

1458 1030 1544 1052 sponsa
1562 1025 1583 1046 in
1602 1026 1668 1047 horto
1685 1026 1820 1048 deliciarum
1838 1025 1868 1048 ib.
1884 1025 1900 1047 b

1506 1065 1586 1086 larnno
1603 1077 1634 1080 —
1651 1068 1700 1087 erat
1717 1071 1782 1087 socer
1799 1064 1871 1093 Moysi
1889 1065 1932 1087 147
1952 1065 1976 1087 19
1994 1077 2026 1082 —-

1459 1103 1549 1130 Moyses
1576 1104 1625 1126 eius
1651 1104 1772 1126 consilium
1798 1107 1873 1126 ratum
1899 1103 1981 1127 habuit
2006 1107 2027 1127 et

1459 1143 1561 1164 servavit
1578 1142 1632 1165 ibid.

1507 1182 1619 1204 1611160165
1635 1194 1666 1198 -
1683 1181 1734 1205 cide
1751 1189 1773 1205 v.
1791 1181 1919 1212 Sapientia..

1507 1221 1563 1243 lexis
1579 1234 1609 1236 —
1628 1224 1740 1249 temperat
1758 1221 1818 1244 aeris
1836 1222 1983 1250 frigiditatem
1996 1223 2024 1245 32

1459 1259 1472 1281 7
1491 1272 1521 1276 -
1539 1261 1625 1282 ferrum
1643 1261 1665 1282 in
1683 1261 1718 1283 sui
1729 1261 1902 1284 similitudinem
1914 1261 2027 1284 convertit

1461 1298 1505 1320 104
1527 1299 1551 1321 13
1570 1311 1599 1314 ——
1618 1300 1746 1322 mundiales
1764 1304 1902 1323 concurrent
1918 1300 1948 1323 ad
1964 1299 2027 1323 orbis

1459 1338 1666 1366 conflagrationem
1686 1340 1715 1362 83
1734 1339 1762 1361 42
1786 1352 1817 1356 -
1839 1340 1881 1362 Per
1899 1340 1978 1368 ignem
1995 1340 2028 1362 in-

1460 1377 1568 1405 telligitur
1586 1378 1686 1406 Spiritus
1703 1379 1725 1401 S.
1754 1379 1875 1401 intellectui
1897 1379 2029 1402 ministrans

1461 1417 1535 1438 lucem
1553 1420 1575 1439 et
1592 1418 1682 1439 affectui
1699 1418 1808 1440 ardorem
1826 1419 1854 1440 82
1872 1419 1900 1440 39

1509 1457 1640 1479 1056010111
1657 1469 1688 1473 -
1706 1458 1802 1485 impedit
1819 1459 1917 1481 salutem
1934 1458 1960 1480 71
1983 1459 1996 1480 2

1509 1497 1587 1518 iteam
1605 1509 1635 1512 —
1653 1497 1698 1519 550
1716 1497 1729 1519 5

1509 1535 1578 1557 ittam
1597 1548 1626 1551 —
1644 1536 1666 1558 in
1684 1536 1784 1558 animam
1803 1539 1877 1564 potest
1894 1537 1957 1559 solus
1968 1537 2029 1560 Deus

1462 1574 1487 1596 31
1510 1574 1523 1596 6

1509 1614 1648 1637 ittuinmrio
1664 1627 1695 1631 ——
1711 1618 1826 1638 estbvactus
1843 1616 1999 1638 hierarchicas
2016 1616 2028 1638 3

1464 1654 1484 1675 1.
1502 1653 1543 1675 271
1567 1654 1594 1675 20
1612 1666 1643 1670 -
1661 1657 1695 1676 651
1712 1657 1776 1677 actus
1794 1655 1937 1677 hierarchiae
1960 1655 2030 1677 caele-

1462 1693 1502 1715 stis
1520 1693 1565 1715 270
1584 1693 1612 1715 15
1630 1706 1660 1709 -
1687 1694 1843 1722 praeexigitur
1861 1694 1891 1717 ad
1912 1694 2030 1722 perfectio-

1462 1738 1515 1754 nem
1534 1733 1562 1754 ·17
1582 1733 1610 1755 13
1628 1745 1659 1749 -
1681 1733 1723 1755 Via
1745 1733 1895 1756 illuminativa
1920 1734 1983 1757 ducit
2000 1734 2030 1756 ad

1462 1771 1610 1799 splendorem
1629 1773 1730 1794 veritatis
1748 1773 1776 1795 12
1800 1774 1804 1794 1
1827 1786 1855 1789 —
1868 1773 1897 1795 ad
1909 1773 2030 1796 veritatem

1463 1810 1526 1833 ducit
1543 1812 1555 1833 3
1575 1812 1583 1833 1
1605 1823 1636 1828 —
1654 1812 1675 1834 10
1693 1812 1730 1834 via
1746 1813 1897 1835 illuminativa
1914 1813 1984 1835 homo
2006 1818 2031 1835 se

1463 1856 1569 1873 exercere
1587 1851 1655 1874 debet
1672 1853 1702 1875 ad
1719 1853 1811 1875 radium
1837 1852 1999 1881 intelligentiae
2016 1853 2029 1875 3

1464 1891 1485 1913 2.
1503 1891 1515 1913 6
1535 1891 1563 1913 10
1581 1903 1612 1908 —
1629 1892 1751 1914 coniuncta
1768 1898 1819 1915 esse
1841 1892 1911 1915 debet
1936 1893 2030 1921 gratitu-

1464 1930 1512 1952 dini
1530 1931 1655 1953 affectionis
1673 1932 1686 1953 6
1706 1932 1733 1954 10
1751 1945 1781 1948 -
1806 1932 1956 1954 illuminativa
1981 1938 2032 1955 con-

1464 1969 1522 1992 sistit
1538 1971 1560 1992 in
1579 1970 1705 1993 imitatione
1723 1971 1805 1994 Christi
1825 1972 1853 1993 12
1875 1972 1894 1994 1.
1913 1971 1941 1994 ib.
1959 1972 1981 1993 3.
2002 1971 2030 1994 15

1466 2010 1478 2030 8
1496 2021 1527 2026 —
1544 2013 1577 2032 est
1596 2010 1618 2032 in
1635 2010 1785 2033 similitudine
1803 2011 1831 2033 16
1846 2011 1873 2033 10
1885 2024 1916 2027 —-
1928 2010 2030 2034 Christus

1465 2049 1549 2077 patitur
1568 2055 1609 2077 pro
1628 2053 1705 2072 nostra
1726 2050 1890 2072 illuminatione
1909 2051 1936 2072 13
1962 2051 1975 2072 3
2001 2063 2031 2066 -

1465 2091 1566 2110 meretur
1584 2088 1668 2111 ieiunio
1686 2089 1730 2111 270
1753 2089 1778 2111 14
1795 2101 1827 2105 —
1843 2090 1906 2112 111605
1918 2089 2031 2112 illumina-

1466 2129 1502 2149 tur
1519 2133 1561 2155 per
1578 2128 1714 2155 sapientiam
1735 2128 1775 2150 271
1798 2128 1826 2150 20
1853 2141 1882 2144 -
1905 2128 2031 2157 acquiritur

1463 2166 1559 2188 laudum
1576 2166 1709 2189 divinarum
1736 2167 1920 2196 frequentatione
1946 2167 1989 2190 407
2017 2168 2030 2189 2

1463 2216 1494 2221 -—
1511 2205 1591 2227 Anima
1610 2205 1679 2228 debet
1697 2212 1746 2229 esse
1765 2206 1910 2229 illuminatrix
1927 2213 1968 2235 per
1991 2208 2031 2229 ho-

1463 2247 1551 2266 nestam
1569 2246 1782 2272 conversationem,
1800 2246 1927 2268 virtuosam
1953 2252 2032 2274 opera-

1466 2283 1563 2312 tionem,
1581 2284 1709 2307 studiosam
1729 2285 1826 2308 aliorum
1845 2285 1866 2307 in
1884 2285 1945 2308 bono
1962 2286 2031 2308 infor-

1465 2322 1589 2345 mationem
1609 2324 1633 2345 91
1657 2325 1670 2346 2

1513 2362 1655 2385 111111111ΜΤ115
1670 2375 1701 2380 -
1718 2367 1765 2386 erat
1782 2364 1859 2387 socius
1876 2364 1899 2387 S.
1919 2363 2033 2387 Francisci

1466 2402 1511 2424 532
1530 2402 1542 2423 8
1560 2415 1591 2419 -
1608 2408 1656 2425 erat
1673 2404 1708 2426 vir
1727 2404 1820 2426 luminis
1837 2407 1859 2427 et
1875 2404 1966 2427 virtutis
1978 2404 2031 2428 ibid.

1465 2454 1496 2458 —
1514 2442 1559 2464 Sua
1576 2443 1732 2466 admonitione
1759 2445 1782 2466 S.
1806 2444 1941 2466 Franciscus
1963 2445 2032 2467 refert

1465 2482 1533 2504 sociis
1550 2482 1727 2510 impressionem
1746 2483 1881 2511 stigmatum
1900 2483 1944 2506 543
1964 2483 1976 2505 4
2001 2496 2032 2500 —

1466 2526 1524 2548 puer
1545 2521 1639 2550 quidam
1666 2528 1708 2550 per
1734 2523 1756 2544 S.
1781 2523 1927 2545 Franciscum
1953 2523 2031 2545 lumen

1467 2560 1587 2583 oculorum
1604 2561 1694 2589 accepit
1711 2561 1755 2584 559
1777 2562 1789 2583 6
1817 2575 1846 2578 —
1871 2565 1951 2590 postea
1968 2562 2032 2584 Ordi-

1466 2605 1517 2622 nem
1536 2600 1588 2622 11110,
1606 2601 1724 2629 ingressus
1741 2604 1775 2623 est
1793 2601 1837 2624 560
1856 2602 1868 2623 6

1514 2640 1642 2662 1111101011110
1660 2652 1690 2656 -
1709 2640 1773 2662 iuvat
1791 2640 1962 2668 intelligentiam
1976 2640 2004 2662 68
2018 2641 2031 2662 2

1465 2691 1496 2695 -
1513 2678 1661 2707 imaginabile
1678 2683 1712 2701 est
1729 2679 1885 2707 terminabile,
1903 2679 2031 2707 figurabile,

1466 2717 1622 2747 numerabile,
1650 2718 1878 2747 circumscriptibile,
1903 2721 2032 2741 commuta-

1466 2757 1511 2780 bile
1528 2757 1541 2779 7
1561 2757 1589 2779 17

1513 2798 1580 2820 1111160
1597 2810 1629 2813 -
1646 2797 1667 2820 in
1686 2797 1771 2820 divinis
1788 2800 1823 2820 est
1844 2797 1965 2825 proprium
1983 2803 2032 2825 per-

1466 2842 1536 2858 sonae
1554 2836 1582 2858 17
1605 2837 1625 2858 11
1651 2848 1682 2853 —-
1706 2837 1790 2859 Anima
1806 2839 1840 2859 est
1857 2836 1934 2865 imago
1960 2836 2032 2858 Trini-

1466 2876 1517 2898 tatis
1535 2876 1564 2897 30
1583 2876 1594 2898 3
1612 2888 1643 2892 -
1661 2876 1738 2898 divina
1756 2876 1778 2898 in
1796 2876 1883 2898 cunctis
1899 2874 2031 2898 hominibus

1465 2915 1633 2937 consideranda
1650 2918 1684 2937 est
1702 2915 1746 2938 495
1763 2921 1775 2937 a

1513 2957 1597 2979 intrim
1614 2969 1645 2973 —
1662 2956 1776 2979 debemus
1794 2954 1909 2978 Christum
1927 2956 1949 2977 in
1967 2955 2030 2984 quin-

1466 3001 1512 3025 que
1529 2995 1652 3018 virtutibus
1670 2996 1712 3018 499
1732 2996 1753 3018 3.
1771 2995 1815 3018 500
1841 2995 1860 3017 4.
1884 3001 1935 3023 sqq.
1952 3006 1982 3010 —-
2007 2994 2030 3016 in
