2133 3317
110 1555 157 1579 Spes
170 1560 234 1573 conso-

133 1579 215 1597 lationis.

249 222 285 250 98
650 216 846 246 OPUSCULUM
869 215 911 244 IV.
933 215 977 243 DE
1000 215 1022 243 V
1043 214 1317 243 FESTIVITATIBUS.
1339 214 1610 243 ADDITAMENTUM.

320 299 384 329 Quid
401 298 480 330 igitur
499 297 606 322 faciam?
626 295 740 327 Surgam
765 295 790 319 et
808 285 932 325 quaeram
951 300 1025 324 quem
1045 292 1101 317 dili—

102 350 162 376 Varizr
169 354 235 374 propo-
247 343 287 375 yit
306 343 396 367 anima
413 348 470 366 mea
482 340 507 371 ¹,·
526 339 658 371 postquam
683 337 856 368 occupationes
877 336 902 361 et
921 336 1101 361 sollicitudines

249 385 382 414 dimittam,
402 384 433 409 ad
452 383 573 409 orandum
591 389 629 406 me
648 380 781 406 conferam.
800 379 834 404 Et
847 380 868 404 si
887 379 948 404 haec
966 386 1016 404 non
1035 378 1101 404 suffi-

249 428 332 457 ciunt,
351 428 418 452 inter
437 427 559 457 coqizatos
578 425 602 449 et
619 425 706 455 110103,
726 423 751 448 id
769 423 808 447 est
827 422 893 447 inter
912 422 1057 453 spirituales
1076 421 1101 446 et

250 471 352 496 devotos
370 471 453 501 ipsum
472 475 598 500 quaeram.
617 467 672 498 Ipsi
692 466 764 495 sunt,
784 467 809 490 in
823 465 913 497 quibus
925 465 1038 495 habitat;
1052 465 1101 495 ipsi

250 515 317 543 sunt,
337 521 392 539 cum
412 512 502 544 quibus
521 511 649 540 moratur,
669 510 768 541 quando
787 509 818 534 ab
836 509 894 534 aliis
912 508 1047 533 amittitur.
1067 508 1101 532 Hi

250 557 324 586 sunt,
342 564 397 581 cum
417 555 507 587 quibus
525 554 646 585 tanquam
668 554 695 578 in
715 553 849 578 solitudine
866 551 955 577 latitat
964 551 982 581 ²,
1002 551 1100 583 quando

248 601 331 631 ipsum
350 606 365 623 a
383 606 421 623 me
447 598 537 622 misera
565 596 688 628 strepitus
716 596 895 628 cogitationum
923 594 1101 619 fluctuantium

249 642 329 674 fugat.
349 641 420 671 Heu,
440 640 539 672 quaudo
557 640 609 664 illis
628 639 717 664 similis
737 639 787 668 fui,
807 639 867 663 tunc
884 638 970 669 habui,
984 638 1045 662 tunc
1064 637 1102 661 te-

248 685 306 714 nui,
326 684 387 709 tunc
405 683 549 715 amplexata
567 683 593 708 et
617 682 730 708 osculata
749 682 785 706 fui
803 682 902 710 Iesum,
928 688 1001 712 quem
1020 687 1100 710 nunc,

249 728 315 753 curis
333 727 467 756 distracta,
487 726 697 752 sollicitudinibus
716 725 836 756 occupata
849 725 874 749 et
887 724 1101 754 afflicta,lamen-

249 771 361 796 tabiliter
380 771 461 795 amisi.
481 770 561 795 Dicite
580 769 672 801 igitur,
686 777 700 794 0
713 776 757 794 vos
771 768 888 800 religiosi,
902 775 947 793 vos
965 767 1100 796 abstracti,

249 822 293 840 vos
312 814 372 839 solis
391 814 482 838 divinis
501 813 705 838 meditationibus
733 812 821 841 dediti,
840 819 904 836 num
922 818 996 842 quem
1016 810 1103 842 diligit

249 858 338 882 anima
356 864 412 882 mea
431 856 534 882 vidistis
545 855 577 880 ³?
596 856 668 881 Certe
682 856 745 885 scio,
760 855 825 887 quod
837 854 950 885 habetis,
964 854 1021 883 scio,
1036 853 1101 885 quod

249 900 310 925 bene
329 900 412 929 scitis,
433 900 491 931 quia
510 899 610 924 sentitis
629 899 654 924 et
672 898 796 930 gaudetis.
815 897 918 922 Reddite
937 904 996 929 ergo
1014 897 1041 921 in
1060 904 1101 921 ca-

249 944 325 968 ritate
344 943 409 975 quod
428 950 477 968 11011
496 943 628 972 amittitis,
649 942 828 968 communicate
846 941 912 972 quod
930 948 980 966 non
999 940 1101 965 dimitti-

251 987 292 1012 tis.
311 987 345 1011 Et
364 988 385 1012 si
404 987 430 1011 in
448 995 487 1011 me
513 986 617 1018 propter
642 985 831 1010 distractionem
856 985 888 1009 ad
907 984 994 1010 horam
1018 984 1101 1008 fervor

249 1031 388 1055 dilectionis
407 1031 503 1062 tepuit,
523 1030 625 1055 habitus
644 1030 729 1054 tamen
748 1029 901 1057 dilectionis,
915 1028 944 1053 ut
957 1035 1037 1059 spero,
1052 1034 1101 1052 non

250 1074 366 1099 cessavit.
385 1073 419 1098 Et
447 1074 468 1098 si
498 1073 602 1104 propter
628 1073 815 1104 occupationem
838 1072 988 1096 familiarem
1012 1071 1102 1096 dilecto

249 1117 424 1142 allocutionem
444 1117 581 1146 intermisi,
601 1124 615 1141 a
640 1116 746 1141 caritate
774 1115 859 1140 tamen
886 1116 966 1146 ipsius
993 1122 1044 1140 non
1063 1123 1102 1139 re-

250 1160 320 1185 cessi.
339 1159 374 1184 Et
392 1161 413 1184 si
432 1160 536 1191 propter
564 1160 733 1191 proximorum
751 1159 791 1183 vel
809 1158 931 1183 modicam
954 1158 1102 1183 aedificatio-

250 1210 321 1233 nem,
340 1203 389 1234 ipsi
408 1203 463 1228 tota
482 1203 574 1227 mentis
591 1202 731 1227 intentione
750 1209 800 1227 11011
818 1201 934 1231 adhaesi,
954 1201 1103 1226 desiderium

250 1247 335 1271 tamen
354 1246 495 1271 revertendi
514 1253 611 1277 semper
622 1245 631 1258 ⁴
650 1246 676 1270 in
695 1245 777 1270 mente
796 1245 881 1269 habui.
900 1244 934 1269 Et
952 1252 978 1269 re
992 1252 1059 1274 vera,
1073 1244 1103 1269 ut

250 1297 338 1315 verum
356 1290 450 1319 fatear,
470 1297 521 1315 non
540 1289 570 1314 ad
589 1290 695 1321 gloriam
714 1296 794 1313 meam
813 1288 878 1318 dico,
898 1288 942 1313 sed
954 1288 1054 1312 tantum
1072 1288 1103 1313 ad

251 1333 417 1358 revocandum
433 1333 550 1358 dilectum
569 1333 695 1364 perditum
713 1332 845 1368 humiliter
860 1331 959 1363 allego,
978 1338 1029 1356 non
1048 1338 1102 1362 pro-

251 1376 308 1407 pter
325 1384 407 1401 meum
425 1376 535 1406 lucrum,
555 1376 598 1400 sed
616 1375 720 1407 propter
739 1383 812 1400 suum
825 1375 969 1403 consilium3
984 1382 1034 1399 11011
1048 1382 1104 1405 pro-

250 1420 307 1451 pter
326 1427 406 1444 meam
425 1419 600 1449 ambitionem,
620 1419 663 1444 sed
688 1418 791 1450 propter
814 1425 885 1442 suam
905 1418 1033 1442 aeternam
1052 1418 1103 1449 glo-

249 1463 312 1487 riam
331 1462 356 1487 et
375 1463 507 1492 honorenu
528 1470 578 1487 11011
606 1461 710 1493 propter
739 1461 902 1493 praelationis
927 1461 1040 1489 laudem,
1061 1460 1103 1485 sod

250 1507 420 1537 proximorum
434 1506 541 1530 salutem
556 1505 622 1530 curis
636 1505 660 1530 et
674 1503 901 1529 sollicitudinibus⁵
915 1504 998 1528 dedita
1011 1504 1055 1528 fiii.
1067 1518 1102 1521 —

251 1548 332 1578 Quare
352 1556 410 1580 ergo
430 1548 533 1580 propter
552 1548 611 1578 hoc,
631 1548 697 1579 quod
717 1548 757 1579 pia
776 1547 914 1572 intentione
933 1546 958 1571 et
977 1547 1049 1578 quasi
1061 1553 1102 1571 no-

250 1593 304 1617 lens
324 1593 348 1617 et
361 1600 462 1624 gemens
476 1592 589 1621 facerem,
603 1591 687 1616 dilecti
700 1590 843 1621 praesentia
856 1590 947 1615 saltem
960 1590 1102 1621 aliquando,

251 1636 298 1661 etsi
317 1643 388 1665 raro,
409 1635 532 1660 consolari
551 1642 601 1660 nou
620 1634 753 1659 deberem?
772 1634 830 1658 Non
843 1634 909 1658 esset
922 1641 1036 1665 aequum,
1051 1633 1102 1662 sed,

251 1680 273 1704 si
291 1679 329 1704 fas
349 1679 415 1704 esset
434 1679 526 1705 dicero,
546 1678 668 1703 iniustum
687 1678 711 1702 et
730 1678 835 1708 impium
853 1677 878 1701 et
896 1677 1023 1708 iniquum,
1038 1676 1103 1708 quod

251 1723 378 1753 piissimus
398 1722 470 1747 Iesus
489 1729 539 1746 non
558 1721 662 1750 statuit,
677 1721 743 1752 quod
756 1721 840 1745 divina
860 1720 899 1745 lex
917 1727 1042 1751 nusquam
1060 1727 1103 1750 ap-

252 1765 376 1796 probavit.
405 1765 482 1796 Saepe
509 1765 575 1789 enim
602 1764 705 1796 propter
731 1764 803 1788 amici
822 1761 1000 1788 volunt-atem
1023 1763 1103 1788 dulcis

251 1809 323 1833 amici
342 1808 446 1833 societas
465 1808 656 1837 intermittitur,
676 1807 706 1832 ut
733 1807 820 1838 postea
838 1814 894 1832 cum
918 1806 1034 1837 ampliori
1052 1813 1102 1830 am-

315 1993 323 2007 ¹
341 1994 405 2017 Cant.
424 1995 445 2023 3,
463 1995 486 2017 ⁶2.
503 2006 533 2010 ——
552 1993 657 2016 Subinde
674 1994 830 2022 respiciuntur
847 1994 900 2016 Luc.
919 1994 941 2020 2,

252 2026 334 2049 rebant
350 2032 403 2048 euin
422 2026 481 2048 inter
498 2029 610 2053 cognatos
627 2028 649 2048 ct
665 2029 739 2048 110103.

316 2057 325 2070 ²
343 2057 400 2080 Cod.
425 2058 440 2079 F
467 2056 564 2080 habitat.
591 2057 642 2079 Vnt.
668 2063 722 2079 011111
748 2058 764 2079 G
793 2056 882 2085 (contra
905 2056 930 2085 F)
954 2056 1104 2085 prosequitur

253 2088 445 2143 φιαηέῐιέζξῗιυέι
462 2095 531 2142 (gone
548 2088 620 2111 miser
637 2088 749 2117 strepitus
767 2090 810 2110 etc.

315 2150 325 2164 4
342 2134 373 2174 Ei<
390 2152 408 2173 G
426 2135 589 2179 sliup'ievimus
605 2157 698 2180 semper
715 2153 737 2173 et
754 2151 824 2179 paulo
841 2150 938 2173 inferius
953 2156 1040 2173 meam.

316 2182 326 2195 ⁵
343 2182 400 2205 Cod.
417 2183 433 2205 F
451 2183 516 2205 addit
531 2182 613 2210 vanis,
631 2189 658 2205 ex
675 2188 722 2211 quo
740 2182 796 2204 iufra
815 2182 943 2204 adiecimus
959 2181 1042 2205 nolens
1059 2182 1087 2203 el.

277 2253 282 2258 ·
317 2213 326 2227 ⁶
342 2214 399 2249 Cod.
417 2214 433 2236 F
454 2213 709 2268 auzinaebutilitassm.
719 2213 850 2268 11{gl?iiiigge
860 2219 902 2241 pro
927 2213 1026 2237 socielas
1052 2212 1103 2235 Vat.

249 2247 396 2299 piaesenxigq,
413 2249 441 2300 {Li
452 2251 494 2300 iffi}
510 2251 645 2300 gtminll'gdiiizs
667 2251 715 2305 1)er2
735 2278 757 2300 et
774 2262 890 2306 quaerens
908 2276 947 2305 (ita
965 2276 990 2305 F)
1009 2282 1067 2298 cum
1085 2275 1103 2297 G

253 2310 276 2332 et
291 2315 419 2362 [msswlildltb.
440 2340 476 2367 il,
494 2340 531 2362 28.
549 2352 579 2356 —
597 2339 701 2362 Subinde
726 2339 855 2367 allegantur
872 2339 949 2361 Manli.
967 2339 1008 2367 20,
1031 2339 1065 2360 12.
1082 2341 1105 2360 et

255 2372 297 2399 45,
315 2372 352 2394 27.
371 2372 422 2400 (cfr.
440 2378 511 2399 supra
529 2378 582 2400 pag.
601 2372 639 2398 51,
656 2375 709 2394 nota
727 2372 767 2399 2.).

959 1992 1001 2015 44:
1019 1992 1105 2021 Requi-

1157 292 1245 318 borum
1262 292 1417 317 iucunditate
1436 292 1589 323 reperiatur,
1604 293 1639 317 sic
1652 292 1677 317 et
1695 299 1740 324 ego
1759 291 1864 324 propter
1876 293 1959 323 ipsum
1971 300 2009 317 me

1157 336 1240 366 ipsum
1259 335 1393 367 aliquando
1422 335 1532 365 deserui,
1562 336 1583 360 si
1611 335 1716 367 propter
1744 343 1814 360 suam
1834 336 1941 367 gloriam
1960 343 2009 360 am-

1158 379 1285 410 pliandam
1304 379 1410 408 labores,
1430 378 1627 409 persecutiones,
1647 378 1828 408 detractiones,
1841 378 2011 410 impugnatio—

1157 429 1201 447 nes
1220 422 1338 447 sustinui.
1366 422 1413 447 Sed
1437 421 1499 446 his⁷
1521 422 1636 447 omnibus
1664 422 1690 447 et
1716 422 1756 446 liis
1784 422 1907 446 similibus
1935 422 2010 446 etiam

1156 472 1235 496 usque
1263 465 1294 490 ad
1319 464 1442 490 defectum
1461 464 1558 496 repleta
1582 464 1633 495 fui,
1658 464 1684 489 et
1708 465 1740 489 ad
1762 465 1845 496 ipsum
1864 471 1966 496 gemens
1985 464 2011 489 et

1157 516 1279 540 quaerens
1298 508 1386 538 redeo;
1404 508 1517 539 nunquid
1543 508 1624 539 ipsius
1652 508 1755 538 solatio,
1774 508 1804 533 ut
1830 508 1871 533 vel
1888 508 2010 533 modicum

1156 552 1183 576 in
1202 551 1365 576 tribulatione
1394 552 1527 582 respirem,
1553 550 1662 576 carebo?
1690 551 1753 581 Quid
1782 558 1841 583 ergo
1868 551 1920 581 est,
1946 551 2010 582 quod

1157 594 1262 619 dilectus
1280 602 1349 619 meus
1367 594 1493 625 loquitur,
1512 594 1572 625 quid
1590 594 1642 624 est,
1656 594 1721 626 quod
1733 601 1778 625 per
1789 595 1873 625 ipsum
1885 595 1912 619 111
1925 594 2010 619 Evan-

1156 637 1221 669 gelio
1232 636 1242 649 ⁸
1260 637 1399 662 clamatur:
1424 637 1512 662 Venite
1531 637 1567 661 acl
1583 644 1637 668 me,
1658 644 1758 669 omnes,
1777 637 1823 668 qm·
1843 637 1968 662 laboratis
1987 638 2011 662 ct

1157 682 1258 706 onerati
1275 681 1347 712 estis,
1368 682 1392 706 et
1410 688 1455 712 ⁶¹9⁰
1474 680 1590 711 reficiam
1607 680 1673 706 vos?
1690 681 1812 712 Nunquid
1830 687 1875 712 ego
1894 681 1937 712 qui
1955 687 2010 712 pro-

1141 721 1214 755 'pter
1232 723 1351 748 honorem
1370 724 1423 748 eius
1437 723 1543 755 pondus
1562 723 1614 748 clici
1631 725 1655 748 ct
1673 724 1758 748 aestus
1777 723 1899 754 sustineo,
1920 723 2010 748 saltem

1157 767 1215 798 post
1232 767 1343 792 laborem
1362 766 1392 791 de
1410 767 1493 798 micis,
1508 774 1573 798 quae
1586 767 1683 791 cadunt
1701 767 1731 791 cle
1743 773 1831 791 mensa
1845 766 2010 791 dominorum

1156 817 1273 841 suorum,
1293 809 1361 834 refici
1380 817 1431 835 11011
1449 810 1542 835 debeo?
1560 809 1636 834 Absit
1654 817 1727 841 ergo,
1746 816 1777 834 ne
1796 809 1949 834 solummodo
1965 816 2009 834 vo-

1157 852 1267 882 biscum,
1287 860 1301 878 0
1319 860 1363 878 vos
1391 852 1594 884 contemplativi,
1623 852 1735 878 moretur
1760 852 1878 882 dilectus,
1898 851 1923 876 et
1940 851 2011 876 labo-

1158 903 1218 920 rans
1237 896 1347 928 agricola
1367 896 1400 921 sit
1418 896 1576 927 contemptus
1597 896 1622 921 et
1639 895 1763 920 abiectus!
1788 895 1893 926 Oportet
1911 894 2009 924 tamen,

1159 938 1223 963 sicut
1242 939 1374 970 Scriptura
1384 938 1394 951 ⁹
1408 938 1532 969 testatur,
1548 939 1709 964 laborante-m
1722 938 1864 970 ayricozam
1877 937 2010 969 aliquando

1159 982 1189 1007 cle
1207 982 1335 1012 fructibus
1354 983 1469 1007 caelestis
1488 982 1586 1014 patriae
1599 982 1766 1013 praelibare,
1785 981 1810 1006 et
1828 981 1888 1012 hoc,
1902 988 1934 1006 oze
1953 981 2010 1012 desi-

1158 1027 1211 1051 ciat
1229 1027 1257 1051 in
1275 1027 1334 1056 vicu
1353 1026 1418 1050 sicut
1437 1026 1553 1057 Apostoli
1571 1026 1639 1050 inter
1657 1025 1728 1050 varia
1751 1024 1897 1056 opprobria,
1916 1024 2010 1056 Marty-

1158 1077 1198 1094 res
1217 1070 1284 1094 inter
1303 1069 1417 1101 flagella,
1437 1068 1555 1100 Virgines
1573 1068 1640 1093 inter
1658 1068 1783 1093 cruciatus
1803 1068 1828 1093 et
1840 1068 1945 1093 verbera
1958 1075 2010 1092 sen-

1159 1113 1247 1138 serunt
1265 1113 1349 1137 dilecti
1369 1113 1468 1138 solatia.
1496 1112 1579 1137 Ibant
1605 1111 1729 1143 Apostoli
1758 1111 1899 1143 qamleoztes
1918 1119 1935 1136 a
1953 1118 2010 1136 eon-

1158 1158 1246 1188 spectu
1270 1156 1388 1187 concilii,
1413 1155 1585 1180 collaudantes
1612 1156 1637 1180 et
1665 1155 1837 1180 benedicentes
1862 1154 2010 1184 Dominum,

1159 1200 1284 1231 quoniam
1302 1199 1375 1230 diym‘
1393 1199 1477 1223 habiti
1495 1200 1558 1223 sunt
1570 1206 1622 1229 pro
1641 1199 1743 1223 nornine
1756 1198 1817 1223 Iesu
1829 1197 2011 1223 contumeliam

1154 1244 1216 1274 pati
1227 1242 1257 1267 ¹⁰.
1276 1243 1315 1268 Sic
1328 1242 1480 1267 confessores
1493 1242 1518 1267 et
1531 1241 1658 1271 eremitae,
1672 1241 1786 1267 monachi
1800 1241 1825 1266 et
1837 1241 2010 1271 anachoretae,

1159 1287 1217 1318 post
1235 1287 1335 1318 vigilias
1350 1286 1374 1310 et
1386 1286 1478 1310 ieiunia
1491 1285 1558 1310 inter
1570 1286 1694 1316 lacrymas
1713 1285 1738 1309 et
1750 1284 1859 1316 gemitus
1878 1283 2011 1309 senserunt

1159 1330 1244 1355 divina
1262 1330 1361 1361 gaudia.
1381 1329 1420 1353 Sic
1438 1328 1560 1358 rectores,
1580 1329 1692 1354 doctores
1711 1328 1735 1353 et
1748 1328 1907 1353 ecclesiarum
1926 1327 2011 1352 fideles

1160 1374 1281 1405 praelati,
1302 1373 1437 1404 postquam
1456 1372 1585 1397 laboribus
1604 1371 1629 1397 et
1656 1372 1723 1396 curis
1742 1371 1802 1396 sunt
1820 1370 1961 1400 extenuati,
1982 1370 2010 1395 de

1159 1416 1315 1448 benignitate
1340 1416 1419 1441 dulcis
1442 1415 1501 1440 Iesu
1524 1415 1670 1446 saepissime
1698 1415 1804 1439 dulciter
1832 1414 1893 1439 sunt
1917 1413 2010 1439 refecti.

1159 1459 1217 1485 Non
1236 1460 1301 1484 enim
1320 1459 1401 1484 Maria
1420 1458 1564 1490 frequenter
1581 1459 1665 1483 Iesum
1685 1458 1739 1483 sola
1757 1457 1859 1487 habuit,
1874 1457 1917 1482 sed
1935 1456 2011 1482 etiam

1159 1511 1174 1528 a
1192 1502 1295 1528 Martha
1313 1502 1371 1534 post
1389 1502 1597 1533 praedicationem
1625 1501 1741 1526 hilariter
1769 1501 1794 1526 et
1818 1500 1957 1532 gaudenter
1975 1507 2011 1525 re-

1158 1546 1246 1577 ceptus
1265 1545 1354 1571 snitu.
1373 1546 1426 1577 Ego
1445 1545 1536 1577 igitur,
1556 1546 1584 1570 in
1607 1545 1713 1570 Domino
1738 1544 1864 1569 confidens
1885 1543 1910 1568 et
1929 1544 1958 1568 de
1977 1543 2011 1568 di-

1159 1590 1218 1614 vina
1236 1589 1368 1614 clementia
1387 1588 1440 1613 tam
1465 1588 1639 1619 multipliciter
1664 1587 1771 1619 probata
1789 1587 1814 1612 et
1836 1586 2012 1618 exemplariter

1159 1634 1260 1658 ostensa
1284 1640 1460 1664 praesumens,
1490 1632 1663 1656 dulcissimum
1681 1631 1766 1656 Iesum
1793 1630 1927 1662 aliquando
1955 1637 2011 1655 cum

1158 1676 1240 1700 Matre
1260 1676 1312 1700 eius
1331 1682 1449 1706 quaeram
1468 1675 1494 1699 in
1513 1674 1619 1705 templo,
1639 1673 1773 1705 aliquando
1798 1681 1854 1698 cum
1873 1680 1966 1704 sponsa
1984 1673 2011 1697 111

1159 1719 1271 1743 cubiculo
1280 1737 1286 1747 ,
1305 1718 1439 1749 aliquando
1452 1725 1508 1742 cum
1521 1717 1650 1749 discipulis
1663 1717 1689 1741 in
1702 1716 1862 1743 consistorio.
1877 1715 2011 1747 aliquando

1159 1769 1213 1787 cum
1233 1761 1334 1793 regibus
1353 1761 1379 1786 iu
1399 1761 1543 1786 diversorio.

1225 1991 1235 2004 ⁹
1253 1992 1323 2020 Epist.
1341 1992 1365 2014 11.
1383 1991 1444 2013 Tim.
1464 1992 1485 2017 ⁴2,
1504 1991 1525 2012 6.
1543 1991 1586 2013 Pro
1606 1989 1744 2019 praelibare
1762 1990 1860 2017 Vulgata
1877 1988 2008 2018 percipere.

1162 2024 1213 2046 Vnt.
1231 2024 1287 2051 legit
1302 2022 1433 2052 aliqnando
1456 2021 1574 2051 fructibus
1593 2021 1730 2044 caelestibus
1749 2021 1847 2050 patriae
1865 2020 2012 2050 praelibare.

1161 2067 1192 2071 —
1209 2055 1318 2083 Sequitur
1335 2055 1413 2076 Mattb.
1431 2054 1467 2081 15,
1486 2054 1523 2080 32,
1540 2053 1580 2075 ubi
1598 2059 1641 2081 pro
1658 2052 1683 2075 in
1694 2052 1734 2075 ria
1752 2053 1791 2081 (ita
1804 2053 1822 2074 G
1834 2058 1888 2075 eum
1900 2052 2009 2080 Vulgata)

1162 2086 1213 2108 Vat.
1231 2085 1255 2108 in
1273 2085 1362 2113 labore,
1380 2091 1441 2114 quae
1458 2085 1528 2107 etiam
1546 2084 1680 2107 immediate
1697 2087 1749 2112 post
1766 2090 1808 2112 pro
1825 2083 1886 2107 sicul
1904 2082 2012 2113 Apostoli

1161 2117 1279 2140 substituit
1296 2116 1336 2140 Sic
1354 2115 1468 2146 Apostoli.

1225 2148 1244 2161 ¹⁰
1261 2149 1310 2171 Act.
1328 2148 1349 2175 5,
1368 2148 1404 2170 41.
1423 2160 1453 2163 —-
1470 2148 1565 2170 Inferius
1582 2153 1625 2175 pro
1637 2146 1773 2176 saepissime
1784 2145 1886 2169 dulciter
1901 2147 1960 2169 szmt
1974 2152 2012 2169 re-

1160 2179 1216 2210 fecti
1233 2180 1271 2209 (ita
1289 2180 1314 2208 F)
1334 2180 1384 2202 Vnt.
1402 2186 1456 2202 cum
1468 2179 1485 2201 G
1499 2179 1607 2208 ipsorum
1621 2178 1729 2208 piissime
1747 2178 1812 2207 [Yat.
1824 2178 1889 2200 addit
1899 2176 2009 2207 dulciter]

1161 2212 1219 2234 sunt
1235 2210 1309 2234 corda
1326 2211 1414 2240 refecta
1431 2210 1495 2240 [Vnt.
1513 2210 1614 2240 refecti}

1225 2242 1243 2255 ¹¹
1262 2242 1307 2265 Csr.
1325 2243 1379 2265 Luc.
1398 2242 1434 2270 110,
1453 2242 1490 2264 38.
1508 2248 1573 2271 seqq.
1591 2254 1621 2258 —-
1639 2240 1812 2264 consistorium
1829 2240 1958 2263 secundum
1975 2240 2010 2262 Du

1161 2274 1239 2302 Gange
1256 2274 1370 2302 significat
1386 2274 1472 2300 locum,
1490 2274 1510 2296 in
1529 2280 1576 2302 quo
1593 2273 1703 2301 princeps
1715 2273 1745 2295 de
1764 2272 1835 2295 rebus
1847 2271 1947 2300 publicis
1959 2277 2011 2294 con-

1161 2306 1229 2328 sultat
1248 2312 1274 2328 ac
1296 2305 1408 2328 deliberat
1431 2312 1485 2327 011111
1508 2305 1557 2327 suis
1582 2304 1763 2327 consistorianis.
1785 2303 1831 2327 Csr.
1857 2304 1904 2326 Act.
1922 2304 1949 2330 5,
1973 2303 2010 2325 ⁶26.

1161 2344 1235 2366 seqq„
1253 2337 1293 2360 ubi
1311 2338 1339 2360 de
1357 2337 1471 2365 Apostolis
1488 2337 1596 2359 adductis
1613 2335 1637 2359 ίη
1655 2335 1782 2359 concilium
1804 2338 1900 2364 propter
1921 2334 2012 2363 praedi-

1160 2370 1274 2391 cationem
1291 2369 1391 2391 nominis
1410 2369 1466 2391 lesu.

923 2681 1342 2707 maes-—
