2133 3317
315 212 510 242 OPUSCULUM
532 212 596 241 XVI.
619 211 792 241 EXPOSITIO
814 213 916 242 SUPER
938 213 1091 243 REGULAM
1113 215 1266 245 FRATRUM
1287 215 1449 245 MINORUM.
1471 215 1539 245 CAP.
1562 216 1591 245 ΙΙ.

367 290 571 323 (CAPITULUM
589 290 638 322 Η.)

107 378 145 402 DE
163 384 196 402 ns
215 384 258 406 QUI
276 383 373 402 vonum·
392 383 472 401 VITAM
491 382 568 401 ISTAM
586 383 704 401 ACCIPERE
723 383 754 401 ET
773 383 899 405 QUALITER

391 425 474 444 RECIPI
491 425 614 443 DEBEANT.

151 501 175 526 si
194 501 236 533 qui
255 500 381 526 voluerint
398 500 463 525 hanc
482 500 560 525 vitam
583 501 693 532 accipere
712 500 737 525 et
761 501 876 526 venerint
893 501 925 526 ad

81 544 184 570 Fratres
203 544 311 573 nostros,
331 543 436 568 mittant
454 551 495 569 eos
513 544 545 569 ad
563 551 621 569 suos
639 544 769 569 Ministros
789 544 925 575 provincia-

80 588 124 618 les,
144 587 233 619 quibus
252 587 404 612 solummodo
427 586 452 612 et
471 594 521 612 non
545 587 602 612 aliis
621 587 753 618 recipiendi
777 587 880 612 Fratres
897 587 926 611 li-

80 630 161 656 centia
179 630 335 655 concedatur.
358 630 469 655 Ministri
487 637 545 655 vero
570 630 703 662 diligenter
725 629 866 655 examinent
884 637 925 655 eos

80 673 109 699 de
127 673 174 697 fide
193 672 315 698 catholica
333 672 358 697 et
377 672 549 697 ecclesiasticis
572 672 747 697 Sacramentis.
771 672 805 697 Et
823 673 845 697 si
866 672 926 697 haec

80 716 162 742 omnia
180 715 283 741 credant
301 716 327 740 et
345 715 424 740 velint
443 723 471 740 ea
490 715 596 740 fideliter
614 715 727 741 confiteri
745 716 770 740 et
794 723 872 747 usque
899 716 926 740 in

80 759 154 785 finem
174 758 280 783 firmiter
304 758 450 788 observare,
475 758 501 783 et
518 766 607 784 uxores
632 766 681 784 non
704 758 814 788 habent,
839 758 879 783 vel
905 759 927 783 si

79 802 181 832 habent,
201 801 226 826 et
244 802 294 826 iam
312 802 491 827 monasterinm
509 802 661 827 intraverint
673 809 774 832 uxores,
793 802 833 827 vel
850 802 927 827 licen-

80 845 142 870 tiam
161 845 196 870 eis
214 845 327 870 dederint
345 844 495 870 auctoritate
508 845 644 870 dioecesani
663 845 778 876 episcopi,
797 845 855 870 voto
869 852 926 870 con-

80 887 200 913 tinentiae
218 888 268 912 iam
292 888 389 917 emisso,
408 887 433 912 et
457 887 525 912 illius
550 887 602 912 sint
626 887 718 912 aetatis
739 894 836 917 uxores,
861 887 926 919 quod

79 938 129 957 non
148 931 228 962 possit
246 931 275 955 de
294 931 329 955 eis
348 931 407 955 oriri
421 931 542 962 suspicio;
556 930 640 955 dicant
653 931 704 955 illis
723 930 825 955 verbum
845 930 926 955 sancti

79 974 223 1006 Evangelii;
243 973 308 1005 quod
326 973 421 998 vadant
439 973 464 998 et
483 973 593 998 vendant
611 974 693 999 omnia
711 981 756 998 sua
784 974 809 999 et
827 981 856 998 ea
875 973 926 998 stu-

79 1016 156 1042 deant
174 1016 326 1048 pauperibus
345 1023 461 1048 010331ος
487 1016 552 1048 (11100
571 1017 591 1041 31
616 1016 696 1041 facere
714 1024 764 1042 non
789 1016 925 1048 potuerint,

80 1060 172 1086 sufficit
191 1060 226 1085 eis
244 1059 309 1085 bona
333 1059 460 1084 voluntas.
482 1059 516 1084 Et
540 1059 645 1084 caveant
663 1059 767 1084 Fratres
791 1059 816 1084 et
841 1067 926 1084 eorum

79 1103 202 1132 Ministri,
221 1110 252 1128 ne
271 1102 371 1128 solliciti
389 1102 441 1127 sint
463 1103 492 1127 de
511 1102 585 1127 rebus
604 1103 656 1128 suis
678 1102 872 1134 temporalibus,
897 1103 926 1128 ut

78 1146 155 1171 libere
174 1145 268 1171 faciant
280 1146 309 1170 de
322 1145 395 1170 rebus
409 1146 469 1175 suis,
489 1146 608 1177 quidquid
624 1145 745 1171 Dominus
763 1146 927 1177 inspiraverit

80 1189 123 1215 eis.
142 1189 167 1214 Si
185 1189 270 1214 tamen
288 1189 417 1214 consilium
436 1189 587 1220 requiratur,
605 1189 732 1214 licentiam
751 1189 861 1214 habeant
879 1189 927 1214 Mi-

79 1232 155 1258 nistri
167 1232 283 1257 mittendi
295 1239 335 1257 eos
354 1232 386 1256 ad
398 1232 495 1263 aliquos
514 1232 593 1257 Deum
607 1232 737 1262 timentes,
751 1239 855 1264 quorum
868 1239 926 1258 con-

80 1275 135 1301 silio
153 1275 217 1300 bona
236 1282 281 1300 3113
300 1274 452 1306 pauperibus
470 1276 612 1306 erogentur.
630 1275 722 1300 Postea
737 1275 873 1300 concedant
891 1276 926 1300 eis

79 1325 176 1350 pannos
194 1317 362 1349 probationis,
381 1318 496 1343 videlicet
513 1318 575 1343 duas
594 1318 692 1343 tunicas
711 1319 764 1343 sine
782 1318 882 1350 caputio
901 1318 926 1343 et

79 1361 207 1393 cingulum
229 1360 254 1385 et
266 1360 354 1386 bracas
372 1361 398 1386 et
410 1368 558 1392 caparonem
577 1368 655 1393 usque
667 1361 699 1386 ad
718 1362 857 1393 cingulum,
877 1362 926 1386 nisi

79 1404 171 1429 eisdem
183 1404 307 1429 Ministris
325 1404 394 1429 aliud
406 1404 540 1429 secundum
560 1404 639 1429 Deum
651 1404 786 1435 aliquando
801 1404 925 1429 videatur.

79 1447 163 1472 Finito
181 1454 239 1472 vero
257 1454 323 1472 anno
342 1446 510 1478 probationis,
530 1446 683 1478 recipiantur
696 1447 727 1471 ad
746 1447 924 1477 obedientiam,

80 1489 256 1521 promittentes
274 1489 352 1514 vitam
372 1489 447 1514 istam
471 1497 568 1521 semper
586 1489 611 1515 et
629 1489 750 1521 Regulam
776 1490 925 1520 observare;

79 1532 105 1558 et
123 1532 193 1557 nullo
212 1532 283 1557 modo
307 1532 391 1557 licebit
415 1533 450 1557 eis
476 1532 504 1557 de
523 1532 573 1557 ista
598 1532 726 1564 Religione
751 1533 829 1562 exire,
856 1532 926 1557 iuxta

79 1575 226 1601 mandatum
244 1575 336 1601 domini
354 1575 451 1606 Papae3
471 1576 540 1607 quja,
560 1575 694 1600 secundum
713 1575 827 1600 sanctum
845 1575 926 1600 Evan-

79 1620 186 1651 gelium,
205 1626 277 1644 nemo
304 1619 408 1644 mittens
431 1626 538 1643 manum
556 1619 592 1644 ad
615 1619 735 1644 aratrum
759 1620 782 1644 et
800 1619 927 1650 aspiciens

79 1663 149 1688 retro
169 1663 246 1693 aptus
264 1663 303 1687 est
318 1669 398 1693 reyno
417 1661 476 1686 Dei.
494 1661 529 1686 Et
555 1662 593 1686 illi
611 1663 654 1694 qui
680 1663 730 1687 iam
758 1662 927 1694 promiserunt

80 1704 257 1734 obedientiam,
276 1704 386 1729 habeant
404 1712 480 1729 unam
493 1704 604 1730 tunicam
622 1712 678 1730 011111
696 1705 795 1736 caputio
814 1705 839 1730 et
851 1705 926 1730 aliam

81 1748 133 1773 sine
152 1747 252 1779 caputio
277 1747 320 1779 qui
338 1747 464 1772 voluerint
486 1747 586 1772 habere.
604 1747 639 1772 Et
657 1748 699 1779 qtn'
724 1747 872 1773 necessitate
891 1755 927 1773 co-

79 1790 176 1823 guntur
203 1790 302 1821 possint
329 1791 430 1822 portare
448 1790 623 1815 calceamenta.
650 1790 684 1815 Et
711 1791 815 1816 Fratres
842 1798 927 1816 omnes

80 1832 237 1859 vestimentis
255 1833 347 1858 vilibus
369 1833 519 1863 induantur,
538 1833 564 1858 et
581 1833 679 1864 possint
698 1841 727 1858 ea
751 1833 873 1865 repetiare
898 1833 927 1858 de

80 1876 158 1901 saccis
176 1875 202 1901 et
219 1876 276 1901 aliis
295 1876 369 1907 petiis
387 1883 442 1901 cum
455 1876 623 1901 benedictione
641 1876 700 1906 Dei;
720 1883 781 1908 (11103
800 1883 885 1902 moneo
902 1876 928 1901 et

80 1918 205 1949 exhortor,
218 1926 248 1944 ne
267 1919 406 1950 despiciant
417 1926 496 1950 neque
514 1919 624 1944 iudicent
635 1918 755 1949 homines,
768 1926 829 1950 quos
842 1918 928 1944 vident

80 1962 197 1987 mollibus
216 1961 373 1987 vestimentis
392 1962 417 1987 et
436 1962 554 1987 coloratis
573 1961 685 1992 indutos,
704 1962 743 1987 uti
761 1962 822 1987 cibis
840 1962 865 1987 et
884 1969 928 1993 po-

81 2005 149 2030 tibus
168 2004 294 2035 delicatis3
314 2005 357 2030 sed
375 2006 455 2037 magis
468 2006 638 2037 unusquisque
657 2005 748 2030 iudicet
764 2005 789 2030 et
807 2005 928 2037 despiciat

81 2048 250 2080 semetipsum.

414 2129 596 2158 EXPOSITIO.

162 2217 186 2244 1.
209 2215 242 2244 Si
261 2215 314 2253 qui
334 2215 477 2244 voluerint
494 2214 571 2244 lianc
584 2215 677 2244 vitam
697 2215 836 2252 accipere.
852 2215 927 2243 Stra-

81 2261 116 2291 tis
136 2262 222 2291 huius
242 2261 356 2291 aedificii
385 2262 586 2296 fundamentis,
607 2264 693 2290 restat
720 2261 867 2298 providere
893 2261 927 2290 de

81 2308 284 2349 habitatoribus
304 2308 435 2343 civitatis,
456 2311 488 2337 ut
509 2309 613 2337 scilicet
633 2308 803 2345 recipiantur
820 2308 855 2336 ad
876 2307 928 2336 Or-

145 2502 153 2515 ¹
171 2502 228 2525 Cod.
245 2503 263 2525 Α
280 2501 432 2530 discretione,
455 2501 472 2525 C
493 2501 651 2530 distinctione,
669 2503 687 2524 G
709 2505 732 2524 et
753 2502 791 2525 ed.
812 2503 821 2524 1
847 2501 926 2525 distri-

82 2540 168 2569 ctione,
188 2541 255 2564 sicuti
272 2544 294 2564 et
311 2541 369 2563 intra
386 2547 407 2563 n.
429 2541 463 2563 ¹6.
481 2541 583 2569 ponitur.
600 2540 730 2569 Districtz'o,
750 2541 879 2564 secundum
892 2541 926 2563 Du

83 2579 174 2608 Gange,
190 2580 329 2603 Glossarium
350 2583 407 2607 etc„
424 2580 486 2602 idem
509 2583 544 2603 est
560 2586 587 2602 30
604 2580 725 2609 severitas,
747 2581 784 2602 vel
807 2580 926 2609 disciplina

82 2622 160 2642 exacte
177 2621 276 2642 servata.

146 2657 155 2671 ²
172 2658 238 2681 Locis
253 2664 324 2686 supra
341 2664 396 2686 pag.
413 2658 470 2687 393,
487 2661 539 2680 nota
556 2658 577 2680 3.
594 2658 704 2686 allegatis.
716 2658 817 2681 Primum
835 2658 927 2681 divisio-

82 2696 118 2720 nis
134 2696 267 2719 membrum
285 2698 392 2725 (sanctas
406 2696 572 2727 perfectiones)
587 2697 753 2725 correspondet
769 2697 834 2720 tertio
854 2704 867 2719 a
885 2698 927 2720 Bo-

82 2742 137 2759 nav.
154 2735 227 2764 posito
245 2735 382 2765 (Reliqionis
399 2735 513 2766 requisita
522 2735 642 2765 puritas),
660 2736 788 2758 secundum
804 2736 927 2766 (perfecto-

83 2780 133 2802 res,
150 2774 332 2804 τελεσιουργοός)
349 2775 438 2803 prImo,
455 2777 477 2797 et
494 2774 585 2797 tertium
603 2774 742 2804 (perfectos,
764 2773 926 2805 τελουμένους,

83 2812 107 2835 10
124 2815 158 2835 est
171 2812 339 2843 perficiendos,
359 2813 418 2836 sicut
433 2813 502 2835 etiarn
520 2819 590 2841 supra
607 2819 628 2835 0.
640 2813 661 2835 ’1.
681 2819 704 2835 n.
725 2813 745 2834 1.
758 2813 863 2841 ponitur,
876 2813 928 2835 licet

83 2857 96 2874 a
110 2852 246 2875 Vercellensi
258 2851 410 2875 substituatur
418 2852 543 2882 perfectos)
561 2852 672 2875 secundo.
686 2852 737 2874 Vat.
748 2851 803 2880 legit
813 2851 927 2875 dividitur

83 2890 108 2914 in
124 2890 226 2919 sanctis,
239 2890 351 2921 perfectis
363 2893 385 2914 et
398 2890 588 2921 perfectioribus.
598 2903 630 2908 —
641 2891 735 2914 lnterius
747 2897 789 2919 pro
800 2890 928 2920 recipiendi

84 2929 233 2953 idoneitatem
250 2931 268 2953 A
277 2931 294 2952 Β
303 2931 322 2952 G
339 2933 360 2952 et
377 2930 413 2953 ed.
428 2930 436 2952 1
452 2929 540 2960 recepti
553 2929 710 2953 humilitatem
723 2929 749 2959 (Β
760 2929 925 2958 habilitatem).

147 2967 156 2980 Β
174 2968 279 2997 Dionys,
295 2969 326 2991 de
346 2968 442 2992 Caelesti
463 2969 608 2996 Hierarchia,
626 2975 644 2991 0,
663 2969 684 2991 3.
701 2969 715 2997 {3
731 2969 756 2991 i:
775 2969 812 2991 Est
831 2969 927 2998 quidem

84 3007 210 3030 hierarchia
228 3007 356 3030 secuudum
373 3013 411 3030 me
430 3007 488 3030 ordo
504 3007 598 3030 divinus
614 3010 636 3030 et
652 3007 745 3030 scientia
765 3010 787 3030 et
808 3008 866 3030 actio
883 3010 927 3031 etc.

1771 217 1828 247 397

981 291 1073 321 dinem
1088 292 1228 322 venientes
1242 293 1275 322 ad
1290 294 1438 328 orientem,
1460 294 1530 324 lucis
1551 294 1643 324 radios
1660 296 1826 332 suscepturi.

982 339 1013 367 Et
1035 339 1102 368 haec
1122 347 1188 376 pars
1208 344 1329 377 quatuor
1356 341 1447 370 habet.
1470 342 1560 370 Primo
1587 342 1680 379 agitur
1700 342 1734 372 de
1755 343 1827 380 ipso-
1841 353 1974 381 0110191013-

982 393 1045 413 rum
1060 386 1234 423 receptione;
1256 387 1385 422 secundo,
1400 387 1434 417 de
1445 388 1632 425 probatione,
1652 389 1706 418 ibi:
1722 390 1827 418 Postea
1838 377 1922 419 ω’ἑᾞῗὲἒ
1929 382 1974 424 1232-

981 432 1154 465 concedant;
1176 433 1273 467 tertio,
1295 434 1328 462 de
1346 433 1543 472 professione,
1566 436 1618 465 ibi:
1641 436 1738 465 Finito
1759 445 1827 466 vero
1843 426 1892 442 “¹⁰‘'

981 487 1060 506 anno
1068 489 1078 511 ,·
1098 482 1214 515 quarto,
1236 479 1270 508 00
1294 480 1482 517 professorum
1508 482 1535 511 in
1563 483 1666 512 vestitu
1693 487 1720 512 et
1747 483 1826 513 victu

981 525 1172 562 descriptione
1186 527 1213 560 ¹,
1235 526 1288 555 ibi:
1311 528 1346 556 Et
1366 528 1410 556 itti
1430 529 1482 567 qui
1501 530 1571 558 iam.

1061 572 1092 600 Et
1113 572 1178 609 quia
1199 573 1272 602 circa
1290 575 1477 611 receptionem
1500 577 1553 605 tria
1574 581 1759 612 concurrunt,
1774 578 1828 607 sci·
1840 586 1973 606 snhffiviuom

982 618 1046 648 licet
1066 619 1231 656 recipientis
1258 621 1436 656 auctoritas,
1457 623 1618 660 recipiendi
1640 624 1782 653 idoneitas
1802 628 1829 654 et
1844 613 1882 630 ²¹⁸⁵
1895 612 1965 634 ‘Bw'

983 664 1134 694 humilitas
1148 669 1175 695 et
1190 667 1347 704 Religionis
1363 669 1505 706 requisita
1516 670 1647 707 puritas,
1663 671 1742 700 iuxta
1754 671 1828 709 quod

982 720 1063 741 omne
1078 713 1283 743 hierarchicum
1299 715 1439 752 negotium
1456 716 1589 745 dividitur
1604 717 1630 746 in
1646 722 1754 747 sanctas
1768 726 1828 755 per-

982 759 1113 788 fectiones
1134 763 1161 788 et
1182 760 1349 797 perfectores
1371 765 1398 791 et
1419 763 1570 799 perfectos,
1591 764 1743 793 secundum
1766 765 1828 793 Dio-

982 806 1092 843 nysium
1105 806 1131 841 2;
1146 807 1236 844 primo
1256 808 1348 845 agitur
1362 809 1396 838 de
1418 810 1621 846 pertinentibus
1635 811 1669 839 ad
1689 811 1828 848 recipten-

982 857 1055 887 tem,·
1076 854 1197 883 secundo
1218 855 1311 892 agitur
1332 855 1365 884 00
1391 857 1594 893 pertinentibus
1614 857 1647 886 ad
1669 858 1830 895 recipiendi

982 900 1184 935 idoneitatem,
1199 901 1253 930 ibi:
1279 903 1312 931 Et
1332 902 1360 931 si
1373 902 1443 931 haec
1464 904 1578 938 omnia;
1600 905 1694 939 tertio,
1710 905 1743 934 (le
1765 913 1828 942 per-

983 948 1135 977 tinentibus
1155 948 1188 977 ad
1211 949 1369 986 Retiyionis
1380 950 1559 986 puritatem,
1582 951 1634 980 ibi:
1652 952 1758 980 Dicant
1771 952 1829 981 iltis

981 994 1102 1023 verbum
1122 995 1219 1024 sancti
1247 996 1406 1034 Evangelii.
1431 1014 1471 1018 —-
1494 997 1572 1026 Circa
1593 1002 1752 1036 receptores
1772 999 1828 1028 duo
1854 1008 1881 1027 ne
1895 1008 1955 1032 prima

982 1042 1069 1079 tangit
1097 1042 1178 1071 iuxta
1204 1042 1274 1071 duas
1306 1043 1441 1073 Ecclesiae
1469 1044 1571 1079 claves,
1594 1045 1674 1074 iuxta
1699 1045 1773 1082 quod
1801 1046 1828 1074 in
1845 1033 1898 1055 ΜΝ
1917 1031 1961 1050 ‘³⁰⁰'

983 1088 1141 1117 hierarchia
1161 1092 1203 1118 est
1224 1090 1296 1118 ordo
1317 1093 1344 1119 et
1364 1090 1500 1125 scientia,
1522 1099 1558 1120 ex
1577 1092 1680 1129 quibus
1701 1092 1829 1129 sequitur

982 1136 1099 1170 actio⁸;
1121 1136 1207 1173 tangit
1229 1137 1319 1173 primo
1334 1138 1408 1167 circa
1428 1141 1586 1175 receptores
1600 1139 1707 1168 clavem
1730 1144 1829 1168 aucto-

983 1183 1083 1211 ritatis
1109 1185 1137 1212 et
1157 1183 1289 1212 ordinem
1313 1185 1480 1222 potestatis;
1508 1185 1642 1219 secundo,
1664 1186 1830 1223 pertinentia

982 1229 1016 1258 ad
1037 1229 1144 1258 clavem
1173 1231 1311 1259 scientiae
1334 1235 1359 1259 et
1386 1231 1589 1267 discretionis,
1618 1233 1671 1262 ibi:
1699 1234 1831 1263 Ministri

981 1285 1049 1305 vero
1071 1277 1231 1314 ditiyenter.

1061 1325 1088 1352 9..
1111 1324 1181 1353 Dicit
1195 1332 1277 1362 ergo:
1301 1325 1334 1354 Si
1346 1326 1399 1363 qui
1417 1326 1563 1355 voluerint
1577 1325 1653 1356 lianc
1672 1327 1765 1356 vitam
1779 1336 1828 1356 ac-
1841 1334 1869 1353 ne
1882 1334 1976 1361 σωρευ-

982 1370 1084 1408 cipere.
1113 1371 1261 1408 Loquendo
1286 1372 1496 1407 conditionate,
1526 1374 1673 1402 DomInum
1701 1359 1976 1412 3001111111·(011ῗῖᾇῖἶῖωιῗοιὲξ

982 1418 1118 1446 dicentem
1146 1419 1273 1447 Matthaei
1295 1419 1401 1448 decimo
1422 1427 1495 1448 nono
1509 1420 1536 1448 4:
1567 1420 1599 1449 Si
1611 1420 1657 1449 vis
1680 1420 1829 1458 perfectus
1846 1406 1906 1424 φῶθ’

982 1473 1054 1498 esse,
1076 1465 1150 1493 vade
1163 1468 1190 1493 et
1208 1465 1297 1494 vende
1315 1466 1429 1500 omnia,
1451 1475 1526 1504 quae
1540 1465 1641 1501 habes,
1663 1471 1687 1496 et
1701 1468 1741 1496 da
1753 1476 1831 1505 pau-

979 1511 1101 1549 peribus
1128 1515 1179 1541 etc.
1210 1512 1356 1550 Religionis
1377 1513 1449 1542 001111
1479 1514 1564 1543 huius
1587 1514 1777 1551 propositum,
1799 1517 1831 1544 ut

982 1558 1092 1587 nullum
1120 1562 1265 1588 terrenum
1294 1561 1449 1597 exspectari
1482 1561 1568 1597 possit
1595 1561 1830 1597 emolumentum,

982 1606 1051 1634 nulli
1067 1606 1229 1635 necessitate
1244 1607 1396 1644 imponitur
1411 1615 1461 1636 nec
1479 1616 1562 1637 carne
1576 1611 1604 1637 et
1618 1609 1751 1645 sanguine
1765 1616 1831 1646 sug-

983 1652 1104 1690 geritur,
1126 1653 1174 1682 sed
1194 1653 1230 1682 ab
1250 1653 1297 1682 illo
1318 1654 1485 1691 inspiratur,
1506 1655 1540 1684 de
1561 1663 1617 1692 quo
1638 1655 1739 1684 dicitur
1754 1656 1830 1685 Ioan-

983 1700 1026 1728 nis
1047 1700 1168 1728 tertio⁵:
1191 1700 1257 1729 Non
1274 1704 1366 1738 potest
1387 1700 1470 1730 homo
1492 1702 1623 1739 accipere
1647 1702 1830 1741 quidquam,

982 1746 1043 1775 nisi
1062 1745 1155 1783 fuerit
1175 1747 1201 1775 ei
1221 1747 1324 1776 datum
1346 1748 1379 1776 de
1404 1748 1490 1777 caeto.
1517 1765 1553 1769 —
1579 1750 1615 1777 Et
1640 1749 1770 1778 venerint
1790 1750 1831 1778 ad
1847 1756 1960 1775 Notandum·

984 1793 1108 1822 Fratres
1128 1797 1251 1822 nostros.
1273 1794 1330 1823 Non
1352 1794 1404 1823 hoc
1425 1795 1540 1830 dicitur,
1562 1796 1640 1832 quasi
1668 1804 1723 1824 000
1751 1796 1830 1834 liceat

983 1840 1128 1869 Fratribus
1148 1849 1203 1869 nou
1225 1840 1366 1870 venientes
1387 1842 1630 1871 exhortationibus
1651 1843 1829 1879 praevenire,

984 1895 1048 1916 cum
1070 1890 1097 1916 et
1111 1887 1169 1924 ipse
1184 1887 1332 1923 Dominus,
1348 1888 1474 1917 homines
1488 1889 1522 1917 ad
1536 1889 1732 1926 discipulatum
1747 1898 1830 1919 suum

984 1934 1135 1971 recipiens,
1158 1934 1253 1971 plures
1274 1935 1410 1972 corporali
1432 1935 1575 1965 vocatione
1596 1936 1771 1973 praevenisse
1793 1937 1831 1966 le-

983 1983 1066 2018 gatur
1076 1981 1098 2015 ⁶,
1120 1984 1151 2010 ut
1182 1981 1335 2016 Andream,
1367 1982 1479 2010 Petrum
1510 1985 1538 2011 et
1568 1982 1686 2017 similes;
1718 1982 1831 2020 quidam

983 2027 1074 2064 ipsum
1096 2030 1317 2065 praevenerunt,
1339 2028 1400 2058 dico
1414 2029 1620 2066 corporaliter,
1642 2037 1671 2058 se
1685 2029 1746 2058 eius
1766 2037 1831 2058 con-

983 2074 1069 2103 sortio
1090 2075 1243 2109 offerendo,
1265 2083 1387 2112 quorum
1408 2075 1490 2105 etiam
1518 2084 1592 2105 unus
1616 2076 1746 2113 repulsus
1773 2079 1830 2111 est,

983 2121 1056 2150 sicut
1085 2124 1160 2158 patet
1190 2122 1317 2151 Matthaei
1348 2126 1453 2151 octavo.
1482 2123 1657 2152 venientium
1681 2122 1766 2160 igitur
1797 2122 1831 2152 ad

983 2167 1093 2196 Fratres
1114 2167 1226 2205 quidam
1248 2171 1313 2197 sunt
1337 2176 1353 2197 3
1373 2169 1516 2198 Fratribus
1537 2169 1695 2206 praeventi,
1717 2169 1830 2207 quidam

984 2222 1050 2243 vero
1065 2214 1139 2251 ipsos
1160 2223 1211 2243 sua
1224 2215 1369 2244 devotione
1387 2216 1578 2252 praeveniunt.
1602 2216 1633 2245 Et
1647 2216 1681 2245 de
1701 2216 1830 2245 omnibus

983 2261 1029 2289 hic
1050 2261 1167 2290 dicitur:
1183 2262 1218 2290 Et
1238 2262 1368 2290 venerint
1388 2262 1428 2291 ad
1442 2263 1565 2291 Fratres
1578 2266 1702 2292 nostros.
1717 2279 1756 2284 —
1769 2263 1831 2292 Mit-

984 2311 1047 2336 tant
1070 2316 1117 2336 eos
1145 2308 1185 2337 ad
1211 2317 1281 2337 suos
1308 2309 1476 2348 Ministros·
1483 2310 1696 2347 provinciales,
1724 2310 1831 2348 quibus

983 2501 1027 2524 Cir.
1045 2502 1146 2530 Bonav.‚
1169 2503 1193 2524 ll.
1215 2502 1276 2525 Sent.
1294 2502 1317 2525 d.
1340 2503 1362 2525 9.
1382 2503 1528 2529 Praenotata,
1551 2502 1589 2525 ubi
1614 2505 1659 2526 tres
1683 2503 1830 2526 definitiones

983 2541 1124 2563 hierarchiae
1141 2547 1154 2563 a
1171 2541 1280 2569 Dionysio
1297 2541 1364 2564 datae
1380 2545 1534 2569 exponuntur.
1551 2541 1609 2564 Vid(¹
1626 2542 1694 2564 etiam
1712 2542 1748 2565 lV.
1767 2543 1830 2565 Sent.

984 2581 1007 2603 d.
1026 2581 1062 2602 18.
1080 2586 1102 2608 p.
1120 2581 1136 2603 1.
1153 2586 1173 2602 a.
1199 2581 1222 2603 3.
1240 2587 1264 2609 q.
1282 2581 1303 2603 2.
1320 2580 1344 2603 10
1361 2587 1437 2609 corp.,
1459 2580 1499 2604 ubi
1525 2582 1582 2603 haec
1599 2581 1640 2604 tria
1666 2581 1710 2604 sub
1735 2582 1829 2604 notione

983 2619 1088 2643 clavium
1104 2619 1287 2642 considerantur.

1046 2657 1056 2670 ⁴
1074 2658 1140 2681 Vers.
1157 2659 1194 2681 at.
1211 2671 1242 2675 —
1259 2658 1324 2681 Vat.:
1341 2658 1458 2688 Loquitur
1474 2658 1632 2683 conditionate
1648 2659 1776 2683 Dominum
1796 2666 1829 2684 se-

984 2696 1075 2727 quendo
1093 2696 1206 2720 dicentem
1223 2700 1267 2720 etc.

1046 2735 1056 2748 ⁶
1073 2736 1138 2758 Vers.
1156 2736 1194 2758 27.
1210 2748 1242 2753 —
1259 2736 1370 2764 Superius
1387 2742 1429 2764 pro
1446 2742 1488 2760 nec
1505 2742 1578 2760 carne
1594 2738 1616 2760 et
1631 2736 1748 2767 sanquine
1764 2738 1824 2760 ed.t

983 2780 1026 2798 nec
1042 2781 1058 2797 a
1074 2780 1147 2798 carne
1162 2780 1205 2798 nec
1221 2781 1237 2798 a
1253 2774 1370 2805 sanquine
1382 2775 1468 2804 (Matth.
1487 2776 1528 2804 16,
1546 2776 1588 2798 Πι
1606 2776 1664 2805 Quia
1676 2782 1729 2799 caro
1746 2779 1769 2799 et
1780 2783 1829 2800 san·

983 2813 1037 2842 guis
1054 2819 1099 2836 non
1115 2813 1227 2836 revelavit
1243 2813 1296 2841 tibi,
1313 2813 1355 2836 sed
1372 2814 1437 2836 Pater
1453 2814 1514 2843 etc.).

1046 2851 1056 2864 ⁶
1072 2852 1148 2875 Matth.
1167 2851 1192 2880 4,
1212 2853 1247 2874 Ἰ18.
1259 2858 1309 2881 seq.
1319 2864 1351 2869 —
1362 2852 1466 2875 Subinde
1481 2853 1592 2881 allegatur
1603 2853 1680 2876 Matth.
1692 2854 1718 2882 8,
1731 2854 1768 2876 19.
1779 2860 1829 2883 seq.

983 2902 1014 2907 -—
1031 2891 1142 2919 Superius
1159 2897 1201 2919 pro
1219 2890 1324 2914 homines
1341 2891 1392 2914 vat.
1406 2891 1491 2921 plures
1507 2894 1530 2914 et
1543 2892 1621 2915 vocali
1636 2898 1679 2921 pro
1699 2892 1828 2923 corporali.

983 2928 1087 2952 Subinde
1104 2936 1147 2958 pro
1164 2929 1262 2959 quidam
1279 2930 1297 2952 D
1310 2929 1394 2960 plures
1411 2929 1482 2954 etiam
1500 2930 1646 2961 priusquam
1662 2931 1774 2955 vocaliter
1791 2937 1829 2955 vo-

983 2970 1109 2997 carentur,
1128 2969 1169 2998 qui
1185 2969 1254 2991 etiam
1272 2969 1366 2992 inferius
1383 2975 1426 2998 pro
1446 2969 1604 2999 praeveniunt
1623 2969 1740 2993 substituit
1759 2976 1829 3000 prae·

982 3009 1105 3031 venerunt.
