2133 3317
772 217 1015 246 PROLEGOMENA
1036 218 1064 246 C.
1086 218 1115 246 II.

137 300 174 321 33.
191 298 288 326 Ibidem,
308 298 361 321 cod.
378 298 402 320 N.
420 298 442 320 7.
459 297 504 320 iam
522 299 612 320 notatus
634 302 704 324 supra
727 302 782 324 pag.
804 296 864 318 XVII
889 302 912 318 n.

75 347 127 369 136.
143 358 174 363 -
191 346 239 368 Hoc
255 345 393 373 opusculum
411 344 490 372 incipit
506 344 543 366 tol.
560 344 597 366 23.
614 349 646 366 r.:
658 344 685 366 In
698 343 746 366 Xto
762 348 806 365 sao
818 341 915 365 dilectis-

73 393 133 417 simo
150 393 178 415 E.
194 393 362 415 Bonaventura
378 391 454 420 frater
471 390 521 413 eius
538 393 580 413 etc.
599 389 684 412 Desinit
700 390 839 417 incomplete
855 395 877 411 n.
890 389 913 411 6.

74 440 104 462 ad
120 438 204 461 verba:
222 438 264 461 ubi
278 439 336 461 sunt
351 443 440 467 1111191111
457 438 478 460 et
495 436 673 464 inscrutabilia,
691 442 794 466 quornm
811 441 858 458 non
882 437 917 458 est

75 491 197 510 nanterus.

138 531 175 554 34.
191 530 323 558 Monacliii,
341 530 477 553 bibliotheca
494 530 580 558 Regia,
597 529 651 552 cod.
672 528 739 552 3034.
759 528 805 551 iam
830 528 916 551 descri-

75 581 127 607 ptus
151 583 220 606 supra
245 583 300 605 pag.
326 577 395 599 XVlll
420 583 443 598 n.
462 576 514 598 150.
530 588 562 593 -
578 576 640 598 Folio
657 576 711 598 232.
735 581 758 597 v.
775 574 855 602 incipit
872 575 916 597 hoc

74 625 210 653 opusculum
227 623 271 646 sub
289 624 365 646 titulo:
385 622 489 652 Epistola
506 624 529 646 et
549 622 674 645 instructio
696 622 862 645 Bouaventure
884 620 917 643 ad
938 646 941 647 ,

74 670 189 695 novitium
206 670 324 700 quendam
340 669 368 693 de
385 669 546 699 Balneoregyio.
565 670 592 692 In
608 669 656 692 Xto
673 674 717 692 suo
734 667 808 698 fiatri
818 667 917 691 dilectis-

74 717 134 741 simo
151 716 178 739 Ε.
195 717 363 740 Bonaventura
379 716 500 745 confrater
517 715 567 738 eius
584 718 627 738 ete.
650 715 736 738 Desinit
758 715 809 737 solio
827 714 880 737 237.
897 721 917 737 r.

75 763 163 787 verbis:
179 763 231 793 frui
246 762 325 793 qloria
342 762 366 786 in
383 762 479 792 fiaturo,
497 762 560 792 quod
575 761 625 800 ipse
642 761 683 784 tibi
698 760 811 784 concedat
826 761 868 791 qui
883 763 917 784 est

75 816 138 834 unus
154 811 176 833 et
191 809 270 833 trinus
285 809 311 832 in.
327 809 408 832 secula
425 808 566 832 benedictus.
583 809 665 831 Amen.

138 857 175 880 35.
191 856 289 884 Ibidem,
310 856 361 879 cod.
378 857 446 878 9068.
463 857 534 878 chart.
553 855 575 878 in
593 856 614 878 8.
631 861 692 878 saec.
709 855 760 877 XV.
778 857 868 877 exeunt.
885 867 917 870 —

75 905 138 927 Folio
153 904 192 926 36.
204 910 236 926 r.:
248 903 361 933 Sequitur
378 902 505 926 utilissima
522 901 623 932 quedam
640 901 738 931 epistola
754 901 838 924 emunit
848 903 870 924 et
881 900 917 924 ‹Ie-

74 951 123 976 voti
137 950 239 975 doctoris
255 951 432 978 Bonaventure,
450 956 494 979 que
510 951 545 973 est
560 949 631 979 quasi
641 948 742 978 quedam
755 948 840 978 requla
851 950 873 972 et
884 948 916 971 in-

75 998 163 1022 stitutio
179 997 216 1027 pie
232 999 254 1020 et
269 997 426 1026 spiritualiter
444 997 469 1019 in
485 997 533 1020 Xto
551 996 627 1019 rivere
643 995 778 1019 colentium.
799 996 826 1018 Et
838 995 917 1018 distin-

76 1044 157 1074 auitur
174 1044 215 1067 hec
231 1043 329 1073 epistola
346 1043 371 1066 in
387 1043 460 1066 XXV
474 1042 623 1069 memoralia,
647 1043 674 1065 ut
699 1041 799 1071 inferius
820 1041 916 1071 patebit.

75 1090 200 1120 Proloqus.
218 1091 246 1113 In
262 1090 309 1113 Xto
327 1096 371 1113 suo
388 1089 470 1113 diiecto
488 1089 514 1112 E.
526 1089 694 1112 Bonacentura
707 1091 751 1111 ete.
766 1089 851 1111 Desinit
863 1094 917 1111 cun-i

77 1137 177 1160 editione
194 1136 247 1159 folio
264 1136 300 1158 44.
318 1142 338 1158 r.

138 1184 175 1205 36.
192 1182 292 1211 Ibidem,
310 1183 361 1205 cod.
382 1183 463 1204 11923.
480 1184 552 1204 chart.
570 1182 592 1204 in
609 1183 632 1204 8.
649 1187 708 1204 saec.
726 1182 787 1204 XVI.
798 1194 828 1197 ——
841 1181 919 1204 Conti-

76 1233 114 1253 net
129 1230 181 1253 cod.
199 1231 246 1252 sere
261 1230 377 1257 integrum
394 1230 438 1252 hoc
450 1229 587 1257 opusculum
601 1228 644 1250 sub
656 1228 761 1251 rubrica:
774 1228 837 1251 Nota
850 1227 917 1251 valde

75 1276 144 1300 utilia
160 1282 191 1299 ea:
207 1275 312 1306 qaedam
328 1275 427 1305 epistola
443 1275 519 1298 (levati
530 1275 632 1298 doctoris
645 1276 809 1298 Bonaeenture
821 1275 869 1298 iltis
879 1275 917 1305 pie

76 1324 98 1347 et
112 1322 268 1352 spiritualiter
285 1322 310 1345 in
326 1323 374 1346 Xto
390 1322 468 1346 vivere
482 1321 619 1346 volentibus.
632 1321 773 1346 Memoralia
785 1321 914 1351 aenei-alia.

78 1369 140 1393 Sunt
155 1375 211 1399 erqo
228 1369 269 1392 hec
286 1368 387 1399 quedam
403 1368 502 1392 virtutes
519 1372 570 1396 etc„
588 1369 625 1391 rot.
641 1369 664 1391 3.
675 1375 695 1390 r.

140 1416 177 1438 37.
195 1415 293 1443 Ibidem,
310 1416 362 1439 cod.
380 1416 449 1438 9810.
466 1417 537 1438 chart.
554 1416 576 1438 in
595 1415 615 1438 4.
628 1422 688 1438 saec.
699 1416 751 1438 XV.
764 1428 792 1432 ——-
804 1416 866 1438 Folio
880 1416 917 1437 26.

76 1469 95 1486 Γ.
112 1466 146 1486 est
161 1469 260 1492 sequens
276 1462 380 1485 rubrica:
398 1462 482 1492 Incipit
498 1462 596 1492 epistola
612 1462 698 1492 oab-is
709 1463 875 1486 Roma-entare
886 1462 919 1485 ad

77 1509 193 1533 novitium
217 1509 349 1539 quendam,
374 1516 418 1539 que
442 1509 579 1533 intitulatur
605 1509 721 1532 Balneum
745 1509 838 1538 remum
865 1509 916 1538 (sic)

77 1556 164 1579 anime.
180 1557 208 1579 In
223 1556 271 1579 Xto
288 1562 331 1579 suo
348 1555 422 1586 fratri
438 1555 587 1579 dilectissimo
607 1556 632 1579 E.
644 1556 811 1579 Boruzcentura
823 1556 918 1585 confra-

77 1603 113 1626 ter
129 1605 170 1625 ete.
188 1603 273 1625 Desinit
290 1603 326 1625 sol.
343 1603 381 1625 33.
398 1609 417 1626 Γ.
433 1602 524 1625 verbis:
541 1602 645 1632 Explicit
660 1602 758 1632 epistola
774 1606 829 1629 etc..
847 1605 872 1625 ut
888 1602 919 1625 le-

79 1650 139 1678 gitur
155 1656 233 1678 snpra.

140 1697 179 1719 38.
194 1696 295 1724 Ibidem,
312 1697 364 1719 cod.
382 1696 465 1719 111924.
483 1697 554 1719 chart.
572 1696 594 1718 in
611 1697 632 1718 8.
650 1702 711 1719 saec.
733 1696 792 1718 XVI.
810 1708 841 1713 -
858 1696 919 1718 Folio

79 1744 100 1766 1.
117 1750 141 1766 v.
157 1744 254 1772 legitur:
271 1743 355 1773 Incipit
371 1742 500 1766 utilissima
516 1742 617 1772 quedam
633 1741 732 1772 ept'stola
746 1741 828 1765 nimii
844 1743 866 1765 et
883 1741 921 1764 de-

78 1790 126 1814 voti
141 1790 243 1814 doctoris
260 1791 436 1818 Bonaventure,
454 1796 498 1819 qne
514 1791 549 1813 est
565 1789 635 1819 quasi
645 1788 746 1819 quedam
757 1788 843 1818 reqnla
856 1790 879 1812 et
889 1788 921 1812 in-

79 1837 170 1861 stitutio
188 1837 295 1861 omnium
309 1837 347 1866 pie
364 1839 385 1860 et
400 1836 557 1866 spiritualiter
574 1836 599 1859 in
615 1836 663 1859 Xto
678 1835 756 1859 vivere
778 1835 921 1863 volentium,

78 1886 102 1908 et
116 1884 271 1914 distinqaitar
288 1883 312 1907 in
323 1883 394 1907 XXV
406 1883 558 1911 memoralia,
570 1884 598 1906 ut
609 1882 709 1912 inferius
718 1881 812 1912 patebit.
826 1883 853 1905 1η
873 1882 920 1904 Xto

78 1937 122 1954 suo
140 1930 222 1954 dilecto
239 1930 266 1953 E.
284 1930 453 1953 Bonaventura
464 1929 491 1953 cle
503 1929 591 1953 Balnea
602 1928 668 1959 reqio
680 1931 723 1951 etc.
735 1929 822 1951 Desinit
834 1928 870 1951 sol.
884 1929 920 1950 12.

79 1984 102 2000 v.
119 1980 144 2000 ut
160 1977 182 1999 in
200 1977 308 1999 editione.

142 2024 180 2047 39.
196 2023 296 2051 Ibidem,
313 2023 364 2046 cod.
383 2023 467 2045 14777.
484 2024 555 2045 chart.
577 2023 600 2045 in
618 2023 640 2045 8.
662 2028 721 2045 saec.
744 2022 796 2045 XV.
812 2034 843 2038 —
860 2021 921 2044 Folio

80 2070 133 2094 1154.
150 2077 169 2093 Γ.
180 2071 293 2099 opusculo
304 2070 458 2098 praemittitur
470 2072 570 2092 tantum:
582 2068 723 2092 Memoralia
734 2067 856 2098 ymo-alia
867 2073 922 2091 san-

79 2117 111 2141 cti
126 2118 298 2141 conarentur-e.
316 2117 415 2145 Deinde,
432 2116 518 2139 omisso
535 2116 644 2144 prologo,
661 2115 777 2144 sequitur:
790 2114 855 2138 Sunt
865 2120 921 2144 erqo

79 2163 179 2194 quedam
196 2163 294 2187 virtutes
308 2163 407 2193 probate
424 2163 449 2186 in
466 2161 587 2185 iuvenibus
604 2165 647 2184 etc.
665 2161 751 2184 Desinit
767 2161 805 2184 tol.
824 2161 876 2183 160.
894 2167 919 2183 v.

80 2213 106 2233 ut
120 2211 144 2233 in
162 2210 235 2233 editis.

144 2256 181 2279 40.
198 2256 291 2285 Ibidem,
304 2256 357 2279 cod.
369 2256 436 2278 4781.
446 2256 518 2278 chart.
527 2255 549 2277 in
562 2255 583 2277 4.
595 2260 654 2277 saec.
672 2255 724 2277 XV.
735 2266 766 2271 —-
777 2253 920 2282 opusculum

81 2303 181 2326 occurrit
198 2304 236 2326 toi.
252 2304 290 2326 2-2.
307 2309 330 2325 V.
347 2302 391 2325 sub
408 2303 485 2325 titulo:
502 2301 585 2331 Incipit
596 2301 695 2332 epistota
706 2300 791 2330 fratris
803 2301 922 2324 Bonaven-

81 2352 134 2374 ture
150 2350 182 2373 ad
197 2349 313 2373 novitium
330 2349 462 2379 quendam,
479 2355 523 2379 que
539 2348 675 2372 intitulatur
692 2348 809 2372 Balneum
829 2347 922 2377 reyium

83 2397 132 2426 (sie)
149 2397 235 2420 anime.
253 2398 279 2419 In
296 2397 343 2419 Xto
360 2402 404 2420 suo
420 2396 496 2426 fratri
510 2396 592 2419 dilecto
609 2396 636 2418 E.
649 2396 817 2419 Bonaveutura
829 2395 921 2424 confra-

82 2445 117 2467 ter
133 2447 176 2466 etc.
193 2443 279 2466 Desinit
296 2443 348 2466 tolio
366 2444 404 2466 29.
420 2449 439 2465 r.
456 2442 546 2465 verbis:
564 2442 627 2472 quod
644 2442 692 2472 ipse
704 2441 746 2465 tibi
756 2441 868 2465 concedat
879 2444 923 2464 etc.

85 2489 188 2520 Explicit
204 2489 302 2519 epistola
317 2489 403 2519 fratris
419 2490 584 2513 Bonaventure
600 2488 632 2512 ad
648 2488 770 2512 novitium.

145 2537 181 2559 41.
198 2536 296 2563 Ibidem,
316 2536 368 2559 cod.
385 2536 454 2559 5014.
465 2537 538 2558 chart.
550 2535 572 2558 in
589 2536 610 2558 8.
621 2542 682 2558 saec.
694 2536 745 2558 XV.
757 2548 786 2552 —
799 2536 861 2558 llaec
878 2535 924 2563 epi-

82 2583 139 2606 stota
155 2583 236 2611 incipit
252 2583 304 2606 tolio
320 2583 360 2605 95.
375 2589 398 2605 v.
415 2583 464 2605 sine
479 2583 526 2604 ullo
544 2582 619 2604 titulo:
632 2582 659 2604 In
671 2582 718 2605 Xto
729 2581 805 2611 fiatri
813 2588 857 2605 suo
870 2581 923 2604 dilc-

83 2629 185 2653 ctissimo
200 2630 277 2660 frater
295 2630 463 2653 Bonaventura
480 2632 521 2652 etc.
536 2629 621 2651 Desinit
634 2629 670 2650 tol.
683 2628 720 2650 98.
731 2635 756 2651 ν.
767 2631 792 2650 ut
808 2628 831 2650 in
848 2628 923 2650 editis.

146 2676 183 2699 42.
200 2676 299 2704 Ibidem,
324 2676 376 2699 cod.
401 2676 470 2698 7669.
493 2677 565 2699 chart.
590 2676 613 2698 in
631 2675 652 2698 4.
669 2681 729 2698 saec·
746 2676 798 2698 XV.
815 2687 846 2692 —
862 2675 924 2697 Folio

87 2723 136 2745 118.
154 2729 189 2745 Γ.;
206 2723 289 2752 Incipit
305 2722 402 2752 epistola
418 2722 504 2752 fratris·
521 2722 685 2745 Bomteenture
710 2721 737 2745 cle
754 2722 841 2745 Balnea
859 2721 924 2751 reqio

83 2769 186 2793 multum
202 2769 268 2793 utilis
284 2771 305 2793 et
322 2769 390 2793 bona.
407 2770 468 2792 ilaec
485 2769 576 2792 rubrica
588 2769 715 2797 praemissa
729 2769 769 2791 suit
781 2768 810 2791 ab
821 2769 864 2791 alin
877 2769 925 2797 qui-

83 2816 150 2843 dem,
166 2816 208 2839 sed
224 2823 310 2839 coaeva
327 2823 410 2844 mansu
428 2817 519 2845 antiqua
538 2822 620 2838 manus
634 2816 764 2838 continuat:
782 2816 807 2838 In
820 2815 868 2838 Xto
879 2821 924 2838 suo

83 2862 158 2892 fratri
172 2863 321 2887 dilectissimo
338 2863 366 2886 Ε.
382 2863 550 2886 Bonaeentura
570 2862 690 2892 confrater
708 2861 758 2885 eius
777 2865 819 2884 etc.
840 2861 925 2884 Desinit

86 2909 122 2932 [01.
140 2910 191 2932 1-28.
202 2916 221 2932 Γ.
238 2909 321 2932 Eadem
339 2915 421 2931 manus
433 2909 548 2937 adiungit:
563 2907 666 2938 ssrplicit
675 2907 774 2937 epistola
786 2907 871 2937 fratris
883 2907 924 2930 Bo-

83 2957 214 2979 novenam-e
230 2955 296 2979 utilis
313 2957 335 2979 et
350 2955 418 2979 valde
435 2955 503 2979 bona.

1689 214 1812 243 LXXXIII

1035 296 1071 318 43.
1088 295 1187 324 Ibidem,
1205 295 1256 318 cod.
1275 296 1342 318 9726.
1360 297 1432 318 chart.
1454 295 1474 317 in
1493 295 1530 317 rot.
1552 300 1612 317 saec.
1636 294 1686 317 XV.
1704 307 1733 310 —
1750 293 1812 315 Folio

972 342 992 364 11.
1009 348 1041 364 r.:
1059 342 1142 372 Incipit
1158 342 1256 372 epistola
1273 344 1294 365 et
1311 342 1435 366 instructio
1452 343 1517 365 Bona
1537 343 1633 365 venture
1649 340 1681 364 ad
1698 339 1814 364 novitiam

971 389 1089 418 quendam
1105 389 1133 412 de
1150 390 1237 413 Balneo
1255 389 1326 419 reqio.
1344 391 1372 413 In
1389 390 1436 413 Xto
1454 390 1507 412 Iesu
1527 388 1676 412 dilectissimo
1695 388 1721 411 E.
1739 388 1814 410 Bona-

973 438 1072 460 t⁴entura
1089 440 1131 459 etc.
1150 437 1235 459 Desinit
1253 440 1277 459 ut
1294 437 1315 459 in
1332 437 1399 459 editis
1417 437 1452 459 tol.
1471 436 1492 458 4.
1509 442 1528 458 r.

1034 483 1071 506 44.
1089 483 1189 512 Ibidem,
1205 484 1257 506 cod.
1279 484 1360 505 18882.
1376 484 1448 505 chart.
1465 483 1488 505 in
1506 483 1527 505 8.
1545 488 1605 506 sace.
1628 482 1678 504 XV.
1702 481 1813 504 exeuntis.

972 543 1002 547 —-
1019 531 1160 558 Opuscnluni
1177 530 1257 559 incipit
1274 531 1311 553 tol.
1329 529 1366 552 84.
1383 536 1401 552 r.
1418 529 1462 552 sub
1480 530 1523 552 hoc
1539 529 1616 552 titulo:
1633 528 1740 558 Epistola
1757 534 1814 551 san-

972 576 1004 600 cti
1020 577 1195 604 Bonavenlure,
1212 582 1256 606 que
1273 577 1306 599 est
1322 576 1407 605 reauta
1424 575 1531 599 omnium
1545 575 1585 605 pie
1595 575 1620 598 in
1633 574 1724 598 Christo
1736 574 1813 598 vicere

974 622 1108 645 volentium.
1126 623 1153 645 In
1170 622 1218 645 Xto
1234 628 1278 645 suo
1295 621 1377 645 dilecto
1397 622 1424 644 E.
1440 621 1608 644 Bonaventura
1625 620 1652 643 de
1674 620 1761 643 Balnea
1779 626 1816 643 re-

973 669 1011 699 qio
1029 669 1150 698 confrater
1166 668 1216 691 eius
1233 671 1276 691 ete.
1294 669 1379 691 Desinit
1396 669 1434 690 sol.
1454 669 1502 690 105.
1520 674 1543 690 v.
1560 670 1585 690 ut
1601 667 1622 689 in
1640 667 1748 689 editione.

1036 715 1073 738 45.
1090 715 1189 743 Ibidem,
1212 716 1263 738 cod.
1286 715 1371 737 ⁴8:558.
1393 716 1464 737 chart.
1481 715 1504 737 in
1523 714 1543 736 4.
1560 720 1622 736 saec.
1639 714 1688 736 XV.
1706 726 1737 730 —
1753 713 1815 736 Fnlio

973 763 1011 785 21.
1028 769 1059 784 r.:
1077 762 1161 792 Incipit
1177 761 1274 792 epistola
1291 761 1375 791 fratris
1393 762 1557 784 Boniti-entare
1568 760 1601 784 ad
1615 760 1729 784 novitium
1746 766 1815 790 quen-

973 809 1042 838 dam,
1060 815 1103 839 que
1120 809 1255 832 intitulatur
1273 808 1388 832 Balneum
1404 808 1498 838 renium
1511 808 1560 837 (sic)
1573 807 1659 831 anime.
1673 808 1700 830 In
1711 807 1758 830 Xto
1770 813 1814 831 suo

972 856 1048 886 fratri
1063 856 1212 879 dilectissimo
1230 856 1256 878 E.
1274 856 1441 879 Bonarentura
1460 855 1580 885 constater
1597 858 1640 878 etc.
1657 855 1738 877 Ultima
1761 861 1815 883 pars

973 902 1082 931 epistolae
1099 904 1188 924 exarata
1207 902 1248 924 suit
1264 901 1293 924 nh
1310 902 1353 924 alin
1371 908 1439 924 manu
1458 902 1479 923 in
1498 908 1568 929 parva
1586 901 1708 927 schedula,
1731 906 1744 922 a
1767 906 1816 923 ver-

974 949 1009 972 bis
1033 950 1134 972 scilicet:
1161 949 1206 972 Ilrc
1230 950 1309 971 autem
1335 954 1382 971 non
1408 947 1457 971 ideo
1479 947 1521 971 tibi
1540 947 1638 977 scripsi,
1657 946 1720 976 quod
1736 948 1757 970 te
1773 949 1815 969 etc.

973 1002 1049 1024 usque
1071 996 1101 1018 ad
1123 996 1205 1023 finem,
1229 995 1264 1017 cui
1281 995 1387 1017 additur:
1405 994 1510 1024 Eoeplicit
1525 994 1624 1024 epistola
1639 993 1724 1023 fratris
1742 993 1766 1016 Β.
1784 992 1816 1015 ad

974 1042 1099 1066 novitium.

1037 1089 1074 1111 46.
1092 1088 1190 1116 Ibidem,
1213 1089 1265 1111 coil.
1292 1088 1371 1111 18551.
1394 1089 1464 1111 chart.
1483 1088 1504 1109 in
1523 1087 1543 1109 4.
1561 1093 1621 1109 saec.
1638 1086 1689 1108 XV.
1706 1098 1737 1102 —
1754 1085 1816 1108 Folio

976 1136 1026 1159 140.
1044 1143 1062 1158 Γ.
1079 1136 1174 1164 legitur:
1195 1135 1298 1165 Epistola
1315 1137 1336 1158 et
1352 1135 1476 1158 instructio
1495 1135 1545 1163 (alia
1564 1140 1646 1156 manus
1658 1132 1814 1162 prosequitur)

973 1182 1051 1206 sancti
1066 1183 1231 1206 Bonaeenture
1247 1182 1275 1205 (Ie
1293 1182 1379 1205 Balneo
1404 1181 1469 1211 reyio
1491 1181 1523 1203 ad
1543 1180 1661 1210 quendam
1678 1179 1705 1202 de
1728 1179 1815 1203 Balnea

973 1230 1046 1260 reyio.
1065 1230 1092 1252 In
1108 1231 1150 1253 .1·to
1167 1235 1211 1252 suo
1228 1229 1302 1259 fratri
1317 1228 1465 1252 dilectissimo
1483 1228 1512 1251 N.
1530 1228 1555 1251 B.
1573 1227 1693 1257 confrater
1711 1226 1761 1249 eius
1773 1230 1816 1248 etc.

975 1278 1060 1300 Desinit
1077 1277 1129 1299 solio
1151 1277 1199 1299 147.
1215 1283 1242 1299 r.:
1261 1276 1306 1299 tuis
1323 1275 1469 1299 orationibus
1481 1274 1658 1303 commendare,
1671 1274 1710 1298 cui
1726 1276 1760 1297 est
1776 1274 1816 1297 iio-

975 1330 1026 1353 nor,
1044 1323 1122 1354 [floria
1139 1325 1160 1347 et
1177 1323 1303 1353 imperinm
1317 1329 1362 1352 per
1379 1321 1495 1352 indefessa
1512 1323 1534 1344 et
1550 1321 1641 1351 infinita
1658 1320 1739 1343 secula
1749 1326 1816 1343 secu-

974 1371 1060 1394 lorum.
1078 1370 1160 1393 Amen.

1038 1417 1074 1440 47.
1092 1417 1192 1445 Ibidem,
1216 1416 1353 1439 bibliotheca
1376 1416 1545 1443 Universitatis,
1563 1415 1615 1437 cod.
1637 1415 1686 1437 190.
1704 1416 1775 1437 chart.
1793 1414 1816 1436 iu

976 1466 997 1488 8.
1013 1471 1072 1488 saec.
1089 1464 1140 1487 XV.
1154 1476 1184 1481 —-
1195 1464 1243 1486 lloc
1259 1464 1397 1492 opusculum
1415 1465 1449 1485 cst
1467 1463 1502 1484 tol.
1515 1462 1568 1484 309.
1579 1468 1598 1484 r.
1609 1461 1653 1484 sub
1671 1461 1746 1484 titulo:
1764 1460 1816 1491 Epi-

975 1512 1036 1535 stola
1051 1511 1129 1535 sancti
1145 1512 1309 1534 Bouaventure
1325 1509 1357 1532 ad
1373 1509 1491 1539 attendam
1514 1509 1616 1538 fratrem
1641 1508 1668 1531 de
1692 1508 1815 1538 spirituali

975 1559 1030 1582 vita.
1048 1559 1075 1581 111
1092 1559 1134 1581 ,Τίο
1150 1561 1192 1580 etc.
1211 1557 1297 1580 Desinit
1313 1557 1365 1579 tolio
1387 1557 1435 1578 116.
1455 1559 1478 1578 ut
1496 1557 1516 1578 iu
1534 1556 1643 1578 editione.

1040 1605 1076 1627 48.
1095 1604 1233 1634 Ocniponte,
1251 1603 1388 1626 bibliotheca
1405 1603 1573 1631 Univcrsitatis,
1590 1603 1643 1625 0011.
1671 1603 1725 1624 219.
1746 1603 1818 1625 chart.

977 1652 1000 1674 in
1017 1652 1053 1674 sol.
1071 1657 1131 1673 saec.
1150 1651 1201 1673 XV.
1218 1663 1249 1667 -—
1270 1650 1411 1678 Opusculnm
1429 1649 1508 1678 incipit
1525 1650 1561 1672 sol.
1574 1649 1627 1671 176.
1638 1656 1661 1672 v.
1674 1655 1726 1671 cum
1740 1649 1816 1672 titulo:

981 1696 1067 1727 Viqinti
1085 1696 1187 1726 quinque
1203 1695 1401 1719 considerationes
1418 1696 1590 1718 Bouaoenture.
1611 1696 1703 1722 Postea,
1731 1695 1817 1717 omisso

977 1745 1086 1772 prologo:
1106 1743 1202 1773 Oportet
1218 1744 1272 1766 ante
1288 1742 1380 1770 omnia,
1400 1743 1421 1765 te
1438 1741 1567 1771 cupientem
1584 1743 1635 1769 etc„
1652 1741 1734 1764 desinit
1755 1744 1779 1764 ut
1796 1741 1816 1763 in

977 1791 1044 1814 editiS
1061 1791 1097 1813 rol.
1112 1791 1164 1812 179.
1176 1797 1193 1813 r.
1206 1790 1274 1812 Ilinc:
1291 1788 1431 1818 Expliciunt
1442 1788 1526 1818 viqinti
1536 1788 1639 1818 quinque
1650 1787 1818 1811 consideratio-

977 1843 1018 1860 nes
1035 1837 1207 1860 Bomirenture.

1041 1884 1078 1906 49.
1096 1883 1225 1910 Olonzucii,
1243 1882 1380 1905 bibliotheca
1397 1882 1481 1909 Regia,
1497 1881 1550 1904 cod.
1569 1882 1594 1903 ll.
1611 1881 1625 1903 f.
1652 1881 1684 1903 16.
1702 1882 1773 1903 chart.
1796 1881 1819 1903 in

978 1931 999 1953 4.
1016 1936 1075 1953 saec.
1088 1930 1139 1952 XV.
1152 1942 1183 1946 ——
1195 1929 1336 1958 Opusculum
1354 1931 1388 1951 est
1404 1928 1463 1951 circa
1477 1928 1545 1950 11110111
1566 1927 1689 1950 voluminis
1710 1927 1762 1949 tolio
1773 1933 1819 1949 non

978 1980 1097 2000 numerato
1110 1977 1235 1999 indicatum
1248 1977 1291 1998 hac
1302 1975 1407 1998 rubrica:
1420 1974 1537 2004 Incipiunt
1548 1973 1686 1997 monitiones
1699 1974 1820 1997 nonacen-

978 2025 1030 2047 turc
1046 2023 1078 2047 ad
1094 2023 1212 2053 quendam
1228 2023 1336 2052 fratrem.
1355 2023 1411 2044 Hinc
1428 2022 1511 2044 omittit
1527 2022 1650 2049 prologum
1668 2025 1690 2043 et
1702 2021 1819 2049 prosequi-

978 2073 1026 2093 tur:
1045 2069 1142 2099 Oportet
1157 2071 1211 2092 ante
1227 2068 1308 2092 omnia
1325 2070 1345 2091 te
1362 2067 1492 2097 cupientem
1507 2067 1575 2097 sequi
1590 2069 1632 2090 ete.
1647 2067 1744 2089 Desinit:
1757 2066 1820 2096 quod

978 2117 1026 2146 ipse
1043 2116 1084 2140 tibi
1099 2115 1210 2140 concedat
1226 2115 1268 2145 qui
1283 2116 1318 2138 est
1333 2121 1396 2137 1111113
1412 2116 1435 2138 et
1451 2114 1528 2138 trinus
1546 2114 1570 2137 in
1586 2113 1667 2137 secuta
1687 2112 1818 2137 benedictus

978 2164 1060 2186 Amen.
1072 2162 1210 2192 Eoeplictnnt
1218 2161 1357 2185 monitiones
1368 2162 1530 2184 Bonm‘enture
1539 2160 1571 2183 ad
1582 2160 1700 2190 quendam
1708 2160 1818 2190 fratrem.

1041 2210 1079 2232 50.
1096 2209 1206 2237 Parisiis,
1224 2208 1360 2231 bibliotheca
1388 2208 1522 2235 Nationalis,
1546 2207 1598 2229 cod.
1621 2207 1705 2229 14857.
1724 2207 1819 2229 miscell.

978 2258 1002 2280 in
1020 2257 1040 2279 4.
1059 2263 1118 2279 saec.
1133 2257 1185 2279 XV.
1198 2269 1226 2272 —
1238 2256 1300 2278 Folio
1317 2255 1371 2277 324.
1387 2262 1406 2277 r.
1423 2255 1535 2283 opusculo
1552 2254 1704 2282 praemittitur
1721 2260 1819 2283 sequens

977 2304 1082 2327 rubrica:
1101 2302 1207 2333 Epistola
1223 2302 1297 2326 missa
1311 2308 1355 2331 per
1373 2301 1529 2324 venerabilem
1552 2301 1653 2331 fratrem
1670 2301 1820 2324 Bonaaenttk-

978 2357 1033 2373 ram
1050 2350 1077 2373 de
1094 2349 1181 2373 Balnea
1198 2349 1273 2378 reyis,
1292 2348 1348 2371 olim
1360 2347 1493 2378 qeneralem
1504 2347 1642 2370 ministram
1655 2346 1751 2370 Ordinis
1762 2347 1820 2370 Fra-

979 2398 1044 2420 trum
1067 2396 1189 2420 Minoi-um
1213 2396 1283 2424 atque
1304 2393 1451 2417 cardinalem
1474 2394 1577 2416 Romane
1598 2393 1699 2421 ecclesie,
1724 2393 1819 2416 cuidam

979 2442 1102 2466 carissimo
1119 2443 1140 2464 et
1162 2440 1284 2470 spirituali
1305 2440 1389 2463 amico.
1412 2439 1499 2463 Dilecto
1522 2439 1546 2462 in
1568 2440 1616 2462 Xto
1638 2438 1711 2468 fratri
1726 2445 1770 2462 suo
1792 2439 1817 2461 Α.

977 2489 1055 2519 frater
1073 2488 1240 2511 Bonacentura
1256 2490 1300 2510 etc.
1322 2487 1407 2510 Desinit
1429 2487 1565 2514 incompleta
1583 2486 1612 2508 ad
1629 2485 1714 2508 verba:
1736 2485 1820 2509 inelias

978 2536 1013 2558 est
1028 2534 1089 2557 enim
1106 2540 1153 2557 uon
1170 2540 1266 2556 noscere
1283 2532 1346 2556 vciam
1362 2532 1460 2560 iustitie,
1473 2538 1545 2562 qnam
1557 2533 1691 2555 retrorsum
1702 2532 1820 2560 converti,

979 2583 1006 2605 ut
1022 2580 1122 2604 liabetur
1137 2580 1218 2610 prima
1236 2579 1306 2602 Petri.

1042 2627 1078 2650 51.
1097 2627 1195 2655 Romae,
1212 2626 1348 2649 bibliotheca
1367 2626 1487 2653 Vaticana,
1504 2625 1555 2648 eod.
1578 2625 1647 2647 7690.
1667 2626 1738 2648 chart.
1761 2631 1821 2648 saec.

979 2675 1030 2697 XV.
1047 2673 1137 2702 (1475).
1153 2686 1184 2690 --
1201 2673 1262 2695 Folio
1279 2673 1332 2695 210.
1344 2678 1375 2695 r.:
1388 2671 1471 2701 Incipit
1486 2671 1609 2702 speculum
1625 2672 1731 2701 fratrum
1748 2671 1821 2695 Mino-

979 2728 1042 2749 rum,
1061 2721 1133 2744 immo
1150 2720 1257 2743 omnium
1273 2719 1450 2749 reliqiosorum.
1467 2720 1494 2742 In
1511 2719 1558 2742 Xto
1576 2720 1628 2742 Iesu
1644 2719 1719 2749 fratri
1737 2718 1820 2742 dilecto

980 2768 1049 2791 Petro
1070 2767 1146 2797 frater
1163 2766 1213 2790 eius
1230 2766 1396 2789 Bonarentura
1414 2769 1456 2788 etc.
1474 2766 1560 2788 Desinit
1584 2766 1621 2788 sol.
1645 2766 1696 2788 216.
1722 2772 1744 2788 v.
1765 2772 1819 2788 cum

980 2814 1046 2837 editis
1062 2814 1116 2836 etin
1129 2814 1173 2836 fine
1185 2813 1289 2835 additur:
1311 2812 1378 2840 Vale,
1396 2812 1483 2842 frater,
1501 2818 1555 2835 cum
1573 2812 1672 2835 Domino
1690 2813 1752 2841 lesu,
1771 2811 1821 2835 sine

981 2866 1026 2890 quo
1044 2859 1125 2883 omnia
1140 2858 1200 2882 ninii
1217 2858 1304 2882 valent.

1039 2907 1080 2929 52.
1094 2905 1193 2934 Ibidem,
1208 2906 1231 2928 in
1242 2906 1337 2928 archivo
1349 2905 1440 2934 Collegii
1453 2905 1524 2928 saneti
1537 2905 1623 2932 isidori,
1634 2905 1686 2928 cod.
1698 2906 1735 2928 88,
1749 2906 1820 2927 chart.

980 2959 1040 2975 saec.
1057 2953 1106 2975 XV.
1124 2964 1155 2969 -
1171 2952 1313 2980 Opusculum
1330 2951 1409 2980 incipit
1426 2952 1478 2974 solio
1499 2951 1548 2974 154.
1565 2958 1588 2974 v.
1611 2952 1657 2974 sic:
1678 2952 1706 2974 In
1725 2950 1820 2974 nornine
