2133 3317
152 925 262 948 Exemplum

154 949 173 967 S.
187 949 260 967 Clarae.

283 230 341 258 474

155 315 267 334 Gaudetde
286 308 407 345 puritate
438 306 587 339 studeatis,
619 305 731 342 gavisus
762 312 824 333 sum
852 304 879 332 in
909 304 1026 333 Domino
1055 305 1137 333 vehe-

136 339 225 357 Sororum
238 344 268 357 ze·

135 362 154 380 10
166 364 268 386 pauperia·
285 358 409 388 menter,
430 353 604 382 devotionem
626 355 747 380 vestram
770 352 924 380 exhortans
945 351 1138 388 praesentibus

286 405 313 431 et
334 401 483 434 inducens,
505 402 536 428 ut
558 399 733 428 beatissimae
755 398 849 427 Matris
870 401 979 427 vestrae
1000 406 1049 435 per
1069 407 1137 436 pau-

286 448 432 485 perculum
447 449 573 475 sanctum
587 446 763 474 Franciscum
776 453 792 474 a
803 445 907 482 Spiritu
919 449 1013 474 sancto
1024 446 1137 475 edoctae

285 495 423 524 virtutum
440 493 555 530 vestigia
576 493 691 522 sollicite
713 493 875 521 comitantes
890 494 917 527 ¹,
943 504 956 518 <1
972 493 1041 521 nihil
1062 493 1138 522 aliud

285 541 338 570 sub
358 541 434 569 caelo
455 540 481 568 in
505 542 671 577 perpetuum
702 539 805 568 habere
827 540 917 569 velitis
931 552 962 578 »st
984 540 1035 569 nisi
1063 540 1137 577 quod

283 588 378 617 docuit
396 588 455 624 ipsa
469 588 568 621 Mater,
583 587 711 615 videlicet
726 587 822 615 Iesum
839 586 989 616 Christum
1010 591 1035 616 ec
1060 586 1137 616 lumc

284 634 504 671 crucifixum2,
526 637 588 671 post
608 633 689 662 cuius
710 633 852 670 sanguinis
873 633 986 662 odorem
1008 634 1137 671 exemplo

286 682 394 715 Matris,
416 681 489 710 filiae
510 681 640 715 dilectae,
671 683 818 709 currentes
832 680 853 715 ³,
875 681 1047 717 paupertatis
1077 689 1138 717 spe-

285 729 396 763 culum,
429 728 594 757 humilitatis
627 728 809 764 exemplum,
830 727 979 765 patientiae
1007 731 1138 763 scutum,

285 776 457 804 obedientiae
477 775 589 804 titulum
612 775 730 804 viriliter
752 774 976 812 apprehendatis,
997 778 1082 812 atque
1097 775 1137 804 di-

285 823 341 852 vini
363 824 465 851 amoris
487 823 549 859 igne
571 830 736 856 succensae,
758 830 806 851 cor
821 826 947 851 vestrum
962 823 1083 851 totaliter
1098 823 1136 851 illi

286 870 371 904 detis,
394 870 441 907 qui
458 878 508 907 pro
524 870 603 899 nobis
618 870 645 898 in
661 877 745 898 cruce
761 877 844 898 suum
860 869 962 898 obtulit
977 870 1032 898 Deo
1049 870 1137 904 Patri,

285 920 424 955 quatenus
445 917 539 946 Matris
560 917 681 954 exempli
704 917 765 945 luce
780 917 895 945 vestitae
909 924 941 945 ac
962 917 1138 953 sempiternis

285 965 409 993 suaviter
428 964 613 992 inflammatae
634 963 783 992 ardoribus
803 963 985 1000 omniumque
1000 964 1137 992 virtutum

284 1011 437 1048 fragrantia
465 1011 633 1044 redolentes,
656 1010 774 1044 Christi,
796 1010 917 1047 Virginis
938 1010 995 1039 Filii
1025 1013 1052 1039 et
1071 1019 1138 1048 pru-

285 1058 409 1087 dentium
432 1058 572 1095 virginum
594 1058 707 1095 Sponsi,
737 1058 829 1086 bonus
857 1057 929 1086 odor
955 1058 986 1086 in
1014 1057 1060 1086 lzis
1088 1058 1140 1096 qui

284 1106 362 1134 salvi
381 1106 473 1142 fiunt,
496 1109 521 1134 ct
541 1105 573 1134 in
594 1104 639 1134 liis
668 1106 720 1144 qui
746 1109 870 1142 percum
884 1105 905 1139 ¹²,
935 1105 1070 1134 existatis.
1101 1105 1137 1133 Ita

286 1153 433 1190 vigilanter
464 1153 633 1181 continuatis
664 1152 821 1186 affectibus,
852 1152 952 1189 spiritu
985 1152 1138 1181 devotionis

286 1200 438 1234 ferventes,
460 1203 507 1235 ut,
529 1208 609 1234 cum,
631 1199 711 1237 facto
732 1199 875 1233 clamore,
898 1199 1030 1236 Sponsus
1052 1199 1138 1228 adve-

286 1247 378 1280 nerit,
400 1247 488 1284 plenis
510 1247 699 1284 lampadibus
721 1247 855 1275 mentium
878 1246 936 1275 oleo
961 1247 1083 1275 caritatis
1111 1250 1138 1275 et

284 1294 393 1331 gaudii,
415 1294 466 1323 sibi
488 1294 604 1323 feliciter
625 1294 739 1323 obviare
760 1294 885 1331 possitis,
909 1302 972 1323 cum
998 1294 1071 1331 ipso,
1098 1293 1138 1322 fa-

685 226 883 256 OPUSCULUM
905 226 970 254 XIX.
994 225 1171 254 EPISTOLAE
1192 225 1386 254 OFFlClALES.
1410 225 1566 254 EPISTOLA
1588 225 1641 255 vlt.

1195 304 1251 333 tuis
1272 304 1395 333 exclusis
1417 304 1587 341 virginibus,
1602 304 1635 333 ad
1651 306 1779 333 aeternae
1798 303 1976 333 iucunditatis
1990 312 2043 333 nu-

1195 351 1266 387 ptias
1280 351 1435 380 intraturae
1447 352 1471 386 ⁵,
1487 351 1534 380 nbi
1553 351 1681 380 Christus
1702 358 1816 387 sponsas
1837 358 1902 379 suas
1916 351 2044 379 discum-

1196 397 1260 426 bere
1279 397 1368 436 faciet
1390 406 1454 427 cum
1476 398 1583 435 Angelis
1605 402 1632 427 et
1652 398 1747 427 electis
1774 400 1801 426 et
1823 398 1970 426 transiens
1990 398 2045 426 mi-

1195 445 1335 473 nistrabit
1356 444 1431 479 illz'S,
1455 452 1553 481 panem
1576 445 1679 473 scilicet
1700 445 1773 473 vitae
1793 447 1821 473 et
1842 452 1940 473 carnes
1968 445 2048 482 Aym'

1196 493 1286 520 occisi
1299 494 1326 520 et
1337 492 1445 529 piscem
1462 500 1566 520 assum
1581 492 1608 520 in
1624 500 1716 526 cruce,
1732 494 1840 520 coctum
1857 491 1919 529 igne
1933 492 2045 526 amoris,

1196 548 1252 577 quo
1273 539 1476 568 ferventissime
1498 547 1546 567 vos
1567 538 1677 573 dilexit,
1699 542 1727 567 et
1744 539 1885 576 poculum
1907 539 1989 567 dabit
2013 539 2047 567 de

1193 587 1261 615 vino
1286 586 1421 615 οοηῑίἰιο6
1447 586 1627 614 humanitatis
1648 589 1675 614 et
1700 585 1855 614 Divinitatis
1886 594 1965 620 suae,
1991 594 2047 623 quo

1195 634 1294 662 bibunt
1316 633 1395 661 amici
1419 636 1447 662 et
1467 632 1617 661 sobrietate
1638 632 1756 661 mirifica
1783 632 1971 661 inebriantur
1998 641 2047 662 ca—

1196 680 1324 714 rissimi,
1348 680 1508 708 abscondita
1529 679 1696 717 quandoque
1713 679 1873 708 timentibus
1894 679 2046 709 dulcedinis

1196 727 1375 756 multitudine
1397 727 1584 764 perfruentes,
1606 726 1770 763 aspicientes
1789 734 1897 763 semper
1919 727 1946 755 in
1968 727 2046 756 illum

1195 775 1243 812 qui
1265 778 1307 803 est
1327 774 1475 811 speciosus
1493 773 1595 812 forma
1609 782 1664 802 non
1680 773 1768 802 solum
1781 782 1856 811 prae
1869 773 1939 810 filiis
1954 772 2047 803 homi-

1195 830 1267 850 uum
1282 822 1310 855 ⁷,
1330 829 1428 850 verum
1445 821 1527 850 etiam
1543 829 1609 857 prae
1631 820 1753 849 millibus
1768 821 1947 858 Angelorum,
1963 821 2047 850 immo

1196 869 1223 898 in
1245 877 1327 906 quem
1358 868 1463 906 Anych'
1491 868 1658 897 desiderant
1680 868 1862 906 prospicere,
1888 868 1953 905 quia
1977 876 2047 897 can-

1195 916 1249 944 dor
1271 919 1311 944 est
1333 916 1407 944 lueis
1429 919 1564 944 aeternae
1578 919 1603 944 et
1617 915 1766 953 speculum
1782 915 1845 944 sine
1859 915 1980 943 macula
1994 915 2048 944 Dei

1195 963 1358 991 maiestatis
1379 965 1407 991 et
1427 962 1563 999 splendor
1582 962 1695 1000 gloriae
1716 962 1845 999 paradisi.
1872 962 1938 991 Huic
1966 970 2045 999 ergo,

1195 1010 1353 1039 carissimae
1375 1010 1459 1043 fillae,
1483 1013 1616 1047 tanquam
1638 1010 1710 1038 bono
1731 1012 1826 1038 nostro
1847 1011 1982 1046 perpetuo
2003 1009 2046 1037 iu-

1195 1057 1266 1094 giter
1288 1057 1482 1091 adhaerentes,
1507 1065 1571 1086 eum
1594 1057 1664 1085 bene
1685 1057 1764 1085 vobis
1785 1056 1882 1091 fuerit,
1911 1064 1955 1085 me
1982 1063 2045 1093 pec-

1195 1108 1316 1133 catorem
1339 1112 1405 1133 suae
1428 1104 1558 1133 ineffabili
1580 1104 1742 1133 clementiae
1771 1103 1976 1138 commendate,
2007 1111 2047 1132 as-

1196 1151 1274 1180 sidue
1295 1151 1488 1188 deprecantes,
1511 1154 1651 1188 quatenus
1666 1151 1700 1180 ad
1721 1151 1764 1180 sui
1780 1150 1914 1179 mirabilis
1929 1150 2047 1179 nominis

1196 1199 1312 1236 gloriam
1334 1202 1361 1227 et
1384 1199 1518 1227 honorem
1540 1199 1567 1227 in
1583 1198 1594 1215 ⁸
1616 1199 1734 1227 salutem
1756 1198 1919 1235 pauperculi
1945 1197 2045 1226 Christi

1195 1246 1287 1283 gregis
1309 1246 1375 1274 mihi
1393 1246 1530 1275 commissi
1546 1246 1763 1275 misericorditer
1778 1246 1907 1283 diriyere
1926 1252 2047 1282 yressus

1195 1302 1272 1321 meos
1293 1294 1390 1322 valeat.
1414 1294 1513 1321 Datum
1536 1293 1563 1321 in
1586 1296 1679 1322 monte
1700 1296 1794 1322 sancto
1815 1293 1949 1321 Alvernae
1964 1292 1984 1319 ⁹.

349 1489 356 1502 ¹
376 1490 397 1511 ln
417 1490 468 1512 cod,
486 1490 578 1511 videtur
595 1490 707 1517 scriptum
723 1489 903 1513 committentes.
916 1490 1050 1518 Sequuntur
1063 1489 1135 1511 rerba

284 1535 311 1551 ex
328 1535 346 1551 c.
366 1529 387 1550 6.
405 1529 507 1556 Regulae
525 1529 646 1550 ltlinornm.

348 1566 356 1579 ²
375 1568 444 1595 Epist.
464 1569 477 1589 l.
495 1568 524 1590 ad
542 1567 594 1590 Cor.
613 1569 639 1594 2,
658 1569 679 1589 2.

348 1607 356 1619 ³
375 1607 505 1635 Respiciuu·
518 1607 580 1629 Cant.
600 1608 608 1628 l
620 1624 626 1633 ,
645 1607 671 1629 3:
684 1607 810 1629 Curremus
823 1607 843 1629 in
856 1607 951 1629 odorem
964 1611 1137 1634 unguentorum

285 1650 385 1669 tuorum.

348 1685 357 1697 ⁴
376 1686 445 1713 Epist.
465 1686 488 1707 ll.
506 1686 534 1708 ad
553 1686 603 1708 Cor.
623 1687 649 1713 2,
672 1686 709 1707 15:
728 1686 783 1714 Quia
798 1686 879 1708 Christi
893 1685 969 1708 bonus
987 1686 1044 1708 odor
1056 1692 1138 1708 snmus

286 1726 333 1747 Deo
351 1725 371 1747 in
391 1726 417 1746 iis
435 1725 473 1753 qni
492 1725 547 1747 salvi
568 1725 635 1751 flunt,
653 1728 675 1747 et
693 1725 713 1747 in
733 1725 759 1747 iis
776 1726 815 1753 qui
833 1728 938 1753 pereunt.

348 1764 357 1776 ⁶
375 1765 505 1792 ltespicitnr
523 1764 631 1792 parabola
660 1766 773 1786 fatuarum
796 1768 818 1787 et
840 1765 982 1792 prudentum
1006 1765 1137 1792 virginum,

286 1805 362 1826 ltlattn.
381 1804 418 1830 25,
435 1804 452 1825 l.
470 1809 534 1832 seqq.
549 1803 635 1825 Deinde
647 1804 700 1826 Luc.
719 1804 744 1830 9,
760 1803 796 1825 r14.
813 1806 835 1825 et
851 1805 890 1830 12,
908 1803 948 1831 37;
966 1804 995 1826 de
1012 1804 1073 1831 pisce
1086 1809 1137 1825 asso

286 1843 340 1865 Luc.
359 1843 401 1870 24,
420 1842 456 1864 42.

1257 1488 1266 1501 ὅ
1284 1489 1414 1516 Respicitur
1431 1488 1494 1511 Cant.
1514 1489 1539 1516 8,
1559 1489 1580 1510 2.
1598 1491 1619 1510 et
1632 1488 1658 1514 5,
1681 1488 1702 1509 l:
1721 1486 1794 1509 Bibite
1808 1490 1830 1509 et
1848 1486 1999 1514 inebriamini,
2011 1493 2046 1509 ca·

1194 1529 1292 1554 tissimi,
1310 1532 1332 1550 et
1349 1528 1434 1550 deinde
1451 1528 1485 1549 ΡΞ.
1505 1528 1547 1554 30,
1565 1528 1602 1549 20.

1257 1567 1265 1579 ⁷
1285 1567 1414 1595 Respicitur
1433 1567 1468 1589 ΡΞ.
1488 1566 1529 1594 tt,
1547 1568 1572 1594 ⁴2}
1586 1566 1671 1588 deinde
1684 1566 1698 1588 Ι.
1710 1566 1769 1587 Petr.
1789 1566 1796 1587 l
1809 1583 1814 1593 ‚
1836 1566 1875 1593 123
1893 1566 1946 1593 Sap.
1964 1565 1991 1592 7,
2005 1566 2046 1592 263

1197 1607 1265 1629 [lebr.
1288 1607 1310 1634 1,
1329 1607 1349 1628 3.

1258 1644 1266 1657 '³
1286 1646 1327 1667 Pro
1345 1645 1367 1667 in
1387 1646 1409 1667 in
1427 1645 1478 1667 coil.
1497 1645 1581 1672 legitur
1598 1644 1651 1667 iude
1670 1646 1707 1673 (!);
1725 1645 1782 1666 infra
1800 1644 1922 1672 respicitur
1940 1644 1974 1666 Ps.
1989 1644 2047 1670 118,

1200 1686 1253 1707 133:
1272 1686 1370 1707 Gressns
1388 1691 1452 1707 ineos
1470 1685 1546 1712 (tii-ige
1563 1687 1606 1707 etc.

1258 1724 1267 1736 ‘³
1285 1725 1348 1747 Anno
1371 1725 1427 1747 1259
1446 1725 1505 1746 circa
1525 1724 1615 1746 initium
1633 1723 1739 1746 Octobris
1756 1724 1780 1746 S.
1792 1724 1952 1746 Bonaventura
1971 1723 2013 1745 suit
2024 1723 2047 1744 in

1196 1764 1270 1786 Monte
1283 1764 1407 1790 Alvernae,
1420 1766 1516 1785 testante
1534 1763 1584 1790 ipso
1597 1763 1697 1791 (Drolog.
1711 1762 1819 1785 itinerarii
1831 1762 1915 1784 mentis
1927 1762 1948 1784 in
1961 1762 2047 1790 Deum,

1196 1810 1217 1825 n.
1235 1804 1275 1832 2,).
1294 1803 1359 1825 Tunc
1377 1803 1453 1826 adhuc
1470 1802 1580 1825 vivebant
1598 1803 1633 1825 Fr.
1652 1803 1709 1829 Leo,
1722 1802 1746 1824 B.
1759 1802 1871 1830 Aegidius
1887 1802 1971 1830 aliique
1982 1801 2048 1824 disci-

1196 1843 1243 1871 puli
1261 1844 1284 1865 S.
1303 1843 1427 1865 Francisci.

2071 968 2117 992 Roga
2124 975 2133 989 u

2071 997 2133 1019 orentii-i
