2133 3317
156 966 240 989 Ipsorum
251 965 284 984 de-

178 988 263 1013 scriptio.

153 2142 216 2160 Timet
227 2141 283 2160 huius

159 2171 176 2184 m
185 2166 243 2184 vstet-ii
254 2170 283 2184 re-

158 2194 180 2208 ve
189 2191 278 2208 ationem.

293 225 348 253 576

293 306 385 331 tamen
408 301 569 330 huiusmodi
593 301 661 330 visio
682 301 741 329 suis
762 300 855 329 fuerat
883 303 1058 338 praesentata
1079 308 1144 328 con-

293 348 449 385 spectibus,
473 351 502 376 ut
524 348 630 376 amicus
652 347 710 384 ipse
738 347 840 375 Christi
874 349 1083 383 praenosceret,
1114 354 1143 375 se

294 403 346 423 non
371 403 419 431 per
441 394 609 430 martyrium
630 393 737 428 carnis,
760 393 807 422 sed
828 401 878 430 per
893 393 1051 422 incendium
1067 401 1143 421 men-

295 442 329 470 tis
351 444 440 470 totum
462 442 489 470 in
511 441 613 469 Christi
635 441 696 469 lesu
728 440 856 469 crucifixi
879 448 1040 477 expressam
1068 439 1143 468 simi-

293 488 436 517 litudinem
473 487 734 517 transformandum.
771 487 920 524 Disparens
957 487 1041 524 igitur
1075 487 1144 516 visio

293 538 355 572 post
376 543 508 564 arcanum
524 543 555 563 ac
571 534 703 563 familiare
724 534 892 571 colloquium
916 536 1034 563 mentem
1057 534 1144 571 ipsius

294 582 439 619 seraphico
461 582 578 611 interius
590 583 599 598 ¹
623 581 804 610 inflammavit
819 581 935 615 ardore,
950 589 1062 610 carnem
1079 589 1144 610 vero

294 629 435 658 Crucifixo
457 629 590 657 conformi
623 628 749 657 exterius
781 628 922 665 insignivit
953 628 1058 665 effigie,
1085 631 1144 656 tan-

295 684 379 713 quam
396 676 417 705 si
437 676 470 704 ad
493 676 563 713 ignis
593 675 795 713 liquefactivam
825 676 956 704 virtutem
979 675 1144 712 praeambu-

296 723 349 751 lam
376 723 522 760 sigillativa
543 722 677 760 quaedam
700 726 771 751 esset
793 723 938 759 impressio
960 722 1117 751 subsecuta.

607 816 698 844 Lectio
721 816 807 845 teriia
819 816 839 843 2.

376 910 471 939 Statim
494 918 614 947 namque
635 910 662 939 in
688 910 816 939 manibus
838 910 898 939 eius
918 914 945 938 et
966 910 1083 947 pedibus
1098 918 1145 947 ap-

296 966 395 995 parere
416 961 568 994 coeperunt
589 958 666 995 signa
688 958 840 992 clavorum,
862 958 987 995 ipsorum
1009 957 1146 994 capitibus

296 1005 322 1033 in
346 1005 478 1033 interiore
500 1008 578 1042 parte
600 1013 734 1033 manuum
757 1007 784 1033 et
805 1005 951 1042 superiore
974 1005 1075 1041 pedum
1097 1013 1145 1041 ap-

296 1052 473 1089 parentibus,
499 1055 526 1081 et
557 1060 653 1081 eorum
685 1052 860 1081 acuminibus
892 1052 1078 1081 existentibus
1109 1059 1145 1080 ex

295 1099 420 1128 adverso.
454 1099 593 1136 Erautque
621 1099 764 1128 clavorum
796 1100 885 1136 capita
916 1099 943 1127 in
970 1099 1098 1127 manibus
1120 1102 1146 1127 et

295 1146 411 1184 pedibus
443 1146 562 1175 rotunda
592 1149 619 1175 et
650 1146 744 1183 nigra,
771 1146 829 1183 ipsa
858 1154 924 1174 vero
949 1145 1076 1175 acumina
1098 1145 1147 1174 ob-

295 1193 391 1230 longa,
414 1195 519 1221 retorta
546 1196 573 1221 et
604 1200 785 1230 repercussa,
808 1201 880 1229 quae
913 1192 946 1221 de
974 1193 1033 1229 ipsa
1064 1200 1146 1221 carne

295 1239 453 1277 surgentia,
469 1247 580 1268 caruem
596 1240 732 1276 reliquam
755 1239 934 1268 excedebant.
951 1239 1091 1276 Siquidem
1107 1247 1147 1267 re-

296 1286 438 1324 percussio
460 1286 518 1323 ipsa
533 1286 676 1315 clavorum
698 1286 751 1314 sub
772 1286 889 1323 pedibus
904 1286 971 1314 adeo
987 1286 1147 1323 prominens

295 1337 355 1363 erat
375 1337 402 1362 et
423 1338 505 1363 extra
536 1337 682 1371 protensa,
704 1337 736 1362 ut
763 1342 817 1362 non
850 1334 939 1362 solum
962 1334 1069 1370 plantas
1089 1333 1147 1362 solo

295 1381 381 1410 libere
402 1381 534 1418 applicari
558 1389 610 1409 11011
633 1381 751 1415 sineret,
774 1389 873 1409 verum
896 1381 978 1410 etiam
994 1381 1067 1409 intra
1082 1388 1146 1409 cur-

296 1429 433 1457 vationem
454 1428 594 1456 arcualem
617 1428 741 1464 ipsorum
764 1428 940 1457 cacuminum
963 1428 1080 1456 faciliter
1096 1428 1147 1456 im-

297 1475 366 1503 mitti
390 1475 494 1503 valeret
515 1475 618 1512 digitus
651 1483 764 1509 manus,
788 1475 882 1504 sicut³
906 1475 940 1504 ab
962 1475 1002 1504 eis
1023 1475 1081 1512 ipse
1102 1483 1146 1503 ac-

297 1522 371 1559 cepi,
404 1522 451 1559 qui
484 1522 571 1550 oculis
604 1522 725 1559 propriis
757 1526 974 1559 conspexerunt.
1007 1522 1145 1550 Dextrum

297 1577 409 1606 quoque
442 1569 513 1597 latus
545 1569 623 1606 quasi
654 1570 747 1598 lancea
777 1569 945 1598 transfixum
968 1569 1055 1598 rubra
1076 1569 1146 1598 cica-

297 1617 365 1645 trice
386 1616 538 1645 obductum
560 1620 635 1651 erat,
657 1616 731 1653 quod
754 1624 835 1653 saepe
857 1617 1018 1653 sanguinem
1035 1624 1145 1645 sacrum

297 1664 457 1697 effundens,
481 1663 603 1692 tunicam
624 1667 651 1692 et
679 1663 822 1692 femoralia
852 1664 878 1691 in
908 1666 983 1692 tanta
1004 1663 1083 1700 copia
1104 1671 1147 1691 re-

299 1710 459 1747 spergebat,
482 1713 514 1739 ut
536 1710 711 1747 postmodum
744 1710 854 1739 Fratres
883 1710 948 1739 socii
971 1718 1002 1739 ea
1024 1710 1147 1738 lavantes

297 1766 347 1795 pro
378 1761 501 1794 tempore
533 1757 721 1786 indubitanter
750 1757 943 1791 adverterent,
970 1757 1044 1794 quod
1076 1757 1148 1786 sicut

297 1805 323 1833 in
346 1805 474 1833 manibus
495 1807 522 1833 et
544 1804 672 1841 pedibus,
695 1805 734 1833 sic
756 1808 782 1833 et
804 1804 831 1832 in
848 1805 933 1833 latere
953 1804 1074 1833 famulus
1096 1804 1149 1832 Do-

298 1852 361 1881 mini
385 1860 518 1889 expresse
541 1852 655 1880 haberet
674 1852 838 1888 impressam
855 1851 1063 1880 similitudinem
1079 1851 1148 1880 Cru-

298 1899 382 1928 cifixi¹

595 1994 688 2022 Leecz‘o
710 1996 820 2031 quarta
831 1994 851 2021 4.

379 2087 502 2116 Cernens
523 2090 615 2116 autem
639 2088 680 2115 vir
710 2087 766 2116 Deo
791 2087 904 2124 plenus,
926 2087 1000 2124 quod
1022 2087 1150 2124 stigmata

300 2134 374 2163 carni
397 2137 452 2163 tam
479 2135 635 2163 luculenter
662 2135 796 2171 impressa
825 2134 913 2163 socios
942 2134 1090 2162 familiares
1111 2134 1149 2161 la-

299 2184 358 2210 tere
380 2190 434 2210 non
457 2184 582 2218 possent,
605 2181 705 2209 timens
726 2181 909 2209 nihilominus
931 2181 1074 2217 publicare
1095 2181 1148 2208 Do-

300 2228 365 2256 mini
389 2231 606 2262 sacramentum,
629 2228 654 2256 in
677 2236 777 2265 magno
799 2228 906 2264 positus
927 2227 978 2256 fuit
1000 2227 1148 2255 dubitatio-

299 2275 341 2304 nis
362 2283 464 2312 agone,
486 2278 583 2303 utrum
605 2274 680 2311 quod
701 2274 808 2303 viderat
829 2274 948 2308 diceret,
971 2274 1014 2302 vel
1038 2276 1147 2302 taceret.

300 2322 465 2358 Compulsus
487 2322 597 2350 tandem
618 2321 801 2350 conscientiae
830 2321 959 2355 stimulo,
981 2320 1148 2358 quibusdam

299 2377 335 2398 ex
357 2369 499 2397 Fratribus
522 2369 708 2397 intimioribus
730 2368 780 2397 sibi
803 2376 866 2397 cum
883 2368 971 2396 inulto
992 2368 1092 2396 timore
1107 2375 1149 2396 se-

300 2416 368 2445 riem
391 2416 487 2445 retulit
509 2416 621 2444 visionis
642 2415 798 2452 praefatae;
821 2415 939 2449 addens,
962 2415 1036 2452 quod
1060 2414 1082 2443 is
1100 2414 1148 2451 qui

299 2463 349 2492 sibi
372 2467 541 2500 apparuerat
562 2463 655 2500 aliqua
676 2462 795 2497 dixerit,
818 2470 890 2499 quae
911 2470 1065 2499 nunquam,
1081 2461 1148 2490 dum

301 2511 420 2545 viveret,
443 2511 525 2539 alicui
552 2510 695 2539 hominum
725 2510 853 2547 aperiret.
885 2510 1030 2546 Postquam
1064 2509 1149 2546 igitur

300 2565 384 2586 verus
406 2558 505 2586 Christi
529 2566 607 2586 amor
629 2557 656 2586 in
676 2557 796 2586 ectmleuz
818 2557 978 2594 imaginem
1000 2555 1148 2593 transfor-

299 2604 413 2632 11111κυὶίὸ
429 2607 583 2638 amantem,
605 2603 788 2640 quadraginta
802 2603 910 2631 dierum
927 2610 1053 2636 numero,
1069 2602 1150 2631 iuxta

703 222 902 251 OPUSCULUM
923 222 1013 251 XXlV.
1036 221 1187 250 LEGENDA
1208 221 1312 251 MlNOR
1334 221 1446 250 SANCTl
1468 221 1642 250 FRANCISCI.

1200 300 1274 337 quod
1296 300 1472 334 decreverat,
1494 300 1522 328 in
1548 303 1641 328 monte
1672 300 1719 328 illo
1740 300 1896 329 solitudinis
1917 308 2047 329 consum-

1200 350 1287 381 mat0,
1310 347 1522 384 superveniente
1550 355 1663 384 quoque
1691 347 1864 375 solemnitate
1885 347 2047 383 Archangeli
2125 354 2128 384 1

1200 394 1355 429 Michaelis,
1391 394 1531 423 descendit
1565 394 1706 431 angelicus
1741 394 1783 422 vir
1818 394 1980 423 Franciscus
2013 394 2047 423 de
2062 385 2133 422 nesi-,01¹1

1201 444 1310 475 monte,
1332 449 1426 470 secum
1450 441 1540 469 ferens
1561 440 1695 469 Crucifixi
1726 440 1861 477 effigiem,
1884 448 1938 469 non
1960 440 1987 469 in
2009 443 2049 469 ta·
2090 430 2133 446 '¹¹⁰¹'

1201 487 1275 517 bulis
1297 488 1410 525 lapideis
1433 488 1476 516 vel
1499 488 1595 524 ligneis
1624 495 1708 516 mauu
1739 488 1887 524 figuratam
1919 487 2048 521 artificis,

1202 534 1250 563 sed
1272 535 1298 563 in
1321 535 1428 563 carneis
1445 534 1577 563 membris
1592 534 1770 571 descriptam
1784 534 1875 571 digito
1893 534 1945 563 Dei
1957 533 2019 562 vivi
2028 534 2048 562 ⁶.

1508 628 1599 656 Lectio
1620 627 1724 666 quinta
1735 627 1755 656 ⁷.

1282 721 1380 755 Porro,
1404 721 1467 757 licet
1482 721 1524 750 vir
1539 723 1651 750 sanctus
1672 723 1699 749 et
1721 721 1835 749 humilis
1856 729 1934 750 sacra
1948 721 1994 749 illa
2015 721 2051 750 si·
2063 728 2133 775 pgggi:

1196 769 1320 805 *gnacula
1340 768 1413 796 omni
1436 768 1576 805 diligentia
1591 768 1716 796 studeret
1729 767 1911 803 abscondere,
1934 768 2050 797 Domino
2064 775 2124 804 tione„¹

1204 818 1293 844 tamen
1317 815 1485 852 complacuit
1505 815 1539 843 ad
1560 815 1675 851 gloriam
1698 823 1776 844 suam
1805 815 1942 843 mirabilia
1966 822 2051 852 quae-

1203 862 1265 890 dam
1286 865 1383 898 aperta
1404 869 1453 898 per
1475 862 1521 890 illa
1543 865 1714 896 monstrare,
1729 864 1775 896 ut,
1790 861 1858 890 dum
1879 861 1991 890 illorum
2011 861 2052 891 vis

1203 909 1311 938 occulta
1325 917 1375 945 per
1392 908 1468 945 signa
1481 908 1491 925 3
1507 909 1581 937 clara
1596 911 1761 945 patesceret,
1780 909 1852 938 inter
1866 909 1965 937 densas
1986 908 2050 938 cali-

1203 955 1290 992 ginosi
1313 956 1414 984 saeculi
1438 956 1566 984 tenebras
1587 959 1619 984 ut
1640 955 1716 984 sidus
1738 955 1940 992 praefulgidum
1964 955 2053 984 radia-

1204 1005 1254 1031 ret.
1278 1003 1344 1031 Nam
1367 1005 1394 1031 et
1415 1003 1489 1031 circa
1511 1003 1629 1031 Mentem
1656 1003 1789 1032 Alvernae
1812 1002 1982 1040 praefatum,
2004 1011 2053 1031 an-

1204 1052 1315 1086 tequam
1339 1050 1381 1078 vir
1403 1052 1515 1078 sanctus
1543 1050 1643 1078 ibidem
1674 1058 1779 1078 moram
1810 1050 1956 1084 traxisset,
1979 1049 2053 1078 nube

1203 1097 1323 1125 obscura
1345 1104 1381 1125 ex
1403 1097 1462 1133 ipso
1485 1100 1577 1125 monte
1603 1101 1749 1134 surgente,
1771 1097 1913 1134 grandinis
1933 1097 2053 1126 violenta

1205 1146 1354 1181 tempestas
1375 1143 1486 1172 fructus
1508 1147 1599 1173 terrae
1619 1144 1861 1173 consuetudinarie
1883 1144 2051 1173 devastabat.

1204 1191 1307 1219 Verum
1330 1193 1391 1227 post
1412 1191 1486 1219 illam
1508 1191 1709 1228 apparitionem
1730 1191 1836 1220 felicem
1858 1200 1913 1220 non
1935 1191 1993 1220 sine
2016 1191 2053 1219 in-
2072 1194 2133 1218 Mirm'u

1204 1238 1329 1266 colarum
1352 1238 1534 1267 admiratione
1555 1246 1586 1267 ac
1607 1238 1707 1275 gaudio
1727 1239 1833 1276 grando
1848 1242 1980 1267 consueta
1995 1246 2052 1267 ces-

1204 1285 1289 1319 savit,
1313 1288 1343 1313 ut
1365 1285 1490 1314 caelestis
1512 1285 1587 1314 illius
1609 1285 1721 1314 visionis
1742 1285 1934 1315 excellentiam
1956 1289 1983 1314 et
2005 1285 2053 1314 sti-

1204 1335 1328 1369 gmatum
1351 1332 1452 1361 ibidem
1468 1332 1669 1369 impressorum
1683 1333 1815 1361 virtutem
1832 1336 1959 1361 serenata
1973 1340 2051 1369 prae-

1204 1382 1247 1407 ter
1269 1387 1375 1407 morem
1397 1379 1456 1416 ipsa
1477 1379 1542 1408 caeli
1565 1379 1648 1408 facies
1669 1379 1830 1408 declararet.

1516 1473 1607 1502 Lectio
1628 1477 1712 1502 sexta
1723 1473 1742 1502 ⁹.

1283 1567 1339 1596 Alio
1351 1568 1374 1584 ²⁰
1396 1575 1508 1604 quoque
1529 1570 1653 1604 tempore
1675 1567 1702 1596 in
1724 1567 1865 1605 provincia
1880 1567 1992 1597 Reatina
2006 1575 2053 1605 pe-
2069 1566 2122 1604 Alim]

1205 1614 1254 1643 stis
1284 1614 1362 1642 valde
1394 1614 1486 1651 gravis
1518 1614 1649 1648 invaluit,
1672 1622 1743 1651 quae
1774 1622 1840 1643 oves
1871 1618 1898 1643 et
1920 1614 2004 1643 boves
2025 1614 2053 1643 in

1206 1664 1311 1689 tantum
1334 1661 1424 1698 coepit
1446 1661 1590 1695 invadere,
1613 1664 1643 1689 ut
1674 1661 1837 1690 viderentur
1865 1669 1935 1699 pene
1956 1668 2058 1690 omnes*

1204 1708 1399 1737 irremediabili
1423 1708 1519 1737 morbo
1542 1709 1681 1745 languere.
1705 1709 1752 1737 Vir
1773 1712 1865 1737 autem
1885 1708 1996 1746 quidam
2019 1709 2053 1737 ti-

1205 1763 1283 1784 mens
1304 1756 1391 1784 Deum
1412 1758 1492 1784 nocte
1513 1756 1565 1784 fuit
1587 1763 1635 1792 per
1656 1755 1790 1784 visionem
1813 1756 2006 1790 commonitus,
2022 1759 2054 1784 ut

1205 1803 1238 1831 ad
1259 1803 1451 1832 eremitorium
1475 1803 1618 1837 Fratrum,
1641 1803 1669 1831 in
1690 1812 1746 1840 quo
1767 1803 1865 1832 beatus
1887 1803 1965 1832 Pater
1987 1806 2053 1832 tunc

1205 1858 1311 1878 moram
1333 1850 1477 1885 trahebat,
1510 1850 1672 1879 festinanter
1708 1850 1850 1879 accederet
1877 1850 2053 1887 loturamque

1206 1906 1339 1926 manuum
1370 1901 1396 1926 et
1426 1897 1527 1934 pedum
1559 1898 1647 1935 ipsius
1675 1898 1836 1935 impetraret
1864 1906 1880 1926 a
1912 1897 1993 1926 sociis
2020 1905 2052 1927 ac

1206 1953 1290 1982 super
1304 1945 1432 1974 animalia
1455 1945 1584 1982 languida
1598 1948 1756 1982 spargeret,
1772 1948 1799 1974 et
1814 1945 1853 1974 sic
1867 1945 1951 1982 pestis
1965 1945 2054 1974 omnis

1206 1992 1251 2020 illa
1273 1994 1401 2021 cessaret.
1425 1992 1503 2028 Quod
1527 2000 1589 2021 cum
1613 1992 1655 2021 vir
1677 1992 1722 2021 ille
1743 1992 1888 2029 diligenter
1903 1992 2052 2029 implesset,

1206 2042 1309 2067 tantam
1332 2039 1387 2073 illi,
1409 2047 1481 2076 quae
1503 2047 1595 2068 sacras
1626 2039 1779 2076 contigerat
1800 2039 1909 2076 plagas,
1938 2039 2054 2067 contulit

1207 2086 1280 2114 Deus
1301 2093 1389 2122 aquae
1413 2085 1561 2120 virtutem,
1583 2089 1629 2120 ut,
1651 2085 1718 2114 dum
1741 2086 1828 2122 ipsius
1849 2086 1973 2123 aspersio
1994 2086 2052 2114 lan-

1206 2136 1322 2169 guentes
1343 2140 1441 2169 greges
1463 2133 1506 2161 vel
1528 2133 1666 2161 modicum
1687 2133 1835 2170 attigisset,
1850 2140 1961 2161 omnem
1977 2132 2051 2161 illam

1207 2180 1377 2216 pestilentiae
1406 2180 1512 2217 plagam
1543 2180 1705 2216 repelleret,
1734 2179 1907 2217 priStinoque
1940 2187 2054 2216 recupe-

1207 2230 1266 2255 rato
1287 2226 1397 2263 vigore,
1419 2226 1453 2255 ad
1476 2229 1585 2263 pastum
1607 2227 1736 2255 animalia
1750 2230 1907 2261 currerent,
1922 2229 2054 2264 tanquam

1206 2274 1227 2302 si
1250 2273 1288 2302 nil
1310 2274 1371 2302 mali
1395 2274 1505 2311 penitus
1526 2277 1589 2302 ante
1611 2273 1768 2302 sensissent.

1490 2368 1583 2396 Lectio
1603 2368 1727 2405 septima
1740 2367 1770 2396 ¹¹.

1286 2462 1410 2499 Denique
1434 2465 1487 2490 tam
1510 2462 1609 2491 miram
1631 2470 1666 2491 ex
1697 2465 1762 2491 tunc
1794 2464 1957 2491 consecutae
1989 2463 2054 2490 sunt
2077 2467 2133 2510 3332}

1207 2516 1306 2536 manus
1328 2508 1390 2537 illae
1412 2508 1561 2543 virtutem,
1583 2512 1614 2537 ut
1646 2517 1696 2537 suo
1727 2512 1855 2537 contactu
1884 2508 2005 2537 salvifico
2026 2511 2052 2537 et
2116 2530 2117 2535 ,

1206 2555 1323 2583 validam
1346 2555 1494 2584 redderent
1515 2556 1673 2592 sospitatem
1694 2555 1813 2593 aegrotis
1841 2559 1868 2584 et
1895 2555 2017 2584 vivacem
2029 2554 2052 2571 ¹2
2115 2558 2117 2583 ἔ

1206 2610 1318 2630 sensum
1341 2602 1498 2639 paralyticis
1521 2602 1573 2631 iam
1596 2602 1727 2631 membris
1748 2605 1775 2631 et
1805 2602 1904 2637 aridis,
1927 2605 1954 2631 et
1976 2601 2050 2639 quod
2115 2611 2116 2625 1

365 2749 371 2761 ¹
391 2750 507 2772 Oinittitui·
524 2750 547 2772 in
567 2750 584 2771 M
605 2749 711 2772 interius.

363 2788 372 2801 ‘2
391 2789 445 2811 lbid.
464 2795 482 2811 c.
506 2789 539 2811 13.
558 2795 580 2811 n.
599 2789 618 2811 3.
637 2790 657 2810 8.

364 2827 372 2839 ³
390 2828 446 2850 Cod.
464 2829 482 2849 M
502 2828 564 2850 addit
581 2829 609 2850 el.
629 2827 717 2850 Vei-ba:
736 2827 858 2857 Siquidem
870 2827 1019 2857 repercussio
1033 2834 1106 2856 usque
1119 2827 1148 2849 ad

303 2867 419 2889 Dete-trum
437 2867 598 2889 desiderantur
616 2867 637 2888 in
655 2867 761 2895 Legenda
780 2867 878 2894 maioi·e;
891 2873 917 2888 ea
935 2873 995 2895 quae
1013 2869 1065 2894 post
1082 2866 1149 2896 copia

301 2905 451 2934 1-es1wryetmt
468 2909 595 2934 sequuntur
613 2912 687 2934 usque
700 2906 728 2928 ad
743 2906 810 2928 {inem
824 2906 926 2928 lectionis
939 2906 1017 2928 tertiae
1031 2906 1148 2928 insinuan-

302 2947 337 2966 tur
355 2952 372 2966 1.-4
396 2945 428 2967 13.
447 2951 469 2966 n.
488 2945 510 2966 8.

364 2982 372 2994 ⁴
392 2982 446 3004 ibid⁴
464 2989 482 3005 c.
506 2984 537 3005 13.
556 2990 577 3005 n.
597 2984 617 3005 l.
638 2984 657 3005 5.

364 3021 373 3033 ⁵
392 3022 461 3049 Epist.
479 3023 500 3043 ΙΙ.
519 3022 569 3044 Cor.
588 3023 613 3050 3,
637 3023 670 3044 18.

1269 2747 1278 2761 ὅ
1297 2749 1366 2771 Exod.
1384 2750 1426 2776 31,
1448 2749 1481 2770 lS.

1270 2787 1278 2800 ⁷
1296 2788 1351 2811 lbid.
1369 2794 1388 2811 c.
1411 2789 1443 2810 13.
1462 2794 1484 2810 n.
1502 2788 1523 2809 5.
1541 2788 1564 2810 7.

1269 2826 1277 2839 Β
1295 2827 1352 2849 Cod.
1372 2828 1389 2849 Α
1407 2826 1541 2856 simiai-ula.

1268 2865 1277 2878 ⁹
1296 2866 1352 2889 lbid.
1369 2873 1387 2888 c.
1410 2867 1443 2888 13.
1462 2872 1483 2888 11.
1501 2866 1522 2888 6.

1268 2904 1288 2917 ¹⁰
1306 2906 1346 2928 Ed.
1364 2905 1415 2928 Illo.
1434 2905 1528 2927 lnl'erius
1545 2908 1597 2927 ante
1614 2906 1707 2927 lantum
1723 2904 1741 2926 Α
1759 2904 1841 2926 omittit
1859 2903 1890 2926 in.

1269 2944 1286 2959 ¹¹
1304 2945 1372 2971 ibid,
1388 2945 1419 2966 De
1431 2944 1548 2966 miraculis
1565 2946 1617 2972 post
1633 2946 1731 2966 mortem
1745 2944 1766 2966 S.
1780 2943 1893 2965 Francisci
1911 2943 1944 2971 (in
1957 2943 2001 2965 fine
2012 2943 2050 2964 Le-

1205 2983 1312 3011 gendae)‚
1331 2984 1344 3011 '5
1366 2984 1383 3004 1.
1401 2989 1423 3005 11.
1441 2983 1463 3005 5.

1268 3021 1287 3034 ¹²
1305 3023 1333 3044 lta
1352 3022 1432 3049 codd,
1450 3022 1486 3044 ed.
1506 3027 1618 3045 veracem.
