2133 3317
761 226 1004 256 PROLEGOMENA
1023 227 1052 256 C.
1074 228 1103 256 ll.

60 307 190 337 Requlam;
205 306 247 329 sed
264 312 304 329 eae
320 306 467 335 quaestiones
484 311 545 328 nunc
569 311 582 328 a
604 305 685 328 codice
700 307 754 327 sunt
770 305 864 327 avulsae
881 308 903 327 et

61 355 137 377 forsan
155 354 298 382 deperditae.

123 401 136 429 g
155 400 177 423 4.
193 398 327 430 Opuseulmn
343 399 402 422 XIV.
420 398 493 425 Quare
509 398 603 422 Fratres
619 398 719 422 Minores
729 397 863 428 praedicent
879 397 903 421 et

61 445 211 470 confessiones
227 445 334 469 audiant.

123 493 203 522 incipit
219 494 264 516 hoc
280 493 418 521 opusculum
435 493 480 515 sic:
501 501 513 514 α
524 493 581 522 Quia
598 492 703 521 plerique
719 491 846 515 dubitant»
860 494 902 515 etc.

61 541 119 564 Cum
141 541 165 564 Ρ.
191 540 277 563 Bonelli
301 540 436 569 (Prodrom.
460 541 504 563 col.
528 540 573 563 607
598 539 677 568 seqq.)
708 541 730 561 et
757 538 831 561 tribus
854 539 904 561 aliis

61 593 130 616 saepe
147 587 220 610 citatis
244 586 300 609 viris
324 586 420 609 eruditis
444 587 513 609 etiam
529 592 572 609 nos
588 587 650 608 hunc
668 585 770 608 libellum
786 586 849 608 certo
866 590 904 612 ge-

61 635 160 658 nuinum
185 640 237 657 esse
260 640 394 661 censemus,
411 634 463 656 licet
486 636 539 656 ante
564 633 689 656 Marianum
706 632 861 655 Florentinum
879 632 904 654 in

61 681 123 704 nullo
140 681 217 709 priore
233 681 333 703 indiculo
349 681 460 703 reseratur
476 683 499 702 et
515 680 616 702 duorum
633 681 721 702 tantum
742 678 849 701 codicum
866 684 904 700 au-

62 728 164 751 ctoritate
182 728 355 750 Bonaveuturae
371 726 524 750 adscribatur.
541 727 614 749 Tanta
639 725 753 748 evidentia
775 724 904 747 doctrinam

61 778 84 798 et
100 775 176 797 stilum
193 774 307 803 seraphici
324 774 428 797 Doctoris
440 780 495 802 prae
507 779 532 796 se
544 774 599 801 sert,
612 775 637 796 ut
648 762 717 795 alium
731 774 849 794 auctorem
865 777 904 794 ne-

62 827 180 850 quaquam
198 826 331 849 supponere
356 820 480 848 possimus.
502 820 550 842 Hoc
574 822 651 842 tamen
674 825 720 841 non
738 818 768 841 de
785 819 832 841 tolo
849 824 905 846 opu-

62 868 139 895 sculo,
157 870 182 890 ut
198 868 220 890 in
237 867 305 890 editis
321 869 403 894 exstat,
421 866 593 894 intelligendum
611 869 656 893 est,
673 866 715 888 sed
731 866 761 888 de
782 871 809 887 ea
826 868 902 893 parte,

62 920 133 944 quam
151 914 219 937 habet
236 914 288 936 cod.
305 914 335 942 A,
352 914 392 943 qui
409 914 473 936 finito
489 920 512 936 n.
530 913 566 935 20.
584 913 649 941 ponit
668 921 679 933 α
692 913 772 935 Amen.
784 913 810 934 Et
826 912 859 934 sic
870 914 904 934 est

64 960 116 983 finis
132 961 192 983 illius
213 960 361 989 quaestionis.
384 960 511 988 Explicit».
528 959 636 988 Reliqua,
654 965 714 988 quae
735 959 758 981 in
774 958 825 981 cod.
849 959 865 980 B
882 960 905 980 et

63 1007 163 1030 editione
179 1007 339 1035 Argentinensi
356 1013 394 1029 an.
412 1006 472 1029 1495
489 1009 511 1029 et
528 1005 723 1035 subsequentibus
748 1004 862 1028 habentur
883 1007 905 1027 et

61 1059 74 1075 a
92 1052 159 1076 nobis
176 1052 220 1076 sub
244 1052 337 1075 rubrica
363 1052 556 1076 Additamentum
581 1051 702 1074 subiuncta
727 1054 792 1079 sunt,
809 1051 903 1073 omnino

62 1098 201 1122 arbitramur
217 1105 269 1122 esse
284 1099 442 1127 supposititia,
460 1099 515 1121 moti
532 1102 632 1128 quatuor
648 1097 776 1120 rationibus
787 1103 841 1126 pag.
859 1097 900 1119 381

62 1146 92 1169 ad
108 1147 195 1169 calcem
212 1146 234 1168 in
251 1150 302 1169 nota
320 1147 342 1169 9.
359 1146 475 1174 expositis.

125 1193 190 1222 Quod
209 1193 294 1216 Bonelli
312 1193 440 1221 (Prodrom.
458 1192 501 1215 col.
520 1192 575 1221 609)
593 1191 653 1214 circa
678 1194 782 1220 tempus,
799 1197 845 1219 quo
865 1196 905 1212 au-

63 1242 111 1262 ctor
129 1240 172 1262 hoc
194 1239 323 1267 scripserit,
340 1239 455 1261 concludit
471 1245 498 1261 ex
515 1239 577 1266 loco,
593 1238 633 1267 qui
651 1240 684 1260 est
701 1238 724 1259 in
740 1236 905 1260 Additamento

64 1292 117 1314 pag.
136 1286 181 1309 384
199 1287 241 1308 col.
259 1287 279 1308 2.
299 1286 337 1315 (ad
361 1289 439 1308 notam
462 1285 611 1313 marginalem
633 1284 797 1312 Duodea-imo),
823 1290 864 1312 per
881 1290 905 1306 se

65 1339 111 1355 non
128 1333 188 1355 valet
204 1339 247 1360 pro
263 1335 328 1360 parte
345 1332 456 1360 genuina,
473 1338 534 1361 quae
551 1334 612 1354 certe
628 1332 728 1354 anterior
739 1334 773 1353 est
785 1331 821 1353 illo
838 1331 906 1353 Addi-

65 1382 175 1402 tamento.
191 1379 250 1402 Dicit
266 1380 327 1402 enlm
345 1380 393 1401 ille:
414 1387 424 1399 et
437 1379 460 1401 ln
478 1379 528 1406 ipso
547 1378 678 1408 (opusculo)
690 1378 720 1400 ita
733 1378 814 1399 citatur
827 1378 906 1399 Decre-

64 1426 113 1449 tatis
130 1426 252 1449 lnnocentii
269 1426 310 1455 lv,
327 1429 353 1448 ut
376 1426 456 1448 iterata
480 1425 583 1448 iudicum
604 1424 810 1447 ecclesiasticorum
828 1427 905 1447 contra

63 1473 113 1495 eius
130 1474 228 1495 formam
241 1472 392 1500 transgressio
409 1472 430 1494 in
448 1472 547 1495 terendis
557 1471 801 1495 excommunicationis
817 1474 907 1493 senten-

64 1519 100 1542 tiis
111 1523 214 1547 notetur,
225 1520 337 1549 liceatque
354 1520 407 1542 hinc
424 1526 534 1548 arguere,
547 1522 599 1547 post
611 1520 684 1547 ipsam
697 1519 837 1541 Det-retalem
852 1518 907 1540 mul-

65 1569 146 1595 tasque
162 1566 267 1589 eiusdem
284 1566 467 1589 inobservantias
483 1573 496 1588 a
511 1567 608 1588 Doctore
624 1565 744 1594 seraphico
761 1566 873 1593 scriptum
884 1573 905 1587 n.

346 1658 483 1689 Elenchus
502 1658 632 1688 codicum.

123 1752 214 1776 Codices
231 1760 245 1776 a
261 1752 325 1776 nobis
341 1759 391 1776 cum
408 1752 477 1775 textu
493 1751 621 1775 Vaticano
637 1750 746 1774 editionis
762 1750 849 1774 collati.

130 1848 150 1869 1.
172 1845 345 1876 Wolfenbutae,
360 1845 497 1868 bibliotheca
511 1845 613 1874 Dur-alis,
624 1845 676 1868 cod.
688 1845 760 1867 Helm.
772 1844 826 1866 550.
837 1846 908 1866 chart.

67 1893 90 1916 in
107 1893 129 1916 4.
145 1905 178 1909 —
193 1894 242 1916 Hoc
264 1894 403 1921 opusculum
428 1893 507 1920 incipit
531 1893 570 1915 fol.
593 1892 647 1915 352.
668 1898 687 1914 r.
704 1892 752 1914 sine
769 1892 815 1914 ullo
832 1891 908 1914 titulo:

69 1939 186 1968 Quoniam
208 1939 316 1970 plerique
332 1939 440 1963 dubitant
464 1941 486 1963 et
509 1940 613 1969 querunt
629 1941 671 1962 etc.
696 1939 782 1961 Desinit
803 1939 838 1961 sol.
855 1939 908 1961 356.

67 1993 103 2009 v.:
122 1986 190 2015 Quod
211 1987 273 2010 enim
294 1993 341 2016 pro
366 1985 464 2010 caritate
480 1986 615 2009 institutum
631 1986 665 2009 est
680 1991 729 2008 iton
745 1985 809 2008 debet
825 1986 909 2008 contra.

67 2033 192 2057 caritatem
216 2033 328 2056 militare.
350 2033 379 2056 Et
402 2033 437 2056 sic
461 2034 494 2056 esi
518 2032 572 2063 finis
598 2032 662 2056 illius
683 2031 818 2062 questionis.
840 2033 909 2055 Anno

67 2079 164 2103 Domini
180 2079 249 2103 4457
266 2079 353 2109 scripsi
368 2079 405 2102 die
420 2079 563 2103 Palmarum
578 2079 677 2109 promia
694 2085 769 2102 mam
781 2079 806 2101 in
817 2078 910 2108 Mande-

69 2126 130 2157 Imrq
147 2133 189 2157 eqo
206 2127 284 2157 frater
299 2127 417 2150 Iohannes
434 2126 578 2155 Riimelimd,
597 2132 641 2156 pro
658 2128 714 2149 timo
731 2126 815 2149 Custos
831 2125 910 2149 Custo-

70 2174 106 2197 die
121 2173 340 2204 Muqdeburyensis.
361 2187 391 2191 —
414 2174 436 2196 ln
457 2175 499 2196 hac
525 2178 600 2196 nostra
624 2174 724 2196 editione
749 2173 852 2201 signatur
876 2173 909 2195 lit-

70 2224 116 2244 tera
134 2223 160 2244 A.

133 2270 154 2292 2.
171 2269 236 2291 Alius
252 2269 325 2291 codex
342 2269 411 2291 huius
435 2268 542 2296 opusculi
567 2267 729 2290 asservabatur
745 2267 799 2289 olim
824 2267 910 2289 Romae

36 2305 40 2308 .
70 2315 91 2338 in
109 2314 247 2338 bibliotheca
264 2315 357 2343 Collegii
383 2316 404 2337 S.
431 2315 509 2338 lsidori
536 2314 702 2341 Hibernoruuu
719 2314 749 2336 de
765 2320 794 2336 eo
810 2314 910 2342 loquitur

69 2362 97 2384 cl.
115 2363 139 2384 P.
158 2362 294 2384 Benedictus
311 2362 396 2384 Bonelli
413 2361 434 2383 in
447 2367 530 2389 opere:
542 2360 689 2384 Prodromus
701 2360 815 2389 adoperti
831 2359 910 2382 onznia

70 2408 96 2432 S.
113 2408 294 2432 Bonuventurue
311 2411 362 2435 ete„
388 2408 489 2430 Venetiis
514 2407 588 2436 4767,
612 2408 655 2430 col.
672 2407 724 2429 465.
741 2413 764 2429 n.
781 2407 819 2428 92.
836 2412 911 2435 eoque

70 2454 126 2477 usus
142 2457 178 2477 est
193 2461 236 2483 pro
253 2455 363 2482 editione,
380 2461 451 2483 quam
468 2454 595 2482 publicavit
612 2454 634 2476 P.
655 2454 739 2476 Soldati
757 2453 813 2476 Ord.
831 2453 910 2475 Praeti.

71 2501 157 2524 Romae
172 2501 237 2524 ¹773.
249 2502 369 2524 Variantcs
386 2502 493 2524 lectiones
509 2500 539 2523 ab
556 2507 584 2523 eo
595 2501 716 2528 diligenter
732 2501 837 2523 collectas
852 2500 910 2522 exhi-

71 2547 153 2570 bemus
169 2547 213 2570 sub
230 2548 302 2570 littera
318 2548 343 2570 B.

133 2593 147 2622 S
165 2595 186 2617 5.
204 2593 340 2623 Opuseulum
355 2593 402 2616 XV.
420 2592 525 2623 Epistola.
541 2592 567 2616 de
584 2592 701 2616 Sandaliis
716 2592 879 2623 Apostolorum.

134 2648 156 2664 a.
171 2642 232 2664 Haec
250 2641 347 2670 Epistola
372 2641 543 2669 inscriptionem
567 2640 651 2663 habet:
673 2641 757 2662 «Talis
781 2641 851 2663 lector
873 2640 911 2662 tali

69 2688 146 2711 lectori
163 2688 269 2716 spiritum
288 2688 447 2716 intelligentiae
467 2688 564 2710 sanior1s
577 2695 601 2714 »,
618 2687 685 2710 tacito
702 2687 796 2709 nomine
812 2687 913 2709 scriben-

69 2734 98 2756 tis
114 2737 137 2756 et
152 2735 202 2757 eius
218 2734 255 2757 cui
268 2734 351 2762 scripta
369 2737 409 2757 est.
426 2734 484 2756 Cum
501 2734 606 2760 Oudino,
624 2733 731 2756 sbaralea
747 2736 769 2756 et
785 2732 913 2756 editoribus

72 2780 165 2802 Venetis
183 2780 206 2802 P.
223 2780 305 2803 Bonelli
323 2780 452 2809 (Prodrom.
469 2781 512 2803 col.
528 2780 582 2808 650)
600 2782 688 2808 censet,
708 2780 834 2807 genuinum
857 2785 912 2807 opu-

70 2827 158 2849 sculum
176 2833 226 2849 esse
243 2827 301 2849 hanc
318 2827 455 2855 Epistolam,
472 2827 510 2849 cui
522 2827 589 2849 etiam
602 2828 649 2849 loh.
665 2826 816 2853 Trithemius,
833 2826 912 2848 Maria-

70 2878 113 2896 nus
129 2873 283 2901 florentinus,
301 2873 397 2896 lacobus
421 2873 540 2901 Philippus
564 2874 670 2896 Forestus
695 2872 779 2901 aliique
803 2872 912 2900 posterio-

70 2925 107 2942 res
124 2920 148 2942 in
165 2920 212 2942 suis
229 2920 335 2943 indiculis
356 2921 524 2948 suffragantur,
547 2919 742 2942 consentientibus
765 2918 857 2942 duobus
877 2925 913 2941 co-

71 2965 173 2994 dicibus,
200 2972 259 2996 quos
283 2967 306 2989 in
333 2967 484 2995 praecedente
510 2966 523 2995 S
546 2967 565 2989 1.
591 2966 749 2994 allegavimus.
776 2966 808 2988 De
830 2966 911 2988 eadem

1721 227 1798 256 Lxxt

960 306 1054 328 materia
1076 306 1234 328 Bonaventura
1256 307 1304 333 agit
1323 305 1345 328 in
1363 305 1448 333 Opusc.
1465 305 1504 328 xl.
1521 304 1637 334 Apotoqia
1652 311 1799 334 pauperum,

960 356 980 373 c.
998 351 1036 373 ⁴0.
1052 357 1074 373 n.
1092 352 1115 373 6.
1130 358 1195 380 seqq.
1218 354 1240 374 et
1257 351 1281 373 in
1302 351 1387 379 Opusc.
1404 351 1464 374 XVl.
1481 350 1605 380 Expositio
1628 350 1653 373 in
1668 349 1797 380 Reyulam,

959 403 981 420 c.
997 398 1018 420 2.
1031 404 1054 420 n.
1068 399 1105 421 16.
1122 405 1200 428 seqq.,
1217 401 1239 421 et
1250 404 1311 428 quae
1327 398 1360 421 ibi
1370 399 1431 421 dicta
1447 401 1500 421 sunt
1510 401 1591 421 auctor
1607 398 1721 426 Epistulae
1732 398 1800 420 huius

961 444 1037 467 denuo
1055 446 1152 473 profert,
1169 445 1253 468 additis
1270 446 1384 468 nonnullis
1400 445 1448 468 aliis
1460 445 1603 468 testimoniis.
1619 445 1684 467 Unde
1700 445 1769 467 etiam
1781 445 1799 467 si

960 491 1013 520 quis
1029 492 1100 514 alium
1117 495 1234 515 auctorem
1252 493 1321 515 huius
1333 493 1445 521 Epistolae
1462 493 1533 521 gratis
1544 498 1675 520 supponere
1692 491 1800 519 voluerit,

959 543 1041 560 verum
1059 541 1134 560 tamen
1152 542 1224 566 esset,
1240 538 1392 561 substantiam
1408 539 1478 561 libelli
1493 545 1544 562 esse
1561 539 1583 561 S.
1600 539 1781 561 Bonaventurae.

1024 584 1045 607 b.
1064 585 1145 613 Quoad
1167 585 1258 608 codices
1278 588 1366 608 tantum
1388 585 1512 608 dicendum
1534 588 1578 612 est,
1601 585 1708 613 unicum,
1729 590 1799 613 quem

960 631 1004 659 ipsi
1022 631 1172 659 contulimus,
1190 638 1241 654 esse
1257 632 1320 654 illurn
1337 632 1496 654 Monac-ensem
1508 633 1580 654 chart.
1598 631 1622 653 in
1638 631 1660 653 8.
1676 636 1736 653 saec.
1748 630 1799 658 XV,

960 678 999 706 qui
1018 684 1087 706 supra
1105 684 1161 706 pag.
1176 678 1252 706 LXX,
1269 685 1291 701 n.
1310 679 1331 701 1.
1348 681 1439 701 notatus
1460 681 1502 700 est.
1518 690 1549 694 —
1565 677 1614 700 Alio
1632 678 1736 700 Romano
1753 676 1800 700 Col-

959 727 1013 755 legii
1030 728 1053 749 S.
1070 726 1149 748 isidori
1167 732 1222 748 usus
1239 729 1274 748 est
1299 726 1321 748 P.
1340 725 1426 748 Soldati
1450 725 1475 747 O.
1493 725 1517 747 P.
1539 725 1562 747 in
1579 725 1678 747 editione
1700 725 1749 751 illa,
1771 724 1800 746 de

960 778 1006 801 qua
1023 772 1091 795 locuti
1108 778 1189 795 sumus
1206 772 1228 795 in
1246 772 1391 800 praecedenti
1408 772 1513 795 columna
1530 777 1553 793 n.
1571 773 1594 794 2.

1023 821 1036 847 ξ’,
1054 819 1078 841 6.
1093 817 1227 848 Opusculum
1242 818 1301 841 XVI.
1326 817 1443 848 Expositio
1468 824 1534 848 super
1558 817 1668 847 Regulam
1692 817 1800 841 Fratrum

961 864 1082 888 Minorum.

1024 918 1044 934 a.
1062 911 1107 934 Soli
1123 912 1222 934 editores
1239 911 1332 938 Veneti,
1348 910 1516 938 refragantibus
1532 911 1623 934 Oudino
1633 928 1639 939 ,
1656 911 1764 933 Sbaralea
1780 913 1801 933 et

961 959 1045 980 Bonelli
1058 958 1186 987 (Prodrom.
1198 958 1241 980 col.
1252 958 1319 987 609),
1330 958 1399 980 huius
1411 957 1571 987 Exposilionis
1586 956 1681 980 dubiam
1697 963 1747 980 esse
1763 963 1800 985 ge-

961 1005 1096 1027 nuinitatem
1113 1007 1219 1027 asserunt
1237 1004 1358 1034 (Diatriba,
1376 1010 1428 1032 pag.
1442 1005 1493 1033 92),
1513 1013 1525 1024 α
1536 1004 1589 1033 quia
1607 1004 1755 1032 antiquorum
1772 1009 1801 1025 ne

962 1059 1021 1074 unus
1038 1052 1133 1081 quidem
1151 1054 1197 1079 est,
1214 1051 1255 1080 qui
1278 1052 1335 1074 hanc
1356 1050 1534 1081 &positionem
1556 1050 1640 1073 tribuat
1660 1051 1801 1073 Bonaventu·

961 1105 1001 1121 rae
1012 1107 1038 1126 »3
1056 1099 1205 1127 adduntque:
1224 1107 1235 1118 α
1248 1099 1338 1120 Praeter
1355 1098 1446 1120 testium
1463 1098 1534 1120 altum
1554 1098 1667 1120 silentium
1684 1100 1737 1120 sunt
1759 1097 1801 1119 alia

963 1146 1022 1168 bene
1040 1146 1124 1172 multa,
1141 1151 1201 1174 quae
1212 1144 1390 1174 &positionem
1408 1146 1467 1167 hanc
1483 1144 1550 1167 nobis
1564 1147 1695 1172 suspectam
1713 1144 1801 1166 saciant.

961 1193 1019 1216 Cum
1037 1199 1088 1221 cap.
1106 1193 1142 1215 Ν.
1157 1192 1186 1215 de
1203 1192 1316 1220 pecuniae
1332 1192 1464 1220 receptione
1482 1194 1559 1220 ageret
1571 1191 1696 1219 expositor,
1714 1191 1801 1218 omnia,

961 1246 1021 1269 quae
1040 1240 1129 1262 loannis
1146 1240 1215 1261 XXll.
1233 1241 1367 1267 tempestate
1388 1239 1410 1261 in
1427 1238 1543 1261 lllinoritas
1564 1238 1622 1260 iacta
1639 1240 1705 1265 sunt,
1721 1237 1802 1260 rel'ellit

961 1287 1065 1309 omnino.
1082 1287 1140 1313 Hoc,
1157 1292 1254 1314 quaeso,
1266 1288 1335 1313 caput
1347 1286 1438 1312 confer,
1455 1285 1474 1307 si
1492 1285 1538 1312 vis,
1555 1290 1610 1307 cum
1623 1284 1698 1307 Alvari
1716 1284 1801 1312 Pelagii

961 1339 1044 1361 opere:
1063 1332 1090 1356 cle
1106 1332 1206 1356 Planctzt
1224 1332 1340 1355 Ecclesiae
1361 1334 1383 1354 et
1399 1332 1423 1354 in
1445 1331 1522 1354 multis
1538 1337 1609 1360 quam
1632 1331 1731 1353 maxime
1747 1336 1799 1353 con-

962 1380 1058 1402 cordare
1075 1379 1235 1407 deprehendes
1245 1387 1267 1401 n.
1279 1391 1311 1395 -
1321 1378 1355 1401 Ad
1373 1379 1416 1400 hoc
1432 1380 1494 1400 recte
1506 1377 1631 1405 respondet
1648 1376 1732 1399 Bonelli
1746 1376 1802 1405 (loc.

962 1427 1022 1455 cit.):
1043 1435 1053 1446 α
1065 1426 1110 1448 Sed
1128 1426 1227 1454 genuina
1244 1426 1300 1448 haec
1312 1424 1433 1447 dubitandi
1448 1424 1506 1447 ratio
1522 1424 1580 1447 adeo
1592 1424 1660 1446 rutilis
1671 1426 1694 1446 et
1705 1423 1802 1446 evanida

963 1476 1009 1501 est,
1027 1476 1052 1496 ut
1068 1472 1098 1495 ab
1115 1473 1170 1500 ipsis
1192 1471 1319 1495 editoribus
1340 1472 1468 1494 infirmetur
1479 1479 1502 1493 υ.
1522 1470 1556 1493 Ad
1579 1470 1681 1498 primum
1703 1470 1802 1492 refellen-

963 1520 1020 1542 dum
1038 1519 1122 1542 Bonelli
1140 1519 1181 1541 illis
1200 1518 1290 1546 obiicit,
1307 1524 1347 1540 eos
1364 1518 1406 1540 alia
1418 1517 1541 1546 opuscula,
1559 1523 1619 1545 quae
1633 1517 1716 1539 desunt
1726 1517 1749 1538 in
1766 1522 1803 1538 an-

963 1566 1101 1596 tiquioribus
1119 1566 1235 1592 indiculis,
1257 1565 1407 1587 nihilominus
1423 1568 1447 1587 ut
1464 1564 1566 1592 legitima
1582 1565 1749 1592 proclamasse,
1762 1564 1804 1586 im-

964 1614 1044 1642 primis
1069 1614 1131 1635 illum
1149 1612 1246 1635 Librum
1268 1611 1439 1641 apoloyeticum
1461 1614 1484 1633 et
1504 1610 1714 1634 Decet-minutiones
1736 1617 1803 1640 quae-

963 1660 1067 1684 silenum
1084 1659 1164 1688 (ambo
1180 1659 1202 1680 iu
1219 1658 1303 1686 Opusc.
1321 1658 1394 1686 Xlll.).
1411 1659 1436 1680 Et
1450 1658 1527 1686 quoad
1548 1657 1674 1680 secundam
1691 1657 1802 1680 rationem

964 1707 1046 1729 iterum
1063 1706 1106 1734 ipsi
1132 1705 1231 1728 editores
1256 1704 1318 1727 haud
1343 1704 1479 1732 diffitentur,
1501 1703 1555 1734 fieri
1574 1709 1655 1733 posse,
1675 1705 1702 1726 ut
1723 1702 1804 1726 eadem

964 1752 1051 1776 obiecta
1068 1751 1187 1776 Minoi-ilis
1203 1751 1292 1781 fuerint
1309 1752 1412 1780 tempore
1429 1751 1609 1774 Bonaveiilurae
1629 1749 1713 1773 nostri.
1730 1750 1804 1772 Anim-

965 1799 1089 1821 advertunt
1100 1805 1193 1828 quoque
1205 1799 1264 1821 circa
1277 1800 1402 1820 memorata
1415 1798 1533 1826 opuscula,
1546 1797 1571 1819 id
1582 1800 1617 1819 est
1627 1796 1740 1820 Libellum
1751 1802 1805 1826 apo-

965 1846 1089 1875 loqelicum
1106 1848 1127 1868 ct
1141 1845 1220 1874 Quare
1233 1845 1331 1868 Fratres
1342 1844 1446 1868 Minores
1454 1843 1593 1874 praedicent
1608 1847 1662 1872 etc.,
1684 1852 1693 1864 ιι
1707 1844 1770 1873 quod
1783 1844 1805 1866 in

965 1892 1021 1920 ipsis
1037 1892 1120 1914 Doctor
1137 1894 1215 1914 noster
1232 1898 1287 1914 sane
1303 1891 1424 1914 antevertit
1437 1891 1564 1919 refellitque
1580 1896 1606 1912 ea
1623 1895 1683 1919 quae
1699 1890 1753 1912 salse
1767 1890 1805 1912 do-

965 1939 1013 1962 cuit
1029 1939 1137 1967 deinceps
1154 1939 1283 1961 Richardus
1299 1938 1446 1966 lindolphus,
1464 1938 1487 1960 in
1499 1938 1579 1965 Anglia
1597 1937 1756 1964 cancellarius,
1770 1943 1806 1959 ar-

966 1986 1128 2014 chiepiscopus
1152 1986 1322 2012 Armachanus,
1339 1985 1378 2014 qui
1402 1984 1526 2007 innocentii
1551 1985 1587 2007 Vl.
1606 1986 1710 2012 tempore
1730 1983 1806 2006 ssot-uit

966 2032 1070 2061 obiitque
1086 2039 1124 2055 an.
1142 2033 1202 2054 4359
1215 2040 1237 2054 s.
1260 2031 1353 2054 Certum
1370 2037 1452 2059 reapse
1468 2033 1514 2058 est,
1531 2031 1646 2059 posterius
1662 2031 1700 2053 vix
1719 2030 1805 2059 ahquid

967 2078 1084 2101 obiectum
1102 2084 1151 2101 esse
1169 2081 1247 2100 contra
1264 2077 1374 2100 Ordinem
1390 2077 1514 2105 Minorum‚
1531 2077 1595 2105 quod
1612 2077 1772 2099 Bonaventura
1784 2076 1806 2098 in

966 2125 1070 2154 quinque
1088 2124 1279 2153 praecedentibus
1295 2123 1358 2146 libris
1375 2123 1523 2152 apologeticis
1540 2129 1587 2145 non
1603 2123 1708 2151 tetigerit.

1029 2172 1050 2194 b.
1068 2172 1173 2194 Ceterum
1192 2178 1236 2194 non
1254 2171 1336 2194 desunt
1352 2171 1481 2193 testimonia
1498 2171 1591 2198 idonea,
1608 2176 1668 2199 quae
1690 2171 1806 2192 Bonaven-

966 2222 1031 2242 turae
1047 2221 1105 2242 hanc
1122 2218 1300 2249 Eoepositiouem
1316 2218 1427 2241 tribuunt.
1444 2218 1519 2240 Primo
1536 2218 1585 2240 loco
1602 2217 1756 2240 nominandus
1773 2220 1807 2240 est

966 2268 989 2289 S.
1007 2267 1101 2289 loannes
1126 2266 1156 2289 de
1172 2265 1305 2294 Capistrano
1322 2265 1343 2287 in
1358 2264 1562 2288 Constitutionibus
1581 2264 1731 2291 lllartinianis‚
1748 2270 1806 2292 quas

966 2320 1009 2342 pro
1026 2314 1111 2336 unione
1127 2313 1220 2336 Ordinis
1233 2319 1270 2335 an.
1283 2312 1342 2335 1430
1354 2312 1484 2340 composuit
1495 2314 1517 2334 et
1529 2312 1636 2334 Martinus
1648 2312 1676 2333 V.
1687 2311 1806 2334 confirma-

966 2361 1000 2383 vit
1018 2362 1078 2389 (cap.
1096 2360 1135 2388 3.).
1152 2361 1180 2382 Ut
1196 2359 1295 2382 ostendit
1316 2359 1400 2381 Bonelli
1418 2359 1471 2386 (loc.
1489 2359 1549 2387 cit.),
1567 2358 1603 2380 hic
1620 2357 1709 2380 libellus
1724 2358 1807 2380 citatur

967 2408 1035 2430 etiam
1055 2407 1076 2429 in
1094 2406 1247 2434 manuscripta
1266 2406 1367 2433 [legulae
1383 2405 1536 2427 declaratione
1552 2405 1586 2426 Fr.
1604 2404 1762 2432 Christophori
1778 2404 1807 2426 de

967 2454 1056 2476 Varisio
1065 2470 1070 2480 ‚
1087 2453 1143 2476 socii
1160 2453 1265 2475 eiusdem
1277 2452 1415 2480 Capistrani;
1434 2457 1502 2479 porro
1514 2451 1536 2473 in
1548 2453 1643 2473 tractatu
1656 2451 1686 2473 de
1703 2451 1807 2474 Recursu

966 2500 998 2523 acl
1014 2499 1103 2523 amicos
1119 2498 1256 2528 spirituales
1272 2499 1307 2521 Fr.
1324 2498 1414 2521 loannis
1430 2497 1540 2526 Philippi,
1557 2497 1596 2526 qui
1613 2497 1643 2519 ab
1665 2503 1725 2520 anno
1747 2497 1807 2520 1467

967 2553 1042 2575 usque
1059 2546 1087 2568 ad
1105 2552 1190 2568 annum
1209 2545 1269 2568 1470
1286 2545 1327 2567 suit
1343 2545 1448 2567 vicarius
1469 2544 1584 2566 Generalis
1606 2545 1806 2571 Ultramontanus;

967 2594 1021 2615 item
1040 2592 1138 2615 habetur
1155 2592 1176 2614 in
1194 2592 1300 2614 indiculis
1316 2591 1407 2613 Mariani
1424 2591 1558 2618 Florentini,
1574 2591 1697 2613 Alexandri
1713 2590 1807 2618 Ariosti,

969 2639 1062 2662 Roberti
1080 2638 1187 2661 Liciensis
1199 2638 1344 2666 aliorumque
1355 2637 1508 2666 posteriorum
1521 2637 1584 2666 (vide
1600 2637 1713 2660 indiculos
1724 2638 1747 2659 in
1758 2637 1809 2659 Pro-

967 2686 1095 2714 legomenis
1112 2685 1166 2708 tomi
1183 2685 1229 2714 V.).
1247 2685 1319 2707 Etiam
1336 2684 1524 2708 Firmamentum
1544 2683 1640 2707 Ordinis
1660 2685 1719 2707 hanc
1738 2685 1809 2712 Expo-

968 2733 1071 2755 sitionem
1089 2732 1160 2755 edidit
1176 2738 1230 2753 cum
1247 2731 1339 2754 nomine
1356 2732 1537 2753 Bonaventurae.

1030 2778 1123 2801 Accedit
1139 2778 1260 2800 auctoritas
1277 2778 1384 2800 codicum
1401 2777 1459 2799 infra
1476 2777 1648 2800 recensitorum.
1663 2778 1720 2799 luter
1733 2776 1761 2799 17
1774 2783 1809 2799 co-

968 2826 1044 2852 dices,
1061 2831 1160 2854 quorum
1178 2824 1225 2847 duo
1247 2826 1300 2846 sunt
1322 2824 1443 2852 anonymi,
1465 2829 1525 2846 unus
1541 2824 1604 2846 solus
1625 2823 1663 2846 alii
1683 2823 1762 2846 tribuit
1783 2829 1809 2846 ac

969 2873 1154 2898 Bonaventurae,
1171 2871 1218 2893 scil.
1241 2870 1353 2899 discipulo
1378 2870 1482 2893 eiusdem
1503 2871 1628 2897 Pechamo‚
1653 2870 1810 2893 Cantuariensi

969 2919 1150 2947 archiepiscopo.
1167 2917 1207 2940 Hic
1224 2920 1300 2940 tamen
1312 2918 1379 2940 aliam
1396 2918 1498 2945 Regulae
1510 2918 1620 2940 Minorum
1633 2917 1811 2940 declarationem

969 2966 1072 2994 scripsit,
1089 2968 1114 2987 ut
1130 2964 1186 2987 infra
1204 2970 1257 2992 pag.
1273 2964 1330 2994 491,
1347 2964 1371 2987 in
1388 2967 1440 2987 nota
1455 2967 1606 2987 monstratum
1623 2967 1664 2987 est.
