2133 3317
161 687 216 706 Ratio
229 687 246 705 3.

144 1250 172 1270 De
185 1250 247 1270 tertia.

130 1816 213 1835 Affectus
226 1815 250 1834 ad

140 1839 243 1859 Christum.

265 225 320 254 12⁶2

264 306 305 332 est
325 303 349 332 ei
370 303 464 337 dolor,
487 306 590 340 quanta
616 303 719 331 inflicta
748 310 835 339 poena
862 303 890 331 in
921 303 1113 340 degustatione

263 350 457 379 acerbissimae
485 349 627 386 passionis.
658 349 719 378 ideo
747 349 845 378 beatus
872 349 1051 379 Bernardus1
1073 350 1114 378 di-

264 397 318 426 cit:
346 397 518 433 «Angustias
546 396 637 424 cordis
665 396 721 430 tui,
751 396 865 425 Domine
897 397 958 425 lesu
989 397 1113 432 Christe,

263 444 416 473 certissime
438 443 574 472 indicabat
595 443 681 471 sudor
703 443 748 471 ille
769 443 955 480 sanguineus,
977 444 1025 481 qui
1052 453 1115 473 ora-

264 491 345 519 tionis
375 493 500 526 tempore
521 489 555 518 de
577 493 625 518 tua
645 490 818 519 sanctissima
840 498 923 519 carne
947 490 1115 520 decurrebat

264 537 291 565 in
314 540 416 565 terram
433 549 458 564 ».
485 536 585 573 «Quid
606 536 710 571 fecisti,
731 536 890 565 dulcissime
911 545 998 574 puer,
1024 540 1056 566 ut
1077 537 1114 566 ita

264 583 446 613 tractareris?
478 583 549 619 Quid
581 584 759 618 commisisti,
788 592 804 612 0
828 584 1016 613 amantissime
1038 584 1115 613 iuve—

264 630 321 665 nis,
343 634 375 658 ut
395 630 432 658 ita
455 630 617 659 iudicareris
631 633 642 658 ?
665 631 746 665 Ecce,
762 638 812 667 ego
828 638 890 659 sum
912 639 996 659 causa
1011 631 1050 660 tui
1066 631 1115 660 do-

265 677 346 711 loris,
368 685 419 714 ego
440 677 520 714 plaga
552 680 616 706 tuae
643 677 810 706 occisionis2
825 689 852 705 ».
876 694 915 698 ——
935 678 1031 706 Adhuc
1052 678 1115 707 vide

264 724 438 761 diligentius,
462 732 544 761 quam
567 732 661 753 amara
681 732 758 753 mors
779 724 880 753 Christi
896 724 989 753 fuerit.
1006 725 1115 761 Quanto

265 771 328 808 quis
358 771 546 805 innocentior,
578 774 654 799 tanto
685 779 774 808 poena
794 771 827 799 ad
851 771 1026 800 tolerandum
1052 780 1115 808 gra-

264 818 333 846 vior.
355 818 382 846 Si
404 818 477 846 enim
499 818 627 847 Christus
648 821 762 855 propter
777 826 828 846 sua
847 822 961 855 peccata
974 818 1052 846 illum
1067 818 1115 846 do-

265 865 352 894 lorem
373 865 566 899 sustinuisset,
588 865 794 902 aliquantulum
824 868 896 894 esset
926 865 1114 900 tolerabitior3

265 912 312 941 sed
334 912 392 949 ipse
409 916 564 949 peccatum
591 921 650 940 uon
671 911 755 949 feeit,
778 912 824 941 sed
846 921 897 941 nee
919 913 1054 941 iuventus
1075 916 1117 941 est

264 959 349 987 dolus
370 959 401 987 in
422 967 472 987 ore
492 959 555 987 eius
566 959 586 987 3.
614 959 645 988 Et
667 959 718 987 hoc
740 959 831 995 ipsum
855 962 973 988 testatur
996 959 1114 994 Pilatus,

266 1006 378 1035 dicens:
400 1006 521 1035 Nullam
542 1014 667 1035 causant
686 1007 789 1034 mortis
804 1006 919 1035 inuenio
941 1006 972 1034 in
994 1015 1033 1035 eo.
1057 1007 1116 1043 Ipse

266 1054 339 1083 enim
361 1057 402 1082 est
423 1053 536 1082 candor
568 1053 642 1082 lueis
673 1057 809 1082 aeternae
829 1057 854 1082 et
875 1054 1026 1091 speculum
1054 1054 1116 1082 sine

265 1100 385 1129 macula
418 1100 469 1129 Dei
499 1100 660 1129 maiestatis
688 1104 714 1128 et
735 1100 833 1138 lunayo
859 1100 997 1129 bonitatis
1018 1100 1115 1135 illius,

265 1148 337 1177 sicut
357 1148 459 1176 dicitur
481 1148 635 1184 Sapientiae
656 1148 781 1184 septimo.

345 1195 370 1223 6.
393 1194 542 1223 Considera
563 1194 655 1223 adhuc
676 1195 801 1231 plenius,
821 1203 905 1231 quam
921 1195 1043 1232 poenalis
1057 1194 1116 1223 fue-

266 1241 302 1270 rit
324 1249 399 1270 mors
420 1241 510 1269 dilecti
534 1241 629 1278 Sponsi
654 1241 710 1275 tui,
733 1241 792 1270 lesu
814 1241 924 1270 Christi.
941 1242 1050 1278 Quanto
1068 1250 1116 1279 ye-

265 1288 412 1323 neralz'or,
445 1291 521 1317 tanto
553 1296 641 1325 poena
671 1289 816 1323 acerbior3
850 1289 978 1318 Christus
1005 1292 1115 1323 autem,

265 1336 387 1373 Sponsus
419 1339 501 1369 tuus,
529 1343 628 1372 passus
656 1339 697 1365 est
726 1336 753 1364 in
781 1336 856 1364 0111111
886 1339 965 1373 parte
991 1336 1117 1373 corporis

265 1383 324 1417 sui,
346 1383 385 1412 sic
407 1382 481 1420 quod
503 1383 611 1411 nullum
634 1383 671 1411 ita
693 1391 812 1420 parvum
845 1383 1002 1412 membrum
1032 1383 1117 1412 suerit

266 1430 292 1458 in
315 1438 361 1464 eo,
383 1430 451 1467 quin
473 1430 620 1467 specialem
644 1438 760 1467 poenam
789 1430 924 1465 haberet3
956 1431 1051 1459 nullus
1079 1431 1117 1459 ita

266 1477 391 1506 modicus
413 1478 505 1512 loeus,
528 1477 595 1514 quin
618 1478 742 1514 repletus
766 1480 838 1507 esset
865 1478 1059 1507 amaritudine.
1091 1479 1113 1506 A

263 1524 369 1562 planta
390 1524 462 1553 enim
489 1525 574 1562 pedis
595 1533 685 1563 usque
706 1524 747 1553 ad
770 1525 905 1553 verticem
933 1525 1031 1562 capitis
1058 1533 1117 1553 uon

264 1570 326 1609 fuit
346 1571 377 1600 iu
398 1580 429 1600 eo
450 1571 566 1600 sanitas
577 1572 597 1599 4.
619 1571 695 1600 Unde
716 1580 783 1608 prae
804 1572 889 1600 nimia
909 1572 1013 1600 doloris
1034 1572 1118 1601 vehe—

266 1618 370 1647 mentia
390 1618 534 1653 clamavit,
556 1618 665 1647 dicens:
684 1618 706 1647 O
720 1627 771 1646 vos
786 1627 900 1653 omues,
915 1619 968 1657 qui
982 1619 1117 1647 transitis

263 1674 318 1703 per
331 1665 422 1700 viam,
439 1666 575 1694 attendite
589 1668 614 1693 et
628 1665 727 1699 videte,
742 1666 770 1694 si
783 1669 824 1694 est
845 1666 928 1694 dolor
942 1666 1020 1694 sieut
1034 1665 1117 1694 dolor

267 1721 357 1741 meus.
373 1712 410 1741 Re
425 1721 500 1747 vera,
516 1712 631 1741 Domine
645 1713 705 1741 Iesu
720 1712 838 1747 Christe,
850 1721 994 1750 nunquam
1007 1713 1059 1741 suit
1069 1712 1117 1741 do-

268 1759 310 1787 lor
331 1759 429 1788 similis
450 1759 537 1787 dolori
561 1762 618 1788 tuo.
641 1759 727 1788 Tanta
748 1759 819 1788 enim
841 1759 894 1788 fuit
913 1759 1055 1796 sanguinis
1076 1759 1117 1787 tui

267 1806 380 1841 effusio,
403 1809 434 1834 ut
457 1809 545 1834 totum
568 1814 670 1843 corpus
691 1810 772 1835 tuum
793 1810 991 1844 aspergeretur
1002 1807 1022 1834 ⁵.
1038 1823 1074 1826 -—
1095 1806 1117 1834 O

267 1853 338 1882 bone
360 1853 436 1887 Iesu,
458 1862 475 1881 0
496 1853 656 1882 dulcissime
682 1853 814 1882 Domine!
845 1862 909 1882 cum
939 1862 994 1882 non
1014 1857 1116 1891 yutta,

267 1900 315 1930 sed
336 1900 479 1938 sanguinis
507 1901 591 1930 umla
612 1901 649 1930 ita
670 1901 784 1938 largiter
806 1909 856 1938 per
878 1901 1003 1938 quinque
1025 1905 1118 1938 partes

268 1948 393 1984 corporis
414 1947 453 1976 tui
477 1948 649 1977 emanaverit
669 1947 703 1977 de
724 1948 853 1977 manibus
885 1951 912 1977 et
943 1948 1061 1985 pedibus
1090 1948 1117 1977 in

268 1995 467 2029 crucifixione,
492 1995 526 2024 de
548 1995 636 2032 capite
658 1995 685 2024 in
708 1996 901 2030 coronatione,
923 1995 957 2024 de
978 1998 1036 2024 toto
1057 2003 1118 2024 cor—

268 2049 334 2078 pore
361 2042 389 2070 in
411 2042 610 2079 flagellatione,
632 2042 666 2071 de
687 2042 747 2079 ipso
768 2042 851 2071 corde
872 2042 899 2071 in
922 2042 1017 2071 lateris
1037 2050 1119 2079 aper-

268 2088 357 2123 tione;
371 2089 475 2129 mirum
497 2089 623 2124 videtur,
645 2089 667 2118 si
690 2089 757 2126 quid
778 2089 921 2126 sanguinis
940 2089 1073 2118 remansit
1090 2089 1118 2118 in

332 2282 339 2294 ¹
358 2283 432 2304 Sei-m.
450 2282 479 2305 de
496 2283 542 2304 vita
560 2285 582 2304 et
600 2282 706 2311 passione
718 2283 809 2305 Domini
821 2283 890 2311 (inter
902 2289 972 2311 opera
985 2283 1117 2311 Bernardi),

269 2328 292 2344 n.
304 2322 325 2344 6.
337 2322 418 2344 Sermo
436 2322 472 2343 ille
486 2321 580 2349 incipit:
598 2322 676 2344 Iesum
693 2322 851 2345 Nazarenum
867 2328 883 2345 α
900 2322 994 2345 ludaeis
1011 2322 1119 2346 innocen-

268 2362 303 2383 ter
320 2360 510 2389 condemnatum,
525 2364 547 2383 et
560 2360 657 2383 habetur
668 2361 737 2383 etiam
750 2361 772 2383 in
785 2361 896 2389 operibus
908 2362 1021 2389 Ansetmi,
1033 2368 1118 2390 nempe

268 2400 366 2422 Meditat.
385 2400 412 2428 9,
429 2406 456 2422 ex
473 2406 519 2428 qua
536 2406 606 2428 supra
625 2400 646 2422 in
667 2400 784 2428 Opusculo
803 2401 835 2423 111.
852 2401 950 2429 Lignum
969 2401 1029 2423 vitae
1052 2401 1118 2429 plura

268 2439 332 2461 allata
351 2442 415 2466 sunt,
432 2446 455 2461 v.
472 2445 495 2467 g.
513 2445 536 2461 u.
555 2440 590 2461 18.
609 2439 646 2462 27.
663 2440 700 2461 29.
719 2440 756 2462 31.
774 2440 811 2462 36.
829 2440 867 2462 38.
886 2440 923 2462 47.
939 2443 962 2462 et
980 2440 1017 2462 48.
1034 2441 1119 2463 Textus

268 2478 385 2506 originalis
401 2478 474 2501 verbo
491 2477 632 2501 decurrebat
649 2478 678 2508 [B
688 2478 704 2501 C
714 2479 728 2500 F
743 2478 865 2508 currebat]
882 2479 988 2507 praefigit
999 2479 1117 2509 yuttutim.

269 2518 342 2540 Textu
365 2517 471 2545 originali
493 2521 515 2540 et
531 2517 600 2540 BCF
617 2518 815 2546 repugnantibus,
838 2519 889 2541 Vat.
915 2525 957 2547 pro
983 2518 1061 2542 cordis
1084 2518 1120 2542 tut

268 2556 385 2579 substituit
402 2556 510 2586 corporis
527 2556 577 2585 tut,
595 2563 637 2585 pro
654 2557 801 2587 sanguineus
819 2558 858 2584 (ita
875 2558 944 2580 etiam
963 2561 1036 2581 textus
1051 2558 1119 2586 origi-

269 2596 334 2624 nalis)
353 2597 370 2618 B
386 2595 565 2624 sanctissimus,
583 2596 600 2619 C
612 2597 628 2619 F
644 2596 823 2625 sancta-simus,
840 2597 998 2627 sanyuineus.

331 2634 340 2647 ²
358 2635 471 2662 Anselm.,
488 2634 551 2658 Orat.
568 2636 590 2658 2.
607 2636 660 2658 Post
676 2635 816 2659 tractareris
835 2639 909 2659 textus
926 2637 1044 2664 originalis
1066 2642 1117 2664 pro-

269 2674 386 2703 sequitur:
403 2675 471 2703 Quod
488 2675 563 2697 scelus
581 2677 659 2702 tuum,
676 2681 737 2704 quae
755 2681 812 2698 noxa
830 2678 882 2703 tua,
899 2682 959 2705 quae
976 2682 1046 2698 causa
1058 2682 1119 2698 mor-

269 2713 310 2740 tis,
326 2720 386 2743 quae
403 2714 493 2736 occasio
511 2717 564 2736 tuae
580 2714 750 2737 damnationis?
768 2715 816 2742 Ego
834 2715 895 2737 enim
918 2721 970 2737 sum
995 2715 1027 2737 tui
1049 2715 1118 2743 plaga

269 2752 367 2781 doloris,
385 2755 437 2775 tuae
454 2753 519 2781 culpa
537 2753 666 2776 occisionis.

332 2791 341 2804 ³
358 2792 428 2820 Epist.
447 2793 460 2814 1.
479 2792 538 2814 Petr.
555 2793 582 2819 2,
599 2793 636 2814 22.
648 2805 680 2809 —
690 2793 741 2815 Duo
754 2799 820 2822 seqq.
832 2793 874 2816 loci
887 2795 941 2816 sunt
952 2794 1014 2816 toan.
1027 2793 1068 2822 18,
1080 2793 1118 2815 38.

270 2833 292 2852 ot
309 2831 362 2858 Sap.
378 2831 404 2858 7,
422 2831 459 2853 26.
477 2843 508 2847 —
525 2832 637 2859 Superius
654 2838 696 2859 pro
714 2833 773 2855 esset
790 2831 944 2860 tolerabilior,
962 2832 1048 2861 quihus
1060 2832 1119 2855 voci-

270 2869 314 2892 bus
332 2869 382 2892 Vat.
400 2872 477 2892 contra
496 2870 591 2893 BCDF
608 2871 715 2899 praefigit
736 2871 768 2899 ei,
790 2871 859 2894 BCF
882 2873 942 2895 esset
963 2871 1116 2900 tolerandus,

270 2908 288 2930 D
305 2909 364 2931 esset
380 2908 539 2932 tolerandum.

332 2946 342 2959 ⁴
359 2948 409 2970 lsai.
428 2948 453 2974 1,
472 2948 492 2970 6.
510 2960 541 2964 -
558 2949 667 2977 Sequitur
685 2949 770 2971 Thren.
789 2950 813 2976 l,
834 2950 869 2972 l2.

333 2986 342 2998 ⁵
360 2987 390 3009 ua
407 2986 487 3014 BCF,
504 2987 557 3009 Vat.
573 2987 690 3017 sanquine
706 2990 886 3018 asperqeretur,
904 2989 1012 3017 superius
1024 2988 1054 3011 ab
1069 2989 1118 3017 ipsa

270 3025 393 3049 substituto
410 3025 499 3049 doloris
517 3033 560 3054 pro
576 3026 710 3056 sanguinis.

598 225 793 254 OPUSCULUM
815 225 857 253 vl.
879 225 922 253 DE
946 225 1168 255 PERFECTIONE
1191 227 1286 256 VITAE
1308 228 1351 256 AD
1373 228 1530 257 SORORES.
1552 229 1621 258 CAP.
1642 230 1684 258 VI.

1172 307 1206 333 te.
1230 305 1286 339 Dic,
1309 314 1427 342 quaeso,
1449 306 1547 336 dilecte
1569 307 1605 336 mi
1627 308 1755 342 Domine,
1777 309 1837 343 dic,
1853 317 1917 338 cum
1939 310 2020 339 unica

1171 352 1211 380 tui
1234 352 1411 381 sacratissimi
1433 354 1576 390 sanguinis
1597 357 1676 391 gutta
1693 355 1828 391 potuisset
1843 356 1971 385 sufficere
1986 357 2020 385 ad

1171 398 1256 427 totius
1278 399 1373 427 mundi
1398 400 1631 437 redemptionem,
1653 409 1705 430 cur
1727 405 1835 430 tantum
1857 403 2020 439 sanguinem

1171 445 1205 473 de
1226 453 1343 482 corpore
1365 449 1413 475 tuo
1434 447 1537 475 effundi
1553 448 1726 484 permisisti?
1748 449 1825 484 Scio,
1848 450 1977 485 Domine,
1993 454 2020 479 01

1172 499 1237 520 vere
1259 492 1330 526 scio,
1353 493 1419 529 quia
1440 497 1554 530 propter
1575 494 1650 523 aliud
1671 495 1723 524 boc
1751 504 1806 524 non
1835 496 1939 531 fecisti,
1967 497 2019 525 nisi

1171 542 1203 567 ut
1224 539 1401 574 ostenderes,
1423 544 1527 577 quanto
1548 542 1649 570 affectu
1670 550 1715 571 me
1737 543 1873 580 diligeres.

1251 588 1276 615 7.
1300 587 1370 623 Quid
1393 588 1477 624 igitur
1499 588 1665 617 retribuam
1694 590 1816 618 Domino
1842 599 1898 627 pro
1927 591 2020 619 omui-
2032 597 2127 627 Retribuat

1172 632 1242 667 bus,
1258 642 1333 671 quae
1348 634 1485 662 retribuit
1499 633 1573 663 milii
1583 635 1619 663 ⁶?
1638 647 1652 660 «
1667 635 1760 670 Certe,
1776 636 1907 671 Domine,
1922 645 2020 674 quam-
2045 626 2128 668 ρῗὲἒέιῖῑῗ

1171 679 1219 708 diu
1241 680 1355 714 vixero,
1377 689 1484 709 memor
1499 689 1547 710 ero
1563 682 1689 711 laborum
1708 686 1837 717 tuorum,
1853 692 1923 720 quos
1937 684 2020 713 susti-

1172 726 1257 755 nuisti
1279 727 1305 755 in
1328 727 1527 764 praedicando,
1550 728 1741 765 fatigationum
1770 730 1796 758 in
1822 730 2020 766 discurrendo,

1172 773 1331 810 vigiliarum
1353 774 1380 802 in
1402 774 1522 809 orando,
1552 775 1739 812 lacrymarum
1764 777 1791 804 in
1813 777 2020 814 compatiendo,

1171 819 1316 854 dolorum,
1338 820 1540 855 convitiorum,
1563 825 1727 858 sputorum,
1742 823 1940 860 colaphorum,
1956 824 2022 853 sub-

1172 867 1382 902 sannationum,
1414 868 1557 897 clavorum
1589 871 1617 897 et
1645 869 1810 904 vulnerum;
1833 870 1955 907 alioquin
1977 879 2022 899 re-

1172 914 1307 951 quiretur
1329 922 1348 942 a
1368 923 1413 942 me
1433 915 1558 952 sanquis
1580 915 1668 950 iusti,
1691 916 1743 953 qui
1755 915 1866 953 effusus
1879 920 1920 945 est
1933 926 2022 954 super

1172 964 1283 989 terram
1298 973 1324 988 ».
1356 961 1429 997 Quis
1449 961 1543 999 igitur
1564 962 1645 991 (labit
1665 963 1758 999 capiti
1777 972 1839 992 meo
1860 972 1972 1001 aquam
1997 967 2022 993 et

1172 1008 1264 1036 oculis
1285 1008 1356 1036 meis
1377 1007 1485 1046 fontem
1507 1009 1714 1047 laerymarum
1727 1010 1755 1044 ⁷,
1777 1013 1809 1039 ut
1832 1011 1933 1047 possim
1955 1011 2022 1040 ssere

1172 1055 1216 1083 die
1237 1063 1269 1084 ac
1291 1058 1370 1084 nocte
1392 1059 1511 1085 mortem
1532 1056 1640 1084 Domini
1667 1057 1719 1085 mei
1752 1057 1828 1091 lesu,
1856 1066 1939 1094 quam
1968 1066 2022 1087 non

1173 1110 1224 1138 pro
1245 1102 1316 1136 suis,
1332 1102 1378 1131 sed
1394 1111 1445 1139 pro
1467 1103 1535 1132 meis
1557 1103 1676 1140 peccatis
1700 1104 1855 1133 sustinuit?
1882 1105 2023 1134 Vulnera-

1174 1154 1221 1178 tus=
1242 1154 1283 1177 est
1293 1153 1416 1186 propter
1431 1150 1601 1188 iniquitates
1615 1154 1751 1185 nostras,
1766 1152 1887 1180 attritus
1901 1156 1941 1181 est
1952 1161 2023 1189 pro-

1169 1200 1236 1234 pter
1256 1196 1365 1225 scelera
1386 1201 1506 1231 nostra,
1529 1197 1601 1226 sicut
1621 1198 1687 1226 dicit
1709 1198 1790 1227 Isaias
1812 1199 1955 1235 propheta.

1252 1244 1278 1272 8.
1301 1244 1402 1272 Ultimo
1423 1244 1567 1272 considera
1588 1248 1615 1273 et
1635 1245 1745 1273 attende
1766 1245 1927 1282 diligenter,
1956 1246 2022 1283 quia

1174 1299 1248 1320 mors
1270 1294 1296 1319 et
1318 1291 1408 1327 passio
1433 1291 1534 1320 Christi
1555 1291 1609 1320 fuit
1629 1292 1870 1320 diuturnissima.
1892 1293 1912 1321 A
1933 1293 2023 1329 prima

1173 1338 1246 1366 enim
1277 1338 1321 1366 die
1352 1337 1503 1366 nativitatis
1535 1346 1602 1367 suae
1633 1346 1723 1375 usque
1744 1339 1777 1367 ad
1799 1339 1929 1368 ultimum
1950 1339 2022 1368 diem

1173 1385 1271 1414 mortis
1292 1393 1401 1422 semper
1422 1385 1474 1413 fuit
1496 1385 1522 1414 in
1545 1385 1719 1422 passionibus
1737 1389 1764 1414 et
1778 1386 1933 1421 doloribus,
1953 1387 2024 1415 sicut

1173 1432 1231 1468 ipse
1252 1435 1372 1461 testatur
1393 1440 1442 1469 per
1466 1433 1629 1469 Prophetam
1652 1432 1787 1462 dicensss:
1810 1433 1932 1470 Pauper
1956 1442 2024 1462 sum

1173 1488 1223 1516 eqo
1251 1482 1276 1508 et
1298 1479 1328 1507 in
1350 1479 1501 1508 laboribus
1523 1488 1542 1508 a
1563 1480 1709 1509 iuventute
1736 1489 1823 1514 mea;
1845 1483 1872 1509 et
1892 1480 1956 1509 alibi
1983 1480 2023 1509 di-

1174 1526 1229 1554 cit:
1252 1526 1311 1555 Fui
1330 1526 1497 1563 flagellatus
1520 1529 1578 1555 tota
1599 1526 1662 1561 die,
1693 1526 1719 1555 id
1751 1529 1793 1556 est
1822 1530 1879 1556 toto
1900 1529 2024 1564 tempore

1174 1573 1245 1602 vitae
1266 1581 1352 1602 meae.
1375 1590 1413 1593 —
1435 1573 1529 1602 Adhuc
1550 1573 1630 1602 aliter
1662 1574 1821 1608 considera,
1853 1582 1937 1611 quam
1965 1582 2023 1603 mo-

1174 1628 1237 1649 rosa
1266 1620 1355 1657 passio
1386 1620 1487 1649 Christi
1520 1620 1614 1649 fuerit.
1643 1620 1681 1649 Ad
1703 1621 1756 1650 hoc
1776 1621 1851 1650 enim
1872 1629 2023 1658 suspensus

1174 1667 1241 1701 fuit,
1263 1670 1295 1696 ut
1316 1675 1404 1704 poena
1426 1667 1513 1704 magis
1534 1667 1662 1701 duraret,
1685 1671 1716 1696 ut
1731 1667 1809 1696 dolor
1824 1676 1878 1697 non
1894 1668 1947 1697 cito
1963 1668 2024 1697 fini-

1174 1716 1269 1748 retur,
1291 1717 1323 1742 ut
1345 1722 1421 1743 mors
1441 1714 1656 1751 protraheretur
1678 1717 1705 1743 et
1726 1714 1765 1743 sic
1789 1714 1895 1744 diutius
1917 1715 2024 1744 crucia-

1174 1763 1254 1789 retur
1275 1764 1301 1790 et
1322 1760 1423 1790 fortius
1444 1765 1605 1790 vexaretur.

1254 1809 1280 1837 9.
1304 1808 1342 1836 Ex
1365 1808 1430 1837 his⁹
1452 1808 1596 1843 omnibus,
1619 1817 1690 1846 quae
1712 1809 1766 1837 iam
1787 1809 1862 1843 dixi,
1894 1809 2023 1846 colligere

1174 1857 1266 1891 potes,
1288 1863 1305 1883 o
1326 1855 1405 1892 virgo
1426 1855 1544 1889 Christi,
1576 1863 1592 1883 0
1623 1855 1726 1884 famula
1756 1855 1820 1889 Dei,
1843 1864 1927 1892 quam
1954 1864 2023 1892 pro-

1175 1901 1279 1936 brosa,
1308 1910 1391 1939 quam
1420 1901 1572 1936 dolorosa,
1605 1910 1689 1939 quam
1722 1902 1917 1936 universalis,
1939 1910 2023 1939 quam

1174 1957 1294 1978 nidrosa
1314 1949 1399 1978 fuerit
1420 1957 1496 1978 mors
1517 1952 1544 1978 et
1566 1949 1656 1986 passio
1670 1949 1840 1978 dilectissimi
1857 1949 1953 1986 Sponsi
1971 1949 2023 1984 tui,

1174 1997 1235 2025 Iesu
1256 1996 1366 2025 Christi.
1390 1997 1421 2025 Et
1442 1997 1510 2025 haec
1541 1996 1632 2025 omnia
1663 1996 1811 2031 sustinuit,
1832 2000 1864 2025 111
1885 1996 1918 2025 ad
1940 2004 2025 2026 suum

1173 2051 1297 2072 amorem
1329 2047 1356 2071 te
1387 2043 1565 2077 accenderet,
1598 2046 1630 2072 ut
1660 2052 1711 2080 pro
1734 2044 1865 2073 omnibus
1896 2044 1939 2073 his
1967 2046 2024 2072 toto

1174 2089 1272 2123 corde,
1290 2092 1346 2118 tota
1360 2089 1464 2124 anima,
1481 2092 1537 2118 tota
1553 2093 1644 2119 mente
1658 2090 1748 2127 ipsum
1764 2090 1893 2127 diligeres
1905 2090 1937 2118 1⁰.
1953 2089 2024 2126 Quid

1238 2282 1247 2295 ‘⁵
1266 2284 1347 2305 Psalm.
1368 2283 1423 2310 115,
1452 2284 1485 2305 12.
1503 2283 1552 2312 (3.),
1575 2296 1606 2300 -
1631 2283 1740 2312 Sequitur
1765 2284 1876 2306 sententia
1901 2284 2023 2312 Bernardi,

1176 2323 1241 2345 Serm
1268 2323 1290 2345 in
1308 2323 1371 2345 Feria
1391 2323 1412 2345 t.
1430 2322 1597 2346 Hebdomadae
1614 2326 1718 2351 sanctae,
1737 2330 1758 2345 n.
1777 2324 1818 2352 ·11;
1834 2324 1874 2346 011.
1892 2324 1967 2346 Serm.
1984 2324 2022 2346 22.

1176 2362 1205 2384 de
1223 2362 1336 2387 Diversis.
1354 2368 1377 2384 11.
1395 2362 1417 2384 5.
1434 2365 1457 2384 et
1474 2362 1546 2384 Serm.
1565 2362 1602 2384 43.
1619 2362 1642 2384 in
1659 2361 1723 2385 Cant.
1741 2368 1764 2384 n.
1783 2363 1803 2384 3.
1822 2363 1844 2385 111
1867 2363 1912 2384 fine
1934 2362 2025 2390 respici·

1176 2404 1213 2423 tur
1231 2401 1310 2423 Ezech.
1328 2402 1355 2428 3,
1374 2401 1410 2423 18.
1429 2401 1465 2423 20.
1483 2404 1505 2423 et
1523 2402 1566 2428 33,
1584 2402 1610 2428 83
1628 2402 1704 2423 Matth.
1723 2402 1762 2428 23,
1783 2402 1825 2424 35:
1841 2402 1890 2424 «Ut
1902 2402 2025 2424 veniatsu-

1176 2447 1217 2468 per
1235 2446 1277 2462 vos
1294 2441 1369 2462 omnis
1386 2441 1481 2468 sanguis
1498 2441 1585 2467 iustus,
1602 2440 1642 2469 qui
1660 2441 1746 2463 01105115
1763 2443 1797 2463 051
1819 2447 1890 2469 super
1907 2443 1990 2463 terram
2003 2449 2025 2463 ».

1176 2480 1218 2502 Pro
1235 2479 1335 2509 sanquis
1353 2479 1411 2503 iusti
1427 2480 1466 2506 (ita
1484 2479 1526 2502 BC
1537 2480 1593 2507 DF,
1611 2480 1662 2502 Vat.
1679 2480 1762 2502 omittit
1779 2479 1843 2509 iusti)
1862 2483 1935 2502 textus
1957 2480 2025 2508 origi-

1176 2519 1232 2541 natis
1249 2518 1350 2548 sanquis
1367 2518 1456 2547 iustus,
1475 2519 1514 2547 qui
1532 2519 1600 2541 etiam
1613 2525 1656 2547 pro
1668 2520 1690 2542 et
1702 2518 1828 2542 vulnerum
1840 2519 1907 2547 plura
1918 2519 1960 2541 alia
1973 2519 2025 2542 sub-

1175 2558 1256 2580 stituit.
1272 2559 1315 2581 Pro
1332 2558 1469 2588 requiretur
1487 2559 1502 2580 F
1520 2558 1692 2588 requireretur.

1240 2596 1247 2609 ⁷
1266 2598 1306 2620 101.
1325 2598 1351 2625 9,
1370 2598 1390 2619 i.
1408 2609 1439 2614 --
1456 2597 1564 2626 Sequitur
1582 2597 1632 2620 lsai.
1648 2597 1691 2624 53,
1708 2598 1731 2620 5.

1239 2635 1248 2649 Β
1265 2637 1347 2659 Psalm.
1366 2636 1408 2663 87,
1427 2637 1463 2659 16.
1479 2639 1501 2658 01
1517 2636 1601 2659 deinde
1619 2637 1653 2659 Ps.
1670 2636 1714 2664 72,
1736 2636 1773 2658 14.
1794 2648 1826 2653 -
1848 2637 1960 2665 Superius
1981 2642 2024 2664 pro

1176 2675 1359 2699 diuturnissima
1383 2676 1432 2704 (011.
1457 2682 1526 2704 supra
1552 2682 1575 2698 11.
1601 2676 1633 2704 3.)
1659 2676 1708 2698 Vat.
1729 2679 1806 2698 contra
1830 2675 1897 2698 BCF
1919 2675 2024 2704 diutina,

1176 2721 1237 2744 quae
1259 2715 1327 2737 etiam
1345 2715 1439 2738 Inferius
1456 2715 1539 2737 omittit
1557 2714 1593 2738 Ad
1609 2714 1652 2738 hoc
1674 2714 1736 2738 enim
1760 2720 1890 2744 suspensus
1914 2714 1960 2744 fuit
1984 2714 2024 2744 <ita

1176 2755 1193 2776 B
1203 2754 1219 2777 c
1228 2755 1261 2783 F).

1239 2792 1248 2805 ⁹
1265 2793 1339 2816 Codd.
1356 2793 1398 2817 BC
1408 2794 1423 2816 F
1441 2793 1471 2816 Et
1486 2800 1518 2816 ea·
1534 2793 1577 2816 liis.
1595 2793 1690 2816 1111011115
1706 2799 1748 2821 pro
1765 2792 1909 2816 universalis
1921 2793 1961 2821 (ita
1973 2793 2022 2822 BF)

1176 2833 1227 2854 Vat.
1246 2832 1310 2861 vilis,
1329 2835 1351 2855 et
1367 2832 1501 2855 dulcissimi
1517 2839 1559 2860 pro
1576 2831 1723 2855 dilectissimi
1739 2832 1778 2861 (ita
1795 2832 1856 2861 BC).

1239 2870 1259 2884 ¹⁰
1275 2872 1406 2899 Respicitur
1418 2872 1494 2894 Matth.
1507 2872 1548 2899 22,
1561 2871 1603 2893 37:
1618 2880 1630 2891 α
1639 2871 1724 2899 Diliges
1737 2871 1860 2894 Dominum
1874 2872 1946 2894 Deum
1958 2874 2024 2894 tuum

1176 2917 1202 2933 ex
1221 2913 1267 2933 toto
1285 2911 1355 2933 corde
1373 2914 1412 2933 tuo
1428 2914 1450 2933 et
1467 2911 1491 2932 in
1509 2913 1554 2933 tota
1572 2910 1647 2932 anima
1666 2913 1702 2932 tua
1720 2913 1742 2932 et
1760 2910 1782 2932 in
1800 2913 1846 2933 tota
1863 2913 1940 2933 mente
1951 2913 1989 2933 tua
2001 2919 2023 2932 n.

1176 2951 1202 2972 Et
1218 2950 1311 2972 1111011115
1329 2950 1384 2972 Ρ1111.
1407 2951 1434 2978 2,
1460 2950 1487 2972 7:
1513 2950 1669 2978 semetipsum
1694 2950 1819 2972 exinanivit
1843 2951 1939 2972 sormam
1962 2949 2024 2972 servi

1176 2989 1299 3017 accipiens.
1324 3001 1356 3006 —
1379 2989 1484 3012 Subinde
1510 2995 1552 3017 pro
1579 2988 1700 3012 tolerandi
1724 2990 1824 3012 mortem
1850 2989 1901 3010 Vat.
1928 2987 2026 3011 tollendi

1175 3029 1284 3051 mortem.

2038 1253 2066 1272 De
2078 1255 2127 1277 quart

2039 1299 2093 1319 Ratio
2104 1299 2120 1320 l.

2040 1580 2093 1600 Ratio
2104 1580 2120 1599 Ξ.

2039 1815 2123 1835 Coronati
