2133 3317
276 212 403 241 LXXXVI

278 291 348 313 etiam
366 293 457 317 monet,
475 291 539 318 plura
557 289 587 312 ab
604 292 697 312 auctore
715 289 745 311 ibi
759 288 828 311 fuisse
842 298 853 309 α
863 289 893 311 de
905 288 1016 311 industria
1030 289 1124 316 omissa,

279 337 318 366 qui
337 337 429 360 nolebat
444 338 534 359 Fratres
546 342 598 359 ante
614 339 707 364 tempus
719 336 831 359 extraneis
844 336 954 358 infamare
965 345 977 356 >⁷
993 336 1041 364 (cfr.
1055 337 1123 359 etiam

278 384 334 406 ibid.
352 390 372 406 c.
391 384 430 411 4.),
447 397 476 400 -
495 384 587 406 'fortius
604 386 638 406 cst
659 386 738 406 auctor
761 383 928 406 Chronicorum
954 383 1028 405 XXlV
1055 384 1126 406 Gene-

278 431 361 453 ralium
379 430 443 459 (vide
460 431 567 453 Analecta
585 431 700 453 Francisc.
718 433 773 453 tom.
791 431 823 453 111.
836 436 889 458 pag.
908 430 975 459 328),
988 431 1028 460 qui
1040 431 1069 453 (10
1081 432 1124 453 1100

277 481 300 501 et
317 479 358 501 alia
377 479 467 501 minore
484 478 593 506 Legenda
618 478 684 501 dicit:
706 486 716 498 ει
729 478 792 500 Αι1110
819 478 910 500 Domini
928 478 984 500 1261
1006 479 1068 501 idem
1085 479 1126 501 Ge-

277 526 362 548 neralis
378 526 449 548 vitam
467 525 528 547 beati
546 525 659 547 Francisci
676 525 727 547 stilo
744 524 844 547 mirabili
856 525 991 553 compilavit
1003 525 1126 554 ipsamque

279 573 386 596 diffusam
404 573 433 595 ad
458 572 685 600 compendiosiorem
711 573 808 594 sormam
834 573 962 601 reducens,
985 573 1065 595 taxatis
1082 579 1125 601 pro

279 620 316 642 die
333 619 435 648 qualibet
460 620 489 641 lx
515 618 652 641 lectionibus
677 625 718 647 per
740 618 839 641 Octavas
856 619 974 647 eiusdem,
992 620 1124 647 Legendam

278 666 407 693 ordinavit,
425 666 447 688 in
465 672 511 695 qua
528 666 584 688 nihil
609 666 686 694 posuit
710 666 753 688 nisi
780 668 868 688 certum
886 668 908 688 et
925 666 1049 694 probatum
1067 667 1126 689 testi-

278 713 322 736 bus
340 713 385 736 fide
402 713 511 741 dignis».
528 713 576 735 Hoc
593 714 640 735 fere
656 713 739 741 repetit
761 714 783 735 S.
802 713 928 736 Antoninus
946 713 1010 741 (vide
1026 714 1125 742 Bonelli‚

278 760 399 782 Prodrom.
419 760 462 782 col.
479 760 543 788 ⁴232).
561 759 665 788 Denique
682 765 752 787 saepe
770 759 799 781 de
816 760 858 782 hac
877 760 996 787 Legenda,
1015 762 1062 782 tum
1080 766 1126 782 ma-

279 808 327 830 iore
352 810 400 830 tum
427 807 528 834 minore,
550 806 651 835 loquitur
674 806 865 828 Bartholomaeus
886 806 981 828 Pisanus
1008 807 1057 833 (cfr.
1075 807 1126 828 Pro-

279 854 353 877 drom.
371 854 413 877 col.
430 853 475 876 224
493 853 575 882 seqq).
588 853 762 881 Subsequentes
774 853 843 875 etiam
856 853 949 875 indiculi
962 853 984 875 in
997 853 1125 880 Prolegom.

279 901 308 923 ad
327 901 353 923 V.
371 903 427 923 tom.
450 901 588 929 plerumque
612 902 736 929 utramque
753 900 886 928 Legendam
903 900 1080 922 Bonaventurae
1097 903 1127 922 at-

278 947 391 970 tribuunt.

342 995 425 1017 Mirum
451 997 512 1017 certe
537 996 584 1021 est,
609 994 709 1016 editores
731 994 845 1022 Venetos,
871 993 1003 1021 Legendam
1029 994 1125 1022 quidem

279 1042 353 1070 ipsam
372 1041 501 1071 legyitlmam.
518 1047 569 1063 esse
585 1041 766 1068 proclamantes,
783 1040 813 1062 de
825 1040 928 1069 Proloqo
946 1041 990 1062 1100
1007 1040 1127 1068 scripsisse

280 1089 406 1115 (Diatribae
423 1095 476 1117 pag.
494 1088 532 1117 7):
552 1096 563 1108 «
576 1088 622 1110 Erit
639 1089 745 1114 sortasse,
763 1087 803 1116 qui
820 1086 993 1115 subdubitabit,
1005 1093 1062 1109 num
1075 1088 1127 1109 Pro-

279 1137 325 1165 logi
343 1139 423 1159 auctor
439 1142 500 1158 unus
517 1135 639 1158 habendus
655 1135 685 1157 sit
701 1135 877 1163 Bonaventura3
890 1141 936 1163 quo
949 1134 1044 1162 quidem
1063 1140 1126 1156 scru-

279 1184 334 1212 pulo
352 1183 460 1206 diluendo
477 1182 653 1210 supersedimus
670 1181 721 1211 (sic)
740 1183 798 1209 iam,
816 1188 869 1204 cum
887 1182 916 1204 de
933 1182 970 1204 illo
982 1181 1051 1203 nobis
1069 1183 1127 1203 futu-

280 1237 320 1253 rus
337 1231 365 1253 sit
381 1236 458 1253 sermo
469 1239 490 1252 v.
508 1230 577 1252 Recte
594 1231 673 1252 monet
685 1229 771 1251 Bonelli
784 1229 914 1257 (Prodrom.
927 1229 970 1251 col.
982 1229 1027 1250 592
1040 1228 1127 1257 seqq),

281 1277 360 1300 nullibi
379 1277 434 1300 istos
451 1276 573 1305 promissis
590 1276 680 1299 stetisse
697 1276 881 1304 scrupulumque
898 1277 960 1298 hunc
976 1276 1079 1298 diluisse.
1094 1275 1128 1297 Ni-

281 1325 406 1347 hilominus
424 1324 507 1347 Bonelii
524 1324 669 1352 superfluum
687 1323 730 1346 sibi
752 1323 861 1345 assumsit
877 1322 980 1345 laborem
998 1325 1047 1345 tum
1065 1322 1127 1345 inda-

281 1372 350 1400 gandi
370 1372 458 1400 aliquas
474 1371 585 1400 rationes,
603 1370 688 1400 quibus
706 1370 741 1393 isti
760 1371 855 1392 fortasse
872 1370 940 1397 moti,
958 1371 1015 1392 11000
1032 1369 1128 1398 scripse·

280 1419 334 1447 rint,
351 1421 401 1441 tum
418 1418 503 1441 deinde
519 1417 614 1440 easdem
631 1417 754 1440 refutandi.
778 1417 809 1439 Ne
834 1420 927 1445 tempus
952 1416 1079 1444 perdamus
1104 1417 1126 1438 111

281 1465 384 1488 sutilibus
401 1467 422 1487 et
440 1465 486 1487 fide
507 1465 615 1488 codicum
637 1464 768 1493 reprobatis
793 1463 965 1492 suspicionibus
989 1464 1128 1490 refutandis,

279 1514 389 1536 lectorem
407 1513 524 1535 curiosum
542 1513 681 1535 remittimus
698 1512 727 1534 ad
744 1513 808 1534 illum
827 1512 980 1534 Prodromum
999 1512 1041 1533 loc.
1059 1511 1097 1533 cit.

344 1560 416 1588 Tvpis
433 1560 545 1588 impressa
564 1563 597 1582 est
618 1561 675 1582 haec
701 1560 807 1588 Legenda
833 1559 957 1587 separatim
982 1559 1004 1581 in
1023 1559 1129 1587 plurimis

280 1606 420 1629 editionibus
437 1606 538 1635 antiquis
563 1608 585 1628 ct
610 1605 785 1628 recentioribus.
811 1605 943 1634 Antiquior,
968 1610 1039 1634 quam
1065 1604 1124 1627 vidi-

280 1659 345 1680 mus,
363 1656 409 1675 est:
430 1654 527 1675 «Aurea
545 1653 653 1681 Legenda
676 1653 750 1675 maior
775 1652 834 1674 beati
860 1651 974 1674 Francisci
999 1651 1129 1679 composita

279 1707 322 1729 per
339 1703 445 1723 sanctum
462 1701 648 1723 Bonaventuram
671 1700 730 1722 miro
748 1699 805 1722 inter
830 1705 911 1722 omnes
934 1699 1071 1721 Sanctorum
1093 1698 1128 1721 vi-

279 1750 314 1770 tas
339 1747 421 1770 dictata
434 1756 455 1770 n.
480 1748 501 1769 ln
525 1748 580 1769 fme:
606 1747 680 1769 «Divi
702 1747 816 1769 Francisci
838 1747 885 1768 vita
911 1746 995 1768 sollerti
1021 1751 1076 1768 cur-1
1100 1745 1129 1768 ab

280 1795 330 1818 eius
347 1796 441 1817 alumno
458 1795 485 1818 F.
508 1794 593 1817 scilicet
618 1795 653 1816 Fr.
679 1794 719 1816 Sti.
744 1794 859 1816 Minorum
882 1793 979 1815 minimo
1005 1793 1129 1821 castigata,

280 1848 351 1870 opera
368 1845 391 1864 et
408 1842 520 1870 impensis
537 1841 634 1869 Philippi
653 1842 742 1868 luntae,
760 1840 901 1869 bibliopolae
912 1840 1032 1863 Florentini
1050 1841 1130 1863 formis

280 1893 408 1919 propagata
425 1889 565 1912 Florentiae:
582 1890 648 1912 Petro
666 1888 791 1916 Soderino,
806 1888 882 1910 inclito
899 1887 999 1916 reipubl.
1016 1890 1130 1916 perpetuo

280 1937 417 1964 vexillifero,
440 1937 533 1959 feliciter
555 1937 578 1958 in
599 1936 687 1964 vulgus
704 1935 794 1964 prodit,
817 1928 877 1957 anno
902 1935 988 1957 scilicet
1013 1941 1025 1956 a
1048 1934 1130 1957 Christi

280 1987 332 2006 ortu
350 1984 434 2013 MDlx,
457 1984 538 2012 quinto
562 1983 653 2006 decimo
678 1982 725 2005 Cal.
742 1982 812 2004 Maias
836 1982 902 2011 (haec
927 1982 997 2004 editio
1020 1982 1085 2004 deest
1107 1981 1129 2003 in

280 2032 401 2059 Repertor.
418 2030 494 2060 Hain).
511 2031 558 2053 Hac
576 2030 610 2052 usi
628 2036 710 2052 sumus
733 2030 758 2052 in
780 2028 926 2052 emendando
944 2031 1019 2057 textu,
1040 2029 1130 2056 signata

280 2079 318 2101 ed.
340 2080 357 2101 1.
375 2091 405 2095 -
422 2078 469 2100 Alia
488 2083 540 2100 cum
558 2077 641 2100 eodem
660 2077 724 2099 titulo
742 2077 823 2100 Aurea
841 2076 950 2106 Leqencla
967 2079 1022 2103 ete,
1046 2076 1132 2104 prodiit

281 2126 365 2154 Papiae
376 2132 418 2153 per
430 2125 564 2153 Magistrum
581 2123 656 2147 iacob.
671 2124 701 2146 (10
717 2124 875 2151 Burgofranco
891 2123 957 2146 1556.
969 2135 1000 2140 —-
1011 2123 1073 2145 Aliae
1085 2123 1131 2145 edi-

280 2174 355 2196 tiones
373 2174 444 2195 factae
455 2174 508 2195 sunt
519 2172 611 2194 Parisiis
624 2171 697 2198 teon
710 2171 793 2199 Papiae
806 2170 878 2199 45:543
891 2176 936 2193 una
949 2176 1001 2192 cum
1015 2176 1132 2193 commen-

281 2220 338 2243 tario
350 2219 441 2242 Henrici
452 2219 538 2241 Sedulii
551 2218 637 2247 prodiit
648 2218 795 2246 Antverpiae,
807 2218 878 2240 Plant.
891 2218 913 2239 in
926 2217 947 2239 4.
961 2218 1034 2244 1597;
1046 2218 1132 2240 multae

282 2267 340 2289 aliae
359 2266 419 2289 alibi.
438 2266 484 2289 Sed
507 2272 562 2294 prae
588 2265 637 2288 aliis
659 2265 745 2287 eminet
769 2265 882 2288 recentior
902 2264 971 2287 editio
998 2264 1058 2287 notis
1083 2264 1132 2286 illu-

282 2317 351 2337 strata
377 2314 399 2336 in
424 2313 578 2336 Bollandianis
595 2312 658 2336 Actis
684 2312 842 2341 Sanctorum,
860 2312 940 2335 Octob.
958 2315 1014 2335 tom.
1030 2313 1055 2334 ll.
1075 2318 1130 2340 pag.

282 2361 328 2385 742
346 2368 419 2390 seqq„
436 2361 472 2383 eui
490 2360 626 2389 praefigitur
643 2361 699 2382 haec
716 2362 781 2382 nota:
794 2368 805 2380 «
819 2361 848 2382 Ex
866 2359 967 2382 editione
984 2359 1069 2382 Scdulii
1086 2359 1132 2381 col-

282 2409 325 2431 lata
343 2414 396 2431 cum
414 2407 514 2430 editione
531 2407 640 2435 Suriana,
658 2408 770 2434 Romana,
780 2406 951 2434 Waddingiana
965 2408 987 2428 et
999 2406 1079 2428 codice
1091 2412 1132 2428 no-

282 2458 329 2479 stro
346 2456 417 2478 Ms.».
435 2455 507 2477 Etiam
525 2456 583 2477 hanc
600 2454 725 2477 editionem
748 2454 835 2482 passim
852 2454 1004 2481 consulentes,
1022 2453 1131 2476 observa-

282 2504 372 2530 vimus,
389 2503 498 2525 lectiones
515 2502 573 2524 illius
590 2501 677 2524 codicis
693 2501 724 2523 ad
741 2501 871 2529 marginem
888 2504 978 2523 notatas
999 2501 1131 2529 frequenter

283 2550 414 2573 confirmari
432 2555 443 2572 a
462 2548 581 2572 codicibus
598 2548 694 2575 nostris,
711 2548 774 2571 unde
791 2553 804 2570 a
820 2547 889 2570 nobis
906 2550 1013 2575 receptae
1029 2550 1082 2570 sunt
1108 2547 1132 2569 in

282 2600 377 2620 textum.

346 2645 368 2666 ln
386 2644 429 2666 alia
446 2643 556 2666 idiomata
572 2648 619 2666 non
636 2648 689 2664 raro
706 2642 813 2664 translata
837 2644 872 2664 est
891 2642 948 2664 haec
964 2641 1081 2669 Legenda.
1099 2641 1132 2663 De

283 2690 429 2714 versionibus
440 2690 551 2719 antiquis,
569 2696 630 2719 quae
646 2688 761 2712 habentur
772 2689 794 2711 in
808 2688 929 2711 codicibus
944 2694 1002 2711 msc.
1014 2688 1069 2710 vide
1081 2690 1133 2716 post

282 2739 405 2760 elenchum
422 2737 537 2760 codicum.
556 2736 642 2759 italicas
654 2736 773 2758 versiones
786 2735 847 2763 typis
858 2740 979 2763 expressas
991 2737 1013 2757 et
1025 2734 1133 2763 antiquas

284 2783 342 2807 duas
358 2785 428 2806 refert
445 2786 467 2806 et
485 2782 595 2806 describit
611 2782 683 2809 Hain,
707 2782 828 2810 Repertor.
846 2788 870 2804 n.
896 2781 970 2809 357&
992 2781 1068 2809 prima
1090 2781 1131 2802 im-

283 2837 363 2859 pressa
380 2833 414 2853 est
437 2828 509 2857 1477,
527 2831 539 2852 6
557 2826 623 2852 Febr.
643 2835 709 2857 aper
739 2829 847 2857 Magistro
872 2828 970 2851 Antonio
996 2829 1078 2850 Zaroto
1102 2828 1132 2850 da

283 2877 365 2899 Parma
382 2877 406 2898 in
422 2875 504 2898 Milano
514 2881 528 2896 ν»
537 2893 543 2903 ,
561 2876 631 2898 altera
644 2875 676 2904 (11.
689 2875 768 2904 3575.)
781 2881 817 2897 an.
831 2875 890 2897 11150
899 2893 904 2903 ,
918 2875 946 2897 l7
959 2875 1004 2896 lan.
1024 2875 1067 2896 «111
1079 2880 1132 2896 0050

284 2923 314 2946 (10
331 2924 429 2945 Messere
446 2922 551 2950 Phiiippo
576 2922 605 2944 da
628 2922 758 2950 Lavaguia‚
781 2921 896 2944 Cittadino
922 2922 951 2944 de
968 2921 1050 2943 Milano
1062 2929 1084 2943 v.
1102 2931 1133 2936 -——

284 2970 356 2992 Simul
369 2975 422 2992 cum
435 2969 511 2992 libello
522 2968 622 2992 Fioretli
632 2968 657 2991 ἀί
667 2967 692 2991 S.
705 2968 837 2991 Francesco
849 2968 968 2990 versiones
979 2967 1065 2996 pluries
1080 2972 1133 2995 pro-

981 210 1225 239 PROLEGOMENA
1246 211 1274 239 C.
1296 211 1326 239 lt.

1181 289 1285 316 dierunt,
1297 292 1322 312 ut
1339 291 1408 312 refert
1425 290 1482 312 110111
1494 296 1516 312 11.
1528 290 1597 312 7328.
1610 292 1632 312 et
1643 290 1714 312 7329.
1726 302 1754 305 —
1770 289 1827 311 Tres
1839 289 1894 311 alias
1910 290 2030 313 versiones

1181 337 1267 359 italicas
1284 338 1352 359 refert
1368 337 1453 359 Bonelli
1471 337 1514 359 col.
1536 337 1581 359 337
1607 343 1663 365 seq„
1680 342 1740 365 quae
1765 336 1902 364 prodierunt
1927 337 2028 360 Venetiis

1181 383 1244 411 apud
1260 391 1271 403 «ι
1282 384 1394 411 Gregorio
1406 384 1435 406 de
1447 383 1564 411 Gregoriis
1576 384 1597 406 in
1611 384 1632 406 4,
1646 390 1658 406 a
1670 384 1694 406 di
1713 384 1750 406 13.
1762 384 1817 411 Apr.
1830 384 1890 406 ι1522
1903 392 1928 411 »;
1946 384 1988 406 alia
2005 384 2030 406 in

1182 429 1202 451 4.
1222 438 1234 450 a
1246 436 1326 457 presso
1344 430 1374 458 gli
1391 430 1474 452 Heredi
1492 430 1515 452 di
1533 430 1613 452 Simon
1630 430 1749 458 Galignani
1776 430 1832 452 1598
1845 439 1868 457 n,
1885 431 1940 453 item
1958 431 1980 453 in
2005 431 2027 453 8.

1184 485 1195 496 ιι
1208 483 1288 504 presso
1305 477 1431 499 Domenico
1448 477 1511 499 Farri
1533 478 1589 499 1603
1602 485 1625 499 n.
1639 477 1699 499 Alias
1710 477 1794 499 multas
1806 477 1874 499 simul
1887 483 1940 499 cum
1952 477 2028 500 libello

1181 524 1273 546 Fioretti
1298 524 1360 546 idem
1383 525 1452 546 refert
1477 524 1519 546 col.
1543 525 1595 546 328.
1618 536 1649 540 —
1671 524 1751 546 Versio
1775 524 1910 547 Germanica
1935 524 2029 553 antiqua

1181 570 1293 598 impressa
1311 573 1345 593 est
1362 570 1527 598 Norimbergae
1539 571 1562 592 in
1576 570 1596 592 4.
1609 576 1650 598 per
1663 571 1754 593 llieron.
1773 571 1866 593 Hoelzer
1885 571 1957 598 1512,
1975 577 2030 594 cum

1182 617 1211 639 57
1229 618 1353 645 praeclaris
1370 616 1512 645 imaginibus
1529 618 1592 645 ligno
1618 617 1705 644 incisis,
1722 624 1783 646 quae
1800 617 1957 640 attribuuntur
1974 618 2031 641 cele-

1182 666 1217 689 bri
1236 666 1320 694 Dtirer3
1339 665 1392 693 alia,
1405 665 1513 687 translata
1531 671 1543 686 0
1560 665 1582 686 P.
1595 664 1675 687 Haniol
1687 665 1833 692 itloguntino,
1845 665 1979 687 Provinciae
1991 665 2031 688 Co-

1181 713 1289 736 loniensis
1306 713 1442 739 Definitore‚
1455 712 1540 740 prodiit
1552 712 1659 734 Coloniae
1672 711 1731 733 ,1545
1745 712 1807 739 apud
1825 713 1886 734 ioan.
1900 712 2030 740 Grythium.

1183 761 1204 783 111
1222 761 1324 788 linguam
1341 759 1484 782 Flandricam
1502 759 1635 786 Legendam
1653 759 1765 781 transtulit
1782 758 1900 781 Cornelius
1918 758 2031 781 Thielma-

1182 813 1227 830 nus
1243 807 1360 829 Lovaniae
1378 806 1447 828 1598.

1246 854 1279 875 De
1295 852 1404 875 laudibus
1421 853 1489 875 huius
1506 852 1630 880 Legendae
1642 852 1770 874 testimonia
1784 853 1855 874 multa
1868 852 1965 880 proferri
1977 858 2031 880 pos-

1184 903 1241 923 sent.
1259 901 1310 928 lpse
1326 900 1416 923 celeber
1428 900 1486 922 iuter
1496 899 1644 921 IIumanistas
1653 899 1786 921 Leonardus
1795 900 1913 928 ε11011005,
1923 902 1948 922 ut
1964 900 2033 922 refert

1183 948 1297 970 Robertus
1313 948 1342 970 de
1363 947 1424 969 Licio
1442 947 1505 975 (vide
1522 946 1620 973 Bonelli,
1639 946 1758 968 Prodrom.
1777 947 1820 969 col.
1837 946 1906 975 242),
1922 947 2030 976 asseruit,

1187 1003 1197 1015 a
1209 995 1274 1023 quod
1291 994 1312 1016 in
1330 995 1367 1016 illo
1385 994 1475 1016 dicendi
1493 999 1579 1021 genere
1600 994 1675 1016 nullus
1693 996 1765 1020 esset,
1782 993 1822 1022 qui
1845 994 2031 1017 Bonaventuram

1183 1048 1294 1069 superare
1307 1044 1416 1069 posset».
1433 1053 1461 1056 -
1480 1041 1508 1063 Ut
1525 1043 1602 1063 autem
1620 1043 1709 1063 rectum
1722 1040 1751 1062 de
1764 1041 1806 1063 hac
1824 1041 1846 1062 S.
1858 1041 1971 1063 Francisci
1983 1041 2032 1063 vita

1183 1088 1295 1111 iudicium
1315 1089 1410 1116 feratur,
1428 1088 1489 1110 illam
1512 1094 1559 1109 11011
1576 1087 1690 1110 debemus
1708 1087 1782 1109 metiri
1808 1087 1937 1110 secundum
1963 1094 2032 1116 regu-

1184 1137 1229 1158 lam
1242 1141 1305 1162 eam,
1318 1141 1389 1164 quam
1406 1141 1487 1157 recens
1504 1134 1597 1157 scientia
1611 1134 1718 1157 historica
1730 1134 1752 1156 in
1765 1134 1893 1157 iudicandis
1906 1134 2029 1156 homiuum

1184 1182 1238 1205 vitis
1255 1183 1326 1210 vulgo
1344 1181 1454 1204 adhibere
1471 1182 1536 1203 solet.
1553 1181 1614 1203 llaec
1630 1181 1693 1203 enirn
1709 1181 1757 1203 vim
1775 1181 1839 1209 pouit
1860 1181 1986 1209 praecipue
2009 1181 2031 1203 in

1185 1232 1290 1252 accurata
1313 1235 1391 1251 rerum
1417 1229 1556 1251 exteriorum
1580 1231 1710 1256 gestarum,
1728 1231 1860 1256 temporum
1886 1228 2032 1257 aliarumque.

1184 1276 1409 1298 circumstantiarum
1432 1276 1580 1303 indagatione
1602 1278 1625 1298 et
1648 1276 1801 1298 enarratione.
1829 1277 1871 1298 Pro
1889 1282 1954 1299 more
1972 1276 2031 1299 illius

1185 1324 1264 1346 aetatis
1281 1324 1304 1346 S.
1322 1324 1482 1346 Bonaventura
1499 1323 1569 1345 alium
1587 1323 1630 1345 sibi
1648 1323 1938 1353 proposuitprincipalem
1949 1324 2029 1354 finem,

1184 1370 1261 1398 potius
1278 1371 1405 1398 practicum
1431 1376 1502 1399 quam
1528 1370 1692 1397 scientificum,
1710 1376 1736 1392 ac
1754 1370 1851 1398 proinde
1874 1371 1943 1393 etiam
1960 1371 2031 1393 alium

1185 1419 1281 1441 modum
1300 1418 1413 1441 tractandi
1429 1418 1521 1447 aliaque
1539 1418 1614 1440 media
1632 1418 1661 1440 ad
1683 1419 1744 1440 hunc
1767 1418 1836 1440 finem
1859 1418 2031 1447 assequendum

1184 1465 1273 1487 censuit
1289 1465 1402 1493 elIgenda.
1420 1465 1488 1487 Salva
1506 1470 1583 1487 rerum
1602 1467 1720 1492 gestarum
1732 1465 1840 1491 veritate,
1852 1471 1935 1494 quam,
1948 1467 1973 1487 ut
1984 1465 2034 1493 ipse

1185 1512 1253 1540 dicit,
1271 1512 1364 1534 sollicite
1382 1512 1511 1539 indagavit,
1529 1518 1556 1534 οο
1574 1512 1619 1534 fine
1636 1512 1704 1539 elegit
1715 1518 1752 1534 res
1764 1515 1785 1534 et
1797 1512 1930 1540 descripsit,
1942 1515 1967 1535 ut
1983 1519 2035 1540 pro-

1186 1560 1258 1581 fectus
1274 1558 1401 1586 legentium
1418 1558 1544 1586 spiritualis
1560 1561 1738 1586 promoveatur,
1749 1558 1843 1581 devotio
1855 1565 1910 1587 erga
1923 1560 2033 1582 Sanctum

1186 1611 1212 1628 00
1228 1606 1345 1627 veneratio
1363 1605 1473 1628 excitetur
1490 1611 1516 1628 ac
1533 1606 1619 1627 summi
1636 1606 1706 1633 Regis
1732 1605 1834 1628 caelestis
1852 1606 1923 1634 gloria
1950 1612 2033 1635 augea-

1187 1654 1230 1674 tur.
1249 1652 1396 1680 Quapropter
1420 1651 1444 1673 in
1470 1652 1513 1674 hac
1535 1652 1582 1673 vita
1608 1651 1730 1674 scribenda
1748 1652 1823 1680 magis
1840 1653 1936 1676 intendit
1953 1653 2033 1675 adum·

1186 1699 1255 1722 brare
1272 1699 1409 1722 sanctissimi
1427 1699 1470 1721 viri
1487 1699 1559 1721 vitam
1577 1699 1698 1728 internam,
1716 1699 1741 1722 ia
1758 1699 1851 1723 Christo
1867 1699 2032 1723 absconditam

1187 1746 1243 1775 (Col.
1262 1747 1289 1773 3,
1301 1746 1332 1775 3.)
1347 1752 1449 1775 vereque
1467 1747 1679 1775 supernaturalem,
1697 1753 1768 1775 quam
1786 1747 1903 1769 exterioris
1915 1747 1977 1769 vitae
1995 1747 2035 1770 de-

1186 1800 1280 1816 cursum
1306 1793 1435 1816 secundum
1452 1796 1571 1822 tempora,
1593 1794 1642 1816 loca
1669 1794 1759 1822 aliaque
1783 1794 1917 1822 singulatim
1939 1795 2033 1817 referre.

1186 1842 1250 1863 Hanc
1275 1841 1418 1870 spiritualem
1443 1841 1558 1869 seraphici
1582 1841 1626 1863 riri
1651 1841 1766 1864 Francisci
1789 1842 1860 1864 vitam
1885 1848 1954 1864 nemo
1971 1844 2034 1865 certe

1187 1888 1269 1911 melius
1286 1889 1406 1916 seraphico
1425 1889 1522 1911 Doctore
1534 1892 1555 1912 et
1567 1889 1670 1911 iudicare
1682 1891 1704 1911 et
1716 1895 1824 1911 enarrare
1836 1895 1938 1918 unquam
1951 1889 2035 1918 potuit.

1188 1936 1290 1958 Profecto
1307 1937 1355 1959 sola
1380 1936 1474 1959 seientia
1499 1938 1596 1964 profana
1621 1936 1789 1965 ingeniumque
1811 1937 1927 1964 naturale,
1944 1937 2034 1960 secluso

1187 1983 1273 2006 lumine
1291 1984 1356 2011 fidei,
1375 1984 1470 2006 minime
1487 1984 1570 2006 suflicit
1588 1983 1656 2006 huius
1680 1983 1741 2005 vitae
1758 1983 1902 2006 altitudinem
1919 1983 2034 2006 intellectu

1187 2031 1318 2059 percipere,
1336 2033 1493 2059 competenter
1517 2031 1645 2053 diiudicare
1667 2032 1689 2052 et
1715 2032 1768 2058 apte
1785 2030 1836 2053 aliis
1853 2036 1990 2058 proponere.
2008 2031 2034 2053 Et

1187 2078 1245 2107 quid
1261 2078 1336 2100 dicam
1355 2078 1384 2100 de
1400 2077 1442 2099 illis
1458 2077 1497 2106 qui
1515 2079 1586 2099 totam
1604 2078 1663 2099 hanc
1681 2077 1800 2104 mysticam
1819 2077 1890 2099 vitam
1908 2079 1930 2099 et
1955 2083 2037 2105 super-

1188 2125 1313 2147 humanam
1343 2126 1450 2152 reputant
1475 2130 1525 2145 esse
1550 2122 1719 2151 phantasticum
1746 2124 1863 2145 somnium
1889 2124 1925 2145 vel
1954 2123 2034 2146 delira-

1187 2174 1291 2194 mentum
1312 2171 1410 2199 ipsaque
1427 2171 1449 2192 in
1476 2176 1539 2193 sacra
1563 2170 1680 2198 Scriptura
1707 2170 1789 2192 tradita
1816 2170 1926 2193 miracula
1952 2170 2035 2193 Christi

1188 2221 1210 2240 et
1226 2218 1388 2246 Apostolorum
1406 2217 1531 2245 repudiant
1548 2220 1658 2245 tanquam
1676 2216 1781 2239 fabulas?
1795 2217 1820 2239 lli
1833 2217 1961 2240 secundum
1980 2223 2034 2245 pro-

1188 2265 1250 2293 prias
1267 2265 1330 2287 ideas
1348 2265 1455 2287 distortas
1472 2270 1517 2286 non
1535 2266 1632 2291 possunt
1649 2263 1776 2291 depingere
1793 2263 1836 2286 nisi
1853 2264 1960 2287 dIstortas
1977 2265 2034 2286 San-

1188 2315 1278 2335 ctorum
1295 2312 1417 2340 imagines.

1468 2403 1605 2434 Elenchus
1626 2403 1755 2434 codicum.
1784 2418 1787 2419 ν

1230 2498 1248 2521 1.
1266 2497 1356 2522 Codices
1373 2505 1387 2521 a.
1402 2497 1467 2521 nobis
1484 2505 1533 2521 cum
1550 2497 1619 2521 textu
1635 2497 1762 2520 Vaticanae
1779 2497 1889 2520 editionis
1906 2496 1993 2521 collati.

1253 2594 1273 2616 1.
1291 2592 1376 2616 assisa·
1390 2593 1414 2615 in
1431 2592 1539 2621 Umbria,
1556 2592 1695 2615 bibliotheca
1712 2592 1885 2626 Communalis,
1894 2592 1967 2615 codex
1978 2592 2032 2615 olim

1189 2641 1322 2664 Conventus
1349 2643 1441 2662 sanctae
1470 2640 1553 2662 Mariae
1580 2640 1735 2667 Angelorum,
1761 2639 1865 2667 signatus
1890 2640 1915 2661 Β.
1943 2639 1980 2662 lx.
2006 2639 2035 2666 6,

1189 2686 1288 2709 membr.
1301 2687 1323 2708 in
1336 2687 1374 2708 sol.
1385 2686 1469 2708 saeculi
1482 2686 1538 2708 Xlll.
1550 2686 1660 2708 exeuntis.
1673 2699 1702 2702 —-—
1714 2686 1794 2708 Manus
1806 2685 1918 2708 recentior
1927 2685 2036 2714 praemit-

1189 2735 1215 2757 tit
1227 2734 1264 2756 sol.
1278 2735 1299 2756 1.
1311 2740 1343 2756 r.:
1355 2732 1463 2763 Legyenda
1480 2733 1507 2756 de
1523 2733 1572 2756 vita
1588 2732 1666 2756 sancti
1676 2732 1802 2756 Francisci
1812 2732 1941 2762 composita
1956 2739 1970 2755 a
1983 2732 2036 2756 divo

1190 2781 1373 2809 Bonaventura;
1391 2780 1484 2809 antiqua
1507 2782 1639 2802 notaverat:
1664 2779 1748 2809 [ncipit
1766 2779 1885 2808 proloqu-5
1909 2779 1935 2801 in
1960 2778 2033 2802 vitam

1190 2827 1251 2851 beati
1265 2826 1402 2855 Francisci,
1420 2827 1506 2849 omisso
1523 2826 1617 2849 nomine
1633 2826 1741 2848 auctoris.
1758 2825 1877 2856 Apparuit
1896 2825 1977 2855 qratia
1993 2824 2037 2848 Dei

1189 2873 1323 2897 Salvatoris
1339 2873 1418 2896 nostri
1432 2876 1475 2895 ete.
1492 2873 1622 2901 Capitulum
1641 2873 1692 2895 XV.
1713 2873 1824 2895 dividitur
1848 2873 1868 2895 in
1891 2879 1977 2895 novem
2004 2873 2036 2895 le-

1190 2921 1289 2949 ctiones,
1307 2920 1393 2949 quibus
1409 2921 1563 2948 praemittitur
1574 2921 1631 2943 haec
1642 2919 1747 2943 rubrica:
1760 2921 1786 2943 ln
1798 2920 1856 2950 festo
1869 2919 2034 2943 translationis

1190 2967 1251 2990 beati
1268 2966 1391 2990 Francisci
1407 2966 1472 2990 lectio
1486 2966 1570 2996 prima
1591 2966 1619 2989 de
1635 2966 1815 2990 canonizatione
1831 2968 1853 2990 et
1876 2965 2035 2989 transtatione
