2133 3317
0 2291 27 2311 ab
41 2297 78 2312 uer-

531 204 727 234 OPUSCULUM
748 205 778 233 X.
801 206 886 234 VlTIS
906 206 1055 235 MYSTICA.
1076 207 1337 237 ADDITAMENTUM
1359 209 1399 237 IV.

97 283 238 309 interiorem
262 283 310 308 nisi
329 282 419 307 mentis
441 282 572 313 virginalis
586 283 683 313 puritas
697 282 840 314 figuratur?
857 283 938 315 Turpe

97 326 174 355 esset,
193 326 266 350 immo
285 332 334 350 non
352 325 418 350 esset
436 325 530 354 lilium,
549 325 614 356 quod
632 325 672 350 vel
690 325 796 350 interius
814 325 853 350 vel
872 326 939 350 exte-

97 366 166 394 rius¹
185 368 298 393 candoris
316 368 355 392 5111
373 367 483 399 puritate
502 368 614 397 careret;
633 368 669 392 ita
688 375 782 399 quoque
802 368 884 399 turpis
900 368 939 393 est

97 412 180 443 virgo,
205 411 279 435 immo
303 417 352 435 non
377 410 417 435 est
440 411 524 442 virgo,
548 418 611 441 quae
630 418 679 435 non
698 410 774 435 habet
791 410 937 441 utramque,

76 474 81 479 .
97 454 188 479 scilicet
206 453 296 478 mentis
314 453 340 477 et
358 454 468 484 corporis
485 453 637 478 castitatem.
665 453 734 478 Unde
762 460 810 478 non
838 453 936 483 dubito,

96 496 188 522 multos
205 496 336 527 utriusque
355 503 427 520 sexus
446 496 555 527 virgines
574 496 599 520 in
618 503 719 527 corpore
738 495 866 520 defunctos
885 503 937 520 esse

97 539 122 565 et
139 538 285 568 salvandos,
310 539 352 569 qui
376 545 531 570 nequaquam
556 538 678 569 virginale
703 538 840 569 praemium
859 545 938 563 mere-

96 581 198 607 buntur.
215 581 290 606 Multi
308 581 373 606 enim
391 581 483 606 mortui
502 581 575 610 sunt,
595 581 637 612 qui
655 587 756 611 corpore
776 580 874 612 quidem
893 580 937 605 ad-

95 625 143 649 huc
161 624 312 654 incorrupti,
333 624 375 648 sed
387 624 469 648 11191119
481 624 592 654 corrupti
606 623 691 652 erant,
705 624 760 654 ipsa
773 623 856 648 tamen
869 630 937 648 men-

95 667 129 691 tis
146 666 303 697 corruptione
321 673 371 691 non
390 666 510 691 existente.
529 665 583 690 eis¹
609 665 640 690 ad
666 666 771 690 mortem
795 665 936 695 aeternam,

95 709 152 741 quia
169 709 295 740 legitimas
313 709 415 740 nuptias
433 708 625 740 exspectabant,
639 709 691 732 sine
704 708 793 739 quibus
811 708 882 733 nulla
894 715 938 733 vo-

93 751 194 777 luerunt
212 751 300 776 illicita
318 752 440 776 connubia
459 751 613 782 perpetrare.
633 750 662 776 Si
681 752 760 780 enim,
773 750 855 782 inquit
867 751 936 782 Apo-

94 793 207 823 stolus³,
225 794 343 824 nupserit
361 795 448 826 virgo,
466 802 520 818 non
534 794 664 824 peccavit;
682 794 762 818 multo
780 794 863 818 minus
882 801 938 824 pec-

93 836 160 862 cavit
177 843 239 867 quae
258 836 311 861 sola
329 836 429 861 tantum
449 836 578 861 voluntate
597 835 697 866 nupsit,
717 836 830 866 quamvis
843 836 892 860 iam
911 835 937 860 iu

93 878 175 904 mente
193 878 278 903 florem
296 878 451 909 virginitatis
469 879 590 909 corrupit.
614 878 743 903 Consentit
761 877 819 902 huic
837 877 937 902 senten-

93 921 142 946 tiae
159 921 247 946 beatus
265 921 423 952 Augustinus
433 922 450 951 ⁴,
464 921 560 951 dicens,
578 931 591 943 α
603 921 667 952 quod
679 928 835 952 nequaquam
851 921 937 946 melior

92 964 131 990 est
148 965 219 996 virgo
237 965 353 996 aspirans
371 965 402 989 ad
421 964 523 996 nuptias
542 965 644 989 muliere
656 964 758 995 nuptias
771 964 820 988 iam
834 964 936 995 adepta,

92 1014 147 1032 cum
164 1014 193 1032 ea
212 1014 274 1038 quae
292 1007 342 1031 iam
360 1007 460 1038 nupsit,
479 1014 528 1032 uno
548 1007 582 1031 sit
600 1007 653 1032 viro
671 1006 805 1036 contenta;
825 1006 937 1037 nuptura

91 1056 161 1079 vero,
179 1056 300 1081 quaerens
319 1057 363 1081 per
382 1057 478 1075 omnem
497 1050 631 1081 populum,
650 1050 689 1074 cui
707 1049 855 1079 adhaereat,
881 1057 937 1074 cum

94 1092 207 1124 pluribus
224 1099 323 1117 11909559
342 1093 381 1118 951
399 1092 534 1118 fornicetur
552 1093 634 1117 animo
647 1102 671 1117 ».
699 1092 786 1117 Placet
810 1093 875 1117 enim
900 1092 938 1117 illi

93 1134 164 1160 hodie
181 1142 261 1164 unus,
280 1142 336 1160 cras
355 1135 433 1164 311115,
453 1135 539 1160 deinde
557 1135 648 1160 tertius
666 1134 691 1160 et
716 1135 822 1166 quartus
841 1135 866 1159 et
890 1134 937 1160 for-

93 1176 168 1202 tassis
187 1177 286 1208 plures;
305 1177 330 1202 et
348 1177 468 1209 quomodo
487 1177 560 1207 talis,
580 1178 601 1202 si
619 1177 739 1206 moritur,
760 1177 876 1202 meritum
895 1178 938 1202 ob-

92 1219 181 1244 tinebit
198 1220 353 1252 virginitatis
364 1219 373 1232 ⁵
392 1220 550 1251 incorruptae
560 1221 572 1244 ⁴?

162 1262 204 1287 96.
223 1263 312 1287 Utrum
326 1263 409 1287 autem
427 1263 484 1288 illae
497 1263 618 1294 virgines,
638 1270 700 1294 quae
718 1263 742 1287 vi
761 1263 938 1294 opprimuntur

94 1305 152 1337 post
160 1305 245 1330 votum
260 1305 414 1337 virginitatis
424 1312 468 1330 uec
482 1305 614 1336 aliquando
628 1305 787 1330 consentiunt
801 1305 937 1336 corruptio-

75 1348 131 1378 ,ni;
150 1348 190 1373 vel
208 1348 283 1373 etiam
295 1348 353 1373 illae
377 1355 440 1379 quae
461 1348 519 1373 31119
533 1347 618 1372 10111111
637 1348 769 1378 aliquando
785 1348 817 1372 ad
835 1348 937 1379 nuptias

91 1391 267 1422 aspiraverunt
276 1390 348 1415 firma
357 1390 447 1420 mente,
457 1391 499 1415 sed
510 1390 604 1421 postea,
614 1390 766 1421 poenitentia
775 1390 871 1420 ductae,
879 1390 936 1416 voto

91 1433 217 1458 castitatis
235 1440 261 1458 se
285 1433 488 1458 constrinxerunt
502 1434 528 1463 ὃς
548 1433 599 1458 5119
621 1433 696 1457 etiam
715 1433 773 1458 illae
796 1441 858 1464 quae
880 1433 937 1464 post

91 1475 177 1502 votnm
199 1476 331 1507 aliquando
354 1476 407 1501 5013
426 1476 556 1501 voluntate
578 1484 593 1500 a
612 1476 670 1501 voto
692 1476 859 1501 continentiae
878 1477 935 1501 resi-

91 1519 198 1551 lierunt,
217 1519 260 1544 5911
277 1526 365 1544 rursus
378 1519 409 1544 ad
427 1519 479 1544 voti
492 1519 658 1544 constantiam
677 1519 804 1544 redierunt
820 1520 845 1544 et
858 1527 935 1551 usque

90 1562 116 1587 in
133 1561 208 1587 finem
226 1562 462 1593 perseveraverunt:
482 1561 579 1591 utrum,
598 1562 713 1593 inquam,
739 1562 803 1587 tales
825 1563 935 1593 virgines

91 1605 142 1630 51111
159 1606 268 1636 praemio
281 1605 445 1634 coronandae,
465 1605 556 1635 fateor,
570 1613 607 1630 me
621 1612 649 1630 ex
662 1605 810 1630 auctoritate
829 1606 934 1634 nescire,

91 1647 116 1672 et
131 1647 178 1673 hoc
195 1648 275 1679 magis
289 1648 433 1679 peritiorum
452 1647 590 1678 hominum,
609 1648 647 1673 vel
661 1648 727 1673 certe
748 1648 831 1673 divino
853 1648 935 1679 potius

91 1697 176 1715 censeo
194 1690 297 1715 arbitrio
319 1690 484 1715 definiendum
495 1689 512 1714 ⁷.
530 1690 589 1715 Dico
608 1690 691 1715 autem
714 1691 793 1722 magis
812 1690 935 1722 opinando

92 1739 167 1764 quam
185 1732 321 1758 definiendo
340 1733 369 1758 de
391 1734 491 1764 primis,
510 1741 572 1764 qnae
598 1734 648 1758 11111
667 1733 810 1764 patiuntur,
834 1734 855 1758 si
874 1740 935 1758 nun-

91 1782 166 1807 quam
185 1782 243 1800 suae
261 1776 415 1807 corruptioni
433 1783 477 1801 nee
495 1776 625 1801 voluntate
644 1783 688 1801 1190
707 1776 868 1801 delectatione
881 1783 935 1801 con-

91 1818 215 1848 sentiunt,
239 1819 351 1850 virgineo
369 1826 419 1844 non
437 1826 490 1844 esse
513 1820 622 1850 praemio
640 1819 797 1850 spoliandas,
817 1819 881 1850 quod
906 1826 935 1843 ex

92 1862 174 1887 verbis
192 1861 281 1886 Luciae
291 1860 301 1874 Β
319 1876 354 1879 -
371 1863 392 1887 si
411 1861 493 1887 tamen
507 1862 652 1887 authentica
670 1862 811 1886 iudicantur
823 1876 858 1879 —
871 1861 935 1886 vide-

92 1903 136 1929 tur
153 1911 225 1935 posse
243 1904 406 1935 comprobari.
425 1904 450 1929 Si
462 1904 546 1929 autem
565 1911 608 1935 per
621 1904 764 1929 violentiam
783 1911 798 1928 a
816 1911 865 1929 non
878 1911 935 1929 con-

91 1946 257 1971 sentientibus
275 1946 379 1971 castitas
394 1947 525 1978 virginalis
538 1946 675 1977 amittitur,
695 1953 778 1978 spero,
798 1947 862 1977 quod
875 1946 934 1971 talis

92 1989 192 2014 amissio
211 1989 336 2014 castitatis
354 1989 416 2020 ipsis
434 1989 609 2014 amittentibus
621 1989 692 2014 cedat
710 1990 735 2014 in
753 1989 857 2017 bonum.
876 1990 935 2021 quia

91 2032 155 2057 forte
174 2032 287 2063 permisit
305 2039 347 2057 eas
365 2032 487 2064 benignus
510 2032 581 2057 Iesus
599 2032 645 2057 tali
663 2032 726 2057 bono
745 2032 860 2063 spoliari,
887 2039 934 2063 quo

92 2074 237 2106 praescivit,
255 2075 324 2106 ipsas
346 2082 395 2100 non
414 2075 475 2100 bene
497 2082 595 2100 usuras.
615 2075 681 2100 Utile
699 2075 764 2100 enim
789 2075 866 2104 esset,
892 2075 935 2099 ali-

91 2124 177 2148 quam,
205 2124 267 2148 quae
286 2117 388 2148 propter
413 2117 567 2149 virginitatis
589 2117 704 2142 meritum
724 2117 823 2142 deberet
851 2124 935 2148 super-

92 2159 158 2190 bire,
178 2160 280 2191 perdere
298 2160 468 2192 virginitatem
488 2160 513 2185 et
531 2168 574 2192 per
587 2160 632 2186 hoc
650 2161 765 2192 consequi
783 2160 934 2185 humilitatis

93 2202 212 2227 virtutem
221 2200 240 2227 ⁹.

163 2245 206 2270 97.
225 2245 339 2270 Cavenda
353 2246 412 2270 sunt
424 2246 506 2270 autern
526 2246 664 2277 virginibus
678 2253 772 2271 summo
786 2246 868 2271 studio
880 2246 934 2271 loca

93 2288 118 2313 et
130 2288 243 2319 tempora
255 2288 442 2319 corruptoribus
455 2288 606 2319 opportuna,
620 2296 662 2317 119,
677 2289 697 2313 51
710 2296 768 2313 51139
781 2288 934 2319 corruptioni

93 2337 137 2361 per
155 2330 323 2361 insipientiam
342 2337 411 2354 suam
434 2330 583 2355 occasionem
610 2330 781 2361 praebuerint,
801 2331 868 2361 ipsae
888 2330 934 2355 sibi

153 2514 161 2527 ¹
179 2515 209 2536 113
227 2515 260 2542 A}
278 2515 334 2536 Bon.
351 2520 403 2537 cum
421 2515 459 2537 ed.
481 2515 487 2536 1
510 2513 631 2537 interioris
642 2513 679 2537 vel
689 2513 824 2537 exterioris.
838 2514 931 2537 inferius

91 2551 134 2574 pro
152 2545 217 2568 Unde
233 2551 281 2568 uon
298 2544 377 2568 dubito
395 2546 433 2573 (ita
451 2546 478 2573 Α)
497 2546 534 2568 ed.
552 2546 560 2567 ·1
583 2548 604 2568 οι
622 2545 676 2567 Bon.
695 2545 739 2568 Ubi
753 2551 802 2568 uon
819 2545 906 2568 dubito.

153 2575 162 2589 ²
179 2577 208 2598 lta
226 2577 259 2603 A;
277 2577 333 2599 Bon.
349 2583 402 2599 cum
420 2577 458 2599 ed.
475 2577 495 2604 ll,
508 2577 615 2604 superius
626 2577 712 2599 omisso
724 2576 796 2599 Multi
806 2581 828 2598 et
839 2576 930 2604 adhuc,

92 2607 128 2630 hic
144 2608 199 2635 legit
215 2607 321 2637 existence
337 2613 382 2630 eos.

153 2637 163 2651 ³
179 2638 250 2666 Epist.
268 2639 282 2661 Ι.
299 2638 352 2661 Cor.
367 2639 394 2666 7,
412 2639 449 2660 28.
465 2650 497 2655 —-
515 2639 544 2661 Ex
561 2639 579 2660 Α
596 2638 694 2661 subinde
711 2638 844 2661 addidimus
855 2637 930 2661 vivito

91 2668 171 2692 minus
184 2669 289 2699 peccabit
298 2678 307 2697 ,²
325 2676 367 2697 pro
385 2669 504 2692 voluntate
521 2670 558 2692 ed.
579 2670 586 2690 ’1
610 2669 734 2699 voluptate.

152 2699 162 2712 ⁴
180 2701 212 2722 De
228 2702 309 2723 Sancta
330 2701 432 2728 virginit.
449 2707 470 2723 c.
487 2701 524 2723 ·11.
541 2707 564 2723 n.
584 2701 617 2729 l-l,
635 2707 660 2723 ex
678 2707 725 2729 quo
742 2700 852 2722 sententia
872 2700 931 2722 exui-

93 2730 171 2758 belur,
188 2738 233 2754 non
251 2731 330 2754 verba.
688 2731 698 2743 ⁵
715 2732 770 2753 Cod.
788 2734 805 2753 Α
825 2730 930 2760 viryinis.

154 2761 164 2775 ὃ
181 2763 209 2784 113
227 2763 258 2791 Α;
275 2763 329 2785 Bon.
347 2769 399 2785 cum
417 2763 453 2785 ed.
468 2763 475 2785 Ἰ1
498 2762 549 2785 licet
565 2763 669 2791 postea...
681 2768 704 2785 xe
721 2761 916 2785 consu-inmeriti&

154 2792 163 2806 ¹
180 2794 220 2816 Ed.
239 2793 247 2815 11
268 2797 290 2816 et
313 2793 368 2816 Bon.
385 2797 462 2816 contra
481 2794 497 2816 Α
516 2793 616 2816 arbitrio
632 2793 705 2816 sentio
726 2792 914 2822 relinquendum.

155 2823 163 2836 ⁸
182 2825 282 2847 Breviar.
299 2825 395 2847 Roman.
414 2825 435 2846 in
453 2826 509 2847 sesto
527 2825 550 2846 S.
567 2825 649 2847 Luciae
666 2825 705 2850 (13
724 2824 799 2851 Dec),
822 2825 846 2846 ll.
868 2824 930 2846 Noct.

94 2854 143 2877 lect.
160 2856 187 2877 6:
204 2856 227 2878 Si
247 2856 342 2878 invitam
364 2856 457 2878 iusseris
474 2855 568 2882 violari,
589 2856 680 2878 castitas
697 2855 752 2877 mini
775 2854 931 2883 duplicabitur

93 2886 122 2908 ad
139 2892 254 2909 coronam.
273 2887 318 2909 Csr.
335 2887 434 2913 Bonav.,
452 2887 488 2909 lV.
506 2888 567 2909 Sent.
584 2887 607 2909 d.
625 2887 661 2908 33.
679 2893 699 2908 a.
718 2888 739 2908 2.
759 2893 780 2914 q.
799 2887 819 2908 3.
843 2892 893 2914 arg.
909 2886 930 2908 3.

94 2917 122 2939 ad
139 2918 280 2945 oppositum.
291 2930 322 2934 —
334 2918 445 2945 Superius
457 2924 499 2945 pro
513 2917 616 2947 riryz'neo
635 2917 676 2943 (ila
691 2918 717 2945 Α)
736 2917 792 2939 Bou.
803 2923 856 2939 cum
868 2917 903 2939 ed.
921 2918 926 2938 1

94 2946 159 2970 beato
175 2948 301 2977 virginali,
324 2949 362 2977 qui
384 2949 452 2971 etiam
475 2949 569 2971 inferius
587 2955 628 2977 pro
648 2948 675 2972 Si
696 2949 776 2971 aulem
793 2954 845 2970 cum
863 2949 899 2970 ed.
920 2949 926 2970 i

94 2977 121 3001 Si
136 2978 213 3002 elium.
230 2979 332 3002 Subinde
349 2981 365 3002 Α
383 2980 466 3002 omittit
482 2980 550 3009 sorte.

1783 212 1839 240 207

995 284 1082 309 merito
1111 285 1222 310 nocuisse
1250 286 1389 311 iudicentur
1416 287 1441 312 et
1465 294 1510 312 sua
1537 294 1627 313 corona
1651 289 1790 319 priventur.
1815 289 1840 314 Si

995 327 1059 351 enim
1084 327 1221 352 Bethsabee
1244 335 1293 353 non
1313 336 1337 354 se
1357 329 1476 360 impudice
1496 330 1547 355 sive
1566 330 1664 355 incaute
1685 331 1789 356 lavisset
1814 333 1839 356 iu

995 369 1087 394 solario
1098 372 1117 385 ¹⁰
1137 370 1162 394 et
1180 370 1294 395 Susanna
1312 372 1337 396 in
1357 373 1477 402 pomario,
1501 373 1543 397 ubi
1566 373 1643 398 videri
1662 373 1779 404 poterant
1796 374 1839 399 ali-

995 417 1043 442 quo
1062 412 1144 441 modo,
1163 420 1318 444 nequaquam
1334 414 1378 438 illa
1397 414 1558 444 adulterium,
1575 422 1619 440 nec
1632 416 1681 440 ista
1699 416 1787 441 mortis
1801 423 1839 447 pe·

995 453 1099 478 ticulum
1122 454 1256 479 incidisset.
1282 455 1375 481 Cautae
1394 457 1445 481 sint
1464 464 1522 488 ergo
1548 458 1668 489 virgines,
1691 458 1755 483 sicut
1780 458 1839 483 sunt

995 495 1086 520 castae.
1105 496 1239 521 Fenestras
1257 498 1383 522 oculorum
1401 498 1426 523 et
1444 499 1541 523 aurium
1561 506 1662 525 suorum
1681 500 1778 525 discant
1797 501 1839 525 ob-

995 544 1089 567 serare,
1118 539 1204 563 vultus
1229 539 1388 570 abscondere,
1416 548 1447 565 ne
1470 541 1509 566 vel
1528 542 1585 571 sibi,
1609 542 1712 568 videndo
1736 543 1774 568 vel
1798 550 1838 568 au-

994 580 1080 605 diendo
1105 581 1169 612 qnod
1196 581 1259 607 forte
1278 590 1327 607 uon
1347 584 1455 614 expedit,
1482 584 1585 609 mortem
1608 585 1762 612 adsciscant.
1782 586 1838 615 vel,

993 623 1052 648 dum
1063 622 1081 635 ¹¹
1100 624 1132 648 ab
1145 625 1201 649 aliis
1214 625 1311 650 incaute
1330 626 1446 651 videntur
1458 627 1483 652 et
1495 627 1642 657 audiuntur,
1656 629 1737 659 ipsos,
1756 636 1839 660 quam-

994 666 1032 690 vis
1050 666 1209 697 ignoranter,
1235 668 1360 696 occidant:
1381 669 1444 699 quod
1469 670 1568 700 saepius
1589 670 1705 695 accidisse
1727 672 1838 702 cognovi-

994 715 1060 737 mus,
1080 709 1123 734 illo
1142 710 1291 741 suggerente
1310 711 1335 735 et
1352 711 1496 739 insidiante,
1510 712 1539 737 de
1552 719 1599 743 quo
1618 713 1738 744 scriptum
1758 713 1796 738 est
1806 712 1838 737 ¹²:

995 750 1067 776 Sedet
1085 752 1113 775 riri
1131 752 1234 777 insidiis
1262 760 1319 777 eum
1347 753 1467 779 divitibus
1486 755 1514 779 iu
1541 755 1662 786 occultis,
1689 757 1718 780 ut
1744 756 1839 786 interfi-

994 794 1047 818 ciat
1064 794 1229 819 inuocentcm.
1247 810 1283 813 -—
1302 796 1337 820 De
1356 797 1412 821 aliis
1430 804 1500 825 vero,
1520 805 1581 828 quae
1600 798 1639 822 vel
1658 798 1716 822 ante
1740 798 1836 828 votum,

995 837 1034 861 vel
1054 838 1111 868 post
1130 838 1182 863 sola
1207 839 1337 863 voluntate
1366 839 1451 870 lapsae
1470 840 1543 870 sunt3
1563 840 1622 865 mihi
1650 841 1759 870 videtur,
1785 842 1837 866 sine

995 880 1144 910 praeiudicio
1163 881 1270 906 melioris
1289 882 1420 907 cuiuslibet
1433 882 1582 912 sententiae,
1601 883 1666 914 (111011
1684 883 1837 915 virginitatis

994 929 1109 947 coronam
1128 930 1177 948 non
1191 924 1324 953 amittant,
1338 925 1358 948 si
1372 925 1455 949 tamen
1468 925 1541 950 citius
1560 925 1591 950 ad
1603 926 1688 950 votum
1711 926 1837 951 redierunt

995 965 1020 989 et
1038 966 1063 990 in
1082 973 1109 991 eo
1128 965 1235 991 fideliter
1259 968 1467 998 permanserunt3
1486 968 1528 993 sed
1544 968 1627 993 tamen
1646 975 1748 994 coronae
1768 969 1837 994 meri-

995 1008 1049 1032 tum
1069 1009 1129 1039 puto
1148 1009 1305 1040 aliquatenus
1319 1010 1477 1035 minuendum
1488 1009 1507 1022 ¹³
1526 1011 1659 1036 secundum
1675 1011 1838 1036 mutationem

994 1050 1146 1080 voluntatis,
1165 1052 1194 1075 ut
1214 1052 1235 1076 si
1253 1059 1302 1083 qua
1326 1052 1399 1083 longo
1425 1053 1534 1083 tempore
1554 1053 1592 1077 vel
1617 1053 1690 1077 firma
1708 1054 1837 1078 voluntate

994 1093 1106 1124 perstitit
1127 1094 1152 1118 in
1174 1094 1303 1119 voluntate
1325 1094 1455 1126 frangendi
1474 1095 1559 1120 votum
1581 1095 1746 1127 virginitatis,
1764 1096 1835 1121 tanto

993 1136 1075 1160 minus
1094 1136 1185 1161 habeat
1209 1137 1234 1161 in
1259 1144 1356 1162 corona.
1382 1137 1511 1169 Integram
1530 1145 1588 1162 vero
1608 1139 1706 1163 omnino
1724 1145 1839 1163 coronam

993 1178 1096 1203 aestimo
1116 1186 1288 1210 possessuras,
1309 1187 1370 1211 quae
1383 1188 1398 1204 a
1411 1181 1498 1211 primis
1510 1181 1583 1205 annis
1599 1181 1650 1205 suis
1668 1180 1839 1212 virginitatem

994 1220 1089 1252 Sponso
1107 1228 1163 1250 suo,
1183 1222 1287 1247 Domino
1305 1222 1363 1247 Iesu
1382 1230 1469 1248 vovere
1482 1222 1507 1247 et
1520 1230 1665 1248 conservare
1679 1222 1837 1248 studuerunt.

1323 1306 1407 1331 CAPUT
1426 1306 1516 1331 XXIX.

998 1390 1071 1423 Quod
1088 1391 1136 1421 flos
1156 1391 1207 1416 lilii
1219 1391 1359 1417 ‘inclinatus
1372 1392 1407 1416 ad
1419 1393 1514 1416 terram
1526 1392 1615 1417 doceat
1627 1392 1800 1417 humilitatem
1811 1393 1838 1416 ¹⁴.

1064 1475 1106 1500 98.
1125 1476 1177 1501 Nec
1196 1476 1403 1507 praetereundum
1422 1476 1473 1505 est,
1493 1476 1558 1507 quod
1576 1477 1628 1507 ipse
1653 1476 1699 1501 flos
1718 1477 1763 1501 lilii
1787 1477 1838 1501 tam

992 1518 1071 1547 altus,
1090 1519 1142 1543 tam
1162 1519 1291 1548 candidus,
1312 1519 1364 1543 tam
1382 1519 1503 1544 iucundus
1526 1526 1622 1550 semper
1647 1519 1783 1544 reclinatur
1808 1519 1839 1544 ad

993 1560 1094 1586 terram.
1114 1561 1177 1590 Quid
1200 1561 1270 1586 nobis
1295 1569 1339 1592 per
1363 1561 1408 1587 hoc
1432 1562 1499 1586 aliud
1522 1569 1596 1593 quam
1619 1561 1748 1586 humilitas
1774 1569 1839 1587 com-

992 1604 1142 1629 mendatur?
1161 1604 1242 1635 Caput
1261 1605 1325 1629 enim
1350 1605 1469 1629 inclinare
1493 1604 1525 1629 ad
1552 1605 1645 1630 terram
1669 1605 1707 1629 est
1732 1605 1839 1630 mentem

992 1647 1104 1672 nostram
1122 1647 1154 1671 ad
1172 1647 1357 1678 generationem
1376 1647 1501 1672 terrenam
1513 1648 1538 1672 et
1551 1647 1714 1679 fragilitatem
1727 1648 1756 1672 de
1769 1647 1838 1673 terra

991 1690 1145 1715 contractam
1164 1690 1303 1719 inflectere,
1322 1698 1352 1715 ne
1371 1690 1400 1715 de
1418 1690 1489 1715 nobis
1507 1690 1601 1722 aliquid
1620 1698 1776 1721 praesumere
1789 1698 1837 1716 0111-

991 1733 1050 1758 111110
1076 1733 1224 1763 audeamus,
1253 1733 1311 1758 dum
1340 1740 1385 1758 nos
1403 1733 1484 1758 lutum
1507 1733 1532 1758 et
1557 1734 1662 1758 cinerem
1684 1741 1737 1758 esse
1761 1734 1837 1759 consi-

992 1776 1115 1801 deramus.
1134 1776 1206 1801 Nulli
1224 1776 1306 1801 autem
1326 1776 1385 1801 haec
1404 1776 1486 1801 virtus
1504 1776 1556 1800 tam
1575 1777 1713 1801 necessaria
1737 1776 1788 1805 est,
1808 1776 1837 1801 ut

992 1819 1145 1850 virginibus,
1170 1826 1201 1844 ne
1225 1819 1250 1843 in
1275 1818 1425 1850 profundum
1448 1819 1577 1850 superbiae
1605 1818 1719 1844 decidant
1732 1817 1758 1850 ¹⁵,
1779 1819 1836 1843 dum

992 1868 1093 1886 suorum
1111 1861 1269 1886 considerant
1288 1861 1457 1886 excellentiam
1476 1862 1629 1887 meritorum.
1642 1861 1758 1893 Virgines
1772 1862 1835 1886 enim

992 1903 1086 1928 Christi
1105 1904 1179 1928 etiam
1198 1904 1278 1928 adhuc
1297 1905 1323 1929 in
1351 1903 1419 1929 terra
1444 1904 1557 1929 viventes
1581 1904 1718 1935 angelicam
1743 1904 1837 1929 ducunt

991 1946 1081 1976 vitam,
1100 1954 1155 1971 cum
1181 1946 1244 1971 tales
1269 1946 1334 1976 sint,
1360 1947 1445 1978 quales
1468 1947 1530 1971 dixit
1554 1946 1674 1972 Dominus
1688 1945 1836 1972 1611011111195

991 1989 1090 2014 futuros
1108 1996 1161 2014 esse
1180 1989 1237 2020 post
1254 1989 1471 2018 resurrectionem
1491 1990 1548 2020 quia
1567 1989 1627 2014 tunc
1648 1996 1728 2020 neque
1741 1990 1837 2014 nubent

990 2039 1071 2063 neque
1088 2032 1231 2063 nubentur,
1250 2033 1294 2057 sed
1311 2033 1387 2057 erunt
1404 2032 1499 2057 similes
1517 2031 1625 2063 Anyelis
1641 2033 1692 2057 Dei
1710 2033 1739 2057 in
1757 2032 1835 2057 caelo.

990 2074 1048 2100 Non
1066 2074 1212 2105 exspectant
1231 2074 1314 2099 autem
1332 2074 1442 2105 virgines
1461 2074 1554 2099 Christi
1568 2075 1777 2105 incorruptionem
1795 2082 1834 2099 re·

991 2117 1151 2141 surrectionis
1170 2116 1335 2146 solummodo,
1356 2116 1398 2141 sed
1417 2117 1442 2141 in
1461 2116 1587 2147 praesenti
1605 2117 1680 2141 etiam
1693 2116 1782 2141 vivunt
1801 2117 1835 2141 in-

990 2160 1136 2191 corruptae,
1161 2160 1239 2184 vitam
1265 2160 1316 2184 sine
1344 2159 1417 2184 dubio
1444 2160 1581 2191 angelicam
1608 2159 1771 2184 aemulantes.
1797 2159 1834 2184 Ne

990 2202 1068 2234 igitur
1087 2210 1101 2227 a
1120 2202 1171 2226 tam
1197 2202 1319 2227 altissimo
1333 2200 1351 2215 ¹⁷
1375 2202 1468 2233 gradu,
1492 2209 1563 2233 quem
1586 2209 1635 2226 non
1654 2209 1682 2226 ex
1705 2202 1835 2233 praecepto

990 2245 1149 2276 cuiusquam,
1178 2245 1221 2269 sed
1248 2245 1349 2276 propria
1374 2244 1503 2270 voluntate
1522 2244 1629 2269 viriliter
1655 2244 1832 2273 ascenderunt,

990 2288 1073 2313 viliter
1093 2295 1136 2319 per
1149 2287 1289 2318 superbiam
1303 2287 1429 2317 decidant3
1443 2287 1594 2312 inclinentur
1606 2287 1638 2312 ad
1650 2287 1757 2315 terram,
1771 2288 1834 2312 510111

990 2330 1036 2355 1105
1054 2330 1114 2360 11111;
1134 2330 1304 2359 recordentur,
1324 2330 1438 2361 quoniam
1459 2330 1542 2361 pulvis
1561 2330 1633 2359 sunt,
1653 2330 1678 2354 et
1700 2330 1764 2361 quod
1782 2329 1833 2354 dies

1050 2513 1059 2526 '⁸⁷
1076 2513 1120 2536 Csr.
1138 2515 1247 2542 August,
1265 2515 1279 2536 1.
1299 2514 1327 2536 119
1353 2513 1401 2536 Civ.
1420 2513 1471 2542 Dei,
1494 2520 1513 2536 c.
1532 2514 1569 2535 28.
1593 2519 1614 2535 n.
1637 2513 1656 2535 1.
1673 2525 1701 2529 —
1720 2513 1831 2541 Superius

987 2551 1030 2573 pro
1047 2544 1139 2568 deberet
1155 2546 1211 2567 Bou.
1226 2543 1328 2567 haberet.

1051 2575 1070 2588 ¹⁰
1089 2576 1148 2598 Libr.
1167 2577 1190 2598 ΙΙ.
1208 2577 1264 2603 Reg.
1284 2576 1324 2603 Ἰ11,
1342 2576 1364 2597 2.
1385 2576 1417 2597 De
1436 2576 1539 2597 Susanna
1557 2576 1596 2597 cfr.
1614 2575 1669 2597 Dan.
1692 2575 1729 2602 13,
1748 2575 1784 2597 15.
1801 2586 1832 2592 —-

987 2607 1098 2635 Superius
1116 2613 1157 2635 pro
1175 2606 1309 2629 iudicentur
1327 2607 1369 2633 (ita
1387 2607 1415 2635 A)
1434 2607 1488 2628 Bou.
1507 2612 1560 2628 curn
1578 2606 1613 2628 ed.
1637 2607 1641 2627 Ι
1663 2605 1798 2628 videantur.

1051 2637 1069 2650 ¹¹
1088 2639 1117 2660 lla
1135 2638 1164 2665 Α;
1181 2638 1217 2660 911.
1237 2638 1244 2659 1
1266 2642 1288 2660 91
1306 2638 1360 2659 Bon.
1378 2643 1406 2660 ne
1423 2636 1488 2659 dum.

1050 2668 1069 2681 ¹²
1087 2670 1167 2691 Psalm.
1189 2669 1213 2690 10
1232 2668 1286 2697 [sec.
1304 2668 1441 2696 Hebraeos),
1459 2669 1480 2690 8.
1497 2680 1527 2684 —
1544 2667 1639 2690 {userius
1656 2670 1707 2696 post
1724 2674 1784 2697 quae
1795 2667 1831 2691 vel

986 2700 1041 2722 Bon.
1058 2700 1094 2722 ed.
1112 2701 1116 2722 1
1139 2706 1191 2722 cum
1209 2700 1273 2722 addit
1290 2699 1428 2728 aliquando.

1050 2730 1069 2743 ¹³
1087 2731 1126 2753 Ed.
1148 2731 1153 2752 1
1175 2734 1197 2753 et
1215 2731 1270 2753 Bon.
1283 2730 1419 2760 aliqualiter
1432 2728 1632 2755 inimimoemlmn,
1646 2729 1765 2763 qui-etiam
1778 2730 1831 2752 inse-

1051 2763 1285 2819 1¹3⁰ifalssiif⁰1ssnt²ttf
1298 2761 1382 2820 '¹522‘ss
1394 2761 1504 2821 ἦέἔῗιῗιῗὲ
1524 2760 1721 2814 ἓ·ηέἓῗῖ.“.ἒ,ἷι’1ἒ’”’.ζὲ1
1737 2791 1769 2814 aa
1785 2793 1830 2814 m-

988 2830 1056 2849 ram:
1073 2824 1090 2845 Α
1111 2824 1141 2846 De
1157 2823 1309 2847 ›·eclinat1'0ne
1326 2823 1371 2845 lilii
1386 2822 1418 2845 ud
1434 2824 1533 2845 terram.

1051 2854 1117 2877 15Ιῐει
1135 2856 1164 2883 A,
1182 2855 1237 2877 Bon.
1263 2861 1316 2877 curn
1342 2855 1379 2877 ed.
1397 2855 1422 2881 l,
1449 2854 1556 2881 superius
1581 2859 1624 2881 pro
1648 2854 1675 2876 ut
1698 2852 1830 2883 vit-glimen.»-

988 2885 1111 2908 substituto
1128 2891 1201 2914 quam
1218 2885 1362 2914 viminibus.
1380 2885 1416 2907 1110
1433 2885 1496 2913 ponit
1513 2883 1624 2907 incidant.

1052 2916 1070 2929 ¹³
1088 2917 1163 2939 Manli.
1182 2917 1222 2944 2⁵2,
1241 2918 1277 2939 30.
1294 2929 1324 2933 -
1342 2917 1383 2939 Pro
1400 2922 1454 2939 cum
1472 2915 1530 2939 tales
1546 2915 1593 2938 sin!
1605 2916 1622 2937 A
1637 2915 1695 2939 tales
1712 2914 1830 2938 ezz'stimo.

1051 2946 1070 2960 ¹⁷
1088 2948 1116 2970 lta
1135 2948 1165 2975 Λ;
1182 2948 1218 2970 911.
1240 2948 1245 2969 1
1267 2950 1287 2970 et
1305 2948 1361 2970 Bon.
1378 2954 1389 2971 e
1404 2949 1452 2970 eam
1468 2946 1571 2970 sublimi.

1891 805 1939 831 Alia-

1868 830 1961 852 quaestio.

1855 1738 1969 1758 Notandum.
