2133 3317
239 218 294 245 720

491 254 550 276 MAR

287 296 378 318 Mancus
389 307 419 311 —
432 294 476 316 560
493 294 497 315 1
514 306 541 309 -
559 292 614 315 Vide
625 292 694 314 etiam
708 298 727 314 v.
741 292 808 314 loan-

238 341 288 358 nes.

287 375 451 396 Manoocuaaus
467 384 498 388 —
515 371 560 393 3l5
579 371 607 392 17

288 414 352 435 Mum
369 424 400 428 —
418 411 533 439 significat
557 410 675 432 saeculum
702 408 746 431 377
772 409 807 430 10.

242 452 283 474 391
306 452 319 473 2

290 491 421 513 Maneant-rix
447 501 478 505 —
505 488 619 516 significat
647 488 806 515 paupertatem

242 530 401 558 evangelicam
425 529 470 551 302
494 528 522 550 23
540 540 571 544 -
588 527 701 554 significat
724 525 809 553 cogita-

241 570 315 592 tiones
332 571 354 590 et
371 568 504 590 affectiones
523 567 566 589 163
585 567 598 588 3
615 578 647 582 -
662 565 762 593 pretiosa
774 568 808 587 est

240 615 280 631 cor
297 609 346 630 lesu
364 606 418 630 ibid.

288 647 361 669 Mania
380 659 409 662 —
427 646 590 674 interpretatur
607 650 713 666 amarum
732 649 807 671 mare,

240 686 398 712 illuminatrIx,
416 685 510 708 domina
529 685 553 706 91
570 685 584 706 2
596 696 626 700 -
639 683 681 706 fuit
692 683 742 705 sine
755 688 807 710 pec-

241 729 292 748 cato
309 725 392 748 veniali
411 725 455 747 262
475 724 502 746 17
520 737 550 740 —
567 723 664 750 Virgine
682 721 808 750 praebente

241 765 328 793 Angelo
347 770 479 792 assensum,
496 762 632 791 supervenit
648 762 671 783 in
690 767 741 783 eam
760 761 808 789 Spi-

240 805 298 827 ritus
316 805 339 826 S.
356 806 457 826 mentem
476 803 526 825 eius
543 802 688 824 inflammans
706 806 808 822 carnem-

241 850 287 872 que
312 843 455 865 sanctiticans
480 841 505 863 71
528 842 541 863 3
559 854 589 857 -
606 840 690 863 11131130
715 846 727 861 0
744 840 808 861 03010

241 883 372 905 immissum
387 886 421 904 est
433 881 577 909 incendium,
590 883 696 904 collatum
716 879 808 907 refrige-

241 922 316 949 rium,
333 922 434 944 infusum
452 922 558 944 solatium
577 921 631 944 ibid.
648 934 678 938 —
697 922 719 943 in
736 921 808 943 incar-

241 962 334 984 natione
351 961 472 984 sublimata
491 961 532 983 fuit
549 960 603 984 ibid.
620 973 652 977 —
668 963 702 983 est
714 960 808 982 benedi-

242 1004 276 1023 cta
295 1001 361 1029 virga
378 1004 400 1023 et
419 1001 490 1028 Virgo
508 1001 577 1022 Mater
593 1000 721 1023 castissima
743 999 783 1021 159
796 1005 808 1021 a

242 1054 272 1058 —
295 1044 329 1064 est
351 1041 422 1063 Mater
446 1040 529 1063 Christi
555 1040 584 1062 79
604 1041 641 1062 28.
659 1040 688 1061 80
707 1040 744 1061 31,
763 1039 808 1061 203

243 1081 272 1103 85
290 1093 320 1096 —
339 1083 373 1103 est
389 1081 430 1102 Dei
447 1080 544 1108 genitrix
562 1080 590 1102 38
610 1080 638 1101 28
656 1091 686 1095 -
704 1078 809 1101 Christus

242 1120 363 1148 proprium
382 1126 467 1147 corpus
484 1119 593 1141 assumsit
610 1118 639 1140 de
656 1118 752 1146 Virgine
766 1118 808 1139 176

243 1160 256 1182 2
274 1172 304 1176 -
321 1162 355 1182 051
372 1159 504 1182 beatissima
522 1161 580 1180 terra
599 1158 643 1179 190
662 1163 674 1179 a
686 1169 716 1173 —
731 1158 754 1179 ln
767 1157 810 1178 hac

243 1202 302 1221 terra
320 1199 435 1227 plantatus
452 1201 486 1220 est
510 1197 626 1224 Christus,
648 1199 672 1219 ut
697 1196 809 1218 maiorem

242 1240 341 1261 fructum
369 1239 452 1260 faceret
478 1237 522 1258 160
548 1238 561 1258 2
579 1248 610 1252 --
627 1238 661 1258 est
686 1235 808 1257 benedicta

243 1281 301 1300 terra
310 1296 315 1306 ‚
327 1277 513 1300 benedictionem
525 1276 629 1298 omnium
642 1275 747 1303 gentium
761 1280 811 1302 pro-

244 1318 320 1340 ferens
346 1316 401 1339 ibid.
417 1328 448 1332 —
465 1322 525 1344 aqua
552 1314 650 1343 Spiritus
675 1315 697 1336 S⁴
716 1314 809 1342 irrigata

245 1357 285 1379 fuit
303 1355 357 1379 ibid.
373 1368 404 1372 —
426 1357 510 1383 Aperta
537 1355 578 1377 fuit
603 1355 659 1376 haee
683 1356 742 1375 terra
769 1359 811 1381 per

243 1396 314 1418 fidem
332 1395 387 1418 ibid.
405 1408 434 1411 —
452 1395 535 1417 Mariae
552 1397 632 1416 cantus
650 1399 703 1415 curn
725 1392 810 1419 iubilo,

243 1441 354 1458 ascensus
372 1435 394 1457 in
419 1437 541 1461 montana,
566 1433 670 1456 salutatio
697 1431 809 1454 Elisabeth

243 1475 268 1497 71
292 1476 305 1497 3
322 1488 353 1490 -
370 1477 404 1497 est
421 1473 501 1496 cantici
520 1473 574 1495 novi
592 1472 698 1494 imitatrix
717 1472 761 1494 203
781 1471 810 1493 85

243 1527 274 1530 —
292 1520 345 1537 cum
363 1514 444 1541 loseph
462 1513 594 1535 Bethlehem
607 1512 723 1540 profectus
735 1514 769 1533 est
780 1510 805 1532 71

245 1553 258 1576 4
276 1566 306 1570 -
331 1552 419 1581 absque
445 1552 508 1575 omni
534 1551 682 1579 corruptione
708 1550 810 1578 peperit,

244 1593 304 1616 sicut
328 1592 418 1621 absque
443 1591 519 1614 omnis
544 1590 646 1613 libidinis
674 1589 811 1617 contagione

245 1632 350 1660 concepit
367 1631 421 1654 ibid.
437 1644 467 1647 —
485 1631 560 1658 legem
583 1629 750 1657 purificationis
772 1628 811 1650 ob-

244 1672 347 1694 servavit
364 1671 393 1693 72
411 1671 425 1692 7
443 1683 473 1686 —
491 1670 563 1692 oculis
581 1669 625 1697 piis
637 1675 691 1691 cum
704 1668 811 1696 lacrymis

245 1711 376 1739 aspicienda
391 1713 412 1733 ut
426 1710 549 1738 peregrina
562 1709 591 1731 ’73
605 1709 618 1730 8
630 1721 660 1724 -
673 1714 726 1729 cum
740 1707 810 1729 multo

245 1751 323 1773 dolore
340 1750 455 1773 Christum
472 1749 587 1778 quaesivit
599 1751 684 1770 etcum
698 1747 811 1769 immenso

245 1790 331 1818 gaudIO
348 1789 462 1811 reinvenit
479 1787 532 1811 ibid.
552 1800 580 1803 —
597 1787 694 1810 dulciter
709 1786 811 1814 increpa-

244 1829 277 1852 vit
294 1829 376 1851 Filium
394 1828 447 1851 ibid.
465 1840 496 1844 —
513 1830 547 1850 est
564 1826 658 1849 domina
675 1828 753 1848 nostra
766 1825 811 1846 116

245 1870 259 1892 2
276 1881 307 1885 -—
324 1871 359 1891 est
375 1869 445 1890 Mater
462 1866 647 1893 misericordiae,
665 1865 753 1893 Regma
767 1864 812 1892 pie-

245 1908 297 1931 tatis
318 1911 341 1930 et
365 1907 499 1930 clementiae
524 1906 553 1928 65
571 1906 600 1928 26
618 1918 648 1921 —
666 1908 700 1927 est
724 1904 811 1932 Regina

245 1948 327 1970 mundi
345 1947 495 1975 dignissima,
513 1945 650 1968 defensatrix
667 1949 811 1972 pauperum,

245 1987 367 2010 humilium
385 1987 510 2013 advocata,
526 1986 594 2013 longe
605 1984 728 2007 sublimius
740 1988 810 2012 quam

245 2028 325 2050 Esther
347 2027 442 2049 exaltata
466 2026 488 2047 in
510 2025 602 2053 populis
619 2024 665 2046 315
685 2023 711 2044 17
729 2034 761 2038 -·
777 2024 812 2044 051

245 2067 357 2089 virtutum
383 2066 505 2094 speculum
532 2065 575 2086 116
599 2065 611 2086 2
629 2076 660 2079 --
677 2066 711 2085 est
735 2062 812 2085 omnis

245 2106 393 2134 perfectionis
411 2105 527 2132 exemplar
545 2104 590 2126 3l5
612 2103 636 2125 17
650 2115 679 2118 -
691 2105 725 2125 est
738 2103 811 2124 forma

245 2145 339 2168 vivendi
357 2144 411 2168 ibid.
427 2156 459 2160 —
476 2144 556 2166 Anima
575 2142 645 2165 debet
667 2141 751 2164 imitari
768 2141 811 2163 Ma-

244 2186 302 2207 riam
316 2184 433 2212 tripliciter
445 2184 469 2205 91
484 2184 504 2205 2.
515 2190 549 2211 sq.
559 2195 589 2199 —
599 2182 716 2209 virginum
728 2181 812 2209 prima,

245 2224 389 2247 sanctissima
414 2226 437 2245 et
460 2222 587 2245 castissima
614 2221 654 2243 fuit
673 2220 717 2242 194
735 2220 763 2242 57
781 2232 812 2236 -

246 2267 280 2287 051
297 2270 352 2286 vere
369 2263 441 2285 lilium
459 2262 504 2284 203
523 2261 552 2283 85
570 2273 599 2276 —
617 2263 651 2282 est
662 2259 733 2282 lilium
746 2265 813 2287 prae-

245 2304 341 2332 cipuum
365 2305 388 2324 et
404 2302 474 2324 Mater
491 2300 576 2323 summi
595 2300 633 2322 lilii
651 2298 680 2322 ib.
697 2299 726 2320 86
743 2310 774 2314 —
791 2298 812 2320 li-

246 2346 282 2366 cet
298 2348 379 2365 omnes
396 2341 493 2363 virtutes
518 2339 637 2367 hahuerit,
663 2341 740 2361 tamen
765 2337 813 2359 sola

246 2382 374 2405 humilitate
390 2381 460 2403 Mater
476 2379 559 2402 Christi
585 2378 643 2401 011101
667 2377 750 2400 meruit
768 2376 812 2398 193

247 2422 276 2444 56
293 2434 324 2438 -
341 2427 387 2443 000
406 2420 486 2443 fuisset
502 2420 572 2441 Mater
589 2418 628 2440 Dei
643 2418 735 2444 effecta,
748 2416 766 2438 si
778 2422 814 2438 su-

246 2460 352 2489 perbiam
377 2460 400 2482 in
423 2466 448 2482 se
473 2458 592 2481 habuisset
610 2458 653 2479 110
672 2458 684 2479 3
702 2468 733 2472 -
751 2461 814 2478 50111-

246 2506 309 2523 01310
333 2499 430 2528 gloriam
454 2499 519 2527 ponit
535 2498 558 2520 in
575 2497 703 2520 humilitate
722 2495 766 2517 194
784 2494 813 2517 57

246 2552 277 2556 -—
294 2539 374 2567 regina
392 2538 496 2561 omnium
515 2538 556 2560 suit
573 2537 683 2564 magistra
702 2535 814 2558 humilita-

247 2579 276 2602 tis
294 2579 338 2601 112
355 2578 369 2600 7
388 2590 418 2595 -
436 2578 526 2606 Quanta
544 2577 611 2599 fuerit
627 2576 676 2598 01115
688 2579 813 2604 paupertas

247 2619 292 2641 315
312 2618 340 2640 17
358 2630 381 2633 -
406 2623 495 2645 pauper
512 2617 582 2639 electa
600 2621 634 2638 est
648 2616 718 2638 Mater
731 2614 813 2638 Christi

247 2657 292 2680 274
310 2657 332 2679 7.
350 2657 395 2679 285
414 2656 442 2679 40
460 2669 490 2673 —
507 2658 542 2678 est
553 2655 686 2683 exemplum
699 2654 814 2677 taciturni-

247 2696 300 2719 tatis
318 2696 362 2718 116
381 2697 394 2718 2
411 2708 442 2712 -
460 2701 512 2718 cum
536 2698 636 2724 quatuor
658 2697 746 2716 tantum
765 2700 814 2721 per-

247 2736 309 2758 sonis
326 2735 407 2757 habuit
423 2740 555 2757 sermonem
580 2737 602 2756 et
625 2736 715 2761 septem
741 2732 813 2755 verba

247 2775 323 2798 locuta
340 2777 375 2797 est
391 2773 446 2797 ibid.
463 2787 493 2790 -
511 2776 545 2796 est
568 2773 684 2801 refugium
710 2775 815 2800 peccato·

247 2815 279 2836 ris
297 2814 326 2836 37
344 2814 373 2836 23
391 2826 422 2830 -
439 2814 473 2836 Ad
499 2813 593 2835 Mariam
619 2812 813 2840 confugiendum,

248 2856 273 2876 ut
295 2853 362 2876 nobis
385 2853 477 2875 veniam
499 2852 599 2880 postulet
615 2852 644 2874 80
663 2852 688 2873 31
709 2863 741 2867 --
758 2856 815 2879 prae

248 2892 357 2915 omnibus
374 2893 423 2915 aliis
440 2892 528 2915 Sanctis
545 2891 674 2914 invocanda
691 2894 725 2913 est
742 2891 770 2913 38
784 2891 813 2912 28

248 2944 278 2948 -
297 2932 400 2959 Virginis
417 2931 547 2954 subsidium
566 2930 739 2959 implorandum
758 2931 786 2952 12
800 2930 813 2951 2

246 2983 278 2987 -
295 2973 329 2993 051
341 2971 474 2993 honoranda
487 2974 509 2993 et
520 2977 573 2993 cum
586 2970 671 2993 fiducia
685 2969 813 2992 invocanda

248 3010 293 3032 494
312 3009 327 3032 b
346 3023 369 3026 —-
391 3010 476 3032 011011111
494 3016 540 3032 000
565 3013 639 3038 potest
662 3010 711 3032 sine
732 3009 813 3031 iniuria

938 212 1038 241 INDEX
1060 211 1307 240 ALPHABETICUS.

841 291 889 313 Filii
907 291 936 313 37
954 291 984 313 24
1001 302 1031 307 --·
1049 290 1145 312 Devotio
1170 290 1192 311 S.
1215 289 1327 311 Francisci
1351 294 1406 316 erga

842 330 936 352 Mariam
954 330 998 352 530
1017 330 1030 352 3
1048 342 1078 346 -
1096 329 1207 356 Suffragia
1226 329 1251 350 B.
1268 329 1296 350 M.
1313 328 1342 350 V.
1356 334 1407 350 con-

842 370 934 392 firmant
946 370 1047 391 animam
1060 371 1082 391 et
1094 369 1123 391 ad
1140 374 1206 395 spem
1224 367 1315 395 erigunt
1332 367 1361 388 38
1378 367 1406 388 28

841 421 872 425 -
890 409 991 437 Qualiter
1013 409 1074 430 10505
1096 413 1148 429 cum
1173 407 1240 429 Maria
1258 408 1408 428 conversatus

842 448 871 470 sit
890 448 934 470 174
953 448 961 469 1
984 460 1013 463 --
1031 447 1132 469 desolata
1156 447 1178 468 in
1198 446 1304 473 passione
1326 445 1407 467 Christi

842 488 871 509 78
885 488 913 509 28
926 500 957 503 -
969 486 1038 509 astitit
1049 486 1157 509 omnibus
1170 484 1316 513 passionibus
1327 484 1407 507 Christi

842 532 971 555 earumque
994 526 1110 554 particeps
1133 525 1174 547 fuit
1196 524 1225 546 79
1250 524 1278 546 28
1302 536 1332 539 —
1354 529 1409 545 con-

842 566 959 588 tritissimo
971 565 1054 592 corde,
1068 563 1175 586 manibus
1186 563 1323 591 complosis,
1336 562 1409 584 oculis

841 606 996 633 lacrymarum
1015 606 1114 626 torrente
1126 602 1262 629 fluentibus,
1281 602 1344 624 vultu
1357 608 1409 624 con-

841 648 925 672 tracto,
942 650 1001 667 voce
1018 643 1114 672 querula
1131 645 1153 664 et
1170 642 1222 664 totis
1239 641 1343 669 corporis
1355 641 1409 663 viri-

842 684 886 706 bus
904 683 998 706 viriliter
1015 682 1084 704 astitit
1109 681 1199 704 Christo
1217 681 1238 702 in
1262 686 1331 703 eruce
1354 686 1409 708 pen-

841 723 904 746 denti
924 722 994 744 =l74>l
1017 734 1047 738 —
1064 721 1171 743 Animam
1198 721 1281 742 Mariae
1302 725 1409 747 compas-

841 763 911 785 sionis
928 762 1020 790 gladius
1037 761 1137 788 amplius
1153 759 1276 786 transfixit,
1301 765 1372 787 quam
1391 758 1408 780 si

842 802 863 824 in
882 801 977 830 proprio
995 806 1093 828 corpore
1110 802 1227 827 pateretur
1243 799 1273 820 79
1286 800 1323 821 28.
1337 798 1381 820 174
1396 799 1403 820 1

842 854 872 857 -
892 840 1048 863 Commoritur
1070 839 1159 862 Christo
1185 838 1280 865 vivens,
1307 837 1409 860 vivendo

843 881 917 902 ferens
933 879 1037 901 dolorem
1061 881 1134 901 morte
1156 877 1308 900 crudeliorem
1336 877 1377 899 175
1399 877 1404 898 1

842 932 872 936 --
889 925 918 941 00
936 918 1056 941 1001100110
1073 918 1194 943 deficeret,
1212 923 1223 938 a
1247 917 1301 938 Filio
1323 917 1410 938 eonfor-

843 962 887 981 lata
905 961 939 980 est
956 958 1105 984 intrinsecus,
1123 957 1262 979 extrinsecus
1280 962 1336 978 vero
1358 962 1409 978 ver-

843 998 879 1020 bis
896 1000 918 1020 et
935 997 1000 1020 factis
1017 997 1132 1019 consolata
1151 996 1195 1018 175
1213 997 1226 1017 2
1252 1008 1283 1012 -
1305 995 1410 1018 Christus

843 1039 903 1061 circa
924 1038 1017 1060 Matrem
1040 1036 1200 1064 compassione
1222 1035 1292 1057 nimia
1316 1035 1410 1057 affectus

844 1078 885 1100 fuit
903 1077 947 1099 174
970 1077 974 1098 1
998 1090 1026 1092 -
1044 1075 1147 1099 Christus
1164 1075 1248 1097 Mariae
1266 1074 1409 1102 compatiens

844 1124 894 1140 eam
913 1117 997 1139 blande
1015 1116 1136 1144 alloquitur
1153 1115 1182 1136 79
1201 1115 1229 1136 28
1255 1127 1283 1129 -
1307 1114 1410 1142 Quantus

845 1157 912 1179 fuerit
929 1156 950 1178 in
969 1156 1058 1179 Christo
1076 1154 1175 1177 caritatis
1192 1154 1286 1176 affectus
1312 1153 1342 1175 ad
1368 1153 1410 1174 Ma-

845 1201 902 1220 trem
921 1196 966 1219 174
985 1197 992 1217 1
1023 1208 1054 1212 -
1077 1194 1187 1217 Ultimum
1211 1192 1309 1215 verbum
1328 1191 1411 1214 Christi

844 1238 874 1260 ad
885 1237 980 1259 Mariam
997 1234 1051 1258 ibid.
1064 1247 1095 1251 —
1107 1234 1190 1256 Mariae
1202 1234 1296 1255 aflectus
1307 1232 1337 1254 ad
1350 1231 1411 1253 Chri-

844 1280 905 1300 stum
923 1275 1058 1298 crucifixum
1076 1273 1202 1296 imitandus
1221 1273 1249 1294 80
1264 1272 1292 1294 32
1305 1283 1335 1287 -
1348 1270 1411 1292 Visio

844 1317 947 1344 Reginae
965 1314 1068 1337 caelestis
1086 1312 1220 1335 mirabiliter
1239 1312 1319 1333 Beatos
1336 1310 1412 1332 laetifi-

844 1359 880 1378 cat
897 1356 927 1378 65
945 1355 973 1376 26
1001 1366 1030 1369 --
1055 1353 1098 1380 lpsi
1118 1352 1140 1374 in
1158 1351 1220 1374 03010
1243 1356 1324 1373 omnes
1348 1349 1411 1371 chori

844 1395 984 1423 Angelorum
1004 1393 1142 1415 famulantur
1161 1394 1184 1412 ut
1201 1390 1310 1413 dominae
1327 1388 1381 1411 ibid.

893 1447 922 1450 —
940 1434 962 1456 S.
980 1432 1048 1455 Maria
1066 1432 1095 1454 de
1116 1430 1209 1458 Angelis
1235 1428 1284 1452 vide
1309 1435 1330 1451 v.
1356 1428 1412 1451 Por-

845 1473 961 1497 tizmzcula.

892 1526 922 1530 —
940 1512 1073 1540 'ilagdalena
1090 1510 1119 1533 ad
1137 1509 1209 1538 pedes
1226 1510 1274 1531 lesu
1296 1510 1409 1536 prostrata

845 1556 940 1581 paterno
959 1554 1064 1579 suscepta
1083 1553 1117 1572 est
1134 1550 1215 1571 affectu
1232 1548 1262 1570 71-
1286 1548 1310 1569 13
1325 1560 1354 1563 —
1373 1553 1411 1569 00-

845 1599 912 1620 gens,
922 1591 1018 1613 abluens
1031 1592 1053 1612 et
1063 1589 1169 1612 osculans
1182 1588 1253 1615 pedes
1266 1586 1348 1609 Christi
1361 1586 1412 1607 imi-

845 1632 913 1655 tanda
931 1630 984 1654 ibid.
1002 1642 1033 1646 —
1051 1635 1077 1651 ex
1094 1630 1181 1650 famosa
1194 1630 1215 1649 et
1227 1625 1347 1648 immunda
1361 1631 1412 1653 pec-

844 1672 928 1694 catrice
945 1671 1002 1692 facta
1020 1672 1055 1691 est
1080 1667 1185 1696 specialis
1207 1666 1289 1689 Christi
1315 1664 1411 1687 amatrix

846 1711 874 1733 38
893 1710 921 1732 27
940 1722 970 1726 -
988 1708 1061 1737 qualis
1073 1710 1124 1729 ante
1136 1710 1158 1729 et
1171 1708 1222 1734 post
1234 1704 1411 1727 couversionem

846 1750 913 1773 fuerit
929 1749 958 1771 90
985 1749 997 1770 6
1023 1760 1054 1764 —
1079 1746 1162 1769 Mariae
1187 1744 1308 1772 occupatio
1331 1743 1412 1765 melior

845 1792 893 1812 erat
910 1794 981 1818 quam
999 1787 1099 1809 Marthae
1117 1785 1162 1808 244
1185 1791 1197 1806 3
1223 1796 1254 1800 -
1279 1782 1357 1805 divina
1381 1781 1412 1804 di-

845 1829 943 1851 lectione
960 1828 1051 1850 incensa
1069 1826 1098 1848 ad
1116 1824 1199 1847 Christi
1219 1823 1352 1851 sepulcrum
1370 1824 1413 1843 sta-

846 1868 885 1891 bat
902 1868 931 1890 80
949 1867 977 1889 32
1003 1879 1034 1882 —
1061 1865 1113 1887 Eius
1138 1864 1233 1886 affectus
1259 1863 1280 1884 in
1306 1861 1413 1889 passione

845 1908 928 1931 Christi
946 1905 1070 1929 imitandus
1087 1903 1140 1928 ibid.

892 1960 922 1963 —
940 1946 1024 1969 Mariae
1041 1944 1134 1967 cuidam
1152 1943 1181 1965 ad
1199 1941 1368 1964 invocationem
1387 1940 1410 1962 S.

845 1986 960 2010 Francisci
971 1991 1032 2014 aqua
1050 1983 1184 2006 mirabiliter
1199 1980 1318 2004 exhibetur
1336 1980 1380 2002 562
1400 1980 1407 2001 1

893 2027 977 2049 Manius
993 2038 1024 2041 ——
1041 2030 1100 2052 puer
1122 2024 1216 2045 sanatus
1234 2027 1275 2049 per
1297 2021 1320 2042 S.
1343 2019 1412 2041 Fran-

845 2067 933 2089 ciscum
951 2065 991 2088 561
1014 2065 1027 2086 6

893 2106 1041 2128 1113000001011
1054 2115 1084 2119 -
1095 2102 1116 2124 S.
1128 2101 1264 2124 Franciscus
1273 2099 1315 2121 iter
1331 2104 1413 2120 versus

846 2144 998 2168 Marrochium
1016 2142 1113 2170 arripuit
1130 2141 1171 2163 531
1194 2140 1206 2162 6

893 2184 1007 2206 iniimus
1023 2194 1054 2198 —
1072 2181 1125 2203 Eius
1150 2178 1293 2202 tumulationi
1317 2178 1339 2199 S.
1358 2177 1411 2198 Am-

846 2223 938 2245 brosius
955 2221 1057 2244 interfuit
1074 2219 1119 2241 5l5
1146 2219 1171 2240 10
1195 2230 1225 2234 -
1247 2217 1327 2243 docet,
1351 2215 1411 2238 Chri-

846 2266 907 2285 stum
921 2268 966 2284 non
979 2267 1003 2283 se
1015 2259 1147 2283 exhibuisse
1159 2259 1313 2286 purpuratum
1328 2255 1371 2277 406
1382 2254 1411 2276 24

894 2301 1029 2324 ΜΑ11ΤΥ10011
1049 2312 1076 2315 -—
1093 2298 1182 2321 nullum
1200 2299 1247 2323 est,
1265 2295 1308 2317 nisi
1331 2295 1369 2316 1131
1390 2294 1412 2315 111

847 2340 1000 2364 ecclesiastica
1018 2338 1104 2361 unitate
1123 2337 1166 2359 436
1186 2337 1193 2358 1
1221 2348 1251 2352 -
1273 2334 1328 2357 nihil
1353 2333 1414 2355 valet

847 2381 897 2403 sine
914 2379 960 2402 fide
977 2378 1088 2401 catholica
1105 2376 1135 2399 ib.
1153 2376 1165 2398 3
1186 2388 1216 2392 -
1234 2375 1343 2401 Martyres
1360 2372 1414 2394 emi-

847 2423 902 2442 nent
919 2424 998 2441 amore
1015 2421 1037 2440 et
1055 2415 1187 2439 fortitudine
1205 2414 1245 2436 531
1272 2414 1285 2436 5
1312 2425 1341 2428 —
1367 2412 1414 2434 vio-

848 2460 919 2482 lenter
933 2457 1057 2486 inssigitur,
1069 2461 1213 2485 quamquam
1226 2452 1354 2476 voluntarie
1366 2457 1414 2479 per-

849 2500 932 2521 feratur
950 2498 995 2519 326
1008 2497 1037 2518 29
1050 2508 1080 2512 -
1092 2494 1199 2522 Martyrio
1211 2492 1310 2516 debetur
1322 2491 1414 2514 aureola

849 2542 958 2567 tanquam
977 2536 1041 2564 operi
1059 2534 1204 2563 privilegiato
1217 2533 1262 2555 250
1280 2532 1304 2553 19
1317 2544 1347 2548 -
1360 2531 1415 2553 Mar-

847 2580 925 2605 tyrum
942 2575 1052 2599 stabilitas
1069 2577 1091 2597 et
1108 2573 1216 2602 patientia
1237 2571 1336 2600 speciale
1361 2576 1415 2598 gau-

848 2617 913 2639 dium
930 2614 1027 2644 praebet
1044 2614 1118 2636 Beatis
1136 2613 1164 2635 62
1184 2612 1211 2634 18
1230 2624 1260 2628 -
1276 2610 1360 2632 Imitari
1378 2609 1415 2631 de-

847 2655 931 2678 bemus
948 2655 1058 2682 Martyres
1075 2659 1116 2681 per
1142 2651 1259 2674 caritatem
1283 2652 1305 2672 et
1326 2648 1415 2677 patien-

848 2695 902 2717 tiam
920 2694 944 2716 51
969 2694 997 2715 l7
1021 2705 1049 2708 -
1072 2691 1228 2720 appetendum
1247 2691 1342 2718 propter
1364 2687 1416 2710 bra-

848 2734 912 2756 vium
931 2733 959 2755 15
978 2733 990 2755 8
1017 2745 1047 2748 ——
1072 2730 1231 2759 appetendum
1249 2732 1343 2757 propter
1366 2733 1415 2755 per-

848 2774 969 2796 fectionem
987 2771 1128 2794 remissionis
1140 2770 1251 2797 offensae⁷
1269 2767 1414 2796 purgationis

848 2812 965 2839 maculae,
984 2810 1144 2834 satisfactionis
1167 2814 1266 2837 poenae,
1290 2806 1415 2829 sanctifica-

848 2852 915 2874 tionis
933 2851 955 2873 in
972 2850 1046 2878 gratia
1066 2850 1093 2871 12
1112 2850 1125 2871 2
1144 2861 1173 2864 -
1191 2848 1225 2870 Ad
1248 2846 1413 2874 appetitionem

848 2891 952 2919 martyrii
970 2896 1015 2912 non
1042 2888 1176 2917 pervenitur
1201 2887 1244 2909 0151
1267 2892 1308 2914 per
1334 2885 1415 2908 exstin-

848 2931 947 2953 ctionem
966 2928 1075 2952 incentivi
1087 2927 1141 2950 ibid.
1155 2939 1182 2942 —
1196 2927 1237 2948 Per
1249 2925 1413 2953 appetitionem

849 2969 952 2997 martyrii
970 2968 1104 2997 pervenitur
1121 2967 1151 2989 ad
1162 2971 1271 2994 soporem
1284 2964 1348 2992 pacis
1360 2962 1414 2986 ibid.

848 3021 878 3025 —
905 3008 1049 3031 Desiderium
1076 3006 1179 3034 martyrii
1204 3008 1238 3027 est
1262 3003 1413 3032 praecipuum

1696 249 1754 271 MED

1441 289 1645 316 propugnaculum
1663 289 1809 316 perfectionis
1827 290 1871 312 252
1893 290 1897 310 l
1914 302 1944 306 —
1957 290 2006 312 Per·

1441 328 1493 350 fecti
1511 328 1613 356 prompti
1630 331 1683 350 sunt
1705 328 1734 350 ad
1758 329 1894 356 martyrium
1917 329 1962 351 237
1984 330 2005 351 6.

1441 367 1485 388 256
1508 367 1533 389 14
1547 380 1575 383 —
1589 368 1698 395 Martyres
1715 374 1761 390 non
1778 371 1832 390 sunt
1848 368 1964 390 immunes
1976 368 2005 390 ab

1442 406 1571 429 infirmitate
1589 407 1663 429 carnis
1684 406 1728 429 237
1755 407 1776 428 6.
1802 406 1846 428 256
1876 407 1904 429 14
1929 419 1960 424 —
1985 409 2007 429 ln

1441 445 1548 472 perfectis
1559 451 1604 468 non
1616 449 1650 468 est
1662 449 1864 474 praesumtuosum
1881 446 1910 468 ad
1922 449 2008 474 marty-

1441 484 1501 506 rium
1519 485 1621 512 aspirare
1644 485 1689 508 255
1716 485 1743 507 13
1771 498 1799 500 -
1826 485 1854 507 Se
1879 486 2007 508 voluntarie

1442 524 1510 546 morti
1526 530 1641 552 exponere
1657 530 1702 546 non
1714 527 1748 547 est
1760 527 1892 552 peceatum,
1907 525 1948 547 sed
1961 525 2007 553 glo-

1441 563 1475 585 ria
1494 564 1618 591 Martyrum
1636 563 1681 585 254
1700 564 1712 585 6
1730 576 1761 580 —
1782 564 1892 591 Martyres
1909 570 1954 586 non
1971 564 2008 586 de·

1442 603 1542 626 buerunt
1560 605 1640 631 fugere
1651 603 1680 625 ad
1693 605 1812 630 peccatum
1833 606 2008 632 persecutorum

1442 643 1619 671 impediendum
1645 643 1689 665 257
1718 644 1744 665 18
1770 656 1801 659 —-
1826 644 1849 665 S.
1874 643 2009 666 Franciscus

1442 682 1580 710 martyrium
1597 688 1668 710 super
1685 682 1762 704 omnia
1776 682 1913 710 peroptabat
1928 683 1968 705 531
1986 683 2007 705 5.

1442 728 1477 750 sq.
1495 722 1539 744 532
1557 721 1580 743 7.
1599 728 1635 750 sq.
1652 734 1683 737 --
1698 721 1833 749 Recipiendi
1850 721 1879 744 ad
1897 721 2009 744 Ordinem

1443 761 1555 783 Minorum
1574 761 1647 788 parati
1665 766 1715 783 esse
1733 759 1818 783 debent
1830 760 1860 783 ad
1874 761 2008 788 martyrium

1442 799 1487 821 398
1505 799 1519 821 5

1490 839 1563 861 Massa
1582 852 1610 854 —
1628 839 1669 861 521
1691 839 1712 861 7.
1731 839 1776 862 557
1796 840 1816 861 2.
1834 839 1879 861 562
1898 840 1909 860 3

1491 879 1676 901 Massamanonuu
1694 891 1724 894 —
1742 879 1844 901 haeresis
1861 878 1964 901 cavenda
1977 881 2011 901 est

1443 917 1488 939 434
1506 918 1518 939 9

1490 958 1568 979 Marsi<
1585 970 1615 974 —
1632 957 1759 979 Invalidam
1777 958 1866 985 prolem
1893 957 1965 979 foveri
1988 960 2011 979 et

1443 1000 1575 1024 gementem
1594 997 1651 1019 lacte
1668 997 1743 1024 potari
1760 997 1827 1019 matri
1845 999 1878 1019 est
1896 996 2010 1019 desidera-

1444 1036 1500 1063 bile,
1518 1043 1599 1059 carum
1617 1039 1638 1058 et
1655 1036 1763 1064 placitum
1783 1036 1827 1059 318
1845 1036 1858 1058 7

1490 1076 1648 1098 Marmmouium
1666 1089 1696 1091 —
1713 1078 1747 1098 est
1770 1075 1943 1098 Sacramentum
1965 1076 2005 1097 261

1445 1115 1473 1136 ι12
1490 1127 1521 1131 —-
1538 1121 1584 1137 non
1602 1118 1636 1137 est
1653 1115 1776 1142 1011011001,
1789 1120 1842 1137 cum
1855 1120 1899 1136 non
1912 1114 1941 1136 sit
1957 1120 2011 1142 pec-

1444 1155 1579 1177 0301111241
1601 1155 1615 1177 7
1640 1167 1671 1170 -
1696 1160 1744 1177 1100
1763 1156 1797 1176 est
1822 1155 1943 1182 peccatum
1969 1159 2010 1176 nec

1445 1194 1532 1222 indIget
1549 1194 1617 1216 venia
1634 1193 1679 1216 244
1697 1200 1709 1215 a
1721 1206 1752 1210 —
1768 1200 1813 1216 non
1831 1196 1864 1216 est
1881 1195 2010 1221 peccatum,

1444 1234 1485 1256 sed
1504 1233 1663 1261 imperfectum
1677 1233 1721 1255 258
1740 1233 1753 1255 3
1772 1245 1801 1248 -
1818 1233 1847 1255 de
1864 1238 1905 1254 sua
1922 1232 2011 1254 ratione

1445 1275 1479 1295 est
1502 1273 1676 1300 imperfectum,
1698 1278 1744 1294 000
1762 1274 1837 1294 tamen
1858 1270 1972 1299 culpabile
1990 1273 2012 1293 et

1446 1312 1568 1340 displicens
1581 1312 1627 1334 Deo
1642 1312 1686 1334 268
1699 1312 1712 1333 6
1730 1323 1760 1328 —
1777 1317 1822 1333 non
1839 1311 1949 1338 competit
1965 1316 2011 1332 ma-

1445 1352 1481 1380 gis
1499 1352 1606 1379 perfectis
1623 1357 1693 1380 quam
1714 1351 1854 1378 imperfectis
1871 1350 1911 1372 261
1935 1350 1963 1372 12
1981 1362 2011 1366 -

1446 1392 1534 1413 Ducere
1553 1397 1646 1413 uxorem
1665 1396 1709 1412 non
1729 1392 1803 1418 potest
1820 1392 1880 1412 stare
1897 1395 1950 1412 cum
1963 1395 2012 1417 per-

1446 1431 1543 1452 fectione
1560 1429 1693 1457 evangelica
1712 1430 1756 1451 238
1776 1430 1796 1450 8.
1817 1429 1862 1451 244
1885 1435 1905 1450 a.
1929 1428 1974 1450 254
1997 1428 2011 1450 7

1446 1482 1475 1485 -
1493 1470 1542 1491 Non
1559 1473 1593 1491 est
1609 1469 1757 1491 adversarius
1774 1468 1877 1496 coniugii
1894 1468 1933 1496 qui
1951 1473 2012 1490 com-

1446 1509 1540 1531 mendat
1558 1508 1714 1536 virginitatem
1730 1508 1774 1530 236
1787 1508 1799 1529 3
1813 1520 1844 1523 -
1855 1513 1867 1529 3
1880 1507 2011 1529 Manichaeo

1447 1549 1501 1570 falso
1525 1550 1624 1576 negatur
1644 1553 1656 1569 a
1677 1548 1723 1569 Deo
1740 1547 1869 1569 institutum
1888 1546 1932 1568 268
1950 1546 1963 1568 6
1980 1558 2012 1562 -

1446 1587 1543 1615 Nuptiae
1562 1586 1726 1615 competebant
1744 1586 1811 1608 statui
1830 1585 1957 1608 testamenti
1975 1590 2012 1606 ve-

1446 1627 1500 1649 teris
1517 1627 1561 1649 263
1580 1627 1618 1648 20.
1636 1627 1680 1648 288
1699 1626 1720 1647 5.
1738 1632 1773 1654 sq.

1494 1666 1571 1688 MATTA
1588 1678 1619 1681 —
1636 1665 1681 1687 115
1698 1665 1711 1686 9

1493 1706 1627 1728 aluminis
1644 1717 1673 1720 —
1691 1704 1811 1732 poenitens
1823 1703 1923 1731 benigne
1938 1709 2013 1725 susce-

1446 1748 1500 1773 ptus
1517 1748 1551 1767 est
1567 1751 1579 1767 a
1598 1744 1687 1767 Christo
1704 1744 1734 1766 74
1753 1744 1781 1766 13
1799 1756 1829 1759 --
1843 1746 1891 1765 erat
1902 1745 2012 1770 peccator

1446 1788 1468 1807 et
1485 1784 1623 1813 publicanus
1641 1784 1669 1806 38
1688 1783 1717 1805 27
1736 1796 1765 1798 -
1790 1784 1906 1805 assumtus
1933 1784 1967 1804 est
1989 1781 2012 1803 in

1446 1825 1586 1852 discipulum
1605 1823 1658 1847 ibid.
1675 1836 1705 1840 -—
1726 1823 1842 1846 Christum
1862 1823 1963 1850 perfecte
1980 1827 2012 1843 se-

1446 1867 1520 1886 ctatus
1538 1863 1662 1886 imitandus
1678 1862 1708 1885 74
1726 1863 1755 1884 13
1773 1874 1803 1878 -—
1820 1861 1916 1885 clericus
1929 1867 1969 1889 per
1990 1861 2012 1883 S.

1445 1903 1592 1926 Franciscum
1611 1908 1623 1924 a
1641 1905 1714 1924 morte
1732 1901 1841 1924 liberatus
1859 1901 1904 1923 555
1926 1901 1951 1922 12

1493 1943 1644 1965 Marunrm'ns
1660 1954 1690 1958 —
1708 1942 1815 1963 honestas
1828 1939 1978 1968 perpenditur
1989 1939 2012 1961 10

1447 1982 1519 2004 tribus
1537 1982 1576 2004 141
1600 1982 1622 2004 6.
1641 1987 1693 2010 sqq.

1494 2022 1615 2044 [liminum
1633 2033 1662 2036 —
1679 2021 1753 2043 solent
1770 2019 1916 2047 turpissimos
1928 2024 2013 2041 sermo-

1447 2067 1488 2083 nes
1505 2064 1610 2083 eructare
1628 2060 1672 2082 419
1692 2060 1700 2081 1

1492 2101 1670 2123 Nummum-run
1690 2111 1720 2115 —
1744 2098 1929 2121 efficacissimum
1947 2102 2012 2124 prae-

1446 2146 1543 2162 servans
1560 2143 1581 2162 et
1598 2144 1709 2166 reparans
1721 2140 1755 2160 est
1766 2137 1866 2160 verbum
1879 2136 1954 2159 crucis
1966 2138 2012 2158 tan-

1445 2185 1515 2208 quam
1535 2179 1612 2201 solium
1631 2178 1686 2205 ligni
1704 2177 1763 2199 vitae
1781 2177 1810 2199 69
1823 2177 1836 2198 3
1849 2188 1879 2192 —-
1891 2181 1937 2198 non
1954 2175 2013 2198 sicut

1446 2218 1550 2246 expedit,
1567 2223 1638 2245 aegro
1657 2219 1788 2245 porrectum
1806 2215 1875 2238 laedit
1891 2216 1931 2237 381
1954 2221 1966 2237 3
1981 2227 2012 2230 -

1446 2258 1475 2280 311
1492 2257 1622 2279 sanandum
1639 2259 1660 2278 et
1678 2255 1845 2284 reparandum,
1864 2261 1909 2277 000
1921 2254 1950 2277 311
1963 2260 2012 2276 530-

1446 2297 1555 2319 ciandum
1583 2296 1620 2318 vel
1647 2295 1814 2318 destruendum
1839 2296 1930 2322 reperta
1960 2296 2013 2316 sunt

1447 2335 1501 2359 ibid.

1494 2376 1593 2398 lllenicus
1608 2387 1639 2391 —
1656 2373 1781 2402 corporalis
1798 2376 1820 2396 et
1841 2372 1964 2401 spiritualis
1981 2372 2014 2395 di-

1447 2415 1525 2443 ligenti
1542 2414 1709 2437 examinatIOne
1726 2413 1814 2441 indiget
1834 2413 1874 2434 361
1896 2418 1909 2434 3
1926 2424 1957 2428 -
1977 2417 2011 2434 30-

1448 2460 1503 2482 gros
1520 2454 1587 2476 docet
1603 2460 1614 2475 a
1632 2453 1676 2476 sibi
1694 2452 1766 2475 noxiis
1791 2451 1906 2474 abstinere
1930 2451 1974 2473 359
1998 2450 2014 2472 b

1447 2506 1479 2510 —
1495 2493 1583 2515 Medico
1600 2492 1735 2515 obedienter
1753 2491 1962 2519 obtemperandum
1980 2492 2014 2512 est

1450 2533 1493 2555 132
1511 2533 1524 2555 2
1542 2545 1572 2548 —-
1589 2533 1704 2560 Aegrotus
1721 2531 1770 2554 sine
1787 2530 1929 2559 praeiudicio
1945 2529 2013 2552 unius

1449 2572 1532 2594 medici
1549 2572 1618 2594 etiam
1636 2572 1692 2594 alios
1709 2569 1819 2593 athbere
1831 2572 1906 2597 potest
1923 2569 1968 2591 378
1984 2569 2013 2591 12

1495 2611 1619 2633 Mamurio
1640 2623 1670 2627 —
1692 2610 1811 2639 quomodo
1829 2608 1969 2631 instituenda
1985 2607 2014 2630 sit

1449 2650 1493 2672 478
1511 2650 1533 2672 7.
1550 2656 1601 2679 sqq.
1620 2662 1649 2665 —
1666 2650 1688 2672 ln
1709 2649 1856 2671 meditatione
1881 2648 1938 2670 ratio
1964 2653 2014 2675 per-

1448 2690 1577 2712 cunctando
1590 2690 1655 2712 011011
1670 2689 1863 2717 propositionem,
1881 2686 2013 2715 synderesis

1448 2729 1606 2752 sententiando
1618 2729 1705 2756 profert
1716 2727 1873 2750 definitionem
1881 2745 1886 2755 ‚
1898 2726 2014 2749 conscien-

1448 2768 1477 2790 tia
1496 2768 1638 2790 testilicando
1655 2768 1722 2790 infert
1736 2766 1920 2792 conclusionem,
1933 2765 2013 2787 volun-

1449 2810 1482 2830 tas
1499 2807 1662 2835 praeeligendo
1685 2806 1756 2828 defert
1780 2806 1918 2828 solutionem
1943 2804 1957 2826 7
1984 2803 2012 2825 19

1447 2859 1478 2863 -
1495 2848 1518 2868 10
1536 2846 1683 2869 meditatione
1701 2848 1746 2868 tota
1769 2845 1847 2867 anima
1872 2844 1941 2867 debet
1963 2849 2013 2865 esse

1448 2887 1534 2908 intenta
1546 2885 1674 2908 secundum
1691 2890 1772 2907 omnes
1789 2884 1851 2906 vires
1862 2882 1917 2906 ibid.
1928 2896 1959 2899 —
1970 2883 2013 2905 Me-

1448 2925 1542 2948 ditando
1567 2925 1739 2947 exercitandum
1765 2928 1799 2946 est
1821 2924 1880 2946 circa
1899 2922 2011 2950 triplicem

1447 2965 1509 2987 viam
1527 2965 1540 2986 3
1559 2965 1581 2986 1.
1597 2970 1633 2993 sq.
1649 2964 1663 2986 7
1685 2964 1718 2985 18.
1738 2964 1760 2985 11
1785 2963 1812 2985 12
1830 2962 1895 2984 —in
1911 2962 1947 2984 via
1960 2967 2013 2989 pur-

1448 3004 1524 3032 gativa
1542 3004 1555 3026 6
1574 3004 1587 3025 9
1604 3016 1635 3020 --
1652 3003 1728 3025 0101115
1744 3005 1784 3025 aut
1800 3005 1834 3025 est
1859 3002 1919 3024 circa
1941 3005 2011 3028 opera
