2133 3317
785 221 1027 251 PROLEGOMENA
1048 223 1076 251 C.
1099 223 1116 251 1.

147 305 184 328 26.
201 303 287 327 Montis
303 302 450 332 Anyelorum
467 302 492 324 in
508 302 623 329 Helvetia,
640 300 778 324 bibliotheca
798 300 927 322 monasterii

85 352 139 375 Ord.
156 352 178 373 S.
196 350 324 378 Benedicti,
347 350 401 372 cod.
418 349 454 371 Vt.
480 349 517 371 30.
535 347 633 370 membr.
650 353 710 370 saec.
736 347 797 370 XVl.
822 347 928 369 ineuntis.

83 411 115 416 —
131 398 219 421 Titulus
236 397 304 419 huius
321 396 425 425 opusculi
442 399 477 418 est
494 396 532 418 tol.
549 401 567 418 r.
583 401 628 417 non
645 397 779 416 numerato:
797 393 888 417 Cursus
900 393 927 416 de

81 444 192 475 passione
205 443 306 466 Domini.
322 443 385 465 Ordo
396 445 513 469 servatur,
530 441 571 464 sed
583 441 691 464 nonnulla
707 441 814 463 differunt
830 439 860 462 ab
883 440 928 463 edi-

85 492 145 514 tione
165 490 280 513 Vatimna.

146 538 183 560 27.
201 537 312 565 Parisiis,
335 536 472 559 bibliotheca
495 535 629 563 Nationalis,
652 535 704 558 cod.
725 535 808 557 16309.
825 533 925 557 membr.

83 586 106 608 in
123 585 145 607 4.
162 590 221 607 saec.
238 584 298 606 XlV.
311 587 363 612 post
377 583 490 606 medium.
500 594 532 599 ·-
543 583 590 604 Fol.
607 582 661 604 322.
674 588 707 604 r.:
725 580 809 610 Incipit
825 580 927 610 officiunt

83 633 163 656 sancte
179 630 262 655 Crucis
278 630 420 660 completum
436 636 452 653 a
467 630 545 659 fratre
558 630 726 652 nonai-enema
743 627 775 651 ad
790 633 871 657 preces
888 627 925 651 do·
954 635 955 639 ¹

83 677 143 701 mini
157 677 278 701 Ludovici.
294 676 406 704 Domino,
424 675 485 699 labia
498 682 550 699 mea
568 678 611 698 etc.
623 675 707 704 lienem
724 674 869 704 crzucifiannn
881 674 927 697 Do-

83 724 173 747 minum
186 723 259 747 venite
268 723 404 746 adorem-us.
415 722 501 745 Desinit
511 722 677 749 incomplctum
689 722 725 743 iol.
739 721 790 743 123.
800 727 822 743 v.
834 720 925 743 vei-bis:

82 770 129 795 Fili
145 769 189 794 Dei
202 769 261 798 civi,
273 771 326 793 Iesu
336 770 395 798 XIe,
414 768 455 799 qni
470 768 591 792 humiliter
606 768 633 791 de
653 767 748 797 Vir-nine
764 769 862 790 natus...

145 818 182 840 28.
199 817 282 841 Sancti
298 817 373 845 Galli,
391 816 526 839 bibliotheca
541 816 681 843 monasterii,
699 815 750 838 cod.
763 816 835 837 chart.
847 815 868 837 iu
887 816 924 838 112.

81 870 141 888 saec.
159 865 209 887 XV.
225 876 256 880 —
272 864 357 892 Pagina
375 864 400 886 7t
424 864 447 885 in
464 863 583 891 superiore
596 862 701 890 margine
718 862 816 890 legitur:
834 862 926 885 Cnrsns

82 909 110 933 de
123 909 234 940 passione
252 909 353 933 Domini.
370 910 422 932 Post
446 909 564 938 quandam
589 908 717 930 orationem
739 907 858 936 sequitur:
883 908 926 930 Do-

82 956 152 984 mine,
169 955 232 980 labia
248 962 326 979 mea...
347 956 423 979 A'tum
445 956 541 985 captum
562 956 584 978 et
600 954 706 977 derisum
723 957 765 976 etc.
787 954 873 976 Desinit
895 953 924 976 ad

82 1004 262 1033 Completorium
289 1010 344 1032 pag.
369 1004 397 1025 88
415 1004 458 1025 hac
474 1003 589 1025 oratioue:
606 1001 705 1025 Domine
725 1002 778 1024 Iesu
803 1001 861 1029 Χία,
884 1000 926 1030 qni

82 1051 141 1075 Iiora
159 1050 310 1080 completorii
325 1049 408 1073 dimisti
423 1049 541 1079 Apostolis
558 1048 619 1072 tuis:
634 1047 716 1071 Tristis
728 1049 763 1071 est
778 1047 859 1070 anima
872 1053 924 1070 mea

84 1104 155 1132 usqne
170 1097 202 1121 ad
217 1099 325 1125 moriem,
343 1098 364 1120 et
380 1096 456 1120 tribus
472 1095 561 1119 vicibus
578 1095 655 1119 orasti
673 1095 705 1118 ad
720 1095 829 1123 Patrem,
849 1096 882 1122 nt,
904 1094 926 1118 si

81 1146 141 1168 esset
153 1143 275 1174 possibile,
292 1143 466 1173 transferretur
482 1149 496 1165 a
509 1145 530 1165 te
547 1142 612 1165 calia-
631 1141 751 1171 passionis
768 1143 822 1169 tae‚·
838 1143 859 1164 et
879 1148 924 1170 pre

82 1191 192 1221 anqustia
210 1192 232 1214 et
247 1196 335 1220 pavore
360 1189 444 1213 mentis
466 1189 626 1218 sanquineum
650 1188 763 1211 sudorem
787 1187 881 1211 sudasti
901 1189 922 1211 ct

83 1237 277 1268 confortationem
294 1236 324 1259 ab
336 1236 425 1266 Anyelo
441 1235 566 1265 suscepisti
582 1235 609 1258 de
626 1235 688 1258 celo:
704 1235 751 1262 Ne,
770 1240 854 1264 qiwso,
871 1241 923 1264 per-

81 1284 167 1312 mittas,
182 1283 255 1307 mein
267 1289 353 1306 manus
365 1282 496 1306 crudelium
515 1281 665 1305 inimicorum
679 1283 777 1304 tuorum
794 1280 870 1308 tradi,
883 1280 924 1303 scd

82 1330 173 1358 iubeas,
190 1336 227 1353 me
243 1329 331 1352 adduci
343 1335 387 1359 per
399 1335 486 1352 manus
503 1329 643 1351 sanctornm
655 1327 802 1357 Anyelorum
826 1329 923 1350 tuarum

82 1377 113 1400 :id
128 1378 149 1400 te
162 1376 289 1406 pissimum
307 1375 441 1406 episcopum
455 1374 560 1405 fidelium
571 1373 722 1402 animarum,
742 1373 784 1403 qui
800 1372 857 1396 viris
880 1376 921 1395 etc.

82 1424 138 1453 Quia
155 1424 260 1452 pluribus
277 1424 298 1446 ῑιι
316 1423 435 1446 codicibus
458 1423 521 1452 (vide
538 1429 560 1444 u.
577 1422 600 1444 ὕ.
611 1422 632 1444 (i.
654 1422 688 1443 l0.
705 1421 751 1449 3l.)
768 1421 851 1449 legitur
868 1421 923 1442 haec

80 1473 163 1499 oratio,
180 1472 233 1494 ideo
250 1474 406 1500 opportunum
424 1470 532 1493 duximus
544 1469 579 1492 hic
591 1475 642 1492 cam
659 1469 768 1491 inserere.

143 1518 180 1540 29.
196 1517 280 1541 Sancti
296 1517 367 1540 Pauli
383 1517 404 1540 in
417 1517 543 1543 Corinthia,
560 1515 696 1538 bibliotheca
710 1515 854 1542 Conventus,
871 1515 923 1537 cod.

81 1565 138 1588 Blas.
154 1565 193 1587 76.
209 1564 308 1587 membr.
325 1564 348 1586 in
362 1565 399 1587 t2.
417 1570 477 1586 saec.
490 1564 550 1586 xw.
567 1563 673 1586 ineuntis.
685 1575 714 1579 —
727 1563 772 1584 Fol.
792 1563 812 1584 1.
829 1568 848 1584 r.
860 1568 923 1590 prae-

82 1611 176 1635 mittitur
192 1613 248 1634 haee
264 1611 360 1634 notitia:
377 1611 464 1634 Frater
481 1609 579 1633 Iodocns
594 1609 728 1637 Scitiissler,
741 1608 790 1632 diri
799 1608 924 1632 Francisoi

81 1658 177 1682 Ordinis
193 1658 354 1682 conventualis
380 1651 562 1687 libertinarum&
582 1657 645 1680 lianc
662 1655 750 1679 librum
768 1655 871 1685 possidet
893 1654 923 1678 ab

80 1711 143 1728 anno
165 1705 261 1728 Domini
276 1704 353 1728 4574.
371 1705 479 1733 sequitur
494 1704 673 1730 kalendarium,
691 1703 757 1725 hinc:
774 1702 857 1731 Incipit
868 1708 923 1725 cur-

80 1759 122 1776 sus
138 1752 166 1776 de
180 1752 292 1782 passione
309 1752 337 1775 D.
354 1752 383 1775 N.
401 1752 419 1774 I.
435 1751 486 1774 Xti.
505 1750 615 1777 Domine,
635 1749 698 1772 labia
721 1755 773 1772 mea
795 1752 837 1771 etc.
857 1748 923 1771 Clu-i-

80 1802 143 1823 stum
160 1801 257 1829 captum
273 1801 296 1822 et
312 1798 417 1822 derisum
434 1802 477 1821 etc.
495 1798 580 1820 Desinit
599 1797 635 1819 t‘ol.
657 1797 696 1819 33.
715 1803 734 1819 r.
751 1799 775 1818 ut
793 1796 814 1818 in
831 1796 906 1819 editis.

142 1848 180 1870 30.
198 1846 348 1870 Solotlturnii
370 1846 390 1868 in
409 1845 522 1873 Helvetia,
547 1844 683 1867 bibliotheca
709 1843 822 1866 Ecclesiae
850 1844 924 1866 cathc-

80 1893 161 1921 dralis,
178 1893 231 1916 cod.
251 1892 348 1915 membr.
365 1893 387 1915 iu
405 1893 426 1919 8,
443 1898 488 1915 non
505 1892 564 1920 sign.
583 1897 643 1914 saec.
661 1891 721 1913 XlV.
738 1893 791 1913 ante
812 1890 925 1912 medium.

79 1953 111 1958 —
129 1941 181 1963 Post
199 1940 253 1962 alias
270 1946 351 1968 preces
368 1940 406 1962 tol.
430 1945 449 1961 r.
465 1945 510 1961 non
533 1941 667 1961 numerato:
686 1937 769 1967 Incipit
790 1943 876 1960 clusus
897 1936 925 1959 cle

78 1986 190 2016 passione
206 1985 308 2009 Domini.
324 1985 458 2008 Admodum
475 1985 549 2007 dissert
563 1984 593 2006 ab
610 1984 678 2006 edito.

144 2034 182 2056 31.
201 2032 315 2061 Tridenti,
335 2032 469 2055 bibliotheca
493 2031 608 2059 cix-itatis,
625 2038 651 2054 ex
674 2031 808 2053 collectione
825 2030 923 2058 Tonelli,

81 2080 133 2103 cod.
149 2080 199 2102 sIne
216 2086 280 2102 num.
297 2078 395 2101 membr.
412 2079 435 2101 in
454 2079 491 2101 112.
508 2084 568 2101 saec.
584 2078 636 2100 XV.
655 2080 706 2106 post
723 2077 835 2099 medium.
846 2088 878 2093 —
889 2077 925 2099 Ot-

81 2127 158 2149 ficium
176 2126 289 2154 passionis
307 2126 385 2153 incipit
402 2126 437 2148 sol.
451 2131 496 2147 non
514 2127 647 2147 numerato:
666 2123 841 2147 invitatorium.
858 2122 925 2146 Clari-

80 2175 144 2198 stum
161 2175 256 2203 captum
273 2175 294 2196 et
311 2172 412 2196 irrisum
427 2176 470 2195 etc.
488 2172 574 2194 Desinit
590 2172 612 2194 in
630 2171 734 2194 oratione
750 2171 778 2193 ad
797 2170 925 2198 Completo-

79 2221 154 2244 rium:
171 2219 269 2244 Domine
286 2221 338 2243 lesu
356 2219 459 2247 Christe,
478 2219 519 2249 qui
534 2219 595 2242 liora
612 2218 658 2242 diei
673 2217 757 2241 ultima
776 2220 819 2240 etc.

144 2268 182 2290 32.
201 2267 312 2294 Venctiis,
331 2266 468 2289 bibliotheca
491 2266 562 2289 sancti
581 2266 661 2293 Marci,
679 2265 730 2288 cod.
753 2265 819 2287 class.
844 2265 868 2286 ll.
886 2264 923 2286 53.

81 2313 181 2337 membr.
197 2314 221 2336 in
234 2314 270 2336 16.
282 2319 341 2336 saec.
359 2313 410 2335 XV.
426 2325 457 2330 —
467 2313 530 2335 Folio
545 2312 596 2335 127.
609 2319 644 2334 v.:
657 2310 741 2341 Incipit
760 2310 861 2341 officiam
871 2316 924 2340 pas-

81 2359 155 2383 sionis
172 2361 199 2383 D.
216 2360 247 2383 N.
264 2360 281 2382 I.
298 2359 349 2383 Xti.
370 2359 483 2387 Domine,
509 2358 572 2382 labia
596 2364 649 2381 mea
673 2360 717 2380 etc.
734 2358 818 2387 Reyem
844 2356 925 2380 Cruci-

82 2407 160 2436 fiztim
178 2407 228 2435 (sic)
251 2406 325 2429 venite
341 2405 476 2429 adoremus.
499 2406 586 2428 Desinit
602 2405 631 2428 ad
654 2404 835 2433 Completorium
855 2406 878 2426 ut
900 2404 922 2425 in

80 2453 143 2476 edito
165 2453 202 2475 sol.
221 2453 273 2475 166.

145 2501 182 2523 33.
199 2499 298 2528 Ibidem,
316 2500 367 2522 cod.
383 2500 449 2522 class.
468 2500 492 2522 11.
517 2499 554 2521 555
573 2498 671 2522 membr.
689 2498 709 2521 in
728 2498 765 2520 116.
790 2504 849 2520 sace.
873 2497 924 2519 XV.

81 2546 188 2569 ineuntis.
205 2559 235 2562 —
251 2547 289 2569 list
305 2545 396 2568 rubrica
409 2546 432 2568 in
450 2547 488 2568 sol.
504 2546 556 2567 1106.
569 2552 600 2568 r.:
618 2544 701 2574 Incipit
716 2544 818 2574 officium
834 2543 924 2573 passio-

84 2592 120 2616 nis
138 2593 164 2615 D.
180 2593 211 2616 N.
229 2594 246 2616 I.
262 2593 311 2616 Xti.
330 2593 415 2616 Desinit
432 2593 460 2615 ad
484 2593 610 2615 orationem
628 2591 774 2620 Completorii
789 2594 814 2614 ut
831 2597 925 2619 pracce-

83 2640 146 2662 dens.

145 2686 183 2709 34.
202 2686 300 2715 Ibidem,
320 2687 372 2709 cod.
389 2687 455 2709 class.
472 2687 495 2709 ll.
518 2687 550 2708 18.
575 2685 672 2708 membr.
688 2686 712 2708 in
737 2686 770 2707 16.
793 2691 852 2707 saec.
873 2685 924 2707 XV.

83 2745 114 2750 —
133 2733 178 2756 Fol.
198 2739 216 2756 r.
232 2740 278 2756 non
300 2737 422 2756 numerato
441 2734 517 2756 aureis
539 2733 633 2756 litteris:
650 2732 733 2762 Incipit
754 2732 856 2762 alliciam
871 2738 924 2761 pas-

82 2779 154 2803 sionis
170 2780 267 2803 Domini
276 2780 353 2804 nostri
368 2781 421 2804 Iesu
435 2780 528 2804 Christi.
541 2780 626 2803 Desinit
643 2780 672 2802 ad
689 2779 869 2807 Completorium
883 2785 924 2807 per

83 2825 222 2848 orationem:
239 2826 338 2849 Domine
355 2827 406 2849 Iesu
420 2826 524 2854 Christe,
542 2825 584 2855 qui
599 2825 623 2848 in
640 2825 699 2848 liora
718 2825 763 2848 diei
779 2825 862 2848 ultima
880 2828 924 2847 cte.

786 2871 799 2879 ,-

145 2873 183 2895 35.
199 2872 297 2900 Ibidem,
316 2873 367 2895 cod.
386 2873 469 2896 Musaei
493 2873 576 2895 Correr
598 2872 669 2895 Class.
687 2872 713 2894 V.
740 2878 761 2894 n.
791 2879 808 2894 l.
825 2871 924 2894 membr.

84 2917 105 2940 in
128 2919 165 2941 16.
181 2925 242 2942 sace.
258 2920 308 2942 XV.
326 2932 356 2936 —
374 2920 419 2942 1⁷01.
439 2926 457 2942 r.
475 2926 519 2942 nou
538 2922 673 2942 numerato:
695 2918 812 2948 Incipiunt
829 2918 856 2941 de
872 2925 924 2948 pas-

84 2965 147 2989 sione
179 2966 280 2989 Domini.
303 2966 339 2990 Ad
363 2966 501 2990 nuttulinas.
527 2967 674 2995 Prosequitur
699 2973 773 2995 usquc
804 2966 833 2988 ad
859 2966 924 2988 (Itun-

1752 224 1827 252 thtt

985 300 1120 328 pletorium,
1137 301 1203 323 cuius
1220 301 1317 324 orationi
1334 301 1439 324 additur:
1457 301 1520 324 Laus
1542 301 1573 324 sit
1594 302 1654 328 A'to,
1672 301 1714 331 qui
1727 303 1825 331 patrum

984 348 1114 369 ceterum...
1133 353 1189 370 caro
1206 347 1324 376 refloruit.
1341 349 1422 370 Amen.

1047 394 1085 415 36.
1112 393 1210 417 Vicetiae
1235 394 1352 423 (Viccnzn)
1378 395 1400 417 in
1425 395 1498 421 ltalia,
1524 394 1661 417 bibliotheca
1687 395 1826 423 BertoHana,

984 440 1038 462 cod.
1054 441 1080 462 G.
1098 441 1119 462 2.
1136 440 1159 462 7.
1181 441 1218 462 23.
1237 440 1334 463 membr.
1357 441 1377 463 in
1396 441 1432 463 12.
1450 446 1509 463 saec.
1531 441 1582 463 XV.
1599 443 1651 468 post
1669 441 1826 463 medietatem.

984 500 1015 504 —
1031 488 1077 510 Fol.
1096 495 1140 511 non
1157 492 1293 511 numerato:
1311 487 1394 518 Incipit
1419 488 1521 518 officium
1537 487 1685 512 sanctissime
1706 488 1827 518 passionis

983 533 1080 556 Domini
1094 533 1173 557 nostri
1187 535 1240 557 lesu
1257 533 1308 558 Xti.
1326 534 1362 557 Act
1378 534 1532 558 Matutinum.
1545 534 1693 563 Prosequitur
1711 541 1784 563 usque
1797 535 1825 557 ad

955 571 956 579 ¹
984 579 1174 608 Completorium,
1191 581 1232 603 sed
1250 581 1314 608 plura
1332 581 1465 609 discrepant
1481 581 1511 604 ab
1528 581 1598 604 edito.

1047 626 1084 648 37.
1101 626 1199 651 Ibidem.
1220 627 1272 650 cod.
1288 628 1313 649 G.
1331 628 1353 650 ⁶2.

984 673 1094 696 exeuntis.
1111 686 1142 690 —
1159 674 1232 696 Ilabct
1249 674 1352 696 initium:
1369 674 1452 704 Incipit
1469 674 1570 705 officium
1587 676 1667 698 sancte
1683 675 1769 698 crucis.
1786 675 1826 698 De·

1371 628 1394 650 7.
1410 628 1448 650 29.
1474 627 1572 650 membr.
1589 628 1612 650 in
1634 629 1670 650 16.
1693 634 1752 651 saec.
1775 628 1825 650 XV.

984 720 1038 742 sinit
1055 721 1092 743 iol.
1113 721 1193 743 ultimo
1211 725 1302 743 exarato
1320 721 1349 743 ad
1367 722 1447 743 horam
1464 721 1618 750 Completorii.

1047 768 1084 790 38.
1106 767 1257 796 II'einntriae,
1274 768 1411 791 bibliotheca
1429 769 1532 797 Ducalis,
1549 770 1602 792 cod.
1620 769 1646 791 O.
1664 770 1701 792 (32.
1725 769 1824 792 membr.

983 813 1006 835 in
1025 814 1045 835 8.
1063 820 1123 836 saec.
1140 814 1200 837 XlV.
1217 815 1326 838 exeuntis.
1343 827 1373 832 —
1391 815 1490 838 liubi-ica
1513 815 1581 838 huius
1597 815 1697 838 occurrit
1718 816 1756 838 sol.
1773 817 1826 838 112.

1763 861 1825 885 labia

982 912 1035 929 ntea
1052 910 1110 929 etc...
1126 907 1202 930 A'tunt
1220 909 1315 936 captum
1332 909 1353 930 et
1369 907 1482 931 derisum.
1500 908 1586 930 Desinit
1602 909 1640 931 tol.
1662 909 1710 931 132.
1729 915 1752 931 v.
1774 915 1826 931 ver-

983 866 1005 881 v.
1023 859 1116 882 verbis:
1141 860 1260 889 Incipiunt
1277 860 1333 883 hore
1358 860 1385 883 de
1409 861 1518 890 passione
1541 861 1592 884 Xli.
1617 861 1729 889 Domine,

982 952 1030 975 bis:
1047 953 1159 976 tradatur
1176 960 1263 983 corpus
1280 955 1389 977 nostrum
1404 954 1499 984 pult-eri
1520 957 1541 978 ct
1558 955 1639 978 anima
1656 957 1739 979 nostra
1763 962 1826 979 crea-

982 999 1040 1027 tori,
1058 999 1099 1029 qui
1114 999 1170 1023 ciris
1188 1002 1209 1023 et
1224 1006 1312 1029 twynus
1330 1004 1372 1023 etc.

1047 1047 1060 1075 ζ’,
1081 1048 1114 1070 10.
1132 1046 1266 1077 Opusculum
1281 1047 1309 1070 X.
1327 1047 1388 1070 Vitis
1405 1047 1512 1078 mystica..

1043 1101 1064 1117 a.
1082 1095 1161 1122 lncipit
1179 1096 1221 1117 hoc
1238 1095 1376 1122 opusculum
1394 1095 1441 1118 sic:
1458 1096 1508 1124 Egla
1526 1101 1580 1118 sitm
1592 1094 1645 1118 vivitis
1662 1101 1732 1123 vera,
1744 1098 1766 1118 et
1777 1096 1826 1123 plu-

981 1142 1026 1164 ries
1043 1142 1182 1169 impressum
1199 1144 1234 1163 cst
1251 1141 1309 1164 inter
1325 1147 1396 1169 opera
1415 1142 1437 1163 S.
1450 1142 1557 1164 Bernardi
1575 1148 1628 1164 cuni
1647 1142 1725 1164 titulo:
1745 1150 1755 1161 n
1769 1141 1825 1164 Tra-

981 1192 1054 1212 ctatus
1071 1189 1100 1211 de
1118 1189 1225 1216 passione
1242 1188 1332 1211 Domini
1344 1197 1366 1211 υ.
1384 1189 1449 1217 Quod
1467 1191 1544 1211 autem
1563 1189 1615 1211 huic
1628 1188 1681 1211 illud
1692 1188 1824 1211 abiudican-

980 1236 1036 1258 dum
1046 1235 1081 1263 sit,
1091 1238 1181 1263 praeter
1194 1235 1355 1258 bellarminum
1362 1238 1385 1257 ct
1394 1234 1526 1258 Labbaeum
1539 1235 1606 1257 etiam
1619 1235 1715 1263 insignis
1727 1241 1824 1263 operum

982 1282 1088 1305 Bcrnardi
1102 1282 1181 1310 editor,
1197 1283 1255 1304 ioan.
1268 1281 1419 1308 Mabillonius,
1430 1282 1510 1304 asserit
1527 1281 1632 1311 libroque
1644 1282 1750 1310 praefigit
1766 1283 1825 1304 hanc

980 1333 1076 1352 notam:
1097 1338 1106 1350 α
1119 1330 1168 1352 Νοιι
1185 1333 1219 1351 est
1237 1330 1258 1351 S.
1276 1329 1397 1356 Bernardi,
1414 1329 1455 1352 sed
1472 1329 1593 1352 cuiusdam
1610 1329 1702 1351 alterius
1724 1330 1824 1352 auctoris

981 1377 1012 1404 pii
1029 1382 1071 1398 nec
1089 1376 1175 1398 indocti
1192 1381 1234 1398 nec
1252 1375 1397 1403 inelegantis,
1410 1375 1449 1404 qui
1463 1382 1548 1403 parvos
1559 1381 1678 1398 sermones
1690 1376 1824 1403 conscripsit

980 1430 1006 1446 ex
1023 1429 1088 1445 num.
1106 1424 1135 1445 53
1147 1431 1169 1445 ιι.
1187 1423 1242 1451 Quis
1259 1425 1336 1445 autem
1353 1423 1381 1444 sit
1399 1423 1435 1444 liic
1452 1426 1531 1445 auctor
1547 1429 1590 1445 nec
1607 1423 1712 1445 indoctus
1727 1429 1768 1445 nec
1781 1423 1824 1445 inc-

979 1471 1070 1499 legans,
1088 1470 1117 1493 de
1135 1471 1190 1497 hoe,
1207 1470 1270 1498 quod
1287 1469 1386 1496 scimus,
1403 1475 1472 1492 nemo
1491 1469 1608 1498 inquisivit
1620 1476 1694 1498 usque
1706 1470 1735 1492 ad
1747 1470 1770 1492 Ρ.
1782 1471 1823 1493 lto·

978 1517 1039 1540 nelli.
1057 1517 1097 1539 llic
1114 1517 1190 1543 enim,
1207 1522 1260 1538 cum
1277 1516 1297 1538 ei
1315 1516 1477 1538 communicati
1495 1519 1570 1539 essent
1587 1516 1634 1538 duo
1650 1516 1741 1539 codices
1758 1508 1824 1545 (scili'

979 1567 1014 1587 cet
1032 1563 1217 1586 vindobonensis
1235 1566 1257 1585 et
1273 1563 1446 1590 Gottwicensis‚
1462 1563 1530 1586 etiam
1546 1569 1558 1585 a
1575 1563 1643 1586 nobis
1660 1564 1717 1586 inira
1735 1563 1824 1596 notatit

979 1610 1019 1639 qui
1036 1615 1121 1632 nomeu
1138 1610 1319 1632 Bonarenturae
1335 1609 1389 1631 huic
1405 1609 1516 1637 opusculo
1534 1612 1664 1637 apponunt,
1677 1609 1723 1631 side
1738 1597 1822 1632 horum

979 1658 1086 1680 codicum
1103 1661 1125 1679 ct
1136 1657 1184 1679 aliis
1196 1657 1285 1679 iudiciis
1303 1660 1392 1683 motus,
1404 1657 1493 1684 putavit
1510 1657 1578 1679 totius
1594 1659 1702 1679 tractatus
1719 1657 1772 1680 editi
1787 1664 1824 1680 au-

979 1707 1066 1727 ctorem
1083 1710 1134 1726 esse
1151 1704 1173 1726 S.
1191 1704 1385 1726 Bonaveuturam.
1403 1704 1468 1726 Vidit
1483 1704 1577 1733 quidem
1599 1708 1621 1726 et
1642 1706 1761 1727 consessus
1778 1708 1824 1731 cst,

980 1752 1003 1773 in
1015 1751 1094 1773 codice
1108 1750 1281 1772 Viudobouensi
1293 1753 1315 1772 et
1326 1751 1397 1772 multo
1410 1750 1484 1778 magis
1496 1751 1517 1773 in
1530 1751 1573 1773 alio
1586 1751 1704 1773 manifeste
1720 1754 1824 1774 truncato

981 1801 1102 1821 tractatum
1125 1799 1186 1820 hunc
1208 1797 1310 1820 exhiberi
1333 1798 1405 1820 multo
1425 1798 1487 1820 edito
1512 1797 1651 1820 breviorem.
1672 1798 1825 1821 Nihilominus

980 1851 1026 1867 nou
1045 1845 1174 1872 suspicatus
1191 1847 1237 1871 est,
1254 1843 1386 1866 breviorem
1404 1844 1464 1866 illam
1482 1844 1578 1866 sormam
1596 1850 1646 1866 esse
1668 1844 1823 1871 primitivam,

981 1892 1066 1915 editam
1078 1898 1134 1914 vcro
1151 1890 1313 1914 insertionibus
1327 1890 1494 1919 posterioribus
1506 1891 1572 1918 triplo
1583 1891 1723 1919 ampliatam.
1735 1903 1766 1907 —
1778 1891 1822 1913 Sed

980 1945 1023 1961 uos
1040 1939 1141 1966 legentes
1157 1940 1279 1960 tractatum
1295 1943 1308 1959 a
1325 1937 1410 1960 Bonelli
1428 1937 1515 1960 editum
1531 1937 1655 1960 incidimus
1667 1938 1688 1960 in
1699 1938 1783 1960 multos
1795 1938 1824 1960 lo-

981 1992 1020 2008 cos
1038 1985 1066 2007 ita
1085 1985 1115 2007 ab
1132 1985 1219 2013 indole,
1236 1985 1402 2007 consuetudine
1424 1987 1446 2007 et
1468 1985 1518 2007 stilo
1535 1985 1708 2007 Bonaventurae
1725 1985 1823 2012 alienos,

981 2035 1006 2054 ut
1023 2034 1095 2054 totum
1113 2031 1250 2059 opusculum
1268 2031 1412 2058 illegitimum
1429 2036 1480 2053 esse
1497 2037 1509 2053 a
1525 2031 1639 2059 principio
1659 2031 1822 2054 censuerimus.

982 2078 1039 2101 Cum
1057 2084 1113 2100 vcro
1130 2080 1209 2105 postea
1227 2077 1366 2104 viderimus,
1383 2078 1490 2100 undecim
1511 2078 1651 2107 antiquiores
1675 2081 1697 2100 et
1717 2079 1824 2101 meliores

982 2125 1073 2148 codices
1088 2125 1112 2147 in
1129 2131 1156 2147 eo
1173 2124 1309 2151 convenire,
1328 2127 1351 2146 ut
1369 2124 1405 2146 vix
1421 2125 1511 2147 tertiam
1523 2127 1612 2152 partem
1623 2124 1738 2147 editorum
1755 2125 1824 2148 conti·

983 2174 1059 2198 neant,
1072 2174 1092 2193 et
1105 2172 1163 2193 hanc
1175 2170 1234 2193 bene
1246 2171 1373 2193 ordinatam
1387 2173 1409 2193 et
1421 2171 1484 2193 titulo
1495 2173 1518 2193 et
1529 2171 1625 2199 prologo
1636 2171 1822 2199 respondentem,

982 2220 1004 2240 et
1021 2223 1047 2240 ex
1064 2217 1133 2239 altera
1150 2219 1214 2245 parte
1231 2219 1315 2244 pateat,
1327 2223 1353 2239 ea
1365 2222 1425 2245 quae
1438 2216 1459 2239 iu
1477 2217 1512 2239 his
1524 2216 1643 2239 codicibus
1656 2217 1764 2246 deerant,
1775 2224 1822 2240 nou

981 2264 1079 2287 obscura
1097 2264 1194 2292 vestigia
1211 2263 1336 2292 praebere,
1353 2264 1417 2292 quod
1433 2263 1463 2286 ab
1479 2264 1523 2286 alio
1538 2266 1632 2286 auctore
1644 2267 1666 2287 et
1677 2267 1755 2287 contra
1767 2271 1823 2293 opu-

982 2311 1039 2334 sculi
1057 2311 1167 2333 rationcm
1185 2314 1207 2333 et
1224 2311 1332 2333 unitatem
1350 2311 1431 2333 inserta
1447 2311 1504 2338 sint,
1516 2313 1568 2333 tunc
1579 2313 1682 2333 nostrum
1700 2311 1730 2334 (le
1746 2312 1824 2339 genui-

982 2357 1051 2380 nitate
1063 2363 1157 2380 examen
1169 2357 1197 2380 ad
1211 2364 1262 2380 eam
1274 2360 1363 2385 partem
1375 2357 1560 2385 restringendum
1577 2363 1628 2380 esse
1638 2357 1753 2386 vidimus⁷
1763 2363 1822 2386 quae

980 2405 1005 2427 in
1023 2405 1057 2427 his
1074 2404 1193 2427 codicibus
1210 2404 1335 2427 exhibetur.
1347 2405 1408 2427 llaec
1424 2407 1501 2427 autem
1514 2404 1568 2427 nihil
1580 2405 1689 2433 eontinet,
1701 2405 1766 2434 quod
1778 2411 1821 2428 non

981 2453 1010 2475 sit
1027 2453 1185 2475 Bonaveutura
1205 2451 1314 2479 diguum3
1333 2451 1394 2473 uude
1410 2451 1534 2474 accedente
1548 2451 1572 2473 in
1590 2453 1692 2474 savorem
1714 2452 1736 2474 S.
1754 2453 1824 2475 Bona-

981 2502 1093 2521 venturae
1111 2498 1224 2521 bonorum
1242 2498 1347 2521 codicum
1365 2498 1491 2521 sufficiente
1503 2498 1648 2525 auctoritate,
1659 2498 1705 2526 ipsi
1716 2504 1775 2527 opus
1787 2499 1823 2521 tri-

981 2545 1101 2568 buendum
1113 2551 1162 2567 csse
1174 2545 1228 2567 satis
1240 2547 1334 2572 constat,
1346 2551 1398 2567 cum
1410 2545 1497 2567 nullum
1511 2545 1579 2567 alium
1591 2545 1727 2573 scriptorem
1739 2545 1823 2568 habeat

982 2591 1164 2620 competitorem.

1044 2637 1065 2659 b.
1084 2637 1186 2659 Diximus
1197 2643 1266 2665 supra
1274 2654 1280 2664 ,
1293 2643 1337 2659 uon
1349 2637 1446 2660 obscura
1459 2641 1548 2660 exstare
1559 2638 1662 2667 vestigia,
1674 2645 1735 2667 quae
1748 2641 1822 2661 osten-

979 2684 1051 2711 dunt,
1069 2685 1138 2707 multa
1156 2690 1168 2706 a
1186 2684 1312 2712 posteriore
1329 2684 1440 2712 scriptore
1456 2685 1574 2712 primitivo
1585 2685 1650 2713 operi
1665 2691 1716 2708 esse
1730 2686 1821 2708 inserta.

981 2732 1028 2754 lloc
1045 2734 1140 2759 apparet
1156 2731 1281 2759 praecipue
1301 2731 1325 2753 iu
1348 2731 1390 2754 illis
1412 2732 1554 2759 longioribus
1570 2732 1744 2761 additamentis,
1761 2739 1821 2762 quae

981 2785 993 2801 a
1010 2778 1078 2801 nobis
1095 2781 1147 2806 post
1164 2779 1225 2801 huuc
1247 2778 1348 2801 libellum
1371 2779 1445 2806 posita
1468 2782 1527 2802 suut.
1548 2780 1680 2802 Secundum
1698 2781 1820 2809 prologum

981 2826 1040 2848 enim
1059 2828 1138 2848 auctor
1155 2826 1204 2848 vult
1220 2831 1290 2853 agere
1306 2826 1335 2848 dc
1353 2825 1416 2855 ligno
1433 2825 1506 2854 viam,
1525 2827 1653 2849 secundum
1666 2828 1730 2856 quod
1746 2827 1821 2851 estri-

981 2872 1010 2895 tis
1026 2872 1137 2902 mystica,
1151 2872 1180 2895 de
1191 2879 1237 2901 qua
1254 2873 1343 2895 locutus
1355 2875 1388 2895 cst
1398 2872 1502 2896 Christus
1515 2874 1584 2901 (loan.
1598 2874 1639 2901 15,
1655 2875 1694 2902 l.)‚
1707 2875 1820 2904 huiusque

981 2919 1033 2941 vitis
1051 2919 1113 2946 tolia,
1131 2919 1199 2941 flores
1216 2920 1348 2947 fructusque
1366 2919 1474 2947 adaptare
1487 2920 1515 2942 ad
1527 2920 1642 2943 Christum
1659 2921 1754 2950 eiusque
1772 2927 1822 2950 pas-

981 2966 1078 2988 sionem.
1094 2965 1138 2988 Sed
1158 2965 1179 2988 iu
1196 2965 1262 2988 editis
1281 2966 1377 2994 scriptor
1394 2973 1406 2988 a
1423 2973 1444 2989 c.
1465 2967 1499 2989 l7.
1516 2973 1538 2990 u.
1557 2967 1594 2990 53.
1612 2967 1674 2994 (vide
1692 2968 1747 2990 intra
1766 2974 1820 2996 pag.
