2133 3317
570 223 765 252 OPUSCULUM
787 223 827 252 lx.
850 224 1002 253 OFFICIUM
1022 225 1065 253 DE
1088 224 1240 253 PASSIONE
1262 224 1387 254 DOMINI.

148 300 265 338 Antiph.
288 301 392 338 Dignus
412 308 457 334 es,
482 300 612 334 Domine,
640 300 766 337 accipere
794 301 896 330 librum
926 304 953 330 et

109 349 217 386 aperire
237 351 341 384 septem
363 347 503 384 signacula
524 347 600 381 eius,
629 347 760 383 quoniam
787 347 895 376 occisus
923 355 952 376 es

108 399 136 425 et
155 394 294 424 redemisti
316 402 366 423 nos
387 394 442 423 Deo
463 394 490 422 in
512 393 646 430 sanguine
667 396 717 422 tuo
729 394 748 421 ¹.

443 463 619 501 Capitulum.

164 543 263 564 inimus
284 535 372 564 lesum
393 538 508 571 propter
529 534 684 571 passionem
705 533 803 562 mortis
824 533 912 570 gloria
926 536 953 562 et

177 582 282 611 honore
303 584 482 615 coronatum,
503 584 535 609 ut
555 581 644 618 gratia
669 580 717 609 Dei
745 588 796 617 pro
823 580 952 610 omnibus

108 632 232 666 gustaret
252 632 379 657 mortem.
400 633 430 662 ra.
452 628 509 656 Deo
529 627 639 664 gratias.

459 698 603 736 Hymnus.

314 777 342 797 m
363 776 494 805 pressura
515 767 613 796 mortis
632 766 704 795 dura

327 815 435 844 Solvisti
457 822 549 843 nexus
569 813 733 847 criminum,

263 863 316 891 Nos
336 862 370 891 ad
392 869 486 899 pacem
506 861 560 889 duc
582 867 724 893 veracem,

264 909 341 944 Iesu,
363 917 463 938 corona
485 907 632 945 virginum.

304 956 332 984 In
354 955 469 993 flagellis
490 957 586 991 potum
607 952 677 981 fellis

264 1002 358 1031 Bibisti
378 1001 548 1031 amarissime

265 1050 316 1078 Pro
336 1049 455 1086 peccatis
476 1047 657 1085 perpetratis,

263 1097 378 1125 Aeterne
400 1096 457 1124 Rex
478 1095 618 1124 altissime.

304 1143 384 1172 Omni
397 1143 408 1160 ²
429 1143 503 1180 genti
525 1141 656 1171 recolenti

266 1191 340 1219 Tuae
361 1189 459 1218 mortis
479 1188 647 1226 supplicium

264 1237 303 1265 Da
324 1237 455 1265 virtutem
476 1239 504 1264 et
525 1236 658 1269 salutem,

264 1284 339 1318 Iesu,
361 1283 519 1320 redemptor
539 1282 671 1311 omnium.

303 1330 330 1358 In
352 1338 447 1358 amara
468 1329 559 1358 crucis
579 1337 628 1357 ara

262 1377 365 1406 Fudisti
388 1377 461 1405 rivos
482 1375 639 1413 sanguinis,

263 1424 324 1453 lesu
344 1424 440 1461 digne,
462 1423 520 1452 Rex
541 1422 673 1459 henigne,

263 1470 382 1499 Consors
403 1470 510 1507 paterni
532 1469 653 1498 luminis.

303 1517 419 1554 Sanguis
439 1517 557 1551 Christi,
579 1516 626 1553 qui
648 1516 723 1545 fuisti

264 1565 422 1601 Peremptor
444 1564 531 1592 hostis
553 1563 652 1597 invidi,

264 1612 314 1640 Fac
336 1619 433 1640 secure
454 1619 504 1639 nos
525 1610 619 1639 venire

265 1658 303 1686 Ad
325 1665 437 1686 coenam
459 1657 524 1694 Agni
547 1657 663 1694 providi.

302 1705 388 1738 Laus,
411 1705 499 1733 honor
520 1704 630 1732 Christo
652 1703 762 1732 vendito

264 1752 295 1780 Et
315 1751 374 1780 sine
396 1759 479 1780 causa
499 1751 623 1788 prodito,

263 1799 376 1827 Mortem
398 1806 479 1834 passo
500 1806 550 1835 pro
571 1797 673 1834 populo

264 1845 291 1873 ln
313 1853 412 1882 aspero
432 1845 564 1881 patibulo.
586 1845 679 1873 Amen.

147 1895 175 1924 y.
196 1892 344 1929 Disciplina
366 1892 440 1929 pacis
460 1895 570 1920 nostrae
592 1899 676 1928 super
697 1899 771 1920 euni.
791 1896 820 1926 pa.
837 1891 906 1928 Quia
921 1891 952 1919 li-

109 1947 174 1969 vore
195 1939 255 1968 eius
276 1938 363 1967 sanati
384 1939 513 1967 sumus3.

148 1986 196 2015 Ad
215 1985 394 2023 Mayrzificat.
418 1984 535 2022 Antiplt.
556 1985 675 2014 Recessit
689 1988 783 2022 pastor
798 1988 891 2014 noster
904 1985 953 2014 ho-

109 2040 178 2067 nus,
198 2032 259 2061 fons
279 2040 367 2069 aquae
389 2032 482 2065 vivae,
511 2031 577 2069 quia
604 2031 724 2060 animam
751 2039 830 2060 suam
861 2031 953 2068 posuit

1800 227 1854 254 157

1009 310 1060 338 pro
1080 302 1179 331 ovibus
1202 303 1261 331 suis
1291 306 1318 332 et
1349 311 1399 340 pro
1430 311 1481 332 suo
1511 311 1593 340 grege
1625 303 1694 332 mori
1725 304 1854 341 dignatus

1009 351 1058 377 est.

1048 394 1129 430 Kyrie
1150 395 1260 424 eleison.
1283 395 1391 425 Christe
1412 396 1522 425 eleison.
1545 396 1627 433 Kyrie
1648 396 1759 425 eleison.

1378 466 1487 495 Oratio.

1063 534 1148 555 ommi:
1169 527 1229 555 lesu
1250 527 1373 562 Christe,
1394 528 1442 565 qui
1464 529 1533 557 hora
1553 529 1709 565 vespertina
1730 537 1781 566 pro
1800 529 1853 558 hu-

1009 535 1060 606 D
1076 580 1156 601 mana
1177 573 1265 602 salute
1286 574 1339 602 iam
1360 578 1448 603 morte
1470 579 1631 612 peremptus
1651 575 1685 604 de
1706 583 1788 605 cruce
1806 575 1853 604 de-

1009 618 1071 655 poni
1093 622 1121 647 et
1141 619 1168 647 in
1191 622 1254 649 tuae
1274 621 1367 649 Matris
1388 622 1531 657 manibus,
1554 626 1585 651 ut
1603 622 1647 658 pie
1662 623 1794 657 ereditur,
1809 630 1853 651 re-

1009 665 1061 701 cipi
1083 665 1209 694 voluisti:
1231 667 1348 696 concede
1370 668 1521 704 p1·opitius;
1543 672 1575 697 ut
1601 668 1731 705 depositis
1758 677 1853 706 pecca—

1009 714 1102 740 torum
1123 716 1282 741 nostrorum
1304 714 1434 748 sarcinis,
1456 718 1518 743 ante
1540 718 1718 752 conspectum
1745 716 1852 745 divinae

1009 757 1155 787 Maiestatis
1183 762 1247 788 tuae
1274 760 1442 796 praesentari
1472 761 1621 790 valeamus.
1650 761 1702 798 Qui
1730 761 1799 790 vivis
1826 765 1853 791 et

1009 805 1129 841 regnas⁴
1150 809 1201 834 etc.

1294 876 1330 896 AD
1351 877 1567 898 COMPLETORIUM.

1047 931 1075 959 5⁷.
1094 929 1229 958 Converte
1242 938 1305 964 nos,
1320 931 1394 959 Deus
1408 931 1537 960 salutaris
1551 935 1653 961 noster.
1668 937 1698 967 132.
1716 933 1746 961 Et
1760 936 1854 962 averte

1008 976 1078 1005 iram
1100 979 1176 1005 tuam
1197 985 1213 1005 a
1234 977 1320 1006 nohis.

1049 1023 1137 1057 Deus,
1159 1024 1186 1052 in
1208 1024 1378 1053 adiutorium
1400 1033 1492 1054 meum
1515 1025 1624 1054 intende
1646 1029 1696 1054 etc.

1050 1069 1168 1107 Antipli.
1192 1071 1322 1108 Plangent
1342 1079 1416 1100 eum.

1048 1117 1188 1146 Psalmus
1210 1119 1255 1146 87.
1278 1118 1392 1147 Domine
1413 1119 1487 1147 Deus
1508 1119 1604 1148 salutis
1625 1119 1723 1148 meae⁵
1745 1122 1796 1149 etc.

1049 1163 1167 1201 Antz'plz.
1191 1165 1321 1202 Plangent
1342 1173 1407 1194 eum
1429 1166 1507 1202 quasi
1530 1166 1718 1203 unigenitum,
1734 1166 1799 1203 quia
1813 1166 1854 1195 in-

1009 1218 1111 1239 nocens
1132 1211 1266 1240 Dominus
1286 1212 1394 1240 occisus
1415 1215 1456 1241 est
1467 1212 1486 1240 ⁶.

1362 1274 1505 1312 Hymnus.

1218 1344 1246 1364 ul
1267 1336 1374 1365 iacuisti
1396 1340 1525 1366 mortuus

1232 1383 1260 1411 ln
1281 1386 1359 1420 petra
1381 1391 1433 1412 rex
1454 1383 1606 1418 innocuus,

1165 1430 1215 1458 Fac
1237 1438 1287 1459 nos
1307 1430 1335 1458 in
1358 1433 1383 1459 te
1404 1431 1562 1467 quiescere,

1167 1477 1352 1514 Sanctamque
1374 1477 1457 1506 vitam
1479 1478 1590 1506 ducere.

1205 1525 1343 1553 Succurre
1365 1524 1458 1559 nobis,
1481 1525 1594 1553 Domine

1166 1571 1241 1607 Quos
1262 1571 1402 1600 redemisti
1424 1572 1574 1609 sanguine,

1166 1618 1198 1646 Et
1219 1618 1273 1647 duc
1294 1626 1345 1647 nos
1365 1618 1399 1647 ad
1421 1619 1548 1648 caelestia

1166 1665 1298 1694 Aeternae
1319 1666 1394 1702 pacis
1415 1666 1522 1703 gaudia.

1206 1713 1293 1746 Laus,
1316 1712 1404 1741 honor
1425 1713 1534 1742 Christo
1557 1713 1666 1743 vendito

1167 1758 1198 1787 Et
1220 1759 1278 1787 sine
1299 1767 1383 1788 causa
1403 1759 1527 1796 prodito,

1166 1806 1280 1834 Mortem
1302 1814 1382 1842 passo
1402 1814 1454 1843 pro
1475 1807 1577 1844 populo

1166 1852 1193 1880 ln
1215 1860 1313 1889 aspero
1334 1853 1466 1889 patibulo.
1488 1853 1579 1882 Amen.

1345 1915 1522 1952 Capitulum.

1056 1985 1150 2006 nmsro
1171 1977 1198 2006 in
1221 1985 1304 2006 carne
1324 1986 1419 2014 passo,
1442 1981 1468 2007 et
1494 1986 1542 2007 vos
1570 1978 1663 2008 eadem
1692 1979 1854 2017 cogitatione

1013 1986 1052 2058 O
1067 2024 1222 2052 armamini.
1244 2029 1274 2059 R).
1297 2025 1353 2053 Deo
1374 2025 1476 2061 gratias
1488 2025 1507 2052 ⁷.

172 2193 180 2206 ¹
198 2195 269 2221 Apoc.
288 2194 314 2220 5,
332 2194 352 2215 9.
372 2194 475 2222 Sequens
492 2193 618 2220 capitulum
636 2196 669 2215 est
687 2193 754 2215 lIebr.
773 2194 798 2220 2,
817 2194 845 2219 ὓς
868 2193 954 2222 capitu-

111 2233 157 2255 lum
175 2232 196 2254 in
213 2233 232 2254 G
249 2235 352 2254 sumtum
370 2235 403 2254 est
420 2238 446 2254 ex
463 2232 510 2254 Gal.
528 2233 554 2259 6,
577 2232 610 2254 lt.

172 2270 181 2283 ²
198 2271 295 2293 Ultimus
312 2277 394 2293 versus
410 2270 499 2298 primae
513 2271 620 2298 strophae
632 2273 666 2292 est
677 2277 704 2292 ex
717 2272 802 2298 hymno
815 2271 844 2293 ad
857 2271 952 2299 Vesper.

110 2310 133 2332 in
150 2310 225 2332 officio
242 2310 272 2332 de
288 2310 377 2332 Comm.
396 2310 500 2337 x'ii·gin.;
517 2310 633 2331 secundae
644 2311 753 2337 strophae
766 2310 858 2332 ultimus
871 2316 952 2332 versus

111 2355 138 2371 ex
154 2350 240 2377 hymno
257 2349 285 2370 acl
304 2349 379 2371 Matut.
398 2349 420 2370 in
438 2349 512 2371 officio
530 2349 558 2370 de
576 2348 681 2375 Asc-ens,
700 2349 778 2371 tertiae
797 2350 905 2377 strophae
922 2349 953 2371 ul-

111 2388 180 2411 timus
196 2394 278 2410 versus
295 2394 321 2410 ex
338 2389 425 2415 hymno
446 2388 475 2409 de
498 2387 588 2410 Comm.
613 2387 677 2409 Cous.
704 2388 767 2410 Pont.
793 2388 821 2410 ad
847 2388 951 2415 Landes;

111 2427 203 2456 quintae
227 2428 335 2454 strophae
361 2427 454 2448 ultimus
479 2432 560 2448 versus
577 2426 697 2448 desumtus
718 2428 752 2448 est
767 2432 794 2448 ex
811 2427 898 2454 hymno
915 2427 952 2448 62.

111 2466 134 2488 S.
151 2465 256 2487 Ambros.
275 2465 305 2491 (in
324 2465 453 2493 appendice
470 2465 498 2487 ad
516 2471 587 2492 opera
604 2465 626 2487 S.
645 2464 776 2493 Ambrosii).

173 2503 182 2516 ³
199 2505 247 2527 lsai.
266 2505 308 2531 53,
325 2505 347 2527 5.
366 2505 396 2526 Dc
413 2510 462 2532 scu.
480 2504 618 2537 antiplrglr.
631 2504 691 2526 loan.
709 2504 750 2531 40,
769 2504 805 2526 115.
822 2503 896 2526 Codd.
908 2504 952 2526 BD

112 2543 195 2566 habent
212 2544 297 2571 antiph.
312 2543 368 2566 Cum
382 2543 519 2572 accepisset,
539 2546 561 2564 nt
578 2549 647 2570 supra
665 2543 693 2564 ad
710 2543 810 2569 Nonam,
827 2544 845 2563 t}
862 2542 953 2565 exhibet

112 2582 238 2610 longiorem
256 2582 342 2610 antiph.
360 2583 504 2611 Deponentes
522 2582 599 2604 lesam
616 2584 672 2608 ctc.,
694 2587 747 2603 cum
765 2587 835 2603 versu
852 2581 952 2604 Lancea-

111 2622 195 2644 ειη-ατη
210 2624 252 2643 etc.

173 2658 182 2671 ⁴
201 2660 230 2681 lta
248 2660 265 2681 Α
276 2659 292 2681 Β
303 2659 320 2681 D
337 2663 359 2681 et
376 2659 404 2685 C,
423 2660 462 2688 qni
481 2662 555 2681 tamen
573 2659 639 2686 plura
654 2659 724 2681 addit.
738 2659 789 2681 Vat.
801 2662 852 2686 post
864 2664 953 2687 resper-

113 2696 162 2720 lina
179 2698 309 2720 continuat:
327 2697 449 2727 discipulis
467 2698 513 2721 tais
530 2697 637 2727 corporis
654 2699 675 2720 el
699 2697 824 2727 sanym'nis
850 2697 885 2720 lui
907 2699 953 2720 tra-

113 2735 191 2760 didisti
206 2736 319 2766 mysteria
336 2738 357 2759 et
374 2736 401 2759 de
419 2743 488 2760 crare
502 2736 597 2766 positas
611 2743 646 2764 es,
664 2736 751 2766 depone
762 2736 845 2759 mentis
857 2737 953 2759 nostrae

113 2774 169 2798 vitia
185 2777 206 2798 et
222 2777 359 2805 perpetrata
375 2775 478 2804 scelera,
498 2777 524 2799 ut
541 2776 587 2798 sint
604 2775 670 2798 nobis
687 2775 712 2798 in
731 2775 862 2798 remedium
879 2775 916 2798 liic
932 2776 954 2798 ct

113 2813 138 2836 in
151 2816 300 2844 perpetuum.
318 2815 359 2837 EF
376 2815 484 2837 differunt
500 2818 522 2837 et
538 2815 554 2836 F
571 2815 637 2836 aliam
655 2814 782 2836 orationem
800 2814 875 2840 addit,
893 2820 953 2842 quae

113 2853 256 2881 aliquatenus
273 2854 380 2876 convenit
397 2860 449 2876 cum
468 2854 532 2880 Vat,
549 2854 567 2875 G
585 2853 679 2875 omnino
695 2853 777 2875 differt.
790 2853 867 2875 Postea
880 2853 954 2881 scqui-

113 2894 149 2913 tur
165 2891 187 2913 in
205 2892 270 2914 Vat.:
287 2892 484 2915 Commemoratio
505 2892 625 2921 Viryinis:
643 2891 786 2921 antiphona.
805 2891 893 2920 Reqina
909 2891 953 2914 cle-

112 2929 316 2959 mevztiae„Vii·yo
334 2931 411 2953 mater
429 2930 523 2957 Christi,
541 2936 595 2953 cum
612 2929 702 2953 vidrres
728 2929 816 2953 Filium
838 2931 906 2953 laum
929 2929 953 2952 in

113 2973 183 2990 cruce
193 2968 269 2996 mori,
280 2968 363 2991 nullus
376 2968 443 2991 dolor
455 2968 539 2991 similis
552 2970 592 2991 tau
604 2967 688 2991 dolori.
701 2970 725 2991 ἢν.
739 2968 805 2996 Quae
817 2968 902 2992 matris
914 2975 954 2991 rm-

113 3006 203 3035 qustias
217 3008 298 3036 posset
315 3007 398 3037 linqua
414 3007 483 3036 fari?
501 3009 524 3030 1³.
542 3008 600 3030 Cum
617 3007 707 3030 videres
724 3007 812 3030 Filium
838 3007 862 3030 in
885 3014 954 3031 crime

1010 2193 1108 2217 clm-ari.
1128 2193 1217 2217 Oratio.
1236 2193 1334 2216 Doltziize
1350 2195 1401 2216 lesa
1428 2194 1531 2221 Clu-Iste,
1562 2194 1665 2223 Virgyiais
1691 2194 1783 2218 Mariae
1808 2194 1856 2218 Fili

1011 2232 1158 2259 dulcissime,
1176 2232 1218 2262 qai
1234 2239 1288 2255 cum
1302 2232 1426 2262 proditore
1443 2232 1559 2259 coenasti,
1578 2232 1659 2256 deinde
1676 2235 1760 2262 captus
1777 2233 1854 2256 viliter

1010 2272 1101 2294 tractus
1117 2271 1194 2301 fuisti,
1212 2273 1311 2301 praesta
1333 2278 1491 2301 quaesumus,
1511 2274 1537 2295 'at
1554 2272 1596 2301 qui
1620 2272 1661 2295 tibi
1685 2274 1706 2295 el
1731 2274 1785 2295 tuae
1801 2279 1855 2295 sau-

1010 2309 1127 2333 ctissime
1146 2310 1259 2333 Genitrici
1276 2310 1434 2340 compatimur
1453 2310 1572 2334 vobisc-mn
1583 2316 1681 2333 manere
1692 2311 1742 2333 sine
1754 2310 1854 2333 termino

1009 2355 1154 2371 mereamur.
1173 2348 1220 2376 Oui
1237 2349 1294 2372 rivis
1311 2351 1333 2372 et
1348 2355 1444 2378 reqnas.
1463 2349 1520 2372 Cod.
1537 2350 1554 2371 Α
1572 2350 1636 2372 addit
1657 2347 1775 2372 Orationes
1796 2350 1854 2372 duas

1009 2387 1153 2411 Interveniat
1165 2394 1212 2417 pro
1231 2387 1296 2411 nobis
1313 2391 1368 2414 etta,
1386 2392 1411 2410 ut
1427 2394 1497 2416 supra
1515 2389 1545 2410 ad
1563 2389 1652 2411 Laudes
1674 2392 1695 2410 et
1712 2390 1734 2411 3⁷.
1753 2388 1853 2418 Propi-lo

1010 2426 1070 2449 Filio
1087 2433 1143 2455 suo,
1161 2430 1183 2449 et
1199 2429 1251 2449 ante
1267 2427 1447 2454 Completorium
1465 2429 1489 2451 37.
1506 2426 1580 2450 Salva
1596 2433 1648 2449 nos.

1072 2465 1081 2477 ⁵
1099 2465 1171 2488 Codd.
1190 2466 1233 2488 BD
1251 2466 1336 2488 habent
1353 2467 1386 2488 Ps.
1406 2466 1447 2488 40:
1461 2467 1545 2489 Beatus
1563 2465 1605 2495 qui
1621 2465 1729 2495 intelliqit
1744 2472 1796 2488 cum
1815 2472 1852 2488 an-

1010 2502 1065 2530 tiph.
1083 2503 1175 2526 Etenim
1192 2503 1261 2526 homo
1276 2504 1343 2532 pacis
1365 2503 1433 2533 [ibid.
1451 2511 1475 2526 v.
1493 2504 1557 2533 *lo.],
1575 2505 1592 2526 G
1610 2505 1644 2526 Ps.
1663 2504 1723 2526 sl50:
1744 2504 1851 2528 Laudale

1009 2541 1138 2564 Dominam
1155 2541 1179 2564 in
1195 2542 1295 2569 sanctes,
1307 2549 1360 2565 cum
1373 2543 1460 2570 antiph.
1478 2542 1541 2565 Tulit
1551 2542 1631 2572 loseph
1645 2548 1731 2571 corpus
1743 2546 1786 2565 etc.
1797 2542 1850 2573 [cl'r.

1010 2580 1070 2602 loan.
1089 2581 1130 2607 rlss,
1148 2580 1204 2609 38.].
1583 2580 1592 2593 ‘⁵
1609 2581 1654 2603 Ct'r.
1671 2582 1738 2603 Zach.
1757 2582 1797 2609 ¹12,
1819 2583 1852 2604 10.

1071 2618 1079 2631 ⁷
1098 2619 1168 2647 Epist.
1187 2620 1201 2641 l.
1219 2620 1276 2642 Petr.
1293 2619 1318 2646 4,
1332 2620 1353 2641 l.
1364 2632 1395 2636 —
1407 2620 1487 2648 Quoad
1500 2626 1593 2642 versum
1606 2620 1659 2642 vide
1671 2620 1739 2642 Brev.
1753 2621 1819 2643 Rom.
1833 2621 1852 2643 in

1011 2657 1110 2680 sabbalo
1128 2660 1205 2680 sancto
1223 2665 1282 2681 vers.
1300 2658 1329 2680 ad
1347 2659 1368 2680 3.
1386 2659 1448 2681 Noc-t.
1466 2658 1521 2681 Cotl.
1540 2659 1557 2680 A
1575 2658 1644 2680 habet
1661 2660 1721 2681 hunc
1739 2665 1812 2681 vers:
1830 2661 1854 2683 2⁷.

1009 2697 1119 2720 Mortuus
1136 2699 1169 2720 est
1183 2699 1281 2727 propter
1298 2697 1381 2720 delicta
1398 2699 1489 2720 nostra.
1508 2699 1530 2721 n.
1548 2698 1578 2721 Et
1599 2698 1735 2721 resia-remit
1757 2701 1854 2728 propter

1010 2735 1198 2765 iustificationem
1214 2737 1338 2763 vostram;
1356 2736 1371 2757 B
1382 2736 1400 2758 D
1417 2736 1502 2758 habent
1515 2736 1630 2764 integrum
1649 2743 1753 2764 respons.
1766 2737 1813 2760 br.:
1831 2739 1854 2761 n.

1011 2773 1142 2803 oportuit*
1154 2774 1207 2797 Pati
1224 2774 1351 2798 Christum.
1369 2776 1391 2798 ,ἴα
1408 2775 1436 2797 Et
1453 2775 1486 2798 ita
1503 2774 1594 2798 intrare
1611 2775 1634 2798 z'n
1652 2775 1755 2805 aleriam
1774 2782 1854 2799 suam.

1011 2812 1064 2836 Pati
1075 2812 1202 2836 Christum.
1222 2813 1305 2836 Gloria
1321 2813 1395 2836 Patri.
1415 2813 1689 2842 0p01·tatt.r.11101·t1tus
1706 2816 1739 2838 est
1754 2816 1854 2844 propter

1010 2851 1093 2874 delicta
1105 2853 1196 2875 nostra.
1208 2854 1230 2876 [ii.
1243 2852 1272 2875 Et
1283 2851 1418 2875 resumes-it
1426 2853 1525 2881 propter
1538 2852 1726 2881 iustificationum
1738 2855 1852 2876 nostram.

1010 2891 1066 2913 Cod.
1084 2890 1100 2913 C
1118 2894 1170 2913 ante
1188 2892 1299 2918 hymnum
1317 2890 1385 2913 habet
1401 2897 1505 2919 respons.
1523 2891 1572 2914 bn:
1588 2893 1610 2915 ιδ.
1628 2892 1763 2915 Ιόειιιίηυιί
1776 2892 1854 2915 Immi-

1009 2936 1080 2957 itam,
1099 2930 1107 2940 ’
1126 2931 1152 2952 ln
1169 2931 1328 2953 iitonzmicnto.
1341 2932 1363 2953 is.
1377 2929 1503 2960 &sanantes
1521 2930 1622 2960 lapidem
1640 2938 1694 2955 cum
1711 2931 1853 2955 custodibus.

1010 2969 1037 2991 ln
1060 2970 1219 2991 momumento.
1237 2968 1320 2991 Gloria
1346 2968 1418 2992 l'atri.
1441 2969 1582 2992 Posuerunt.
1601 2971 1625 2993 2'.
1644 2971 1671 2993 Ιη
1694 2976 1752 2999 pace
1776 2970 1854 2999 sarlius

1010 3009 1043 3030 cst
1060 3010 1102 3030 etc.
