2133 3317
8 1201 24 1215 ³!
35 1201 71 1215 nou

19 1242 72 1267 Capi·

41 1709 72 1728 ito>

19 1738 72 1757 gone-

0 2507 75 2546 fat-5⁰·

432 220 630 249 OPUSCULUM
651 219 739 248 XVIII.
761 218 1042 248 CONSTITUTIONES
1063 219 1303 248 NARBONENSES.
1326 220 1419 249 RUBR.
1442 220 1484 248 xl.

87 309 141 330 non
162 299 323 332 convenire,
345 298 413 327 nihil
433 305 531 326 eorum
552 305 623 334 quae
638 304 687 333 per
708 296 865 333 Capitulum
882 304 931 325 ex-

87 346 219 384 pedienda
240 348 320 379 sunt,
336 347 449 381 propter
471 344 523 372 hoc
537 344 690 372 omittatur.
710 343 736 371 Si
758 343 878 380 aliquem
898 343 932 371 de

87 392 261 422 venientibus
282 391 316 420 ad
337 391 494 428 Capitulum
521 391 649 427 generale
671 390 818 426 contigerit
846 389 932 417 mani-

87 440 153 469 feste
168 438 308 475 impediri,
330 445 364 466 ne
379 437 485 470 veniat;
508 440 654 465 teneantur
669 437 778 465 Fratres
793 436 932 473 reliquum

87 485 222 515 associare
242 484 276 513 de
298 484 356 513 loco
377 483 411 512 ad
432 484 537 517 locum,
558 483 644 512 donec
666 483 781 512 societas
802 490 933 511 occurre-

87 533 124 562 rit
143 535 307 569 opportuna.
330 531 402 559 ldem
425 530 472 558 fiat
499 530 533 559 de
561 530 704 558 Fratribus
729 529 860 558 euntibus
882 537 932 565 pro

87 578 295 608 confirmatione
316 577 492 614 provincialis
513 577 637 606 Ministri.

165 625 287 653 Minister
315 628 407 653 autem
437 624 628 661 provincialis,
657 623 768 660 quando
797 623 871 651 vadit
898 622 932 651 ad

86 672 243 709 Capitulum
271 671 411 708 generale,
433 670 487 708 [vel
509 671 575 699 alias
608 674 690 699 extra
717 678 795 698 suam
824 669 934 697 Provin-

86 720 172 753 ciam,
195 718 237 747 vel
259 719 279 747 si
303 718 478 752 infirmatur,
500 718 574 754 quod
595 726 649 746 000
665 717 749 754 possit
771 716 932 753 provinciali

86 765 212 803 Capitulo
232 765 365 793 interesse
375 787 382 798 ,
404 765 529 793 instituat
543 764 683 793 Vicarium
698 764 731 792 de
746 763 859 792 consilio
874 763 932 792 Dis-

87 815 236 841 cretorum.
266 811 391 839 Vicarius
420 819 486 839 vero
511 811 550 839 sic
578 810 721 839 institutus
751 818 766 838 a
794 810 932 843 Ministro,

86 859 107 888 si
130 858 252 887 Minister
274 858 300 886 in
322 857 442 894 generali
461 857 586 894 Capitulo
606 857 751 886 absolutus
771 857 868 890 suerit,
891 857 933 885 vel

86 905 177 943 ipsum
209 905 318 933 interim
352 905 421 932 mori
453 904 615 941 contigerit,
638 907 778 933 remaneat
807 904 934 933 Vicarius

86 952 249 981 auctoritate
270 951 405 988 generalis
433 951 563 984 Ministri,
592 959 739 987 usquequo
766 951 934 987 provinciale

86 998 242 1035 Capitulum
265 1000 457 1034 congregetur.
473 997 571 1026 Custos
593 997 732 1031 similiter,
748 1005 811 1026 cum
834 998 867 1026 ad
889 1006 934 1034 ge-

86 1045 180 1074 nerale
195 1045 269 1073 vadit
282 1044 452 1081 Capitulum,
468 1044 593 1073 instituat
608 1044 748 1073 Vicarium
764 1045 790 1073 in
806 1045 934 1073 Custodia

86 1091 120 1121 de
140 1092 297 1128 aliquorum
319 1099 385 1119 suae
406 1091 550 1119 Custodiae
562 1090 584 1129 1]
607 1091 719 1120 consilio
734 1092 933 1120 Discretorum.

165 1139 191 1167 Si
222 1146 288 1167 vero
320 1141 444 1174 tempore
476 1138 602 1167 instantis
634 1138 750 1175 Capituli
783 1146 873 1175 usque
901 1138 934 1167 ad

87 1186 169 1215 finem
185 1185 309 1214 eiusdem
329 1185 413 1222 aliqui
436 1185 480 1213 alii
495 1185 529 1213 ad
552 1185 642 1213 locum
657 1185 773 1222 Capituli
796 1186 934 1220 venerint,

87 1233 127 1262 eis
149 1232 260 1261 habitus
281 1240 330 1268 per
351 1231 539 1260 Guardianum
569 1232 619 1261 loci
648 1232 691 1261 vel
713 1232 773 1261 eius
794 1232 932 1261 Vicarium

87 1279 244 1313 auferatur,
266 1282 293 1307 et
313 1286 329 1306 a
350 1278 409 1307 loco
430 1278 546 1315 Capituli
569 1279 660 1307 statim
682 1287 745 1308 cuni
766 1279 935 1316 probationis

88 1326 199 1362 caputio
219 1325 393 1359 emittantur,
408 1325 482 1362 quod
503 1325 620 1354 debeant
642 1334 690 1362 per
711 1329 772 1354 octo
793 1325 851 1354 dies
872 1334 934 1362 por-

89 1376 157 1402 tare.
186 1371 287 1408 Quodsi
317 1372 492 1400 Guardianus
520 1372 563 1400 vel
592 1372 652 1401 eius
680 1372 806 1401 Vicarius
834 1372 935 1401 talibus

89 1420 127 1449 sic
148 1427 203 1448 000
231 1419 359 1452 fecerint,
381 1427 437 1447 una
466 1418 509 1448 die
531 1422 638 1447 tantum
661 1419 689 1447 in
714 1427 783 1455 pane
811 1422 838 1447 et
863 1427 936 1456 aqua

89 1466 220 1495 ieiunent.
243 1465 314 1494 Idem
336 1468 428 1494 autem
450 1466 497 1494 fiat
519 1466 694 1495 venientibus
711 1466 745 1494 ad
767 1466 935 1502 provinciale

88 1512 246 1549 Capitulum
267 1520 321 1541 non
344 1512 453 1541 vocatis.
483 1512 508 1540 Si
530 1512 578 1549 qui
607 1520 674 1541 vero
698 1513 848 1541 terminum
870 1520 934 1541 con-

88 1559 217 1588 stitutum
243 1558 453 1595 praevenerint,
481 1567 537 1587 una
562 1558 605 1587 die
628 1562 735 1587 tantum
761 1559 787 1587 in
811 1566 880 1595 pane
908 1562 935 1587 et

87 1614 160 1643 aqua
181 1606 316 1640 ieiunent,
338 1605 463 1634 sedentes
484 1606 510 1634 in
532 1609 608 1634 terra
629 1614 721 1634 coram
743 1606 894 1634 Fratribus.

166 1652 346 1686 Ordinamus‚
368 1652 442 1689 quod
470 1653 606 1689 generalis
632 1652 749 1689 Capituli
770 1653 935 1681 Definitores

89 1700 144 1729 sint
164 1699 279 1728 Ministri
301 1703 328 1729 et
349 1708 422 1728 unus
443 1700 572 1729 subditus
592 1699 626 1729 de
646 1700 769 1737 qualibet
794 1700 935 1729 Provincia

89 1746 117 1775 in
146 1746 306 1783 provinciali
333 1746 459 1783 Capitulo
487 1746 520 1775 ad
550 1747 601 1775 1106
622 1746 735 1775 electus.
760 1747 790 1774 Et
817 1746 935 1775 dicimus

89 1794 134 1823 hic
154 1793 286 1822 subditos
307 1801 403 1822 omnes
424 1793 477 1822 sub
491 1793 622 1822 Ministris
644 1793 859 1830 provincialibus
873 1802 935 1822 con-

88 1841 213 1874 stitutos,
235 1840 310 1869 salva
335 1843 426 1869 tamen
453 1840 590 1877 generalis
611 1840 725 1868 Ministri
753 1841 934 1875 correctione,

88 1887 275 1921 absolutione,
297 1887 429 1916 electione
450 1890 477 1915 et
498 1886 719 1921 confirmatione,
744 1895 815 1924 quae
836 1895 934 1916 secun-

88 1934 154 1963 dum
176 1934 307 1971 Regulam
328 1934 459 1962 Ministris
480 1936 507 1962 et
527 1934 693 1962 Custodibus
713 1934 882 1963 conceditur.
906 1934 933 1963 In

89 1989 145 2019 quo
164 1981 291 2018 Capitulo
311 1981 427 2010 Ministri
453 1989 562 2018 semper
590 1989 640 2018 per
661 1989 703 2015 se,
724 1981 746 2010 si
775 1985 934 2018 praesentes

88 2028 207 2062 suerint,
229 2028 272 2057 vel
294 2035 343 2064 per
365 2028 485 2062 litteras,
507 2028 528 2056 si
550 2028 690 2062 absentes,
714 2028 873 2057 renuntiare
895 2031 935 2057 te-

89 2077 216 2104 neantur.
239 2075 363 2111 Quorum
385 2075 553 2103 renuntiatio
575 2083 590 2103 a
611 2074 752 2108 Generali,
774 2075 817 2103 vel
842 2074 877 2103 ab
902 2083 934 2103 eo

89 2121 137 2161 qui
159 2124 233 2150 tenet
247 2121 403 2158 Capitulum
426 2122 485 2150 loco
499 2121 572 2155 eius,
594 2129 657 2150 cum
673 2129 787 2151 assensu
801 2121 932 2158 Capituli,

89 2169 112 2197 si
128 2168 280 2203 videbitur,
295 2168 465 2197 admittatur.
482 2168 510 2197 In
532 2168 661 2197 omnibus
675 2172 767 2197 autem
790 2169 933 2197 memorati

89 2215 206 2252 Capituli
235 2215 440 2243 definitionibus
469 2215 604 2244 sententia
631 2215 756 2251 plurium
777 2215 934 2244 indistincte

90 2262 245 2299 praevaleat
266 2264 294 2290 et
307 2261 501 2290 inviolabiliter
515 2261 693 2295 observetur,
715 2265 844 2298 excepto,
860 2261 934 2299 quod

89 2309 117 2337 in
140 2308 365 2345 multipIIcatione
388 2308 430 2337 vel
444 2308 576 2336 divisione
598 2308 803 2337 Provinciarum
825 2312 934 2337 senten-

89 2355 128 2384 tia
147 2355 267 2384 duarum
288 2354 409 2391 partium
431 2354 582 2388 habeatur;
605 2362 654 2383 nec
675 2355 709 2383 ab
724 2363 756 2383 ea
776 2355 876 2392 aliquis
890 2363 935 2391 ap-

89 2402 193 2439 pellare
214 2404 381 2438 praesumat.

167 2448 329 2485 Congregati
351 2448 437 2485 igitur
451 2447 566 2476 Ministri
589 2450 616 2476 et
634 2448 698 2477 dicti
720 2448 852 2477 Custodes
867 2447 935 2476 feria

90 2498 170 2524 sexta
188 2495 316 2532 proxima
329 2498 392 2524 ante
413 2494 513 2523 festum
530 2495 714 2529 Pentecostes,
729 2498 756 2523 et
772 2503 824 2523 non
840 2495 933 2531 prius,

90 2542 233 2579 quiescant
253 2545 280 2570 et
301 2541 453 2570 deliberent
474 2549 563 2578 usque
590 2549 670 2570 mane
690 2541 743 2570 diei
774 2541 933 2578 sequentis3

91 2592 118 2618 et
139 2592 218 2623 tunc,
245 2588 338 2617 audita
366 2588 458 2622 Missa,
481 2588 596 2625 ingressi
625 2588 796 2625 Capitulum,
824 2590 934 2616 cantent

90 2635 239 2672 hymnum:
261 2635 337 2669 Veni,
361 2635 481 2664 Creator
502 2635 632 2672 Spiritus
646 2638 711 2668 616,
732 2634 830 2663 deinde
851 2634 934 2663 versi-

91 2681 201 2711 culum:
225 2681 326 2710 Emicte
355 2681 499 2719 Spiritum
526 2685 625 2714 tumn,-
646 2680 819 2709 Orationem:
843 2681 933 2714 Deus,

91 2729 144 2767 qui
157 2729 262 2762 corda,
278 2736 367 2765 usque
383 2737 437 2765 per
453 2727 601 2757 Christum
618 2727 775 2756 Dominum
790 2730 932 2755 nostrum.

92 2775 282 2812 Respondetur
303 2777 404 2803 Amen.

171 2822 265 2850 Postea
286 2824 403 2850 tractent
417 2821 450 2850 de
472 2824 545 2849 statu
566 2823 593 2849 et
608 2820 777 2849 correctione
798 2819 933 2856 generalis

92 2867 207 2896 Ministri
233 2868 285 2897 1106
305 2867 393 2896 modo.
414 2867 536 2896 Minister
557 2867 692 2904 generalis
719 2867 745 2894 in
769 2866 864 2903 primis
889 2873 933 2895 co-

155 3010 164 3024 ¹
182 3011 340 3033 Praecedentia
359 3011 441 3039 scripta
459 3014 512 3033 sunt
529 3011 550 3033 iu
568 3011 638 3033 calce.

1776 220 1831 248 463

989 305 1048 325 ram
1069 297 1197 326 omnibus
1218 306 1247 326 se
1268 301 1393 332 accuset;
1416 301 1477 335 post
1495 299 1561 327 haec
1583 297 1750 334 egrediatur.
1772 298 1832 333 Quo

988 351 1112 379 egresse,
1140 344 1314 373 Guardianus
1347 345 1410 379 loci,
1439 345 1570 374 assumtis
1601 352 1695 373 secum
1727 344 1832 380 aliquot

988 390 1114 418 discretis
1128 391 1271 419 FratrIbus
1288 391 1322 419 de
1346 395 1497 425 conventu,
1515 391 1602 420 dictos
1616 391 1753 419 Ministros
1769 398 1832 419 cum

988 436 1154 465 Custodibus
1176 437 1201 465 in
1224 438 1344 466 conclavi
1367 438 1504 471 recludat,
1527 438 1564 466 ita
1585 438 1657 475 quod
1674 438 1833 466 nullatenus

989 483 1067 512 exire
1089 484 1211 517 valeant,
1233 493 1283 513 nec
1304 485 1360 513 ullo
1382 485 1462 513 modo
1483 485 1612 513 alimenta
1633 485 1726 521 aliqua
1754 484 1833 512 mini-

989 533 1127 563 strentur,
1149 530 1234 559 donec
1250 531 1433 567 providerint,
1449 535 1480 560 ut
1494 535 1616 568 oportet,
1638 532 1711 560 circa
1731 534 1832 559 statum

989 577 1125 613 generalis
1147 578 1270 606 Ministri.
1300 579 1330 606 Et
1351 579 1385 607 ad
1406 579 1458 607 1106
1487 582 1541 607 tam
1564 578 1735 607 includentes
1749 586 1833 615 quam

990 624 1088 652 inclusi
1110 624 1227 653 firmiter
1249 628 1404 654 teneantur.
1428 626 1521 662 Itaque
1536 626 1557 654 si
1573 625 1636 662 quis
1650 628 1746 653 contra
1763 625 1833 653 fece-

990 670 1042 704 rit,
1064 672 1320 700 excommunicatus
1342 673 1376 700 sit
1398 672 1457 709 ipso
1477 672 1557 701 facto.

1069 718 1215 746 Processus
1236 718 1405 747 inclusorum
1429 720 1464 747 sit
1489 719 1557 747 talis.
1580 719 1701 747 Minister
1723 718 1835 755 provin-

989 764 1065 792 cialis
1086 764 1159 793 illius
1181 765 1350 799 Provinciae,
1373 766 1399 793 in
1422 774 1477 802 qua
1490 766 1645 802 Capitulum
1668 765 1834 799 celebratur,

991 811 1033 839 vel
1054 811 1075 839 si
1099 812 1156 848 ipse
1177 812 1311 846 defuerit,
1332 813 1431 841 Custos
1452 813 1512 841 eius
1528 813 1652 849 requirat
1674 813 1700 841 in
1724 812 1833 849 publico

990 866 1006 885 a
1027 858 1142 894 singulis
1171 866 1219 894 per
1246 858 1386 892 ordinem,
1416 859 1436 887 si
1463 859 1529 896 quid
1559 859 1660 887 habent
1687 859 1778 887 dicere
1800 858 1834 887 de

990 905 1151 933 excessibus
1180 906 1221 933 vel
1250 906 1444 934 insufficientia
1465 906 1601 943 generalis
1629 906 1763 939 Ministri;
1786 905 1834 941 qui

990 952 1071 979 etiam
1094 952 1227 985 Minister,
1250 960 1313 980 cum
1334 953 1469 988 generalis
1490 953 1611 981 Minister
1633 953 1765 981 interesse
1787 959 1835 980 ne-

991 998 1123 1035 quiverit,
1145 998 1301 1035 Capitulum
1332 1003 1421 1027 teneat
1443 1000 1500 1028 loco
1525 999 1597 1033 eius,
1625 1002 1652 1027 et
1674 998 1773 1035 singuli
1797 1002 1834 1027 te-

991 1049 1109 1073 neantur
1126 1046 1194 1073 bona
1216 1045 1268 1074 tide
1289 1053 1420 1074 accusare
1442 1046 1548 1082 ipsum,
1573 1046 1607 1074 de
1628 1045 1730 1082 quibus
1752 1053 1834 1082 repu—

991 1091 1109 1119 taverint
1130 1092 1320 1120 incusandum.
1340 1092 1440 1128 Quodsi
1456 1092 1564 1129 aliquae
1578 1092 1765 1121 accusationes
1787 1100 1834 1120 00-

992 1138 1087 1166 tabiles
1112 1142 1314 1174 proponantur,
1335 1139 1425 1167 dictus
1447 1139 1622 1175 provincialis
1642 1139 1776 1173 Minister,
1793 1139 1834 1167 vel

991 1185 1089 1213 Custos
1110 1192 1172 1213 cum
1199 1185 1308 1214 duobus
1329 1185 1473 1219 Discretis,
1495 1193 1565 1222 quos
1586 1193 1621 1213 ex
1644 1185 1835 1221 praesentibus

991 1231 1041 1260 sibi
1063 1231 1096 1259 ad
1127 1232 1176 1260 1106
1207 1235 1341 1266 assumet,
1372 1232 1518 1269 diligenter
1547 1232 1729 1261 conscribant.
1762 1232 1836 1268 Quas

991 1282 1136 1315 postquam
1166 1279 1380 1316 conscripserint
1400 1282 1427 1308 et
1455 1287 1521 1307 mox
1544 1279 1570 1307 in
1592 1279 1712 1308 medium
1741 1278 1836 1307 recita-

992 1325 1094 1359 verint,
1117 1325 1204 1354 eidem
1228 1329 1354 1354 revocato
1379 1326 1519 1354 audientia
1543 1325 1718 1354 concedatur.
1742 1326 1836 1354 Eteo-

991 1371 1052 1400 dem
1075 1379 1197 1408 egresso,
1220 1372 1320 1400 iterum
1342 1380 1426 1408 super
1454 1372 1675 1400 accusationibus
1695 1375 1722 1400 et
1749 1380 1836 1400 excu-

992 1418 1144 1447 sationibus
1166 1418 1319 1447 communis
1340 1419 1448 1447 collatio
1464 1419 1608 1447 habeatur.
1630 1419 1689 1454 Qua
1711 1422 1835 1455 peracta,

992 1465 1122 1502 praedicti
1145 1465 1340 1502 Disquisitores
1361 1466 1533 1502 singulorum
1556 1469 1618 1494 vota
1638 1466 1710 1494 sicut
1733 1466 1759 1494 in
1781 1466 1836 1494 ele-

992 1512 1081 1540 ctione
1102 1512 1224 1540 facienda
1245 1512 1354 1548 publice
1376 1512 1554 1549 perquirant,
1576 1516 1671 1540 utrum
1693 1512 1732 1541 eis
1752 1521 1836 1549 appa-

992 1562 1067 1592 reat,
1088 1558 1192 1587 dictum
1213 1559 1368 1595 generalem
1391 1559 1546 1587 Ministrum
1567 1566 1626 1587 esse
1640 1559 1833 1596 corrigendum

992 1608 1113 1639 tantum,
1136 1605 1178 1634 vel
1199 1605 1279 1634 etiam
1303 1605 1412 1642 penitus
1433 1605 1625 1634 amovendum.
1648 1606 1754 1642 Quibus
1775 1614 1837 1634 con-

992 1652 1102 1689 scriptis
1123 1656 1150 1680 et
1172 1660 1236 1680 mox
1259 1652 1285 1680 in
1309 1652 1429 1680 medium
1459 1652 1596 1686 recitatis,
1618 1652 1698 1681 iuxta
1726 1655 1835 1681 senten-

992 1700 1056 1727 tiam
1073 1699 1184 1727 maioris
1206 1699 1292 1735 partis
1303 1701 1312 1715 Ἀ
1329 1699 1474 1727 medietate
1492 1699 1615 1727 omnium
1631 1699 1664 1727 ad
1685 1699 1835 1728 correctio-

992 1754 1054 1775 nem
1082 1746 1142 1775 eius
1164 1746 1206 1775 vel
1234 1746 1400 1774 amotionem
1422 1745 1588 1782 procedatur
1614 1746 1666 1774 1106
1695 1746 1782 1774 modo.
1809 1746 1835 1774 Si

992 1796 1099 1822 tantum
1114 1793 1295 1830 corrigendus
1315 1792 1411 1826 fuerit,
1434 1801 1483 1829 per
1505 1793 1643 1821 Ministros
1657 1795 1684 1821 et
1703 1793 1836 1822 Custodes

991 1840 1090 1868 ibidem
1113 1840 1243 1868 continuo
1274 1839 1439 1876 corrigatur.
1461 1839 1487 1867 Si
1520 1847 1585 1868 vero
1612 1839 1722 1876 penitus
1752 1840 1837 1868 fuerit

991 1886 1174 1920 amovendus,
1197 1887 1327 1923 praedicti
1351 1890 1406 1915 tres
1428 1886 1624 1923 Disquisitores
1644 1886 1731 1915 eidem
1757 1895 1836 1916 revo-

991 1937 1051 1962 cato
1073 1941 1197 1962 seorsum
1221 1936 1248 1961 et
1269 1936 1374 1962 secreto
1396 1933 1475 1969 prius
1496 1932 1629 1961 suadeant
1651 1933 1834 1962 voluntariam

991 1981 1157 2014 cessionem,
1179 1983 1205 2008 et
1227 1980 1248 2008 si
1271 1979 1448 2008 incontinenti
1470 1988 1524 2008 non
1549 1979 1677 2014 cesserit,
1700 1979 1835 2009 habeatur

991 2027 1170 2055 nihilominus
1191 2035 1241 2063 pro
1256 2030 1361 2060 amoto;
1383 2034 1415 2055 ac
1436 2027 1541 2060 statim,
1558 2027 1616 2063 ipso
1636 2026 1710 2055 foras
1724 2035 1835 2064 egresso

991 2077 1018 2103 et
1038 2074 1123 2108 ostio,
1146 2077 1176 2102 ut
1198 2073 1291 2110 prius,
1313 2073 1430 2101 firmiter
1451 2073 1591 2107 obserato,
1613 2073 1647 2102 ad
1674 2073 1835 2102 electionem

990 2121 1105 2149 alterius
1133 2120 1313 2157 procedatur,
1342 2120 1380 2148 ita
1408 2123 1438 2148 ut
1466 2120 1493 2148 in
1514 2128 1594 2148 mane
1619 2119 1672 2149 diei
1694 2120 1835 2157 sequentis

992 2167 1090 2196 habeat
1104 2167 1178 2195 Ordo
1192 2167 1276 2195 alium
1298 2167 1452 2203 generalem
1468 2166 1623 2195 Ministrum
1646 2170 1833 2203 praesentem,

992 2215 1034 2243 vel
1055 2214 1206 2242 absentem.

1070 2261 1146 2289 Feria
1166 2260 1286 2289 secunda
1314 2263 1375 2296 post
1401 2260 1571 2289 Pentecostes
1599 2268 1679 2289 mane
1706 2264 1833 2289 cantatur

991 2308 1069 2336 Missa
1087 2308 1121 2336 de
1142 2307 1245 2344 Spiritu
1260 2310 1368 2340 sanct03
1385 2315 1439 2343 qua
1460 2309 1582 2340 cantata,
1602 2307 1705 2336 intrent
1726 2307 1834 2335 Fratres

991 2355 1081 2383 locum
1103 2354 1233 2390 Capituli,
1255 2357 1281 2382 et
1296 2354 1343 2382 fiat
1364 2361 1454 2382 sermo
1472 2353 1614 2382 Fratribus
1634 2354 1661 2382 in
1683 2354 1832 2382 communi.

991 2401 1051 2437 Quo
1072 2400 1219 2436 completo,
1242 2400 1374 2428 recitetur
1396 2407 1530 2428 numerus
1544 2400 1672 2428 Fratrum
1692 2400 1835 2429 defuncto-

992 2455 1054 2475 rum
1069 2455 1084 2475 a
1106 2450 1229 2483 tempore
1244 2447 1379 2483 generalis
1399 2446 1516 2483 Capituli
1532 2447 1661 2483 proximo
1679 2447 1833 2483 praeteriti,

991 2502 1042 2530 pro
1063 2493 1165 2530 quibus
1186 2493 1294 2522 dicatur
1316 2494 1439 2522 Psalmus
1462 2494 1501 2522 De
1520 2493 1697 2531 profundis,
1724 2494 1751 2522 in
1779 2494 1833 2523 fine

992 2540 1126 2578 Requiem
1151 2543 1309 2568 aeternam.
1339 2540 1428 2568 Pater
1460 2544 1563 2568 noster.
1590 2541 1624 2568 Et
1652 2549 1686 2569 ne
1715 2549 1777 2569 uos.
1806 2542 1830 2569 A

987 2591 1076 2624 porca
1094 2585 1192 2623 inferi.
1215 2586 1403 2625 Requiescant
1421 2587 1451 2615 iu
1469 2595 1550 2624 pace.
1574 2587 1693 2616 Domine
1713 2587 1832 2616 exaudi.

993 2633 1134 2661 Dominus
1154 2633 1309 2661 vobiscum.
1332 2633 1439 2662 Oratio:
1463 2633 1589 2662 Absolve.

1069 2680 1205 2708 Numerus
1233 2683 1325 2709 autem
1353 2680 1479 2709 Fratrum
1509 2680 1608 2709 ibidem
1637 2681 1768 2710 recitatus
1798 2680 1832 2709 ad

990 2727 1112 2763 singulas
1133 2727 1288 2755 Provincias
1309 2727 1463 2761 deferatur,
1485 2730 1516 2756 ut
1536 2727 1563 2756 in
1585 2728 1700 2765 singulis
1721 2728 1832 2764 provin-

990 2773 1105 2802 cialibus
1126 2773 1258 2810 Capitulis
1278 2773 1358 2802 modo
1379 2774 1458 2802 simili
1482 2774 1668 2803 absolvantur.
1691 2775 1752 2803 Post
1780 2774 1832 2803 1106

991 2820 1096 2848 litterae
1117 2820 1331 2856 praesentandae
1357 2823 1580 2857 praesententur,
1606 2824 1633 2850 et
1661 2829 1831 2850 recommen-

989 2865 1099 2894 datitiae
1113 2865 1140 2894 in
1163 2866 1216 2895 fine
1230 2866 1345 2903 Capituli
1368 2867 1510 2904 legantur,
1533 2870 1559 2896 et
1581 2867 1779 2904 respondeatur
1797 2868 1831 2896 de

1052 3009 1061 3023 ²
1078 3011 1107 3033 lta
1126 3011 1154 3039 [ἐς
1172 3010 1241 3033 verba
1259 3010 1359 3034 inertioris
1373 3011 1451 3040 partis
1468 3011 1576 3034 deficiunt
1594 3012 1615 3034 in
1633 3012 1684 3034 cod.

1851 724 1979 743 Continuatio.
