2133 3317
0 479 69 505 mptum.

0 1035 71 1056 mua

0 1065 18 1080 ιο
34 1064 71 1078 mo-

0 1508 71 1528 iussi-

40 1545 45 1551 ‘
89 1545 183 1584 loquio
203 1554 263 1574 non
290 1545 378 1574 deerit
396 1549 547 1583 peceatum
558 1545 580 1579 ⁶,
609 1545 648 1573 sic
669 1544 790 1573 breviter
812 1548 838 1573 et
866 1552 931 1572 raro

414 205 608 235 OPUSCULUM
629 204 670 233 VI.
694 204 736 232 DE
760 202 980 232 PERFECTIONE
1002 202 1098 231 VITAE
1121 202 1163 230 AD
1184 201 1340 230 SORORES.
1362 201 1430 229 CAP.
1453 200 1494 229 IV.
1775 200 1828 228 115

86 293 168 323 quam
199 285 344 313 amabilem
376 284 452 317 Deo,
483 290 567 320 quam
599 289 730 311 securum
765 281 792 309 in
825 280 929 309 mundo

85 332 177 362 reddis
197 334 348 360 amatorem
371 332 466 359 tuum!
487 341 500 354 «
515 329 566 365 Qui
589 329 671 362 enim,
693 331 725 356 ut
745 327 810 356 dicit
831 327 929 363 Grego-

85 379 145 407 rius
157 379 176 412 ¹,
198 378 267 406 nihil
288 377 371 405 habet
392 376 418 405 in
440 375 557 409 mundo,
579 375 652 412 quod
673 374 783 411 diligat,
805 373 873 402 nihil
888 376 930 402 est

85 425 113 454 in
133 424 249 458 mundo,
271 423 345 461 quod
367 423 582 460 pertimescat».
606 421 680 450 Unde
696 421 796 457 legitur
819 420 845 448 in
861 420 929 448 Vitis

86 472 196 501 Patrum
208 471 228 505 ²,
249 470 323 507 quod
344 469 456 506 quidam
471 477 577 506 pauper
599 468 683 497 frater
705 467 823 496 babebat
844 475 928 495 unam

86 521 208 551 mattam,
228 517 261 546 de
283 516 426 545 medietate
447 523 476 544 se
500 515 674 552 cooperiebat
695 514 721 542 in
743 517 822 542 nocte
843 517 870 542 et
890 513 929 541 al-

86 568 173 593 teram
194 563 368 592 medietatem
397 562 447 591 sibi
474 561 661 590 submittebat.
683 560 807 597 Quodam
836 563 929 588 autem

86 614 223 647 tempore,
244 617 307 638 cum
322 612 394 638 esset
408 608 529 637 validum
551 608 651 644 frigus,
672 607 749 635 Pater
770 606 928 634 monasterii

85 656 119 685 de
139 659 218 685 nocte
245 655 342 684 exiens
362 654 467 683 audivit
487 661 551 683 eum
579 653 730 682 dicentem:
752 652 859 681 Gratias
879 660 930 688 ago

86 703 150 736 tibi,
173 702 301 736 Domine,
323 701 389 738 quia
409 704 490 738 quot,
505 704 572 737 quot
587 703 652 729 sunt
671 699 770 728 divites
790 699 817 727 in
839 702 930 728 custo-

86 749 145 783 dia,
166 752 193 777 et
214 749 261 786 qui
277 749 303 776 in
319 748 394 777 ferro
415 747 525 781 sedent,
546 750 595 775 aut
609 747 684 775 ferro
704 746 835 774 vinculati
851 748 929 780 sunt,

86 799 134 824 aut
154 795 237 832 pedes
258 795 360 823 liabent
391 794 417 822 in
440 794 512 831 ligno
542 793 720 822 constrictos!
744 793 798 829 Ego
835 795 929 821 autem

87 842 162 871 velut
182 842 332 878 imperator
347 849 421 875 sum,
437 841 589 870 extendens
610 839 692 876 pedes
712 847 801 873 meos,
823 842 850 867 et
874 847 930 875 quo

87 889 164 923 volo,
185 889 305 917 ambulo.
320 904 359 908 —
372 888 415 916 Sic
430 895 495 924 ergo
510 887 596 915 habes
617 886 751 923 primum,
767 885 869 914 scilicet
884 894 930 913 ex-

87 935 211 972 emplum
233 935 411 972 paupertatis.

167 983 211 1010 10.
233 981 403 1015 Secundum,
425 981 500 1018 quod
518 984 544 1009 te
565 980 599 1008 ad
613 987 735 1008 amorem
758 979 931 1016 paupertatis

86 1027 236 1057 accendere
256 1028 349 1061 debet,
371 1030 412 1056 est
432 1026 780 1067 divinum-promissum,
801 1025 875 1063 quod
890 1029 931 1054 est

87 1074 293 1103 inaestimabile.
316 1074 338 1102 O
366 1074 444 1102 clives
473 1073 503 1102 in
524 1081 621 1102 omnes
632 1073 653 1106 ³,
675 1081 691 1101 o
718 1072 789 1101 bone
817 1072 930 1101 Domine

986 280 1058 314 lesu,
1080 280 1142 317 quis
1157 282 1246 316 potest
1266 279 1346 316 digne
1361 279 1447 307 verbo
1461 278 1634 315 exprimere,
1649 277 1731 306 corde
1747 277 1831 314 perci-

986 335 1064 363 pere,
1086 335 1169 355 manu
1191 326 1313 355 scribere
1334 326 1407 354 illam
1429 325 1574 354 caelestem
1595 324 1726 361 gloriam,
1746 331 1829 361 quam

986 373 1041 401 tuis
1063 373 1232 410 pauperibus
1263 375 1289 401 te
1310 372 1442 401 daturum
1474 371 1643 408 promisisti?
1674 370 1725 407 Ipsi
1758 370 1830 399 enim

986 422 1148 456 paupertate
1169 419 1326 447 voluntaria
1349 421 1492 447 merentur
1517 429 1530 443 α
1546 417 1649 455 gloriae
1676 417 1831 446 Conditoris

986 465 1137 494 assistere⁴=
1150 476 1178 499 u,
1200 465 1250 502 ipsi
1273 468 1416 493 merentur
1431 465 1546 493 intrare
1566 464 1597 493 in
1615 464 1759 501 potentias
1777 464 1830 492 Do-

985 512 1074 545 mini,
1097 512 1123 540 in
1146 512 1191 540 illa
1211 514 1323 540 aeterna
1342 512 1535 545 tabernacula,
1557 511 1584 539 in
1606 511 1666 540 illas
1694 510 1830 539 lucidissi-

987 566 1046 586 mas
1067 558 1230 586 mansiones.
1253 558 1304 595 lpsi
1327 562 1470 587 merentur
1492 558 1551 587 fieri
1573 558 1647 587 cives
1668 558 1742 586 illius
1766 557 1831 586 civi-

987 605 1066 638 tatis,
1088 605 1168 633 cuius
1195 605 1296 633 artifex
1318 608 1345 634 et
1372 605 1497 633 conditor
1518 608 1559 633 est
1587 605 1667 633 Deus.
1694 605 1735 633 Tu
1757 604 1830 633 enim

987 659 1035 679 ore
1067 655 1115 679 tuo
1145 651 1288 680 benedicto
1319 651 1467 688 promisisti
1499 652 1554 685 eis,
1585 651 1716 680 dicens⁵:
1749 651 1833 679 Beati

984 706 1131 735 pauperes
1157 698 1283 735 spiritu,
1314 698 1453 736 quoniam
1484 698 1616 735 ipsoram
1647 701 1688 726 est
1708 706 1831 735 regnum

987 744 1143 773 caelorum.
1176 745 1233 773 Non
1265 745 1338 773 aliud
1370 748 1429 778 est,
1465 745 1580 773 Domine
1614 745 1673 773 Iesu
1705 744 1831 778 Christe,

988 800 1110 829 reynam
1132 791 1280 820 caelorum
1295 800 1379 828 quam
1393 795 1423 819 tu
1445 791 1519 827 ipse,
1540 791 1587 828 qui
1603 799 1632 820 es
1656 792 1713 820 Rex
1728 799 1832 828 reyum

987 842 1012 866 et
1035 838 1177 866 Dominus
1198 838 1422 866 dominantium.
1445 838 1482 866 Tc
1510 838 1600 874 ipsum
1632 838 1709 866 dabis
1737 838 1776 866 eis
1805 838 1832 866 in

988 885 1159 921 praemium,
1190 885 1217 913 in
1249 884 1404 913 mercedem
1432 888 1458 913 et
1490 885 1517 913 in
1548 885 1689 922 gaudium.
1723 885 1774 921 lpsi
1806 887 1832 913 te

987 931 1130 964 fruentur,
1151 931 1185 959 de
1207 934 1233 960 te
1247 931 1422 968 gaudebunt,
1444 931 1478 959 de
1493 934 1519 959 te
1534 931 1718 959 satiabuntur.
1742 931 1833 959 Ettent

987 978 1060 1007 enim
1080 987 1226 1015 pauperes
1247 982 1271 1006 et
1291 977 1511 1006 saturabantur
1538 981 1563 1006 et
1591 977 1755 1006 laudabant
1777 978 1832 1006 Do—

987 1025 1101 1053 minum
1122 1025 1174 1063 qui
1194 1025 1351 1063 requirunt
1370 1033 1452 1058 eum,
1476 1024 1567 1052 vivent
1581 1025 1673 1052 eorda
1686 1032 1787 1052 eorum
1802 1024 1834 1052 in

987 1071 1137 1100 saeculum
1158 1071 1276 1100 saecuti.
1298 1072 1390 1099 Amen.

851 1206 1010 1235 CAPITULUM
1033 1206 1073 1234 IV.

738 1329 776 1357 De
797 1329 909 1357 silentio
930 1332 954 1357 et
979 1329 1186 1357 taciturnitate.

169 1454 193 1481 1.
215 1452 272 1481 Non
295 1452 470 1481 mediocriter
490 1455 655 1488 cooperatur
680 1451 714 1479 ad
736 1451 930 1488 perfectionem

88 1499 215 1536 religioso
236 1499 339 1528 homini
362 1499 452 1527 virtus
466 1499 579 1532 silentii,
601 1498 681 1535 quia,
704 1498 775 1527 sicut
789 1498 820 1526 in
835 1497 932 1526 multi-

87 1593 163 1630 loqui
184 1592 218 1621 ad
239 1592 291 1621 hoc
312 1592 399 1626 valet,
421 1595 453 1621 ut
477 1592 559 1621 homo
580 1595 674 1620 caveat
702 1591 752 1620 sibi
774 1599 790 1619 a
811 1594 930 1628 peccato.

89 1639 120 1668 Et
140 1639 212 1668 sicut
230 1647 267 1668 ex
288 1639 371 1667 nimia
396 1639 505 1676 loquela
525 1638 685 1675 frequenter
712 1637 839 1675 sequitur
860 1637 932 1666 iniu-

88 1685 130 1714 ria
150 1688 204 1714 tam
226 1685 274 1714 Dei
296 1693 379 1723 quam
400 1685 539 1722 proximi,
560 1685 599 1714 sic
620 1693 656 1714 ex
678 1684 786 1713 silentio
808 1684 932 1713 nutritur

87 1732 208 1767 iustitia,
230 1741 266 1762 ex
293 1741 350 1770 qua
370 1733 446 1762 velut
473 1741 508 1762 ex
531 1732 649 1770 quadam
671 1732 771 1760 arbore
793 1731 931 1768 colligitur

87 1779 197 1809 fructus
217 1780 300 1817 pacis.
316 1780 391 1809 Unde
412 1788 475 1809 cum
491 1779 686 1808 claustralibus
701 1787 756 1816 pax
775 1779 809 1807 sit
824 1786 932 1807 summe

88 1827 258 1861 necessaria,
280 1827 358 1855 valde
379 1827 564 1855 necessarium
580 1830 622 1855 est
642 1826 681 1854 eis
703 1826 860 1859 silentium,
882 1833 932 1862 per

88 1873 162 1910 quod
182 1882 238 1910 pax
253 1873 293 1902 eis
314 1876 369 1902 tam
387 1873 477 1902 cordis
498 1881 581 1909 quam
597 1872 721 1909 corporis
741 1874 931 1900 conservatur.

88 1920 236 1957 Propterea
257 1920 338 1948 lsaias
360 1920 506 1957 propheta,
528 1919 659 1947 virtutem
687 1919 787 1948 silentii
809 1918 932 1947 conside—

89 1975 169 2001 rans,
190 1967 266 1996 ait⁷:
288 1967 352 1995 Erit
373 1975 446 2004 opus
461 1966 590 1995 iustitiae
609 1974 671 2002 pax
686 1970 710 1994 et
731 1965 826 1993 cultas
848 1964 931 1993 iasti-

89 2013 146 2042 tiae
166 2013 328 2046 silentium·
355 2013 433 2051 quasi
459 2013 545 2041 dIcat:
575 2015 666 2041 tantae
697 2012 809 2041 virtutis
835 2015 876 2041 est
897 2011 933 2040 si-

88 2060 219 2094 lentium,
240 2060 313 2098 quod
336 2060 362 2089 in
384 2060 497 2089 homine
517 2061 662 2088 conservat
682 2059 729 2087 Dei
752 2059 884 2087 iustitiam
906 2061 932 2087 et

88 2107 160 2136 inter
181 2107 323 2144 proximos
343 2115 438 2144 pacem
466 2106 556 2135 nutrit
575 2108 603 2135 et
623 2106 750 2135 custodit.
779 2106 833 2134 Nisi
859 2105 931 2134 enim

88 2153 171 2182 homo
193 2154 270 2183 valde
283 2153 428 2191 diligenter
443 2154 490 2182 ori
509 2162 563 2182 suo
578 2152 715 2181 adhibeat
735 2153 899 2181 custodiam
911 2152 932 2187 ⁸,

152 2362 160 2375 ¹
178 2362 240 2385 Libr.
257 2363 284 2385 X.
302 2362 378 2385 moral.
396 2368 416 2385 c.
433 2363 470 2384 21.
488 2369 511 2384 n.
528 2363 570 2390 393
588 2363 628 2385 err.
640 2368 709 2390 supra
722 2369 775 2391 pag.
789 2363 831 2390 44,
844 2366 895 2386 nota
909 2364 930 2386 3.

151 2400 161 2414 2
177 2401 223 2424 Csr.
240 2401 291 2423 Vita
308 2402 368 2424 loan.
387 2401 576 2428 Eleemosynarii,
593 2407 613 2423 c.
634 2401 676 2428 20,
699 2401 738 2424 ubi
761 2402 932 2429 coopertorium

89 2441 110 2463 ei
121 2440 231 2463 donatum
243 2443 344 2469 recusat,
361 2440 452 2463 dicens:
473 2448 484 2460 ε
495 2441 578 2469 Quanti
595 2443 648 2463 sunt
660 2441 742 2468 modo,
754 2441 805 2470 qui,
817 2441 932 2469 psiathum

89 2479 206 2509 [mattam]
225 2479 334 2502 habentes
350 2479 432 2502 subtus
449 2479 571 2502 dimidium
583 2482 606 2502 et
616 2485 685 2507 supra
703 2479 839 2507 dimidium,
854 2482 877 2502 et
887 2486 933 2502 non

89 2522 184 2547 possunt
199 2519 321 2541 extendere
338 2519 410 2546 pedes
426 2525 481 2541 suos
493 2527 503 2538 n
523 2521 567 2541 etc.
585 2518 645 2541 idem
655 2512 794 2546 'exemplum
812 2519 905 2540 affertur
920 2525 932 2541 a

89 2558 146 2580 Guil.
163 2558 271 2587 Peraldo,
289 2558 354 2580 Sum.
370 2558 481 2580 virtutum
499 2564 525 2580 ac
537 2557 658 2584 vitiorum,
670 2560 725 2580 tom.
738 2558 751 2579 l.
765 2563 788 2585 p.
801 2557 828 2580 V.
840 2557 869 2579 de
882 2558 933 2579 Bea-

90 2597 236 2625 titudinibus,
249 2604 273 2626 p.
285 2598 313 2620 V.
324 2597 354 2620 de
366 2598 513 2625 Paupertate,
527 2597 567 2626 qui
584 2599 660 2619 tamen
673 2603 715 2624 pro
729 2596 786 2626 quia
797 2597 864 2626 quot,
878 2597 935 2626 quot

89 2637 146 2659 sunt
161 2635 242 2659 divites
258 2635 283 2658 in
299 2635 420 2664 custodia,
437 2637 458 2659 et
475 2635 517 2665 qui
531 2635 557 2658 in
573 2635 638 2665 ferro
653 2634 744 2663 sedent,
756 2636 799 2658 aut
809 2635 874 2664 ferro
886 2635 934 2658 vin-

90 2673 164 2697 culati
178 2675 234 2698 sunt
251 2674 367 2697 substituit
383 2675 440 2704 quot
455 2675 512 2697 sunt
529 2673 598 2696 modo
611 2673 692 2696 divites
704 2673 729 2696 in
741 2672 847 2696 custodia
860 2673 935 2703 etqui

91 2713 115 2736 in
131 2713 224 2743 inferno
240 2713 325 2737 sedent.
344 2714 407 2741 Vat.‚
424 2712 592 2741 refragantibus
614 2712 695 2740 BCF,
717 2712 801 2735 omittit
824 2711 934 2740 taodczm

90 2753 169 2776 autem
185 2754 312 2782 tempore...
329 2752 465 2782 exemplum
479 2751 636 2782 paupertatis.

152 2790 161 2804 ³
178 2792 245 2814 Rom.
262 2792 304 2819 to,
322 2792 358 2814 42.
375 2803 407 2808 —
423 2791 517 2814 {userius
533 2797 576 2819 pro
592 2790 662 2814 verbo
680 2790 696 2813 C
708 2791 724 2813 F
741 2790 830 2818 verbis,
848 2793 870 2813 et
892 2796 934 2818 pro

88 2830 209 2860 percipere
226 2831 243 2853 B
252 2830 268 2854 C
277 2831 293 2853 F
310 2830 438 2860 concipere.

152 2869 162 2882 ⁴
179 2870 311 2892 Secundum
333 2870 429 2898 Gregor.
452 2875 521 2898 supra
546 2875 598 2897 pag.
616 2870 658 2897 62,
675 2872 728 2892 nota
746 2869 768 2891 3.
785 2869 886 2892 allatum.
903 2881 934 2886 —

92 2907 198 2937 Sequitur
216 2908 250 2930 ΡΞ.
267 2907 310 2936 70,
328 2908 369 2930 46:
387 2907 486 2930 introibo
503 2908 524 2930 in
543 2908 656 2935 potentias
672 2907 772 2930 Domini.

153 2945 163 2959 ⁶
179 2947 256 2969 Mattn.
272 2947 299 2974 5,
316 2946 337 2968 3.
355 2959 385 2962 —
402 2946 453 2968 Duo
475 2952 541 2975 seqq.
564 2946 606 2969 loci
629 2949 682 2968 sunt
699 2947 712 2968 Ι.
736 2946 795 2968 Tim.
813 2946 840 2973 6,
859 2945 895 2968 45.
912 2948 934 2968 et

92 2985 126 3007 Ps.
144 2986 185 3014 2⁴,
203 2985 239 3008 27.

988 1455 1015 1479 et
1036 1451 1107 1479 bona
1127 1450 1263 1487 gratuita,
1285 1458 1356 1487 quae
1377 1450 1476 1483 habet,
1498 1450 1552 1478 cito
1572 1449 1686 1487 dissipat
1706 1452 1733 1478 et
1753 1449 1834 1478 etiam

989 1496 1015 1525 in
1038 1497 1125 1525 multa
1145 1497 1217 1525 mala
1231 1496 1345 1525 corruit.
1368 1496 1484 1533 Linyua
1499 1496 1625 1534 quidem,
1640 1498 1672 1525 ut
1692 1496 1757 1525 dicit
1772 1496 1835 1525 bea-

989 1547 1034 1572 tus
1056 1544 1169 1572 lacobus
1189 1543 1216 1572 in
1237 1543 1372 1572 Canonica
1393 1543 1479 1577 sua⁹,
1500 1543 1648 1571 modicam
1671 1543 1835 1572 membrum

988 1594 1029 1619 est
1049 1595 1075 1619 et
1095 1599 1206 1628 mayna
1226 1590 1353 1624 exaltan
1374 1593 1401 1619 et
1422 1590 1565 1627 sequitur:
1587 1590 1704 1627 Lingua
1731 1594 1835 1618 nostra

989 1637 1067 1675 iynis
1087 1641 1142 1671 est,
1164 1637 1344 1665 universitas
1361 1637 1543 1675 iniquitatis,
1565 1637 1611 1665 ubi
1634 1637 1699 1665 dicit
1726 1636 1833 1670 Glossa,

989 1684 1062 1721 quod
1078 1695 1092 1709 «
1104 1692 1153 1721 per
1164 1692 1223 1713 eam
1236 1692 1305 1721 pene
1316 1687 1415 1713 cuncta
1430 1684 1550 1712 facinora
1561 1684 1771 1718 concinnantur,
1786 1686 1835 1712 aut

989 1734 1135 1769 patrantur
1151 1744 1176 1759 ».
1206 1731 1252 1760 Vis
1273 1731 1386 1765 audire,
1418 1739 1434 1759 o
1455 1731 1558 1759 famula
1588 1730 1652 1765 Dei,
1675 1731 1716 1759 vis
1748 1731 1834 1765 scire,

989 1781 1093 1815 quanta
1113 1778 1183 1806 mala
1204 1786 1239 1807 ex
1269 1778 1362 1815 lingua
1388 1777 1541 1814 prodeunt,
1563 1778 1585 1806 si
1606 1778 1751 1814 diligenter
1779 1785 1834 1806 non

989 1824 1182 1853 custodiatur?
1207 1824 1291 1859 Audi,
1314 1828 1341 1853 et
1371 1825 1468 1853 dicam.
1502 1824 1541 1852 Ex
1574 1824 1667 1861 lingua
1698 1824 1836 1861 prodeunt

989 1871 1173 1908 blasphemia,
1196 1872 1396 1906 murmuratio,
1417 1871 1519 1908 peccati
1547 1871 1668 1900 defensio
1679 1871 1712 1905 1⁰,
1742 1871 1836 1907 periu-

990 1918 1080 1952 rium,
1108 1918 1297 1952 mendacium,
1325 1918 1473 1952 detractio,
1502 1918 1638 1952 adulatio,
1664 1917 1834 1952 maledictio,

990 1965 1155 1999 convitium,
1177 1965 1328 1999 contentio,
1350 1965 1487 1993 bonorum
1503 1964 1616 1999 derisio,
1639 1972 1755 2001 pravum
1771 1972 1836 1993 con—

990 2012 1095 2045 silium,
1110 2019 1220 2046 rumor,
1242 2012 1383 2045 iactantia,
1403 2011 1499 2040 secreti
1523 2011 1666 2045 revelatio,
1688 2010 1836 2039 indiscreta

990 2058 1177 2093 comminatio,
1192 2058 1340 2087 indiscreta
1354 2058 1509 2095 promissio,
1525 2058 1742 2095 multiloquium,
1757 2065 1836 2086 scur-

990 2105 1085 2134 rilitas.
1108 2105 1136 2133 ln
1168 2105 1283 2134 veritate
1313 2113 1413 2142 magna
1440 2104 1564 2133 confusio
1585 2108 1626 2133 est
1656 2104 1737 2133 sexui
1758 2104 1835 2133 femi-

990 2160 1042 2181 neo
1062 2156 1089 2181 et
1110 2160 1241 2189 magnum
1268 2152 1388 2181 dedecus
1414 2155 1456 2181 est
1483 2152 1569 2181 sacris
1597 2151 1751 2188 virginibus
1781 2159 1835 2179 non

1052 2362 1062 2375 ⁶
1080 2363 1147 2385 Prov.
1166 2362 1206 2389 40,
1226 2362 1262 2385 49.
1279 2374 1310 2379 -
1327 2362 1439 2390 Superius
1462 2368 1504 2389 pro
1520 2360 1632 2390 religioso
1649 2360 1666 2383 C
1677 2361 1720 2383 DF
1736 2360 1762 2383 in
1783 2359 1835 2383 reli-

990 2400 1062 2431 yioso.
1081 2402 1175 2424 interius
1198 2407 1240 2429 pro
1263 2400 1294 2424 Et
1313 2400 1374 2424 sicut
1397 2407 1428 2424 ea·
1449 2400 1524 2423 nimia
1548 2400 1586 2428 (ita
1609 2399 1686 2428 BCF)
1710 2399 1761 2422 Vat.
1787 2399 1834 2423 Pro

989 2441 1072 2464 nimia.

1053 2479 1061 2492 ⁷
1078 2479 1134 2507 Cap.
1151 2479 1194 2506 32,
1215 2479 1249 2501 17.
1266 2479 1311 2502 Ct'r.
1329 2479 1437 2507 Gregor.‚
1455 2478 1500 2500 Vll.
1518 2478 1594 2500 Moral.
1613 2483 1632 2500 c.
1646 2478 1683 2500 ⁴7.
1695 2484 1717 2500 n.
1730 2477 1771 2504 58;
1785 2478 1836 2500 Ber-

990 2518 1067 2545 nard.,
1085 2518 1155 2546 Epist.
1173 2518 1210 2540 89.
1226 2524 1249 2540 u.
1266 2518 1289 2540 2.
1305 2520 1327 2539 et
1343 2517 1413 2545 Epist.
1432 2517 1485 2539 385.
1504 2516 1568 2545 (alias
1585 2516 1648 2545 341.)
1668 2522 1688 2538 n.
1708 2517 1729 2538 3.
1746 2522 1795 2545 seq.

1053 2555 1062 2568 ⁸
1079 2556 1208 2584 Respicitur
1225 2556 1260 2578 ΡΒ.
1278 2556 1321 2583 38,
1339 2557 1365 2578 2:
1382 2555 1451 2577 Posui
1468 2555 1501 2578 ori
1519 2561 1571 2577 meo
1589 2555 1724 2577 custodiam.
1741 2554 1786 2577 Cir.
1799 2555 1834 2577 Ps.

991 2595 1048 2622 ΜΟ,
1067 2596 1093 2617 3;
1112 2596 1183 2623 Pone,
1200 2594 1308 2622 Domine,
1325 2594 1454 2616 custodiam
1472 2594 1505 2616 ori
1519 2600 1578 2616 meo.
1590 2594 1656 2615 Eccli.
1669 2594 1711 2620 22,
1725 2594 1767 2616 33:
1779 2593 1835 2622 Quis

990 2633 1054 2656 dabit
1071 2634 1104 2656 ori
1123 2640 1175 2656 meo
1192 2633 1320 2656 custodiam
1338 2636 1360 2655 et
1377 2639 1446 2660 super
1464 2632 1522 2654 labia
1546 2638 1596 2654 mea
1620 2632 1764 2660 signaculum
1787 2638 1836 2654 cer-

991 2676 1053 2700 tum,
1065 2676 1090 2695 ut.
1101 2679 1146 2695 non
1163 2672 1245 2695 cadam
1263 2672 1292 2694 ab
1305 2672 1370 2700 ipsis,
1383 2674 1404 2694 et
1416 2672 1494 2699 lingua
1507 2677 1557 2693 mea
1570 2671 1652 2699 perdat
1663 2672 1717 2693 me?
1729 2682 1760 2688 —
1775 2671 1835 2700 Vat.,

990 2711 1201 2734 contradicentibus
1217 2711 1325 2738 BCDF,
1342 2710 1408 2738 legit:
1425 2709 1479 2734 Nisi
1495 2710 1564 2733 homo
1582 2709 1717 2739 diliqentem
1733 2709 1772 2733 ori
1791 2716 1835 2733 suo

990 2750 1098 2774 adhibeat
1115 2749 1256 2774 custodiam.

1053 2788 1063 2801 ⁹
1080 2789 1136 2818 Cap.
1153 2790 1180 2816 3,
1197 2789 1218 2811 ὅ.
1236 2792 1258 2812 et
1274 2789 1297 2811 6.
1313 2801 1344 2806 -
1361 2788 1440 2811 Glossa
1456 2787 1582 2811 ordinaria
1599 2787 1635 2814 (ex
1652 2788 1723 2817 Beda)
1740 2788 1763 2810 in
1775 2789 1836 2810 hunc

990 2829 1080 2851 locum:
1099 2827 1278 2851 Universitatem
1295 2827 1362 2855 dicit,
1379 2827 1432 2856 quia
1450 2833 1492 2855 per
1509 2833 1559 2849 eam
1577 2829 1659 2849 cuncta
1676 2827 1723 2849 tere
1737 2827 1835 2849 facinora

991 2870 1030 2890 aut
1046 2867 1220 2894 concinnantur,
1237 2869 1262 2889 ut
1277 2866 1406 2895 latrocinia,
1424 2868 1516 2894 stupra,
1533 2868 1572 2888 aut
1584 2868 1712 2894 patrantur,
1725 2868 1749 2888 ut
1761 2865 1837 2894 perm-

990 2906 1037 2933 ria,
1055 2906 1108 2928 falsa
1126 2905 1269 2932 testimonia,
1285 2908 1325 2928 aut
1341 2905 1503 2932 defenduntur,
1520 2908 1545 2928 ut
1556 2911 1609 2927 cum
1621 2903 1717 2934 quilibet
1730 2904 1836 2932 impurus

991 2945 1121 2968 excusando
1133 2946 1220 2972 sceluS,
1232 2945 1295 2974 quod
1307 2945 1414 2972 admisit,
1425 2944 1518 2967 simulat
1528 2944 1629 2972 bonum,
1640 2944 1704 2974 quod
1717 2950 1761 2967 non
1775 2944 1834 2967 tecit.

1054 2983 1074 2996 ¹⁰
1090 2985 1120 3006 lta
1139 2983 1218 3013 BCF,
1236 2984 1254 3006 D
1270 2983 1397 3012 dissensio,
1415 2983 1466 3006 Vat.
1483 2982 1647 3007 dissensiones.

1848 1457 1875 1475 De
1884 1456 1937 1475 malis
1945 1456 1981 1475 liu-

1860 1485 1906 1504 guae
1919 1480 1967 1499 male

1858 1504 1969 1523 custoditae.
