2133 3317
105 289 256 322 utrumque
278 288 367 314 tamen
388 284 540 321 perfectum
564 284 589 313 in
611 285 736 319 Christo,
751 285 817 322 quia
830 293 866 314 ex
882 293 944 322 per-

103 331 250 361 fectissima
270 332 383 360 caritate
404 331 545 367 processit.
567 331 634 360 Nam
650 331 858 366 condescensio,
873 332 945 360 sicut

104 386 139 407 ex
161 377 437 414 praedeterminatis¹
458 380 500 406 est
527 377 654 412 evidens,
683 378 787 406 nullam
816 378 944 415 imperfe-

104 425 219 454 ctionem
242 424 318 460 ponit
338 424 365 452 in
387 424 635 458 condescendente,
657 424 704 453 sed
722 425 748 452 in
770 425 810 453 eis
837 425 943 458 solum,

103 471 203 509 quibus
224 471 460 505 condescenditur,
482 471 526 499 vel
547 471 574 499 in
596 471 655 507 ipso
675 479 775 508 genere
797 474 883 500 actus.

180 517 205 546 3.
229 517 303 545 Hoc2
325 517 345 545 si
369 517 499 546 voluisset
520 517 703 546 calumniator
721 518 881 552 advertere,
897 526 943 546 va—

102 565 172 597 1105,
193 564 220 592 in
242 571 312 600 quos
333 564 442 597 incidit,
464 564 597 592 falsorum
623 564 782 601 dogmatum
810 565 943 593 declinas-

102 612 142 639 set
162 617 280 638 errores.
303 611 368 638 Nam
391 618 475 647 super
496 610 595 639 falsum
628 611 718 647 primo
749 619 777 639 se
808 611 943 645 fundans,

6 662 86 682 mittum
101 655 173 694 falsi
185 656 320 684 criminis
334 656 515 693 impositione
529 657 655 685 catholici
667 657 787 686 doctoris
799 658 883 686 verba
896 657 943 686 de-

7 690 86 752 ξὲῐῗῖῗῑε
102 705 213 740 pravat,
235 703 282 731 sed
303 706 331 731 et
351 703 492 732 verisimili
515 704 634 740 quadam
648 704 831 732 distinctione
845 704 943 732 morlo-

43 745 48 751 ’
101 758 167 778 rum
184 750 337 778 ieiunandi
350 750 454 778 erroris
475 750 517 778 sui
534 751 669 779 versutias
683 751 817 784 occultat,
833 751 942 779 tandem

98 796 274 825 fraudulenta
292 797 536 825 commendatione
556 797 708 825 solutionis
723 797 827 825 ieiunii
847 806 942 825 carna-

99 843 132 872 lis
145 843 271 872 lasciviae
283 851 387 872 venena
398 843 533 880 propinat.
546 861 584 864 —
595 844 759 880 Aggrediens
773 844 856 880 igitur
868 852 942 878 eum,

5 903 32 917 mo
39 902 84 925 ,eum
100 893 195 919 contra
216 898 298 926 quem
314 890 422 923 scribit,
437 890 557 926 primum
573 890 715 927 redarguit
730 893 860 927 tanquam
876 890 942 919 liae-

4 923 87 964 ἠῗῗῦιῗ
99 935 221 964 relicum
235 939 262 964 et
273 939 533 973 praesmmaoszmz
548 939 575 964 et
588 944 674 964 verae
686 935 871 973 perfectionis
887 936 942 964 ini-

97 982 214 1012 micum.
227 999 264 1002 —
275 984 388 1011 Summa
403 985 495 1011 autem
510 982 696 1019 persuasionis
711 990 786 1016 suae,
798 991 852 1019 qua
865 983 941 1012 velut

35 1028 271 1063 ,tuthaerecz'eum
296 1036 359 1057 eum
388 1028 530 1057 confutare
551 1032 680 1062 conatur,
705 1029 772 1057 haec
799 1037 858 1057 esse
886 1029 941 1057 col-

7 1061 81 1103 *uiffff
96 1075 205 1112 ligitur:
221 1075 300 1111 quia,
328 1086 341 1100 c<
355 1075 377 1103 si
393 1075 519 1103 Christus
533 1075 625 1112 aliqua
639 1075 713 1109 fecit,
729 1075 831 1112 quibus
846 1083 940 1104 exem-

97 1122 173 1159 plum
194 1121 323 1158 praebuit
344 1121 471 1158 perfectis
493 1121 700 1155 tantummodo3
723 1124 788 1150 tunc
803 1122 939 1159 sequitur,

97 1167 170 1205 quod
191 1167 301 1196 invidus
321 1167 420 1201 fuerit,
449 1167 514 1204 quia
546 1167 741 1203 perfectionem
773 1168 940 1204 imperfectis

97 1214 193 1243 invidit
207 1225 233 1242 ».
257 1214 336 1247 item,
357 1225 369 1238 α
382 1213 404 1242 51
425 1213 517 1250 aliqua
531 1213 607 1248 fecit,
624 1217 729 1242 tantum
744 1214 875 1242 imitanda
890 1215 940 1243 im-

96 1260 239 1298 perfectis,
261 1268 323 1289 cum
345 1260 391 1288 illa
412 1268 465 1288 non
487 1260 628 1296 potuerint
649 1268 709 1289 esse
730 1260 866 1297 perfecta,
891 1264 940 1289 aut

95 1307 222 1336 Christus
242 1306 312 1335 duas
334 1306 416 1335 habet
431 1314 578 1343 personas,
593 1314 713 1343 quarum
729 1315 785 1335 una
800 1307 862 1335 fecit
877 1315 939 1344 per-

95 1353 180 1388 fecta,
201 1353 254 1382 alia
285 1353 460 1390 imperfecta,
493 1353 645 1382 secundum
677 1353 775 1389 dogma
806 1354 938 1388 Nestorii3

95 1403 158 1435 aut,
180 1400 203 1429 si
225 1400 278 1429 Dei
299 1400 386 1429 Patris
403 1399 534 1437 perfecta
554 1403 623 1428 sunt
651 1409 740 1436 opera
753 1401 762 1417 ³
784 1404 810 1429 et
837 1400 937 1429 Christi

95 1446 268 1484 imperfecta,
290 1450 356 1475 tunc
377 1447 430 1475 erit
461 1454 579 1483 persona
611 1446 668 1474 Filii
699 1447 790 1475 minor
821 1454 939 1483 persona

94 1493 196 1527 Patris,
219 1493 298 1522 iuxta
318 1493 487 1530 impietatem
510 1493 564 1521 Arii
586 1493 643 1522 sive
665 1493 770 1521 Photini
787 1505 813 1521 ».

171 1541 198 1568 [ι.
220 1540 306 1569 Huius
327 1543 419 1568 autem
441 1539 606 1576 sophisticae
631 1540 846 1568 ratiocinationis
875 1549 938 1577 pro-

0 1593 82 1621 mam·
95 1595 189 1617 cessus
209 1590 351 1616 auctorem
373 1595 454 1616 suum
476 1589 503 1615 et
524 1587 695 1623 ignorantem
716 1587 887 1616 demonstrat
911 1590 938 1616 et

0 1619 82 1668 ’ῗῗῖιῗιιιῗ
94 1633 217 1670 impium.
239 1633 265 1661 Si
286 1633 359 1662 enim
380 1632 521 1661 scientiam
536 1633 651 1661 haberet
665 1633 708 1661 vel
723 1636 937 1669 quantumcum-

0 1662 48 1683 ’Μ’
93 1687 148 1717 que
168 1679 285 1713 exilem,
307 1679 449 1708 manifeste
470 1679 668 1716 perpenderet,
690 1679 764 1716 quod
785 1680 857 1708 sicut
875 1680 937 1708 uni-

93 1726 230 1755 versitatis
250 1725 363 1754 Creator
390 1725 507 1754 diversis
539 1733 635 1754 rerum
666 1726 814 1762 generibus
845 1726 936 1755 varias

92 1772 245 1801 secundum
266 1772 353 1808 magis
374 1775 401 1800 et
422 1771 514 1800 [11111115
535 1774 716 1805 naturarum,
744 1772 881 1801 virtutum
909 1775 936 1801 et

91 1818 282 1855 operationum
303 1818 458 1846 nobilitates
478 1817 620 1846 distribuit
640 1817 695 1846 non
716 1818 805 1846 solum
830 1818 935 1855 absque

91 1865 260 1901 malignitate
281 1864 413 1898 invidiae,
436 1871 534 1893 verum
556 1864 638 1892 etiam
659 1872 722 1893 cum
743 1864 831 1893 multa
849 1865 935 1893 mani-

91 1911 234 1940 festatione
255 1911 383 1940 bonitatis
404 1918 485 1945 suae;
507 1911 546 1939 sic
567 1914 594 1939 et
616 1910 728 1939 humani
749 1911 858 1947 generis
886 1911 935 1939 Re-

91 1961 199 1987 creator
220 1966 274 1986 non
303 1958 392 1987 solum
423 1958 528 1994 absque
559 1957 675 1991 invidia,
707 1958 754 1986 sed
785 1958 866 1987 etiam
898 1965 934 1986 ex

91 2005 179 2034 multa
199 2005 322 2034 caritatis
342 2005 532 2033 benevolentia
558 2004 667 2033 diversa
698 2005 815 2041 largitur
844 2005 935 2033 chari-

91 2054 210 2081 smatum
231 2051 317 2085 dona,
339 2051 448 2080 diversa
468 2051 573 2080 revelat
593 2051 789 2087 mysteriorum
817 2059 933 2085 arcana,

90 2097 199 2126 diversa
218 2097 264 2126 dat
284 2097 422 2134 graduum
443 2100 470 2126 et
491 2097 691 2134 praelationum
706 2097 810 2131 officia,
825 2097 934 2126 diversa

91 2143 198 2173 tandem
221 2144 356 2172 virtutum
378 2144 491 2180 praebet
511 2144 655 2181 exempla,
677 2144 715 2172 ita
735 2143 810 2181 quod
824 2144 872 2172 uni
887 2144 934 2172 dat

90 2190 191 2219 imitari
212 2198 317 2224 unum,
338 2190 416 2219 alteri
437 2191 573 2225 alterum,
594 2190 674 2219 iuxta
694 2190 768 2227 quod
789 2191 934 2227 Apostolus

91 2237 206 2274 loquens
225 2237 259 2266 de
279 2237 462 2266 continentiae
482 2237 614 2274 gradibus
635 2237 710 2265 ait4:
731 2237 933 2275 Unusquisque

91 2283 199 2312 donum
212 2283 370 2320 proprium
384 2283 466 2312 habet
480 2292 500 2312 a
513 2284 577 2312 Deo.
594 2300 629 2303 —
646 2284 772 2320 Insuper,
788 2292 851 2312 cum
866 2283 932 2312 dici-

90 2332 146 2365 tur,
167 2330 242 2367 quod
262 2330 389 2358 Christus
409 2330 501 2367 aliqua
522 2330 666 2367 proposuit
686 2330 817 2358 imitanda
844 2330 933 2366 perfe-

91 2375 157 2410 ctis,
178 2376 200 2405 si
221 2384 286 2405 sane
307 2379 430 2413 saperet,
452 2384 507 2404 non
528 2376 617 2404 solum
638 2376 672 2405 de
686 2376 740 2405 illis
755 2376 931 2413 intelligeret,

91 2422 139 2459 qui
160 2422 213 2451 iam
235 2422 348 2459 perfecti
370 2425 451 2457 sunt,
472 2422 519 2451 sed
540 2422 574 2451 de
594 2422 738 2456 omnibus,
753 2422 800 2459 qui
816 2422 933 2459 cupiunt

154 2672 161 2685 ¹
180 2672 234 2700 Cap.
253 2673 273 2695 ι1.
291 2679 312 2695 n.
334 2674 368 2695 lo.
385 2680 432 2702 seq.
450 2677 472 2696 et
489 2679 508 2695 c.
526 2674 547 2696 2.
564 2679 586 2695 11.
604 2674 624 2696 3.

154 2710 162 2723 ²
179 2711 251 2734 Codd.
269 2711 312 2734 AC
323 2712 338 2734 E
355 2712 424 2735 Haec.

154 2749 163 2762 ³
180 2750 245 2773 Dent.
262 2751 305 2777 32,
323 2750 344 2773 t.

153 2788 162 2801 ⁴
179 2789 250 2817 Epist.
267 2790 281 2812 l.
298 2789 350 2812 Cor.
366 2789 393 2816 7,
410 2789 432 2812 7.
449 2790 492 2812 Pro
508 2795 524 2811 a
542 2790 587 2812 Deo
605 2789 703 2818 Vulgata
720 2795 751 2812 ea·
770 2790 822 2812 Deo.
839 2789 885 2812 Csr.
897 2796 932 2812 su-

91 2833 132 2855 pra
149 2834 168 2849 c.
186 2828 207 2849 2.
224 2834 248 2850 n.
266 2828 303 2850 w.

154 2864 163 2878 ⁵
180 2866 248 2888 Marc.
269 2867 307 2894 to,
325 2867 349 2888 at
360 2883 366 2893 ,
383 2869 435 2894 post
451 2873 521 2895 quem
539 2867 614 2888 Maah.
634 2867 674 2893 w,
691 2867 732 2894 243
749 2867 788 2888 cfr,
806 2867 873 2888 Marc.
892 2867 931 2895 110,

92 2905 133 2927 21:
152 2905 228 2932 Vade,
245 2911 407 2934 quaecumque
424 2904 496 2927 habes
512 2905 588 2928 vende
605 2908 648 2928 etc.
664 2905 711 2927 Ct'r.
727 2911 796 2933 supra
809 2912 830 2928 c.
841 2907 861 2928 2.
875 2912 898 2928 u.
910 2907 932 2929 8.

154 2942 163 2956 ‘⁵
180 2944 238 2966 ioan.
258 2943 300 2971 tt,
317 2944 359 2966 28:
377 2945 441 2966 Pater
458 2944 531 2966 maior
548 2950 585 2966 mc
602 2947 642 2966 est.
660 2944 706 2967 Csr.
723 2950 793 2972 supra
805 2950 825 2967 c.
837 2945 858 2967 2.
871 2951 893 2967 n.
905 2944 931 2973 5;

93 2981 220 3005 Comment.
237 2983 258 3004 in
276 2983 334 3005 loan.
353 2988 372 3005 c.
393 2982 427 3005 14.
445 2989 467 3005 n.
485 2983 523 3005 47.
540 2986 562 3005 et
579 2983 611 3005 ΙΙΙ.
629 2983 689 3005 Sent.
707 2983 729 3005 d.
749 2983 786 3005 47.
802 2989 823 3005 a.
841 2984 862 3005 2.
873 2989 896 3012 q.
909 2983 930 3006 t.

571 208 768 236 OPUSCULUM
789 208 830 236 Xl.
853 208 1013 237 APOLOGIA
1036 209 1215 239 PAUPERUM.
1237 211 1305 239 CAP.
1327 211 1369 239 Vl.

1788 214 1844 241 267

1001 294 1060 315 esse
1082 287 1210 323 perfecti,
1233 288 1304 317 sicut
1325 289 1405 317 etiam
1435 289 1562 318 Christus
1590 289 1771 323 adolescenti,
1800 290 1843 318 cui

1001 333 1148 362 dixerat⁵x
1176 335 1270 362 Unum
1293 335 1345 364 libi
1365 336 1455 369 deest,
1478 336 1586 364 subdit:
1604 336 1637 365 Si
1652 336 1694 364 uis
1708 345 1766 364 esse
1778 345 1844 373 per-

1000 379 1110 416 fectus,
1134 382 1205 409 nacte
1225 385 1250 409 et
1270 382 1358 410 venae
1372 383 1485 416 omnia,
1501 391 1576 420 quae
1590 382 1677 411 nabes
1692 386 1742 411 etc.
1758 383 1845 411 Nullis

1001 434 1066 463 ergo
1087 427 1210 455 semitam
1234 428 1408 463 perfectionis
1428 429 1597 465 praecludit,
1619 429 1702 458 nullis
1726 429 1844 463 invidet,

1000 472 1091 501 nullos
1113 473 1234 509 repellit,
1257 474 1303 502 sed
1325 475 1441 510 gradum
1464 476 1559 504 statuit
1581 479 1779 512 competentem
1802 475 1845 504 his

1000 518 1048 554 qui
1075 518 1108 546 ad
1131 519 1325 555 perfectionem
1347 523 1474 557 satagunt
1496 521 1627 557 provehi,
1649 530 1703 550 non
1725 521 1768 550 his
1795 521 1842 558 qui

1001 564 1096 592 volunt
1118 565 1144 593 in
1167 565 1370 601 imperfectione
1392 568 1506 595 versari.

1080 611 1105 638 5.
1128 610 1205 646 Quod
1226 614 1318 639 autcm
1340 620 1375 639 ex
1404 612 1562 641 diversitate
1593 613 1785 650 operationum
1816 613 1843 642 in

1000 656 1124 690 Christo,
1147 657 1188 685 vcl
1212 657 1368 686 minoritate
1390 662 1518 695 respectu
1546 667 1661 695 operum
1692 660 1777 688 Patris
1803 660 1843 688 in—

1000 702 1068 737 fert,
1089 703 1229 732 Christum
1253 704 1293 732 vcl
1316 704 1433 741 duplicis
1447 713 1506 733 esse
1522 713 1669 742 personae,
1685 706 1727 734 vel
1743 706 1769 734 in
1786 707 1843 743 ipsa

999 750 1192 786 personalitate
1213 750 1305 779 divina
1326 759 1385 779 esse
1408 751 1541 780 minorem
1566 752 1660 786 Patre,
1676 753 1790 781 Nestorii
1808 753 1842 781 si-

1000 796 1058 823 mul
1080 799 1106 824 et
1127 797 1180 824 Arii
1209 804 1354 825 erroneam
1387 798 1457 834 sapit
1488 798 1664 834 impietatem.
1697 799 1841 836 Nunquam

999 842 1070 870 enim
1092 851 1128 871 cx
1146 843 1320 879 pluralitate
1341 845 1543 880 operationum
1565 845 1693 882 sequitur
1715 846 1842 882 plurali-

1000 892 1045 916 tas
1064 898 1277 925 personarum,
1300 890 1351 918 nisi
1367 891 1518 919 secundum
1535 891 1706 925 Nestorium,
1722 892 1768 920 sed
1780 892 1843 929 plu-

998 935 1106 963 ralitas=
1126 935 1270 963 virtulum
1291 939 1318 964 et
1339 940 1530 965 naturarum.
1553 938 1606 966 Nec
1625 946 1661 966 ex
1677 938 1843 967 minoritate

998 982 1175 1018 operationis
1189 982 1316 1018 sequitur
1332 983 1475 1011 minoritas
1490 983 1518 1011 in
1533 984 1726 1020 personalitate
1740 985 1841 1019 divina,

998 1028 1044 1056 sed
1065 1028 1092 1056 in
1114 1032 1214 1056 natura
1234 1031 1372 1063 assumta,
1394 1029 1445 1057 nisi
1474 1030 1627 1058 secundum
1655 1031 1765 1065 ArIum,
1794 1032 1840 1068 qui

997 1082 1033 1102 ex
1056 1074 1122 1108 hoc,
1137 1075 1211 1111 quod
1225 1075 1352 1103 Christus
1366 1075 1431 1104 dicit
1445 1084 1474 1104 se
1490 1077 1568 1105 Patre
1582 1077 1716 1105 minorem
1729 1078 1749 1111 ⁶,
1769 1078 1841 1114 quod

996 1121 1091 1149 fideles
1112 1121 1268 1157 Intelligunt
1289 1122 1441 1150 secundum
1463 1126 1591 1151 naturam
1614 1123 1779 1158 humanam,
1801 1124 1840 1152 in-

996 1167 1050 1196 fert
1069 1168 1292 1204 inaequalitatem
1314 1168 1341 1196 in
1363 1169 1556 1205 personalitate
1578 1173 1605 1198 et
1627 1173 1726 1198 natura
1741 1171 1840 1199 divina.

996 1213 1023 1241 Si
1044 1214 1128 1250 igitur
1150 1214 1219 1242 banc
1242 1215 1375 1243 rationem
1397 1215 1484 1243 credit
1504 1216 1612 1250 valere,
1635 1216 1700 1244 dum
1716 1225 1840 1246 errorem

995 1260 1074 1289 alteri
1096 1264 1212 1289 conatur
1234 1261 1400 1297 impingere,
1432 1262 1575 1291 manifeste
1607 1263 1779 1291 convincitur
1811 1266 1842 1292 ut

995 1307 1173 1336 Nestorianus
1194 1310 1220 1336 et
1242 1308 1358 1336 Ariauus
1379 1316 1483 1337 errare.

1075 1354 1100 1381 6.
1123 1354 1226 1382 Verum
1248 1362 1297 1383 nec
1320 1355 1362 1383 his
1383 1358 1543 1389 contentus,
1566 1363 1677 1384 servum
1692 1356 1754 1390 Dei,
1776 1364 1839 1385 con—

995 1403 1039 1428 tra
1060 1408 1142 1437 quem
1165 1401 1276 1434 scribit,
1298 1404 1429 1438 tanquam
1448 1406 1707 1438 praesumtuosun't
1737 1403 1840 1432 invadit

995 1449 1022 1475 et
1042 1447 1150 1483 arguit,
1173 1455 1223 1483 pro
1244 1455 1276 1475 eo
1298 1447 1438 1481 videlicet,
1461 1448 1533 1484 quod
1556 1451 1652 1477 contra
1678 1449 1839 1485 prohibitio-

995 1500 1057 1521 nem
1079 1493 1196 1529 Apostoli
1209 1493 1219 1510 ⁷
1239 1493 1352 1522 iudicat
1366 1494 1493 1522 alienum
1510 1503 1627 1523 servum
1642 1495 1669 1524 in
1686 1495 1750 1529 hoc,
1766 1496 1839 1532 quod

995 1539 1193 1568 manducantes
1213 1539 1312 1568 asserit
1334 1540 1515 1576 imperfectos.
1531 1541 1596 1569 Nam
1613 1549 1676 1570 cum
1691 1543 1792 1577 omnis,
1811 1547 1840 1572 ut

994 1585 1075 1619 dicit,
1098 1586 1267 1622 imperfectio
1289 1586 1324 1615 sit
1344 1591 1462 1621 reatus,
1484 1587 1519 1616 sit
1539 1588 1620 1616 etiam
1649 1588 1840 1626 confiqurans

993 1632 1119 1666 nninclo,
1142 1632 1177 1660 sit
1198 1635 1224 1661 et
1245 1632 1399 1669 displicens
1423 1634 1496 1667 Deo;
1517 1634 1538 1662 si
1562 1634 1624 1671 quis
1644 1635 1840 1664 manducantes

994 1679 1168 1715 imperfectos
1189 1679 1307 1713 dixerit,
1330 1680 1381 1708 hoc
1403 1680 1462 1716 ipso
1489 1680 1592 1709 iudicat
1619 1684 1646 1709 et
1677 1681 1840 1710 condemnat

993 1725 1101 1754 eosdem
1124 1729 1254 1762 tanquam
1278 1734 1339 1754 reos
1360 1726 1387 1754 in
1409 1734 1437 1755 se
1456 1727 1537 1763 ipsis,
1560 1727 1663 1756 mundo
1685 1728 1839 1757 conformes

993 1775 1020 1801 et
1040 1772 1215 1808 displicentes
1237 1772 1306 1806 Deo;
1327 1784 1340 1797 «
1352 1773 1425 1809 quod
1440 1773 1551 1810 quidem
1573 1782 1697 1803 asserere
1713 1775 1749 1803 nil
1764 1775 1838 1803 aliud

992 1821 1048 1853 est,
1070 1821 1102 1847 ut
1121 1818 1201 1852 dicit,
1216 1827 1300 1855 quam
1316 1819 1435 1848 insanire
1447 1831 1477 1854 »3
1497 1823 1524 1848 et
1539 1820 1606 1849 haec
1620 1823 1662 1849 est
1675 1829 1784 1849 summa
1799 1830 1838 1850 ra-

994 1866 1098 1894 tionum
1121 1873 1244 1894 suarum.
1266 1882 1305 1886 ———
1326 1866 1377 1894 Sed
1400 1867 1464 1895 huic
1492 1875 1528 1895 ex
1556 1867 1672 1896 adverso
1703 1868 1837 1897 veraciter

991 1912 1131 1941 diciturssz
1156 1912 1178 1940 O
1197 1912 1380 1949 praesumtio
1407 1913 1604 1951 nequissima,
1633 1914 1709 1942 uncle
1737 1919 1837 1944 creatu

991 1967 1020 1987 es
1041 1959 1153 1996 operire
1174 1959 1295 1987 aridam
1325 1959 1488 1988 malitiam!
1521 1961 1732 1989 Praesumtuose
1762 1961 1835 1990 enim

991 2007 1074 2041 atque
1096 2005 1214 2042 maligno
1236 2005 1364 2033 alienum
1386 2006 1499 2035 iudicat
1519 2015 1636 2035 seruum
1662 2007 1709 2044 qui
1737 2007 1835 2036 dicenti

992 2059 1088 2080 verum
1111 2051 1236 2088 impingit
1258 2052 1447 2086 mendacium,
1469 2053 1540 2082 sicut
1562 2053 1605 2081 hic
1627 2053 1697 2090 agit,
1720 2062 1783 2082 cum
1810 2054 1835 2082 id

991 2098 1111 2134 peritum
1132 2098 1273 2127 hominem
1295 2098 1412 2127 sensisse
1433 2099 1546 2134 asserit,
1568 2100 1642 2136 quod
1663 2100 1762 2129 falsum
1777 2108 1836 2130 esse

991 2144 1039 2172 vix
1060 2144 1264 2181 quantumlibet
1285 2145 1430 2181 imperitus
1451 2146 1566 2182 ignorat.
1590 2147 1657 2183 Quis
1678 2147 1750 2175 enim
1778 2150 1833 2176 tam

990 2190 1121 2225 stolidus,
1143 2193 1175 2219 ut
1195 2191 1282 2225 dicat,
1304 2191 1378 2228 quod
1399 2192 1487 2221 omnis
1501 2193 1671 2222 manducans
1685 2193 1720 2222 sit
1734 2193 1836 2230 imper-

989 2236 1093 2271 fectus,
1115 2245 1177 2265 cum
1200 2237 1253 2265 hoc
1274 2238 1460 2267 necessarium
1481 2241 1508 2267 et
1529 2247 1675 2268 commune
1699 2239 1734 2268 sit
1761 2240 1833 2268 omni

989 2283 1104 2317 viatori,
1126 2286 1180 2311 tam
1202 2283 1323 2320 perfecto
1354 2292 1437 2321 quam
1468 2284 1645 2321 imperfecto,
1677 2289 1731 2314 tam
1764 2286 1835 2314 bono

989 2339 1073 2367 quam
1096 2331 1185 2359 malo?
1207 2331 1258 2359 Sed
1278 2334 1352 2365 esto,
1374 2331 1448 2368 quod
1466 2332 1529 2368 quis
1543 2332 1662 2367 dixerit,
1677 2332 1751 2369 quod
1766 2333 1834 2361 ieiu-

989 2376 1034 2405 nia
1055 2377 1162 2405 solvere
1182 2377 1217 2406 sit
1237 2380 1316 2406 actus
1337 2377 1530 2414 imperfectus,
1562 2381 1697 2415 quantum
1729 2382 1770 2408 est
1800 2379 1834 2407 dc

989 2423 1102 2459 proprio
1122 2430 1237 2459 genere;
1259 2431 1313 2451 non
1336 2426 1425 2452 tamen
1447 2432 1483 2453 ex
1509 2425 1561 2453 hoc
1589 2425 1731 2461 sequitur,
1759 2425 1831 2462 quod

990 2673 1018 2695 ad
1037 2674 1063 2701 2;
1076 2673 1132 2695 ibid.
1144 2679 1165 2695 a.
1177 2674 1197 2695 l.
1210 2680 1233 2702 q.
1250 2674 1266 2695 l.
1280 2674 1420 2701 praecedens
1432 2674 1560 2702 propositio
1573 2675 1703 2704 Nunquam
1714 2675 1776 2698 enlm
1788 2678 1831 2698 etr.

989 2712 1110 2740 probatur.

1052 2750 1061 2763 ⁷
1078 2752 1144 2773 Rom.
1163 2751 1204 2779 44,
1222 2751 1248 2773 4:
1265 2752 1299 2773 Tu
1317 2752 1369 2780 quis
1386 2758 1424 2779 cs,
1440 2752 1480 2780 qui
1498 2752 1585 2774 indicas
1602 2753 1702 2775 alienum
1720 2756 1830 2776 servum?

988 2801 1020 2806 ——
1036 2790 1147 2818 Superius
1163 2791 1181 2812 Α
1194 2790 1210 2811 Β
1227 2790 1334 2812 omittunt
1350 2791 1433 2813 contra
1450 2797 1519 2820 quem
1535 2790 1624 2814 scribit.

1051 2827 1060 2839 *³
1078 2829 1144 2851 Eccli.
1161 2828 1201 2856 37,
1219 2829 1246 2855 3,
1263 2829 1285 2851 in
1303 2829 1368 2851 cuius
1385 2830 1430 2851 sine
1446 2830 1501 2857 legit
1523 2830 1619 2858 Vulgata
1642 2830 1761 2859 cooperire
1782 2831 1830 2854 ari-

989 2866 1044 2890 dam
1061 2866 1169 2895 malitia,·
1186 2868 1227 2889 cfr.
1244 2870 1320 2890 tamen
1338 2870 1394 2890 tom.
1411 2868 1456 2890 Vll.
1472 2875 1525 2896 pag.
1543 2869 1602 2896 360,
1620 2871 1670 2891 nota
1689 2870 1715 2898 2,
1733 2869 1772 2892 ubi
1789 2876 1830 2898 pro

989 2908 1064 2928 nostra
1081 2906 1178 2928 lectione
1195 2906 1334 2928 adduximus
1350 2906 1416 2929 Card.
1443 2907 1502 2934 nug.
1528 2910 1550 2929 et
1575 2908 1703 2935 Lyranum,
1729 2915 1828 2937 quorum

989 2945 1052 2972 prior
1069 2945 1143 2972 ipsam
1162 2945 1190 2967 ita
1207 2945 1316 2973 explicat:
1333 2945 1356 2967 ld
1373 2948 1407 2968 est
1429 2946 1552 2973 malitiam,
1574 2952 1634 2975 quae
1656 2947 1755 2969 animam
1778 2947 1830 2970 facit

988 2983 1076 3006 aridam
1094 2984 1141 3006 sine
1159 2984 1300 3012 pinguedine
1316 2984 1421 3007 caritatis.
1440 2997 1469 3000 -—
1486 2985 1593 3013 Sequitur
1609 2986 1675 3008 Rom.
1695 2986 1735 3014 lli,
1754 2986 1775 3008 11.

1860 617 1886 636 De
1899 618 1981 637 secundo

1890 641 1946 660 dictu.

1873 1365 1924 1387 Item,
1938 1367 1958 1383 nt

1853 1393 1919 1412 praesu
1923 1390 1980 1407 mtuo-

1892 1417 1939 1430 Sssm.

1858 1876 1883 1895 lm
1887 1877 1982 1901 probatur.

1851 2434 1904 2453 Ratio
1917 2435 1935 2453 ¹.
