2133 3317
281 233 339 263 3552

281 312 419 351 peccando
450 311 571 348 aliquem
600 309 785 338 scandalizant
815 309 917 346 duplici
951 313 1031 338 reatu
1062 310 1131 338 obli-

281 363 397 398 gantur;
421 358 548 387 Matthaei
570 357 676 386 decimo
696 357 831 385 octavo¹:
860 357 916 385 Vae
937 355 1050 385 homini
1071 356 1129 391 illi,

173 412 263 431 Tertium·
277 417 332 446 per
353 416 436 445 quem
457 405 634 435 scandalum
655 404 738 433 venit.
763 421 798 424 -
821 404 903 437 Item,
925 404 1072 441 quaedam
1087 412 1130 433 so—

135 834 187 852 Falsa
200 838 264 851 saecu-

133 857 200 884 larium
216 857 265 875 iudi-

134 886 169 899 cia.

139 1495 217 1519 Triplici
226 1501 264 1514 mo-

134 1519 157 1537 do
163 1519 267 1538 hnectiunt.

142 1542 215 1561 Primus
229 1548 267 1561 mo·

183 1566 224 1585 dus.

158 1684 262 1703 Secundus.

183 2108 263 2127 Tertius.

149 2249 263 2268 Notandum.

281 457 337 485 lent
357 453 488 483 abscondi
508 461 524 481 a
544 461 599 481 non
620 451 853 488 intelligentibus,
884 451 931 488 qui
964 458 996 479 ea
1027 450 1130 479 iudica-

281 505 343 532 rent
364 501 436 530 mala
457 508 517 529 esse
538 508 574 529 ex
597 508 647 528 sua
668 499 831 533 stoliditate,
851 506 915 527 cum
930 500 1021 526 tamen
1037 505 1130 526 coram

280 551 336 578 Deo
358 549 431 577 licita
452 548 522 581 sint,
546 547 587 575 vel
609 547 691 575 etiam
722 546 865 574 meritoria
876 545 896 579 2,
929 553 983 573 non
1015 546 1130 581 propter

282 595 465 633 hypocrisim,
487 594 535 624 sed
556 602 590 623 ne
611 594 649 622 illi
672 593 773 622 exinde
793 593 987 626 infirmentur;
1010 592 1048 620 ita
1075 599 1130 620 non

280 646 395 680 propter
417 650 445 671 se
467 645 591 676 tantum,
613 641 665 669 sed*
681 640 768 677 magis
788 643 901 677 propter
915 640 976 668 illos
991 639 1131 668 occultant

280 690 406 727 Religiosi
428 690 498 718 facta
520 697 585 723 sua,
607 696 642 717 ne
663 691 780 716 noceant
801 687 869 721 illis;
892 687 958 724 quia
982 695 1036 715 non
1068 694 1130 723 pos-

281 741 346 767 sunt
366 737 491 766 omnium
513 736 597 765 corda
618 735 711 764 videre
739 737 766 763 et
797 734 926 763 omnibus
957 734 1130 767 satisfacere,

281 792 367 822 quare
389 784 442 812 hoc
463 783 525 817 fiat,
547 791 611 811 cum
633 782 789 810 saeculares
811 781 895 809 rudes
916 781 971 809 sint
996 783 1023 809 et
1051 780 1131 817 proni

280 832 314 860 de
335 831 476 868 Religiosis
497 830 609 859 sinistra
640 829 750 866 saepiiis
781 828 925 865 suspicari.
957 827 1027 856 Cum
1058 828 1130 856 enim

283 879 374 907 vident
395 886 441 907 eos
462 877 606 906 humiliter
627 876 779 910 iucundos,
801 875 923 904 iudicant
945 883 991 903 eos
1013 875 1131 903 dissolu-

281 929 337 960 tos;
360 933 423 954 cum
445 933 482 953 ex
502 924 665 953 necessitate
686 923 794 957 vident,
817 930 863 951 eos
885 922 1031 958 corporis3
1061 921 1131 950 refe-

281 973 399 1002 ctionem
420 972 561 1009 accipere,
585 971 707 999 iudicant
725 978 771 999 eos
786 970 926 1003 carnales;
942 977 1005 997 cum
1021 977 1057 997 cx
1073 969 1131 997 zelo

280 1021 401 1050 iustitiae
422 1020 515 1048 vident
536 1027 565 1048 se
586 1019 620 1047 ab
642 1018 681 1047 eis
702 1026 753 1055 pro
774 1017 840 1045 vitio
863 1025 913 1046 suo
928 1016 1075 1053 redargui,
1091 1016 1131 1044 di-

281 1071 348 1097 cunt
369 1075 415 1096 eos
436 1066 598 1099 iracundos;
622 1073 685 1094 cum
707 1065 816 1099 vident,
838 1072 885 1093 eos
906 1063 1061 1092 necessaria
1091 1063 1131 1091 vi-

281 1118 325 1144 tae
345 1115 409 1144 hinc
432 1114 494 1143 inde
516 1113 688 1146 mendicare,
710 1120 773 1141 011111
795 1111 906 1140 aliunde
925 1119 979 1139 non
996 1110 1130 1143 habeant,

280 1163 376 1191 dicunt
397 1170 443 1190 eos
464 1168 578 1194 avaros,
600 1163 627 1188 et
648 1160 687 1188 sic
717 1159 751 1187 de
782 1158 914 1195 singulis,
946 1157 1028 1186 etiam
1060 1164 1132 1193 quae

280 1209 350 1238 bene
371 1209 490 1242 faciunt,
512 1206 721 1244 reprehendunt
742 1214 781 1234 ea.
812 1206 925 1241 Propter
948 1204 1023 1241 quod
1050 1211 1132 1240 opor-

280 1260 334 1290 tet,
356 1259 388 1284 ut
409 1258 523 1284 caveant
543 1254 648 1283 alienae
669 1252 821 1281 infirmitati
844 1255 871 1281 et
896 1252 1036 1280 occultent
1060 1258 1132 1288 quae

280 1306 392 1341 possent
412 1303 447 1331 ab
467 1302 527 1330 aliis
549 1302 620 1330 mala
641 1300 772 1334 iudIcari;
794 1299 900 1336 primae
921 1298 954 1327 ad
975 1298 1132 1326 Corinthios

280 1351 414 1380 octavo4:
443 1349 552 1383 Videte,
575 1357 610 1376 110
630 1347 706 1386 forte
726 1346 796 1375 llaec
818 1346 935 1375 lieentia
964 1349 1060 1373 cestra
1088 1344 1132 1382 of-

280 1397 462 1436 feitclieztlttm
483 1396 538 1433 siat
557 1395 695 1432 infirmis.

360 1446 461 1474 Tribus
483 1443 592 1473 modis5
624 1442 781 1471 saeculares
812 1441 935 1470 iudicant
966 1440 1130 1477 Religiosos:

281 1493 387 1530 primo,
409 1491 546 1529 opinando
568 1491 601 1519 de
622 1490 689 1527 ipsis
710 1497 781 1526 quae
803 1491 868 1517 sunt
881 1488 964 1522 falsa,
987 1495 1058 1525 quae
1079 1487 1131 1523 ipsi

281 1548 330 1577 per
352 1548 380 1568 se
402 1539 579 1576 confingunt,
602 1538 645 1566 vel
665 1537 726 1565 aliis
748 1535 932 1565 referentibus
954 1535 1051 1563 leviter
1071 1542 1131 1563 cre-

279 1587 365 1621 dunt,
389 1590 419 1615 ut
441 1586 540 1623 vulgus
572 1585 761 1618 rusticanum,
793 1583 867 1620 quod
891 1582 957 1611 dicit
984 1589 1034 1610 nos
1061 1581 1131 1609 anti-

280 1634 375 1663 christi
398 1633 616 1670 pt·aeniintios⁶,
639 1635 665 1660 et
686 1631 760 1668 quod
789 1638 883 1659 omnes
905 1637 1022 1667 guerras
1044 1632 1131 1657 terra-

280 1689 343 1710 rum
375 1684 402 1710 et
434 1680 591 1717 principum
624 1679 800 1708 seminamus.
824 1694 861 1697 -
883 1676 1024 1710 Secundo,
1057 1675 1130 1712 quod

280 1728 326 1757 illa
347 1736 418 1765 (luae
441 1727 490 1764 ipsi
513 1727 601 1756 solent
622 1734 676 1755 non
699 1725 757 1754 sine
779 1727 890 1762 peccato
918 1723 1008 1752 facere
1021 1723 1040 1757 ⁷,
1067 1730 1130 1751 cum

280 1776 373 1805 vident
394 1783 444 1804 nos
465 1774 613 1812 aliquando
644 1773 752 1806 facere,
784 1772 945 1805 aestimant,
978 1771 1052 1807 quod
1084 1770 1131 1798 tali

280 1824 371 1853 animo
385 1823 501 1852 facimus
516 1826 547 1851 ut
562 1821 626 1858 ipsi,
642 1823 674 1850 ut
694 1820 838 1849 comedere
853 1819 968 1848 delicata
989 1822 1016 1847 et
1037 1818 1131 1847 videre

279 1870 403 1904 feminas,
418 1878 478 1899 esse
492 1869 604 1903 hilares,
620 1867 722 1905 alloqui
737 1866 879 1901 homines,
894 1866 1028 1903 spatiosas
1042 1873 1130 1900 areas,

279 1918 384 1947 munda
404 1916 528 1946 aedificia
548 1916 655 1945 ratione
676 1915 734 1944 sani
756 1915 829 1943 acris
847 1917 874 1943 et
889 1913 1018 1942 ecclesias
1032 1913 1131 1942 decen-

280 1969 336 2000 tes,
358 1964 485 1993 homines
514 1963 572 1992 zelo
601 1962 761 1999 disciplinae
792 1961 910 1990 invicem
941 1968 1073 1989 accusare
1103 1963 1131 1989 et

280 2012 380 2050 punire
400 2014 428 2040 01
448 2019 499 2048 pro
520 2010 628 2039 cautela
648 2009 681 2038 de
710 2009 776 2038 locis
804 2007 1014 2037 transmutare³
1045 2010 1072 2036 et
1095 2007 1131 2035 si-

280 2059 371 2093 milia,
394 2066 465 2095 quae
486 2066 502 2086 a
522 2057 602 2086 bonis
623 2057 708 2090 bene,
730 2059 758 2084 et
785 2064 801 2083 a
828 2054 969 2092 perversis
997 2061 1131 2091 perverso

280 2106 372 2135 ammo
394 2105 453 2133 fieri
475 2105 571 2133 solent.
595 2120 632 2124 —
653 2103 761 2137 Tertio,
784 2110 847 2131 cum
869 2102 968 2130 damus
997 2101 1036 2129 eis
1065 2108 1128 2129 cau-

281 2161 340 2182 sam
360 2152 497 2181 iudicandi
519 2155 546 2180 et
567 2150 724 2187 suspicandi
745 2149 780 2178 de
801 2149 880 2177 nobis
902 2156 955 2176 11011
978 2148 1066 2182 bona,
1089 2149 1130 2175 ta-

281 2201 317 2229 lia
337 2200 465 2236 exempla
486 2198 525 2228 eis
545 2197 721 2227 ostendentes
732 2196 752 2231 ⁹,
774 2204 846 2233 quae
866 2195 965 2224 merito
993 2197 1059 2223 sunt
1086 2202 1130 2223 re-

281 2246 484 2284 prehendenda.
507 2262 545 2266 —
567 2245 595 2273 In
617 2244 706 2281 primo
722 2250 819 2272 sumus
833 2242 945 2270 omnino
959 2241 1018 2270 sine
1032 2241 1129 2277 culpa;

650 231 848 261 OPUSCULUM
869 231 933 260 XIII.
956 231 1267 261 DETERMINATIONES
1287 232 1530 269 QUAESTIONUM.
1553 233 1632 262 PARS
1654 233 1671 261 I.

1187 310 1215 339 in
1237 311 1358 340 secundo
1379 311 1534 348 indigemus
1555 311 1627 340 bona
1648 312 1771 346 cauteIa3
1793 312 1821 340 in
1847 313 1928 341 tertto
1956 314 2037 351 culpa

1188 366 1243 386 non
1264 365 1406 392 caremus,
1428 358 1524 387 dantes
1545 358 1584 387 eis
1606 358 1725 387 scandali
1748 359 1926 388 offensionem
1946 363 1973 389 et
1987 361 2036 389 mi-

1187 405 1332 433 nisterium
1356 405 1501 442 Religionis
1529 405 1712 442 vituperabile
1740 406 1870 435 facientes
1882 407 1913 441 ¹⁰,
1935 407 2037 444 quibus

1187 452 1320 480 debemus
1341 460 1401 480 esse
1423 453 1517 480 lumen
1539 460 1620 481 sanae
1642 452 1784 481 doctrinae
1805 456 1833 482 et
1853 453 1941 482 forma
1963 457 2036 484 recte

1188 498 1305 527 vivendi.

1267 544 1335 573 Cum
1367 541 1473 573 autem'
1491 545 1661 581 despicimur
1693 546 1728 574 ab
1759 546 1818 575 aliis
1850 547 1908 576 sine
1942 551 2037 577 nostra

1188 592 1314 628 culpa¹¹,
1343 592 1375 620 ad
1405 591 1558 628 profectum
1580 595 1707 621 nostrum
1739 593 1811 621 cedit
1842 595 2037 631 multiplicem:

1188 639 1295 675 primo,
1317 642 1429 675 peccata
1450 642 1545 667 nostra
1566 647 1615 675 per
1636 639 1689 668 hoc
1710 643 1875 677 purgantur.
1896 642 2036 677 Secundo,

1188 686 1259 715 bona
1280 689 1375 714 nostra
1397 686 1482 723 magis
1504 689 1564 714 tuta
1585 689 1650 715 sunt
1681 695 1697 715 a
1729 695 1798 716 vana
1829 688 1917 725 gloria
1949 689 2036 719 laudis

1188 734 1335 761 humanae.
1358 733 1466 768 Tertio,
1489 733 1652 763 humiliores
1673 734 1817 763 reddimur
1839 743 1932 764 coram
1948 736 2036 765 homi-

1188 780 1278 809 nibus.
1302 780 1422 816 Quarto,
1444 780 1583 809 cautiores
1604 788 1702 809 sumus
1723 781 1751 809 in
1772 782 1865 811 verbis
1889 785 1916 811 et
1943 783 2037 819 factis,

1189 835 1223 856 ne
1244 827 1401 864 opinionem
1430 835 1526 856 eorum
1556 827 1760 857 confirmemus.
1794 829 1911 866 Quinto,
1944 831 2036 860 minus

1189 882 1286 903 sumus
1307 874 1347 902 eis
1366 874 1517 903 familiares
1538 882 1569 902 ac
1584 882 1634 910 per
1649 875 1701 903 1100
1717 876 1803 912 magis
1818 876 1845 904 in
1860 877 1928 905 cella
1942 877 2036 914 quieti.

1189 921 1289 955 Sexto,
1312 921 1471 957 patientiam
1494 921 1579 958 magis
1594 921 1726 951 discimus
1741 930 1777 951 ex
1794 923 1839 951 tali
1854 923 2037 960 despectione.

1189 967 1324 1004 Septimo,
1348 968 1455 996 interna
1476 969 1625 997 consolatio
1641 969 1756 1005 spiritus
1770 969 1939 1007 impenditur
1954 979 2039 1008 quae-

1189 1015 1315 1043 rentibus
1337 1023 1387 1051 pro
1408 1016 1540 1044 exteriori
1564 1016 1714 1044 subtracta.
1737 1016 1855 1051 Octavo,
1878 1017 1968 1046 maius
1983 1026 2039 1047 me-

1189 1062 1276 1090 ritum
1296 1070 1333 1090 ex
1355 1062 1398 1090 his
1419 1062 1548 1091 omnibus
1569 1071 1663 1091 coram
1684 1063 1740 1092 Deo
1761 1064 1901 1093 accrescit.
1924 1065 1993 1094 Haec
2012 1067 2039 1094 et

1189 1108 1241 1136 alia
1262 1108 1334 1137 bona
1356 1112 1431 1137 tanta
1452 1112 1532 1144 sunt,
1554 1110 1642 1146 quod,
1658 1110 1680 1139 si
1696 1118 1750 1138 non
1772 1110 1900 1140 obessent
1914 1112 1990 1146 aliis,
2005 1112 2037 1141 li-

1189 1155 1287 1184 benter
1308 1156 1428 1185 tolerare
1448 1156 1583 1185 debemus
1610 1157 1712 1193 despici
1735 1157 1769 1185 ab
1800 1157 1861 1186 aliis
1889 1162 1915 1187 et
1944 1166 2038 1195 repre-

1190 1202 1272 1231 hendi
1294 1205 1321 1231 et
1342 1203 1549 1239 persecutiones
1571 1204 1626 1240 pati
1647 1212 1698 1240 pro
1713 1204 1823 1233 Christo
1837 1205 1896 1234 sine
1911 1206 1994 1243 culpa
2005 1206 2037 1235 ¹².

2063 555 2104 575 Octo
2117 560 2133 580 da

2054 581 2132 603 specuium

2054 603 2098 621 lates
2109 611 2133 626 „gn

2054 625 2092 645 dae.
2111 638 2112 644 1

1496 1297 1634 1333 QUAESTIO
1655 1298 1732 1326 XXII.

1191 1391 1362 1426 Quaeritur,
1385 1399 1440 1419 ear
1462 1392 1584 1419 Fratres
1605 1392 1702 1429 magyis
1722 1390 1904 1430 frequentent
1923 1402 2039 1422 1110113013

1380 1438 1506 1466 divitum
1527 1446 1617 1476 quam
1637 1447 1805 1476 paupertim
1816 1440 1849 1468 ¹3.

1268 1533 1333 1561 Item
1356 1541 1476 1569 quaero:
1492 1541 1555 1562 cum
1571 1533 1709 1562 deberetis
1724 1534 1796 1563 sicut
1811 1542 1948 1572 pauperes
1962 1535 2038 1564 Chri-

1189 1580 1222 1608 sti
1244 1579 1416 1617 pauperibus
1437 1588 1496 1609 0330
1517 1580 1666 1609 familiares
1679 1582 1702 1597 ¹¹
1722 1583 1750 1610 01
1770 1590 1869 1610 00111111
1891 1582 1959 1611 cibis
1979 1590 2039 1611 esse

1189 1628 1326 1661 contenti,
1349 1627 1417 1664 quid
1438 1631 1494 1662 est,
1516 1628 1590 1665 quod
1613 1629 1698 1665 magis
1719 1628 1902 1666 frequentatis
1929 1637 2039 1659 mensas

1188 1674 1305 1703 divitum
1328 1683 1411 1712 quam
1435 1679 1617 1712 pauperum?

1269 1722 1436 1759 Respondeo.
1459 1723 1523 1750 Tria
1543 1731 1593 1751 nos
1614 1723 1769 1760 specialiter
1790 1723 1907 1752 invitant
1921 1724 1955 1753 ad
1970 1724 2038 1753 hoc:
2051 1731 2133 1758 0011111

1189 1769 1316 1798 videlicet
1329 1774 1432 1797 nostra
1446 1770 1616 1804 necessitas,
1632 1770 1712 1807 quia,
1728 1778 1804 1804 cum,
1820 1770 1975 1800 itinerando
1989 1779 2039 1809 per
2082 1760 2122 1779 W

1189 1819 1309 1851 terram,
1333 1816 1492 1845 lassitudine
1513 1820 1541 1845 et
1570 1817 1641 1846 fame
1654 1817 1676 1834 ¹⁵
1697 1817 1859 1854 fatigamur,
1880 1818 1954 1855 apud
1978 1819 2039 1848 illos

1188 1863 1346 1900 promptius
1366 1872 1511 1900 speramus
1531 1864 1657 1893 obtinere
1678 1864 1871 1900 refectionem,
1894 1866 1941 1902 qui
1957 1865 2038 1894 etiam

1189 1919 1240 1948 pro
1261 1911 1405 1940 honestate
1426 1919 1523 1948 panem
1545 1919 1627 1940 suum
1643 1911 1814 1949 quibuslibet
1828 1912 2039 1941 transeuntibus

1189 1967 1243 1987 non
1264 1961 1380 1995 negant,
1402 1967 1486 1995 quam
1507 1959 1581 1995 apud
1612 1959 1696 1993 alios,
1728 1967 1799 1996 quos
1830 1960 1977 1989 nescimus.
2001 1976 2038 1981 —

1189 2006 1270 2040 Item,
1289 2014 1460 2043 paupertim
1480 2005 1598 2042 inopia,
1622 2005 1686 2043 qui,
1708 2006 1730 2035 si
1751 2006 1823 2035 forte
1843 2014 1894 2035 nos
1909 2006 2035 2036 hilariter

1188 2054 1360 2090 reciperent,
1381 2052 1572 2089 expenderent
1592 2053 1736 2081 nobiscum
1759 2061 1811 2090 pro
1826 2061 1877 2082 sua
1891 2053 2036 2083 devotione

1188 2100 1215 2128 in
1237 2107 1293 2128 uno
1314 2098 1445 2136 prandio,
1466 2098 1546 2127 nobis
1567 2099 1649 2127 etiam
1678 2099 1851 2134 dolentibus,
1882 2100 1957 2128 unde
1984 2100 2036 2137 ipsi

1187 2146 1317 2183 pluribus
1339 2145 1445 2174 vicibus
1466 2145 1542 2174 refici
1574 2149 1700 2182 possent,
1732 2153 1796 2174 cum
1824 2154 1878 2175 non
1901 2147 2036 2181 habeant,

1187 2193 1239 2221 nisi
1261 2192 1335 2230 quod
1357 2192 1479 2229 quotidie
1500 2193 1621 2229 propriis
1646 2193 1774 2221 manibus
1789 2193 1976 2222 elaborantff.
1999 2210 2038 2214 —
2116 2189 2118 2217 l

1188 2240 1270 2274 Item,
1291 2240 1417 2276 ipsorum
1439 2240 1564 2268 divitum
1584 2240 1684 2274 salas,
1710 2241 1758 2277 qui
1787 2248 1837 2277 per
1865 2241 2037 2270 occasionem

2054 2012 2109 2032 Securi

2054 2247 2110 2266 Tetti:
2117 2247 2118 2251 ¹

344 2457 351 2470 ¹
373 2458 436 2479 Vei-s.
453 2457 475 2478 7.
493 2469 524 2472 —
541 2455 653 2483 Superius
671 2461 713 2482 pro
732 2452 900 2483 qnipeccamlo
913 2452 1016 2482 aliquem
1029 2451 1130 2475 scanda-

282 2497 357 2520 lizant
373 2496 426 2519 edd.
444 2495 486 2526 qni
498 2496 635 2525 peccantem
653 2493 827 2517 scandafflant.

344 2536 353 2548 ²
370 2536 421 2558 Vnt.
439 2534 560 2558 meritorie
577 2538 599 2556 et
616 2534 711 2556 interius
727 2533 776 2561 ipsa
795 2538 848 2555 cum
861 2531 897 2554 ed.
911 2532 919 2553 vl
936 2534 988 2559 post
1001 2537 1075 2560 quare
1087 2530 1131 2553 1100

281 2576 345 2599 addit
361 2575 398 2599 vel
415 2574 466 2598 1100.

343 2614 352 2627 ⁸
370 2615 427 2637 Edd.
445 2614 552 2637 omittunt
569 2619 599 2636 em
615 2611 752 2635 necessitate
769 2613 790 2633 ct
802 2610 922 2640 corporis,
936 2609 1075 2637 transposita
1088 2609 1130 2631 liae

281 2653 438 2682 propositione
456 2655 508 2675 ante
525 2652 712 2680 praecedentem.

343 2692 352 2705 ⁴
370 2693 436 2715 ἵει-3.
454 2693 474 2714 9.
493 2693 517 2714 111
534 2692 579 2714 fine
596 2692 613 2713 B
630 2691 695 2713 addit
713 2689 747 2713 rel
763 2690 897 2719 acueretur.
915 2701 946 2705 -
964 2688 1075 2716 Superius
1087 2693 1130 2715 pro

281 2731 360 2755 Etiam
377 2737 438 2761 qaae
454 2732 471 2753 B
489 2731 518 2754 Et
535 2736 607 2760 quae,
626 2730 643 2752 A
661 2729 692 2752 Et
708 2728 754 2758 qui.

344 2770 353 2783 ⁵
370 2770 425 2793 Cod.
444 2771 461 2793 Α
479 2770 555 2797 Nota,
573 2768 704 2798 tripliciter.
723 2768 816 2790 inferius
828 2766 926 2790 vocibus
938 2772 998 2796 quae
1009 2767 1065 2789 sunt
1076 2765 1130 2788 edd.

281 2811 419 2832 interserunt
436 2809 516 2832 omnia
534 2811 556 2831 ot
573 2815 615 2837 pro
632 2806 788 2838 referentibus
810 2806 952 2830 substituunt
968 2804 1130 2835 inferentibus.

344 2848 354 2861 θ
370 2849 414 2871 Cir.
428 2850 450 2871 S.
462 2849 554 2875 Tuom„
566 2848 651 2876 Opusc.
669 2847 776 2875 superius
793 2847 924 2874 allegatum,
935 2851 955 2868 c.
968 2845 1006 2867 24.
1020 2851 1061 2873 seq
1072 2862 1077 2873 ‚
1089 2844 1130 2867 ubi

281 2889 347 2916 signa
364 2891 386 2910 et
402 2890 538 2916 argumenta
556 2894 598 2915 pro
616 2888 659 2909 hoc
676 2887 802 2908 afferuntur
819 2888 841 2908 et
857 2885 998 2907 refelluntur.

344 2925 352 2939 ⁷
370 2927 427 2949 Edd.
445 2932 505 2956 quae
523 2925 568 2956 ipsi
582 2925 659 2949 solent
674 2926 766 2955 faeere,
783 2931 831 2948 11011
851 2925 908 2947 sim!
921 2925 1020 2953 peccata
1036 2923 1127 2953 facere,

281 2969 303 2989 et
320 2966 413 2988 interius
432 2969 483 2993 post
500 2965 619 2989 comedere
636 2964 736 2988 delicata
754 2966 939 2993 prosequuntur:
956 2965 979 2986 et
995 2962 1083 2991 bibere,
1096 2962 1130 2985 al-

282 3004 348 3034 loqui
362 3003 477 3034 feminas,
494 3009 544 3027 esse
560 3003 661 3031 hilares,
679 3003 797 3032 speciosas
814 3009 885 3026 areas
902 3005 945 3024 etc.

344 3042 353 3056 Β
369 3043 425 3067 Cod.
443 3044 461 3066 A
478 3043 662 3072 trausmiyrare.
680 3042 783 3065 Subinde
801 3048 843 3070 pro
860 3041 915 3065 bene
932 3041 985 3064 edd.
1003 3040 1071 3064 bono.

1251 2450 1260 2463 ‘³
1278 2451 1335 2473 Edd.
1347 2450 1495 2474 ostendendo.
1510 2450 1611 2473 Vocibus
1624 2450 1682 2473 lalia
1694 2451 1804 2480 eaeempla
1816 2451 1832 2472 B
1844 2451 1957 2473 interserit
1967 2449 2036 2473 enim.

1189 2491 1284 2513 inferius
1301 2497 1344 2518 pro
1361 2491 1388 2513 111
1402 2490 1483 2519 primo
1500 2496 1585 2513 snmus
1602 2490 1698 2513 0111111110
1716 2489 1765 2512 sinc
1777 2489 1849 2519 culpa
1861 2489 1900 2518 (ita
1914 2490 1929 2511 Β
1940 2489 1966 2519 C)
1979 2489 2033 2512 edd.

1188 2536 1312 2558 perperam
1331 2530 1356 2552 ln
1372 2529 1453 2559 primo
1470 2535 1555 2552 sumus
1571 2535 1619 2551 noa
1638 2528 1689 2552 sine
1706 2529 1785 2558 culpa.

1252 2569 1271 2581 ¹⁰
1289 2569 1358 2597 Epist.
1376 2570 1400 2591 ll.
1417 2569 1468 2592 Cor.
1486 2569 1512 2595 6,
1531 2569 1557 2591 3:
1575 2568 1664 2590 Nemini
1690 2568 1770 2590 dantes
1788 2568 1856 2590 ullam
1874 2568 2036 2595 offensionem,

1188 2611 1213 2631 ut
1230 2614 1275 2631 non
1292 2609 1437 2636 vituperetur
1454 2608 1606 2630 ministerium
1624 2610 1736 2629 nostrum.

1251 2647 1269 2660 ¹¹
1288 2648 1345 2670 Edd.
1361 2646 1412 2670 sine
1428 2653 1503 2670 causa
1519 2646 1567 2670 sive
1584 2646 1655 2676 culpa
1671 2647 1755 2669 nostra
1771 2649 1794 2669 et
1809 2645 1904 2668 inferius
1923 2647 1945 2669 et
1967 2644 2037 2669 laude

1188 2687 1296 2710 hamam
1313 2693 1355 2715 pro
1373 2686 1452 2709 laudis
1469 2685 1596 2709 humanae.

1251 2725 1270 2738 ¹2
1288 2726 1357 2754 Epist.
1375 2726 1398 2748 ll.
1416 2725 1476 2747 Tim.
1494 2725 1520 2752 3,
1539 2725 1580 2746 112:
1599 2725 1624 2747 Et
1640 2730 1732 2751 omnes,
1750 2724 1789 2753 qui
1808 2724 1845 2752 pie
1861 2724 1942 2746 volunt
1956 2723 2037 2746 vivere

1188 2765 1212 2787 in
1228 2765 1318 2788 Christo
1336 2766 1397 2794 lesu,
1415 2764 1599 2793 persecutionem
1617 2764 1741 2792 patientur.
1751 2776 1782 2779 ——
1793 2763 1852 2786 Edd.
1859 2764 1959 2792 propter
1972 2761 2036 2785 Chr-2·-

1187 2806 1252 2828 stum
1268 2804 1318 2827 sine
1335 2804 1414 2834 culpa.

1251 2843 1270 2856 ¹³
1290 2844 1352 2866 Vat.:
1371 2843 1419 2866 Cw·
1436 2842 1548 2872 Reliye'osi
1565 2842 1662 2866 Ordinis
1676 2842 1701 2866 S.
1714 2841 1840 2865 Francisci
1854 2840 1886 2864 ad
1896 2846 1991 2864 mamas
2002 2839 2037 2863 di-

1188 2883 1263 2906 vitum
1279 2882 1400 2906 accedant.
1477 2882 1480 2883 ⁷

1250 2921 1270 2935 Μ
1288 2922 1344 2945 Edd.
1362 2921 1546 2952 familiariores,
1558 2924 1581 2943 et
1592 2920 1691 2944 subinde
1708 2919 1841 2943 contentari
1856 2925 1899 2948 pro
1914 2925 1963 2943 esse
1980 2924 2036 2942 con-

1187 2961 1251 2985 tenti.

1250 3000 1270 3013 ¹⁵
1287 3000 1343 3024 Cod.
1361 3000 1377 3024 C
1391 3006 1437 3030 per
1454 3001 1545 3023 terram
1561 2999 1624 3029 fame
1641 3000 1663 3022 et
1678 2998 1719 3022 siti
1733 3000 1755 3022 et
1771 2997 1918 3021 lassitudine.

1249 3039 1270 3053 ¹⁶
1285 3040 1341 3062 Fide
1358 3040 1427 3062 codd.
1444 3039 1605 3067 supplevimus
1622 3044 1700 3062 cum...
1717 3037 1847 3061 elaborant.
