2133 3317
96 269 171 303 vire,
193 268 326 305 quaedam
347 276 364 296 a
385 268 499 297 Domino
519 267 572 297 suit
598 270 707 296 ostensa
728 268 796 296 visio
821 276 875 297 non
897 271 937 297 ta-

96 315 188 345 cenda.
210 315 278 344 Cum
299 315 372 343 enim
404 314 515 343 modum
547 316 575 342 et
602 314 674 342 viam
700 314 834 343 Francisci
874 315 937 343 Fra-

97 365 227 398 trumque
258 369 373 390 suorum
399 361 522 389 humano
556 360 656 397 spiritu
687 360 871 394 abhorreret;
903 369 937 389 ne

95 408 298 446 periclitaretur
327 415 377 444 pro
408 407 562 436 temeritate
594 407 703 441 iudicii,
732 410 860 443 respectu
884 407 937 436 suit

94 461 231 491 supernae
245 453 349 490 gratiae
364 453 498 481 visitatus.
514 453 629 482 Videbat
643 461 763 490 namque
778 454 805 482 in
820 453 935 487 somnis,

95 503 178 529 totam
199 500 290 528 Assisii
312 500 449 528 civitatem
470 508 486 527 a
507 499 625 528 dracone
647 508 745 536 magno
759 499 935 534 circumdari,

94 553 160 583 prae
180 545 261 574 cuius
282 545 470 581 magnitudine
498 545 582 574 nimia
610 548 666 574 tota
694 545 769 582 regio
792 545 936 574 videbatur

94 592 260 621 exterminio
290 592 442 620 subiacere.
473 592 663 621 Contuebatur
688 595 750 628 post
781 593 848 621 haec
872 600 936 621 010-

95 647 154 669 cem
175 639 313 676 quandam
334 646 446 668 auream
462 646 497 667 ex
519 646 567 667 ore
582 638 774 675 procedentem
791 639 935 673 Francisci‚

94 686 174 716 00105
194 686 338 714 summitas
369 686 458 714 caelos
489 685 632 722 tangebat,
655 685 791 722 cuiusque
822 685 936 714 brachia

94 735 224 770 protensa
244 733 272 760 in
293 732 380 760 latum
402 740 491 768 usque
511 732 545 760 ad
567 731 662 760 mundi
684 732 753 760 fines
771 732 936 760 videbantur

94 779 222 813 extendi3
238 779 271 807 ad
286 779 367 807 00105
381 779 462 807 etiam
478 781 619 814 aspectum
636 778 837 815 praefulgidum
853 778 936 807 draco

93 826 140 856 ille
161 828 231 854 teter
259 828 286 854 et
314 825 446 854 horridus
477 825 587 861 penitus
614 825 771 861 fugabatur.
794 825 848 854 Hoc
869 825 935 854 dum

93 872 144 902 sibi
177 872 258 901 tertio
290 874 509 905 monstraretur,
544 871 667 899 divinum
699 871 846 899 aestimans
876 879 936 900 0550

93 919 254 953 oraculum,
276 918 336 948 viro
366 918 414 946 Dei
446 921 473 946 01
497 918 640 946 Fratribus
661 918 719 946 suis
740 926 790 954 per
811 918 934 946 ordinem

94 965 249 999 enarravit,
270 972 301 994 ac
322 973 376 993 non
399 965 485 993 multo
507 967 568 1001 post
590 966 713 1000 tempore
734 963 869 992 mundum
893 972 936 992 re-

93 1012 236 1049 linquens,
252 1011 372 1048 vestigiis
386 1011 487 1040 Christi
503 1011 541 1040 sic
556 1011 785 1047 001501101001011
801 1010 934 1044 adhaesit,

94 1058 167 1096 quod
189 1059 245 1087 vita
265 1058 352 1095 ipsius
373 1058 400 1086 10
422 1057 525 1086 Ordine
539 1057 727 1086 authenticam
743 1057 860 1086 reddidit
875 1065 934 1085 eam

94 1113 177 1142 quam
199 1105 226 1134 in
246 1105 356 1134 saeculo
378 1105 513 1134 habuerat
535 1104 675 1133 visionem.

173 1153 199 1180 6.
222 1152 261 1180 Ex
284 1152 368 1181 huius
388 1152 501 1180 visionis
521 1151 618 1180 auditu
640 1151 683 1180 vir
705 1151 751 1179 Dei
768 1159 820 1179 000
837 1151 863 1179 iu
878 1151 936 1188 glo—

95 1199 135 1229 ria
156 1201 198 1228 est
227 1199 316 1227 elatus
345 1199 481 1232 humana,
513 1198 559 1226 sed
587 1198 737 1226 bonitatem
760 1198 806 1226 Dei
829 1198 857 1226 111
879 1198 937 1226 51115

95 1245 235 1274 beneficiis
255 1253 470 1281 recognoscens,
491 1245 591 1273 fortius
612 1245 749 1273 animatus
770 1247 811 1274 est
832 1245 864 1273 ad
887 1245 936 1274 ho-

95 1292 144 1321 stis
173 1291 279 1329 antiqui
312 1292 458 1328 fugandam
491 1291 641 1320 versutiam
670 1295 698 1320 et
723 1292 814 1320 0111015
834 1291 936 1320 Christi

94 1338 208 1376 gloriam
232 1338 450 1375 praedicandam.
473 1355 509 1359 —
531 1338 653 1375 Quadam
675 1341 767 1367 autem
789 1338 848 1372 die,
869 1338 935 1367 dum

94 1385 121 1415 in
143 1385 262 1422 quodam
284 1385 406 1414 solitario
422 1385 480 1414 loco
495 1394 590 1414 annos
603 1394 673 1413 suos
688 1385 719 1413 in
734 1385 937 1414 amaritudine

93 1431 257 1469 recoquens
277 1431 467 1468 deploraret2,
489 1432 574 1460 saneti
604 1431 723 1468 Spiritus
755 1432 782 1460 in
804 1439 867 1460 eum
890 1440 936 1460 su-

0 1482 83 1524 =⁸i²iff⁰⁶
94 1478 270 1516 perveniente
301 1478 412 1512 laetitia,
433 1479 602 1507 certificatus
633 1481 674 1507 est
707 1478 741 1507 de
776 1479 936 1507 remissione

94 1525 216 1562 plenaria
236 1525 360 1554 omnium
391 1525 565 1554 delictorum.
595 1526 698 1562 Raptus
726 1525 824 1554 deiude
851 1534 935 1562 supra

93 1580 122 1601 se
143 1580 174 1601 ac
195 1572 222 1602 in
243 1572 382 1609 quoddam
403 1572 560 1600 mirandum
576 1572 670 1600 lumen
687 1575 760 1601 totus
775 1572 935 1609 absorptus,

93 1619 204 1649 dilatato
232 1619 333 1648 mentis
359 1619 439 1652 sinu,
467 1626 538 1655 quae
569 1618 642 1647 circa
668 1626 697 1647 se
718 1622 745 1647 et
773 1618 844 1647 filios
871 1626 936 1647 suos

92 1665 188 1695 futura
207 1668 287 1695 erant
315 1666 470 1694 luculenter
501 1665 619 1702 aspexit.
649 1666 711 1694 Post
731 1666 784 1694 1100
805 1673 936 1694 reversus

93 1712 127 1743 ad
141 1713 265 1741 Fratres:
292 1723 306 1737 a
323 1711 552 1749 Confortamz'izz,
574 1712 628 1746 ait,
649 1712 800 1746 carissimi,
821 1715 849 1741 et
860 1720 936 1749 9011-

92 1759 152 1789 dete
172 1759 203 1788 in
231 1759 354 1789 Domino
366 1759 386 1793 ³,
413 1767 464 1788 nec
491 1759 558 1796 quia
578 1759 658 1795 pauci
679 1759 758 1793 estis,
780 1758 934 1788 efficiamini

92 1805 201 1840 tristes,
221 1813 312 1842 neque
333 1813 382 1834 vos
403 1808 506 1835 terreat
527 1813 587 1834 mea
615 1806 658 1834 vel
688 1808 780 1834 vestra
807 1805 936 1842 simplici-

92 1855 149 1886 tas,
169 1852 300 1889 quoniam
310 1874 317 1886 ,
338 1852 411 1881 sieut
430 1852 498 1880 mihi
513 1860 529 1880 a
544 1851 658 1880 Domino
673 1851 701 1879 in
715 1851 831 1880 veritate
845 1854 936 1880 osten-

93 1906 154 1927 sum
175 1902 232 1933 est,
253 1899 280 1928 in
309 1906 435 1936 magnam
467 1898 673 1927 multitudinem
698 1898 778 1927 faciet
806 1906 856 1927 005
876 1906 936 1927 cre-

95 1953 172 1974 scere
192 1946 266 1974 Deus
287 1953 409 1982 suaeque
429 1945 627 1974 benedictionis
641 1945 730 1982 gratia
745 1945 935 1981 multipliciter

92 1991 256 2021 dilatabit».

171 2040 197 2067 7.
219 2039 318 2068 Eodem
340 2046 452 2076 quoque
478 2041 601 2075 tempore
632 2038 751 2075 quodam
783 2038 836 2067 alio
864 2038 936 2067 bono

15 2085 81 2134 ,ξιξ-10
93 2085 152 2114 viro
173 2085 338 2122 Religionem
360 2086 480 2114 intrante
491 2087 515 2120 4,
530 2085 563 2113 ad
579 2085 765 2122 septenarium
787 2093 934 2113 numerum

19 2137 41 2152 ¹¹¹·
92 2132 144 2161 viri
166 2133 213 2161 Dei
236 2133 342 2161 soboles
363 2132 506 2161 benedicta
527 2132 660 2169 pervenit.
683 2133 760 2160 Tunc
776 2132 838 2169 pius
858 2132 936 2161 Pater

91 2187 186 2208 omnes
206 2179 240 2208 ad
261 2187 290 2208 se
312 2179 382 2208 filios
402 2179 562 2208 convocavit
583 2182 610 2208 et
634 2179 716 2216 plura
737 2179 776 2208 eis
796 2178 830 2208 de
851 2187 936 2216 regno

92 2225 155 2260 Dei,
176 2226 210 2255 de
230 2229 390 2263 contemptu
411 2225 522 2260 mundi,
544 2225 578 2255 de
603 2225 783 2262 abnegatione
808 2225 936 2262 propriae

92 2272 240 2302 voluntatis
260 2273 441 2309 corporisque
462 2273 638 2309 castigatione
659 2272 851 2309 pronuntians,
872 2280 936 2309 pro-

92 2320 212 2356 positum
233 2327 316 2348 suum
338 2319 371 2348 de
392 2319 525 2348 mittendo
546 2319 607 2348 illos
637 2319 665 2347 in
696 2322 817 2357 quatuor
843 2321 935 2355 partes

482 190 681 219 OPUSCULUM
703 190 790 219 xxiii.
814 190 964 220 LEGENDA
986 191 1101 220 SANCTI
1121 192 1296 221 FRANCISCI.
1319 192 1389 221 CAP.
1411 192 1451 221 ΠΙ.

1783 194 1835 221 511

993 269 1069 297 011115
1090 270 1207 306 aperuit.
1230 270 1284 299 lam
1305 270 1379 299 enim
1400 271 1500 300 sterilis
1531 274 1558 300 et
1578 271 1749 308 paupercula
1774 271 1839 299 sim—

994 315 1100 350 plicitas
1122 316 1206 344 sancti
1229 316 1315 345 Patris
1336 321 1482 354 pepererat
1503 320 1607 354 septem
1629 317 1722 346 fili0s⁵
1743 320 1770 345 et
1791 317 1838 346 de-

993 361 1131 390 siderabat
1152 362 1361 392 universitatem
1392 364 1514 392 fidelium
1539 364 1573 392 ad
1595 364 1777 401 poenitentiae
1799 364 1838 392 la—

994 410 1087 436 menta
1099 411 1220 436 vocatam
1236 409 1345 438 Christo
1361 410 1475 438 Domino
1490 410 1639 447 parturire.
1660 422 1673 435 «
1685 410 1732 444 lte,
1747 409 1838 446 inquit

993 453 1083 482 (101015
1104 455 1182 483 Pater
1210 455 1244 484 ad
1272 456 1358 490 filios,
1379 457 1575 485 annuntiantes
1606 456 1765 485 hominibus
1793 464 1838 493 pa-

992 508 1068 534 0001,
1091 502 1245 537 praedicate
1267 503 1460 539 poenitentiali]
1483 503 1509 532 in
1532 503 1721 532 remissionem
1742 511 1837 540 pecca-

995 550 1086 576 torum
1100 548 1119 576 6.
1142 549 1232 577 Estote
1254 549 1280 577 in
1303 550 1528 578 tribulationibus
1555 550 1704 586 patientes,
1727 550 1753 578 in
1774 558 1837 578 ora-

994 594 1115 623 tionibus
1136 595 1243 631 vigiles,
1272 596 1299 624 in
1328 596 1469 625 laboribus
1500 597 1621 630 strenui,
1648 597 1675 625 in
1704 596 1837 625 sermoni-

993 641 1046 669 bus
1069 642 1198 676 modesti,
1215 642 1242 670 in
1258 643 1382 671 moribus
1402 651 1500 680 graves
1514 646 1542 672 et
1556 643 1581 671 in
1598 643 1737 672 benefieiis
1752 643 1836 680 grati,

993 688 1058 724 quia
1079 697 1130 725 pro
1152 689 1194 717 his
1214 690 1343 718 omnibus
1365 698 1481 726 regnum
1503 690 1580 719 vobis
1595 693 1777 726 praeparatur
1792 698 1837 718 ae-

994 737 1145 763 ternum».
1168 736 1199 764 At
1220 735 1257 764 illi
1280 744 1371 765 coram
1394 744 1474 765 servo
1497 736 1542 765 Dei
1566 737 1708 765 humiliter
1729 744 1758 765 se
1773 744 1838 773 pro-

993 784 1148 810 sternentes
1168 782 1194 810 in
1217 785 1336 817 terram,
1357 791 1420 811 cuin
1443 783 1542 820 gaudio
1564 783 1679 819 spiritus
1705 778 1850 819 suscipie-⁴

993 827 1058 855 hant
1079 828 1250 858 obedientiae
1271 832 1381 858 sanctae
1402 830 1571 858 mandatum.
1598 830 1656 866 1050
1677 837 1743 858 vero
1764 829 1837 858 dice—

994 874 1040 902 bat
1061 875 1211 912 unicuique
1232 876 1406 912 singillatim:
1422 876 1505 904 Iacca
1519 876 1677 913 cogitatum
1701 879 1785 904 cuum
1805 877 1837 905 in

994 921 1134 955 Domino,
1156 925 1181 950 ec
1203 922 1261 958 ipse
1293 926 1317 950 [0
1347 922 1469 950 enutriet
1482 923 1501 950 ⁷.
1524 923 1578 951 1100
1607 923 1722 951 verbum
1744 922 1837 951 dicero

993 967 1090 996 solitus
1120 972 1194 1002 erat,
1227 969 1456 1006 quotiescumque
1487 969 1609 997 Fratrem
1645 969 1765 1006 aliquem
1803 969 1837 998 ad

993 1014 1174 1043 obedientiam
1195 1015 1338 1052 dirigebat.
1362 1016 1438 1044 Tunc
1466 1018 1494 1044 et
1514 1015 1587 1052 ipse,
1609 1015 1714 1050 sciens,
1737 1023 1765 1044 se
1787 1015 1835 1044 da-

994 1063 1052 1091 tum
1073 1061 1133 1090 aliis
1154 1061 1180 1090 10
1203 1062 1376 1098 exemplum,
1398 1065 1429 1090 ut
1450 1062 1529 1099 011115
1549 1062 1666 1096 faceret,
1682 1070 1764 1098 quam
1786 1061 1835 1090 do-

993 1107 1099 1141 001013,
1121 1116 1185 1136 cum
1208 1116 1263 1136 1100
1285 1108 1422 1137 sociorum
1452 1116 1550 1137 versus
1571 1117 1655 1137 unam
1677 1108 1753 1137 orbis
1773 1116 1837 1145 par—

994 1156 1048 1182 tem
1070 1155 1210 1191 perrexit,
1233 1155 1347 1191 reliquis
1369 1163 1418 1184 sex
1440 1155 1473 1183 ad
1497 1155 1607 1183 modum
1630 1155 1721 1184 0111015
1746 1155 1836 1184 11111115

993 1200 1053 1229 aliis
1069 1201 1162 1229 mundi
1177 1201 1301 1237 partibus
1312 1201 1458 1238 deputatis.
1471 1218 1508 1222 —
1520 1202 1623 1231 Modico
1637 1205 1730 1230 autem
1745 1202 1838 1238 elapso

993 1250 1054 1283 post
1077 1251 1210 1284 tempore,
1232 1248 1368 1284 benignus
1389 1248 1467 1277 Pater
1486 1256 1566 1277 carae
1591 1249 1676 1285 prolis
1701 1251 1837 1285 exoptans

994 1294 1189 1330 praesentiam;
1221 1302 1283 1322 01101
1316 1294 1343 1322 10
1375 1303 1462 1323 unum
1484 1302 1531 1323 cos
1563 1303 1611 1331 per
1633 1303 1661 1323 se
1683 1302 1835 1324 convocare

993 1348 1048 1369 non
1069 1343 1177 1377 posset,
1199 1349 1247 1377 per
1269 1348 1332 1370 eum
1355 1341 1451 1369 orabat
1482 1341 1535 1370 boc
1555 1341 1632 1375 fieri,
1654 1341 1701 1378 qui
1724 1341 1836 1378 disper—

992 1386 1087 1415 siones
1115 1391 1273 1424 conyreqctt
1297 1387 1417 1416 Israelis
1428 1388 1447 1416 ⁹.
1478 1388 1576 1424 Sicque
1602 1387 1703 1416 factum
1726 1390 1783 1421 051,
1805 1390 1836 1416 01

993 1433 1098 1469 absque
1121 1433 1240 1462 humana
1266 1434 1408 1462 vocatione
1438 1442 1534 1463 0101105
1555 1442 1591 1463 ex
1614 1434 1753 1471 insperato
1775 1437 1837 1470 post

994 1479 1133 1507 modicum
1162 1479 1294 1515 temporis
1326 1479 1406 1507 iuxta
1436 1479 1496 1508 eius
1527 1479 1712 1513 desiderium,
1743 1480 1837 1508 divina

992 1528 1125 1562 operante
1153 1526 1312 1560 clementia,
1344 1534 1398 1554 non
1430 1526 1489 1555 5100
1510 1526 1634 1563 10501001
1655 1526 1836 1555 admiratione

994 1572 1098 1609 pariter
1119 1573 1305 1601 convenirent.
1329 1573 1382 1601 lllis
1403 1581 1515 1609 quoque
1535 1573 1632 1602 diebus
1646 1576 1767 1610 quatuor
1782 1573 1834 1602 sibi

994 1619 1208 1648 adhaerentibus
1223 1619 1290 1648 viris
1311 1619 1432 1648 honestis
1445 1620 1483 1653 ²⁰,
1505 1619 1539 1648 ad
1559 1619 1760 1649 duodenarium
1782 1628 1836 1648 nu—

994 1674 1103 1696 merum
1124 1670 1320 1695 excreverunt.

1071 1714 1097 1741 8.
1120 1713 1240 1742 Cernens
1261 1716 1353 1741 autem
1375 1713 1495 1742 famulus
1509 1713 1627 1747 Christi,
1643 1713 1775 1750 paulatim
1790 1721 1835 1742 ae-

994 1767 1119 1788 crescere
1139 1767 1288 1788 numerum
1309 1760 1453 1793 Fratrum,
1475 1760 1586 1796 scripsit
1613 1760 1664 1788 sibi
1685 1762 1713 1788 et
1733 1759 1835 1788 Fratri-

993 1806 1046 1835 bus
1067 1806 1125 1835 suis
1146 1806 1317 1842 simplicibus
1338 1806 1430 1835 verbis
1450 1806 1598 1836 formulam
1619 1807 1706 1840 vitae,
1722 1807 1749 1835 in
1771 1815 1835 1843 qua,

993 1853 1078 1882 saneti
1101 1853 1237 1890 Evangelii
1259 1853 1432 1882 observantia
1455 1862 1506 1890 pro
1523 1853 1701 1882 fundamento
1722 1853 1837 1883 indisso-

993 1899 1070 1928 lubili
1094 1899 1240 1933 eollocata,
1263 1907 1350 1936 pauca
1370 1899 1504 1936 quaedam
1533 1900 1586 1928 alia
1610 1899 1744 1934 inseruit,
1765 1907 1836 1937 quae

993 1946 1026 1975 ad
1048 1946 1213 1975 uniformem
1239 1946 1343 1975 vivendi
1366 1946 1477 1974 modum
1493 1947 1647 1975 necessaria
1662 1946 1835 1975 videbantur.

993 1993 1157 2021 Desiderans
1177 1996 1290 2027 autem,
1313 2001 1362 2029 per
1383 1994 1527 2021 Summum
1556 1993 1713 2021 Pontificem
1736 2001 1836 2030 appro-

993 2040 1051 2068 bari
1081 2048 1152 2076 quac
1173 2040 1336 2076 scripserat,
1358 2040 1493 2076 disposuit
1514 2048 1577 2068 cum
1599 2040 1645 2068 illo
1669 2039 1835 2076 simplicium

993 2089 1072 2115 coetu
1102 2087 1265 2123 apostolicae
1291 2086 1366 2115 Sedis
1393 2086 1469 2114 adire
1500 2086 1696 2123 praesentiam,
1725 2086 1758 2115 de
1780 2086 1837 2115 sola

993 2134 1114 2162 confisus
1134 2133 1284 2162 directione
1306 2133 1405 2162 divina.
1428 2133 1512 2161 Cuius
1527 2133 1694 2162 desiderium
1709 2133 1782 2162 Deus
1798 2141 1834 2162 ex

993 2180 1047 2209 alto
1069 2180 1233 2217 respiciens,
1255 2179 1394 2208 sociorum
1424 2179 1529 2208 animos
1560 2179 1741 2216 simplicitatis
1768 2187 1834 2208 suae

993 2226 1211 2256 consideratione
1242 2226 1405 2263 perterritos
1431 2229 1540 2255 ostensa
1572 2226 1631 2254 viro
1661 2225 1709 2254 Dei
1731 2225 1836 2255 visione

993 2273 1152 2302 huiusmodi
1175 2272 1346 2301 confortavit.
1369 2272 1519 2301 Videbatur
1541 2272 1676 2308 siquidem
1697 2272 1735 2306 ei,
1761 2272 1836 2308 quod

993 2326 1042 2355 per
1056 2318 1195 2355 quandam
1210 2318 1280 2346 viam
1296 2318 1443 2352 incederet,
1459 2319 1538 2346 iuxta
1553 2326 1636 2355 quam
1651 2317 1740 2346 stabat
1753 2317 1837 2346 arbor

155 2507 163 2521 ¹
180 2507 237 2531 Edd.
251 2507 365 2537 perfecte,
383 2510 405 2531 et
420 2508 489 2536 paulo
506 2508 601 2530 inferius
617 2507 694 2531 reddit
705 2514 747 2535 pro
759 2507 868 2531 reddidit.

154 2544 164 2559 ²
181 2546 231 2570 1501.
247 2547 291 2573 38,
308 2547 353 2569 151
369 2546 511 2574 Recogitabo
528 2545 568 2569 tibi
586 2552 667 2569 omnoe
678 2552 751 2569 annos
765 2552 829 2569 meos
841 2546 863 2569 10
874 2552 936 2569 ama·

94 2584 192 2608 ritudine
208 2585 298 2607 animae
315 2591 388 2608 meae.
406 2598 436 2601 —
454 2585 548 2608 inferius
565 2591 607 2613 pro
624 2585 714 2614 Raptus
726 2584 808 2608 deinde
819 2585 836 2608 Β
848 2585 936 2614 Raptus

93 2622 199 2652 proinde.

157 2661 166 2674 ³
183 2662 234 2684 lsai.
251 2663 293 2690 35,
311 2662 332 2685 4.
349 2665 371 2685 et
388 2663 444 2685 Phil.
456 2663 482 2690 4,
495 2662 515 2684 [1.
530 2675 558 2678 -
571 2662 683 2690 Superius
699 2669 742 2690 pro
760 2663 815 2686 Post
831 2662 875 2686 hoc
891 2663 936 2685 AG

96 2700 152 2724 Post
166 2700 235 2729 haec,
248 2701 341 2723 inferius
353 2708 396 2729 pro
406 2701 529 2731 [αι-1011105
542 2707 646 2725 crescere
657 2702 675 2724 Α
686 2701 759 2731 faciat
775 2707 819 2724 710³
833 2707 937 2724 crescere

96 2738 224 2767 (respicitur
240 2741 297 2763 Gen.
315 2740 357 2768 ts,
376 2740 417 2767 15,
435 2740 476 2762 uhi
494 2740 560 2763 iacob
577 2740 628 2763 siliis
646 2741 728 2768 1050011
742 2739 882 2763 benedicens
894 2741 937 2762 ait:

95 2776 202 2800 Crescant
219 2779 240 2801 in
257 2779 425 2801 multitudinem
443 2785 513 2807 super
531 2782 626 2807 terram;
640 2780 682 2801 011.
694 2778 748 2802 ibid.
768 2779 809 2806 41,
827 2779 870 2802 52:
887 2779 937 2801 Cre-

94 2821 158 2840 scere
175 2823 212 2840 me
229 2817 281 2840 tecit
297 2818 358 2841 Deus
375 2818 397 2841 in
416 2820 474 2840 terra
492 2818 634 2846 paupertatis
651 2818 735 2846 meae).

154 2855 164 2869 ⁴
182 2856 271 2880 Scilicet
287 2857 393 2885 Philippo
409 2857 501 2884 Longo,
519 2857 560 2886 qui
576 2857 640 2885 prior
656 2857 767 2880 silvestro
784 2856 884 2879 intravit.

156 2893 165 2907 ⁵
182 2895 243 2917 Libr.
262 2896 275 2917 Ι.
294 2896 351 2923 neg.
368 2896 395 2923 2,
412 2896 441 2918 5:
459 2896 544 2918 Storilis
568 2896 657 2924 peperit
679 2895 801 2923 plurimos.
816 2908 848 2914 --
863 2895 936 2918 codd.

93 2933 162 2957 Aac
171 2934 190 2956 D
199 2934 283 2957 EFGl
299 2935 407 2957 omittunt
422 2934 491 2965 filios.

155 2971 164 2985 ⁰
181 2972 225 2995 Csr.
243 2974 310 2995 Marc.
324 2974 351 3000 3,
370 2974 377 2995 Ι1
386 2973 405 2996 1,
424 2976 445 2996 et
462 2975 517 2996 Luc.
533 2974 562 3000 3,
580 2974 606 3001 3,
624 2973 664 2996 nbi
684 2973 714 2996 de
735 2974 818 2996 loanue
837 2973 934 3001 dicitur,

993 2507 1057 2536 quod
1078 2515 1088 2527 (ι
1101 2507 1143 2530 suit.
1158 2507 1295 2535 praedicans
1312 2506 1453 2534 baptismum
1468 2506 1619 2534 poenitentiae
1636 2506 1660 2528 in
1676 2506 1836 2530 remissionem

993 2548 1142 2574 peccatorum
1153 2554 1164 2567 ι
1175 2553 1180 2574 ς
1192 2546 1248 2568 Luc.
1267 2545 1308 2572 24,
1327 2545 1364 2568 47.
1379 2546 1489 2572 refertur,
1503 2545 1567 2573 quod
1584 2544 1706 2573 oportebat
1724 2554 1736 2566 α
1748 2545 1837 2573 praedi-

993 2585 1041 2607 eari
1058 2585 1082 2608 10
1098 2584 1193 2608 nomine
1208 2585 1258 2607 eius
1276 2584 1384 2613 [Christi]
1396 2584 1561 2611 poenitentiam
1574 2586 1596 2607 et
1612 2584 1771 2607 remissionem
1783 2590 1838 2612 pec·

993 2626 1098 2646 catorum
1115 2624 1139 2646 in
1156 2629 1237 2647 omnes
1253 2626 1333 2651 gentes
1344 2631 1365 2646 u.
1386 2635 1417 2641 —
1439 2623 1550 2651 Superius
1572 2629 1615 2650 pro
1636 2622 1806 2647 unimammas
1828 2624 1835 2647 1

993 2662 1141 2686 avnnuutiate.

1056 2700 1065 2714 ‘¹
1083 2701 1166 2724 Psalm.
1183 2701 1226 2728 54,
1243 2701 1288 2724 23:
1305 2701 1362 2724 laeta
1380 2706 1452 2728 super
1467 2700 1591 2724 Dominum
1608 2706 1687 2723 curam
1705 2703 1768 2723 tuam
1780 2703 1835 2728 etc.;

993 2740 1074 2768 111100,
1091 2740 1168 2762 Tract.
1184 2740 1207 2762 in
1225 2740 1260 2763 Ps.
1277 2739 1314 2762 at.
1331 2745 1355 2762 n.
1374 2739 1415 2762 ⁴8:
1428 2740 1486 2762 tacta
1498 2739 1520 2762 in
1534 2739 1656 2762 Dominum
1673 2739 1835 2767 cogitationem

994 2782 1057 2802 tuam
1074 2781 1129 2805 etc.;
1147 2778 1251 2806 literam,
1268 2778 1319 2801 Div.
1332 2777 1484 2805 Bibliotheca,
1495 2778 1518 2801 111
1530 2779 1633 2801 [tonnano
1646 2778 1766 2801 Psalterio:
1778 2779 1836 2802 iacta

995 2818 1018 2840 in
1036 2818 1107 2841 Deum
1125 2817 1251 2845 cogitatum
1268 2820 1332 2840 tuum
1349 2820 1392 2840 etc.

1056 2855 1066 2868 θ
1083 2857 1131 2879 Act.
1149 2857 1174 2885 i,
1192 2857 1218 2879 t:
1235 2856 1316 2884 Coepit
1333 2857 1395 2879 lesus
1411 2857 1485 2879 facere
1501 2858 1523 2879 et
1540 2856 1631 2879 docere.

1056 2894 1066 2907 ⁰
1082 2896 1165 2918 Psalm.
1182 2895 1239 2922 116,
1257 2896 1277 2917 2.

1057 2933 1077 2947 ¹⁰
1093 2934 1180 2962 Nempe
1197 2935 1280 2957 ioanne
1295 2934 1325 2957 do
1343 2935 1365 2957 S.
1382 2933 1527 2962 Constantio,
1544 2934 1655 2962 Berharo,
1669 2934 1785 2958 Bernardo
1797 2935 1838 2957 Vi-

993 2973 1083 3000 gilantis
1099 2973 1128 2995 de
1147 2972 1203 2996 Vida
1226 2977 1250 2996 et.
1265 2972 1354 3001 Angclo
1370 2973 1484 2996 Tancredi
1500 2973 1529 2996 de
1547 2973 1623 2997 Reate.

1871 1208 1983 1235 mirabiliter

1854 1236 1906 1249 011551
1920 1236 1982 1250 rever·

1853 1256 1925 1273 tuntur.

1858 1764 1920 1783 Prima
1935 1765 1970 1783 Re-

1851 1788 1893 1812 gula
1904 1789 1982 1813 scripta.

1861 2044 1914 2064 Adiit
1927 2044 1963 2063 no-

1882 2073 1938 2087 mam.

1853 2277 1914 2296 Visio.
