2133 3317
17 601 82 622 motiva

25 625 78 646 uus.

0 823 36 890 ffb*

528 214 723 243 OPUSCULUM
744 213 775 241 X.
797 213 882 241 VITlS
903 213 1052 242 MYSTlCA.
1075 191 1335 243 ADBITAMENTUM
1356 214 1398 242 IV.

95 294 260 327 praeponendi
284 293 347 318 falso
366 292 529 324 putabantur.
551 306 586 310 -
613 291 660 316 Est
681 290 763 316 autem
783 291 863 315 adhuc
887 291 937 315 alia.

95 338 158 364 ratio
176 337 271 366 valida,
290 343 352 368 quae
370 336 402 360 ab
414 336 460 360 hac
479 336 558 366 specie
577 334 709 359 iactantiae
722 334 748 358 te
767 333 892 363 defendet,
905 341 936 358 ne

95 381 130 410 te,
149 380 191 411 qui
215 378 344 404 manifeste
363 378 388 403 et
406 378 464 403 tuae
482 377 645 403 conscientiae
670 377 694 402 et
713 377 769 401 aliis
794 376 873 401 bonus
898 383 935 405 es,

94 423 153 453 alii,
172 423 214 454 qui
239 429 297 446 vere
315 421 397 446 malus
424 420 476 449 est,
495 419 619 451 praeferre
639 426 792 451 praesumas.
811 418 853 444 Ita
871 419 936 443 enim

93 465 200 491 habes1:
224 474 236 486 «
248 464 295 489 Est
313 464 378 489 alius
396 463 445 489 alio
459 463 560 492 iustior,
579 463 644 487 alius
662 462 711 487 alio
731 461 857 486 sanctim-2
869 470 898 491 »ς
911 461 937 486 et

93 508 186 539 nescit,
205 508 293 532 utrum
312 506 385 537 odio,
404 505 443 531 vel
462 512 549 530 amore
567 505 660 536 caynus
678 505 720 530 sii.

165 550 224 575 102.
243 549 308 574 Hinc
333 556 402 573 suam
427 549 535 573 mentem
553 547 682 573 exerceant
700 547 758 573 boni
782 548 886 578 quique,
911 547 937 572 et

94 593 166 625 puto,
186 592 250 624 quod
268 592 425 617 necessario³
444 591 475 616 ad
494 591 631 622 exemplum
649 590 710 619 lilii,
733 590 821 615 timore
840 590 865 614 et
890 590 937 614 hu-

93 635 200 661 militate
217 635 308 664 coacti,
321 634 509 659 inclinabuntur
527 634 558 658 ad
570 634 674 662 terram,
693 640 748 658 cum
761 632 898 657 habuerint
910 633 936 657 in

93 678 189 707 mente,
207 678 272 709 quod
290 677 417 708 nesciunt,
436 677 522 701 utrum
541 683 637 705 amore,
656 676 696 700 vel
716 675 769 701 odio
788 675 857 707 digni
876 675 935 700 sint.

93 721 127 746 Et
144 727 201 745 vere
219 720 346 749 nesciunt,
365 720 423 751 (11113
441 719 573 751 ignorant,
592 719 657 750 quisi
679 719 865 749 superventura
884 725 936 748 pa-

92 763 147 789 riat
164 763 216 788 dies
225 761 243 794 *s
262 763 336 787 immo
349 763 374 787 et
386 762 462 791 hora;
481 762 574 793 quanto
587 762 669 786 minus
687 761 783 790 sciunt,
802 761 883 792 qualis
896 767 936 786 eo-

91 813 147 833 rum
165 805 223 830 finis
242 806 276 830 sit
294 805 405 834 futurus,
426 805 466 830 vel
484 812 567 830 eorum
586 805 628 836 qui
646 804 718 829 modo
736 803 795 828 mali
815 803 893 828 sunt‘?
911 804 935 828 Si

91 849 180 874 Iudam
199 848 348 880 proditorem
370 848 487 877 vidisses,
513 854 567 872 cum
584 847 664 872 adhuc
687 846 741 871 erat
759 846 894 877 discipulus
911 846 936 871 et

92 892 158 917 inter
176 899 296 921 summos,
321 891 457 916 eiicientem
479 891 505 915 in
523 891 621 915 nomine
643 890 745 921 benigni
764 889 822 914 Iesu
841 889 936 914 daemo-

91 936 145 965 nia,
164 934 315 965 vidissesque
332 933 456 959 latronem
475 933 561 964 postea
580 940 635 958 cum
655 932 754 958 Christo
773 932 934 962 crucifixum,

90 977 228 1003 latrociniis
246 977 272 1002 et
298 976 435 1002 homicidiis
461 975 650 1005 insistentem⁵3
672 982 722 1000 non
749 975 848 1004 dubito,
874 975 934 1006 quin

91 1020 183 1046 latroni
202 1020 350 1051 discipulum
375 1018 550 1050 praetulisses,
570 1018 595 1043 et
617 1018 701 1043 tamen
720 1025 805 1043 omnes
829 1018 934 1049 scimus,

90 1063 147 1088 uter
171 1070 254 1088 eornm
273 1063 298 1087 in
317 1062 365 1087 fine
378 1062 452 1086 alteri
470 1061 599 1093 praelatus
612 1061 653 1085 sit.
673 1060 709 1085 Tu
728 1067 800 1092 ergo,
820 1061 841 1085 si
860 1060 934 1085 etiam

91 1106 122 1131 ad
140 1105 239 1130 tantam
257 1106 306 1130 iam
325 1105 391 1129 vitae
409 1104 583 1136 perfectionem
599 1103 747 1135 pervenisti,
766 1103 796 1128 ut
815 1103 935 1128 miracula

91 1150 212 1181 opereris;
231 1148 302 1178 time,
321 1155 352 1173 ne
370 1148 402 1172 ad
419 1147 556 1172 extremum
574 1154 630 1172 cum
648 1147 723 1178 impio
742 1147 805 1171 Iuda
823 1147 936 1178 reprobe-

91 1193 126 1218 ris
135 1192 154 1216 ⁶.
172 1192 197 1217 Si
215 1198 273 1217 vero
300 1191 377 1216 alium
400 1197 547 1222 quemquam
575 1190 689 1221 pessimis
717 1190 832 1221 operibus
851 1190 935 1214 videas

90 1235 218 1264 insudare,
236 1241 286 1260 non
304 1234 329 1259 te
348 1234 385 1258 illi
403 1233 543 1264 praeferas,
562 1234 620 1264 quia
639 1233 732 1262 nescis,
752 1233 837 1257 utrum
855 1240 935 1258 exem-

91 1278 132 1310 plo
149 1278 256 1303 latronis
274 1277 305 1301 ad
323 1276 439 1301 ultimum
458 1276 631 1306 convertatur,
645 1275 710 1301 sicut
729 1276 851 1307 scriptum
863 1275 902 1300 est
913 1274 933 1301 ⁷:

89 1321 189 1347 Beatus
205 1321 255 1352 vir,
274 1320 316 1344 61ιί
333 1326 385 1344 mm
404 1319 542 1349 impuiavit
558 1318 687 1343 Dominus
706 1320 846 1349 peccaram.
866 1318 935 1348 Quod

90 1365 119 1390 de
144 1364 196 1389 illis
217 1362 390 1389 convenienter
414 1362 546 1393 accipitur,
575 1362 616 1393 qui
641 1361 698 1392 post
721 1362 814 1386 scelera
833 1369 879 1386 5113
903 1362 934 1386 ad

90 1407 222 1432 Dominum
249 1413 264 1430 a
292 1405 396 1430 Domino
423 1404 617 1433 convertuntur,
646 1404 687 1435 qui
715 1411 764 1428 non
795 1404 935 1429 considerat

90 1450 171 1482 qualis
188 1450 272 1478 vivas,
293 1448 335 1473 sed
353 1447 434 1479 qualis
452 1448 575 1472 moriaris.
594 1446 699 1471 Nullum
717 1446 796 1478 igitur
808 1447 833 1471 et
849 1447 877 1471 tu
890 1455 935 1472 1166

90 1491 267 1523 temetipsum⁸
291 1491 399 1516 iudicare
424 1497 583 1521 praesumas,
603 1497 646 1514 1166
665 1489 702 1519 te,
721 1490 780 1514 licet
798 1490 933 1521 optimum,

89 1535 203 1567 cuiquam
221 1534 307 1563 alteri,
326 1533 440 1565 quamvis
458 1534 563 1564 pessimo
583 1532 722 1564 praeferas,
742 1533 800 1564 quia
825 1533 850 1558 et
875 1533 934 1558 tuus

90 1578 115 1603 et
132 1578 200 1603 illius
218 1577 299 1609 qualis
312 1576 392 1602 exitus
405 1576 438 1601 sit
450 1576 562 1606 futurus,
575 1576 684 1608 ignoras.
698 1576 736 1600 Ad
749 1576 843 1601 terram
856 1576 934 1607 igitur

89 1620 159 1645 tuam
186 1627 241 1645 cum
258 1620 306 1644 lilii
333 1619 393 1644 flore
419 1619 538 1644 inclinare
565 1619 590 1643 et
615 1618 742 1643 considera
770 1618 934 1650 fragilitatem

89 1663 171 1693 tuam,
184 1670 258 1695 (1113111
270 1662 347 1687 habes
365 1663 391 1686 111
409 1662 445 1691 te,
459 1662 517 1693 quia
536 1662 604 1686 terra
622 1661 647 1686 et
660 1662 721 1687 cinis
740 1669 780 1691 es;
794 1661 819 1686 et
837 1663 934 1692 quanio

88 1713 199 1738 maynzcs
218 1712 256 1736 es,
277 1705 388 1730 immilia
407 1706 429 1729 16
446 1705 473 1729 iri
492 1705 609 1729 omnibus
619 1701 636 1734 ⁰,
656 1705 740 1729 carnis
763 1705 821 1729 tuae
840 1705 934 1729 mundi-

89 1748 150 1773 tiam
170 1747 263 1773 virtute
281 1747 432 1772 humilitatis
450 1747 581 1772 inclinans.

161 1790 220 1816 103.
240 1790 303 1820 Quid
321 1791 404 1815 autem
423 1791 512 1815 vanius
531 1790 582 1815 illis
601 1790 642 1821 (1111
661 1797 686 1815 se
705 1790 831 1821 putabant
843 1790 934 1815 habere

69 1854 74 1860 .
91 1834 156 1866 quod
172 1841 222 1859 non
240 1833 355 1858 habent?
373 1833 419 1858 Sed
437 1833 502 1858 certe
521 1833 568 1858 1136
586 1833 655 1864 peste
679 1833 788 1858 omnium
807 1833 934 1858 hominum

90 1884 169 1909 genus
186 1876 236 1902 fere
254 1876 360 1902 laborat.
380 1876 440 1906 Quis
458 1876 497 1901 cst
515 1877 591 1906 enim,
614 1877 656 1908 qui
676 1884 700 1901 se
720 1877 802 1907 ipsum
827 1876 934 1907 perfecte

90 1920 234 1952 cognoscat,
253 1920 302 1944 nisi
320 1920 358 1944 cui
377 1919 462 1944 (latum
481 1919 520 1944 est
538 1927 554 1943 a
567 1919 649 1944 Patre
668 1919 795 1944 luminum
806 1917 833 1950 ¹⁰,
847 1927 862 1944 a
879 1920 934 1944 luca

89 1970 161 1994 vera,
180 1969 245 1994 quae
257 1962 393 1987 illuminat
405 1969 503 1987 omnem
517 1962 644 1987 hominem
658 1960 670 1986 ?
694 1972 706 1984 α
718 1962 739 1987 E
752 1962 819 1987 caelo
838 1962 934 1987 descen-

89 2005 140 2030 dit:
159 2008 232 2032 Γνῶθι
253 2007 347 2031 σεαυτὸν
362 2003 380 2017 ¹¹
397 2015 422 2034 >›,
441 2004 466 2029 id
485 2004 537 2030 est:
556 2004 636 2030 Nosce
655 2004 679 2029 te
698 2005 788 2036 ipsum.
817 2005 883 2029 Nam
908 2005 933 2030 in

90 2048 190 2074 Cantico
210 2048 367 2073 canticorum
386 2048 441 2079 ipsa
460 2055 563 2078 sponsa,
583 2055 645 2078 quae
658 2047 689 2072 ad
702 2048 831 2078 amplexus
845 2047 933 2078 Sponsi

90 2091 237 2120 anhelabat,
256 2098 318 2122 quae
338 2090 450 2115 senserat
468 2090 652 2122 unguentorum
670 2090 738 2115 illius
751 2090 932 2122 fragrantiam,

91 2133 120 2159 de
139 2133 283 2165 ignorantia
301 2134 339 2158 sui
357 2133 462 2164 quodam
481 2133 551 2158 modo
579 2133 729 2164 reprehensa
757 2133 808 2163 est,
838 2133 933 2158 dicente

91 2174 228 2208 Sponso¹²:
248 2175 278 2201 Si
296 2176 402 2207 iynoras
421 2177 457 2207 te,
476 2184 490 2200 0
511 2176 688 2207 pulcherrima
708 2176 773 2201 inter
797 2176 932 2206 mulieres,

91 2219 205 2251 effi-edere
232 2226 247 2243 a
274 2226 320 2243 me.
339 2219 400 2243 Vide
420 2226 491 2250 ergo,
511 2219 632 2250 quantum
657 2219 750 2244 malum
773 2219 807 2244 sit
831 2219 932 2251 quaevis

90 2261 232 2293 ignorantia
251 2262 303 2291 sui,
323 2261 425 2293 propter
443 2268 517 2292 quam
536 2261 567 2286 ab
586 2262 756 2287 amantissimo
776 2261 869 2293 Sponso
882 2269 933 2287 me-

1783 216 1838 243 ⁶209

994 291 1063 316 retur
1084 292 1178 323 repelli.
1203 292 1242 317 Ad
1267 292 1431 324 cognitionem
1450 292 1528 324 igitur
1553 293 1679 324 propriam
1699 293 1839 323 redeamus,

994 334 1018 358 id
1037 334 1075 359 est
1094 335 1125 359 ad
1144 335 1237 360 terram
1262 336 1388 365 nostram,
1409 336 1429 360 si
1449 336 1563 361 volumus
1582 343 1635 360 esse
1659 343 1718 360 vera
1737 336 1790 360 lilia
1815 336 1840 360 et

993 377 1024 401 ad
1044 377 1133 408 Sponsi
1148 378 1247 402 admitti
1272 378 1447 409 praesentiam.
1472 378 1525 404 Nos
1547 379 1615 410 ipsos
1642 378 1734 410 ingiter
1760 378 1840 404 intro-

994 420 1139 450 spiciamus,
1168 421 1321 445 incessanter
1345 421 1481 446 clamantes
1499 421 1530 446 ad
1549 429 1634 446 verum
1653 421 1736 446 lumen
1751 424 1779 451 ¹³,
1798 422 1840 446 be-

993 462 1098 493 nignum
1117 462 1214 491 Iesum,
1238 463 1267 488 111
1292 463 1382 488 111611115
1406 464 1507 489 nostrae
1526 465 1608 490 oculos
1633 464 1664 490 ad
1692 472 1839 496 cognoscen-

993 504 1052 528 dum
1072 505 1237 536 nosmetipsos
1256 505 1281 529 et
1298 506 1379 536 ipsum
1399 506 1540 532 illuminare
1559 507 1683 539 dignetur.

1327 591 1410 616 CAPUT
1430 592 1504 616 XXX.

992 674 1032 699 De
1050 682 1156 700 numero
1175 674 1299 705 foliorum
1318 677 1400 701 ›zo-stri
1414 675 1432 688 ¹⁴
1452 677 1517 708 iiiii,
1537 685 1581 703 seu
1599 678 1628 703 dc
1648 679 1730 704 tribus
1744 679 1838 705 incom-

1063 719 1144 743 modis
1163 719 1229 743 vitae
1242 720 1401 751 praesentis,
1422 727 1486 751 quae
1505 721 1615 746 eradunt
1633 721 1760 753 vir-(sirm,-
1773 723 1796 747 et
1809 723 1839 748 de

1066 760 1168 792 totidem
1187 761 1323 786 commodis
1344 762 1408 787 vitae
1427 762 1544 795 statimne,
1564 771 1629 794 quae
1650 766 1803 796 exspectant.

1063 846 1123 872 104.
1134 847 1207 872 Nunc-
1220 847 1251 871 ad
1258 842 1393 872 xnumerum
1407 847 1520 873 foliorum
1534 849 1612 880 ipsius
1625 849 1749 875 candidi²⁵
1762 851 1837 881 floris,

992 890 1165 915 candidissimo
1184 890 1244 915 flore
1268 890 1367 920 nostro,
1387 891 1493 922 benigno
1517 891 1575 917 Iesu
1594 900 1639 918 nos
1666 893 1837 924 illuminante,

992 933 1102 957 animum
1121 933 1287 958 intendamus.
1306 933 1337 958 In
1356 933 1472 964 perfectis
1490 934 1550 959 liliis
1578 936 1630 966 ipse
1649 936 1767 961 candidus
1792 937 1838 962 flos

992 976 1136 1007 plerumque
1155 983 1197 1000 sex
1215 975 1281 1001 foliis
1299 976 1411 1006 constat,
1431 984 1475 1008 per
1493 984 1555 1008 quae
1575 985 1617 1002 sex
1635 985 1723 1003 causas
1748 979 1838 1004 intelli-

992 1019 1087 1050 gimus,
1107 1026 1169 1050 quae
1189 1019 1220 1043 ad
1238 1019 1393 1050 virginitatis
1405 1019 1553 1044 munditiam
1572 1021 1661 1046 debent
1680 1022 1775 1047 animos
1788 1023 1839 1047 vir-

991 1062 1077 1093 ginum
1096 1061 1214 1091 incitare,
1240 1069 1344 1093 quarum
1364 1062 1416 1087 tres
1444 1063 1474 1087 ad
1493 1063 1571 1088 vitam
1591 1064 1760 1095 praesentem,
1787 1066 1838 1091 tres

991 1104 1023 1129 ad
1041 1103 1152 1129 futuram
1178 1104 1313 1136 pertinent.
1335 1105 1393 1130 Tria
1421 1105 1481 1130 sunt
1498 1106 1651 1132 incommoda
1678 1108 1703 1132 in
1726 1108 1838 1139 prasenti

991 1147 1044 1172 vita
1062 1147 1088 1172 in
1107 1147 1260 1179 coniugatis,
1280 1148 1383 1179 propter
1401 1156 1464 1180 quae
1482 1149 1585 1174 vitanda
1610 1150 1741 1181 virginalis
1766 1151 1838 1176 casti-

1855 1117 1899 1136 Tria
1913 1117 1984 1136 iucom-

1855 1141 1909 1159 moda
1922 1141 1971 1160 vitae

1849 1164 1953 1187 praesentis
1963 1164 1983 1183 iu

991 1191 1031 1216 tas
1050 1191 1089 1216 est
1107 1191 1254 1222 appetenda.
1268 1191 1327 1216 Tria
1343 1191 1403 1216 sunt
1415 1198 1510 1223 quoque
1528 1193 1654 1218 commoda
1672 1193 1771 1219 futurae
1787 1194 1838 1226 glo-
1854 1187 1964 1211 coniugatis.

991 1234 1053 1263 riae,
1073 1234 1176 1264 propter
1194 1241 1256 1265 quae
1275 1234 1424 1265 acquirenda.
1442 1235 1575 1266 virginitas
1594 1235 1632 1260 est
1655 1236 1765 1261 vovenda
1791 1237 1837 1262 Do-

990 1277 1056 1301 mino
1070 1277 1090 1292 1⁶⁵
1109 1275 1134 1300 et
1153 1276 1329 1301 conservanda.
1349 1276 1492 1302 Praesentis
1519 1277 1586 1302 vitae
1613 1278 1765 1304 incommoda
1790 1279 1838 1305 duo

990 1318 1110 1343 habemus
1129 1326 1157 1344 ex
1170 1319 1352 1348 maledictione,
1366 1327 1428 1351 quae
1447 1319 1541 1345 inflicta
1554 1320 1604 1345 fuit
1623 1321 1717 1352 primae
1739 1322 1837 1353 parenti

990 1361 1093 1386 nostrae
1106 1362 1173 1387 Evae
1192 1362 1250 1393 post
1262 1362 1486 1393 transgressionem
1500 1363 1635 1394 praecepti.
1654 1364 1760 1395 Serpens
1772 1365 1837 1389 enim

990 1404 1071 1429 tribus
1089 1404 1302 1429 maledictionibus
1322 1412 1452 1435 percussus
1471 1405 1530 1435 fuit,
1550 1406 1603 1430 Eva
1622 1406 1730 1436 duobus,
1756 1407 1836 1432 Adam

990 1454 1049 1472 una.
1068 1447 1182 1478 Serpenti
1200 1448 1264 1472 enim
1284 1447 1376 1472 dictum
1395 1448 1433 1472 est
1453 1455 1468 1472 a
1487 1448 1591 1473 Domino
1601 1447 1634 1473 ¹⁷:
1650 1448 1737 1479 Supra
1746 1451 1837 1481 pectus

991 1490 1064 1514 ticum
1080 1490 1222 1521 gradieris,
1244 1491 1339 1515 terram
1365 1490 1490 1522 comedes,
1511 1492 1534 1515 et
1560 1491 1654 1516 maulim·
1681 1492 1838 1517 conculcabit

990 1534 1069 1564 caput
1087 1534 1167 1557 tuum.
1186 1533 1254 1558 Evae
1281 1533 1364 1558 autem
1392 1533 1454 1558 dixit
1473 1533 1553 1558 Deus:
1573 1534 1608 1559 In
1637 1534 1723 1559 doloro
1747 1536 1837 1566 paries

990 1575 1060 1606 filios
1080 1577 1103 1601 et
1120 1576 1167 1601 sub
1182 1577 1308 1606 potestate
1323 1576 1372 1601 viri
1390 1577 1449 1602 eris.
1469 1577 1537 1602 Adae
1550 1584 1608 1602 vero
1627 1578 1676 1602 ait:
1697 1578 1732 1602 In
1744 1578 1837 1603 sudore

990 1618 1076 1644 mutus
1095 1619 1134 1643 tio·
1152 1619 1262 1644 comedes
1276 1626 1373 1650 panem
1393 1621 1473 1643 tuum.

1062 1660 1122 1686 105.
1141 1662 1326 1687 Maledictiones
1345 1662 1429 1694 itaque
1447 1663 1514 1687 Evae
1534 1663 1558 1687 et
1572 1670 1616 1694 per
1634 1664 1714 1694 ipsam
1728 1665 1836 1689 omnium

991 1705 1122 1730 mulierum
1141 1704 1278 1736 nuptarum
1297 1705 1359 1730 duae
1373 1705 1432 1730 suut
1451 1706 1615 1736 inpraesenti
1634 1714 1776 1738 expressae,
1791 1708 1837 1732 561-

990 1747 1049 1772 licet
1066 1747 1131 1778 quod
1145 1747 1172 1772 ἱη
1184 1747 1272 1772 dolore
1285 1748 1398 1778 pariunt
1410 1747 1478 1778 filios
1491 1748 1516 1773 et
1528 1749 1574 1773 sub
1582 1750 1708 1780 potestate
1720 1750 1836 1775 virorum

990 1791 1059 1815 sunt.
1078 1804 1113 1808 -—
1132 1789 1191 1819 Quis
1208 1790 1233 1815 et
1251 1790 1361 1821 quantus
1383 1791 1416 1815 sit
1432 1791 1501 1816 dolor
1522 1791 1652 1816 mulierum
1672 1793 1835 1823 parientium,

990 1833 1076 1858 nullus
1094 1833 1221 1858 hominum
1249 1833 1379 1865 cognovit,
1404 1834 1452 1858 nisi
1480 1842 1542 1865 quae
1564 1835 1679 1866 expertae
1708 1836 1776 1860 sunt.
1805 1836 1836 1861 In

991 1876 1126 1907 Scripturis
1136 1874 1156 1889 ¹⁸
1175 1876 1258 1901 autem
1270 1876 1344 1901 huius
1357 1876 1448 1902 doloris
1462 1877 1630 1902 testimonium
1647 1878 1788 1910 frequenter
1801 1879 1836 1904 in-

990 1920 1116 1948 venimus,
1137 1920 1207 1951 quia,
1228 1927 1283 1945 cum
1302 1920 1498 1952 magnitudinem
1524 1921 1628 1946 alicuius
1653 1921 1745 1946 doloris
1770 1923 1836 1947 volu-

990 1969 1046 1986 mus
1065 1962 1215 1993 exprimere,
1231 1963 1313 1993 ipsum
1332 1963 1429 1987 mulieri
1443 1963 1594 1994 parturienti
1613 1971 1756 1995 comparare
1777 1965 1836 1990 sole—

990 2012 1054 2030 mus.
1073 2005 1142 2030 Fecit
1160 2005 1206 2030 hoc
1224 2006 1276 2036 ipse
1295 2005 1429 2035 Dominus,
1449 2006 1558 2031 omnium
1577 2006 1688 2031 dolorum
1708 2007 1835 2039 cognitum

990 2055 1045 2072 cum
1068 2048 1163 2073 videret
1187 2048 1321 2079 discipulos
1340 2049 1369 2073 de
1388 2048 1467 2073 morte
1492 2056 1537 2073 sua
1556 2049 1659 2074 nimium
1684 2050 1837 2075 contristan-

990 2091 1045 2119 dos,
1065 2091 1176 2122 ipsorum
1195 2091 1326 2116 tristitiam
1345 2092 1456 2116 mulieris
1475 2092 1640 2123 parturientis
1658 2093 1777 2118 tristitiae
1796 2101 1836 2119 vo-

989 2133 1037 2158 luit
1056 2141 1212 2165 comparare,
1238 2134 1364 2159 0166115Ηῆ
1384 2134 1484 2159 Mulier
1503 2142 1560 2159 eum
1583 2136 1670 2166 parit,
1701 2136 1836 2161 tristitiam

990 2176 1076 2207 habet,
1097 2177 1160 2208 quia
1187 2177 1256 2201 veuit
1280 2177 1345 2202 hora
1372 2177 1444 2207 eius,·
1465 2178 1503 2202 ira
1530 2179 1553 2202 et
1571 2185 1614 2203 vos
1641 2186 1710 2203 mmo
1734 2179 1836 2210 quidem

990 2219 1126 2244 tristitiam
1140 2219 1246 2245 habetis.
1260 2220 1378 2245 Similiter
1391 2220 1417 2245 et
1433 2220 1522 2246 beatus
1535 2221 1643 2250 Paulus,
1657 2222 1742 2246 volens
1756 2222 1835 2247 osten-

991 2262 1047 2287 dere
1068 2262 1177 2288 dolorem
1203 2270 1285 2288 eorum
1311 2263 1397 2294 quiin
1422 2264 1525 2288 extremi
1552 2264 1634 2289 iudicii
1659 2264 1697 2289 die
1719 2265 1836 2296 imparati

154 2437 161 2450 ¹
179 2438 208 2460 lta
226 2438 257 2464 A;
274 2438 329 2460 Bou.
346 2444 399 2460 611111
417 2438 454 2460 ed.
475 2439 480 2460 1
502 2444 563 2468 quae
579 2437 608 2461 ul)
626 2438 670 2461 huc
686 2438 760 2468 specie
779 2439 904 2462 {actantiae
915 2441 935 2462 [6

91 2470 177 2492 avocet.
194 2469 230 2492 Ita
246 2468 308 2492 anim
325 2468 413 2492 habeto.

154 2499 163 2512 ²
179 2501 291 2529 August„
316 2500 340 2523 in
365 2501 425 2523 ioan.
451 2501 538 2528 Evang.
565 2504 592 2523 tr.
617 2500 653 2523 67.
680 2507 701 2523 n.
728 2501 749 2523 2.
770 2513 802 2517 —
827 2501 935 2531 Sequitur

92 2531 163 2554 Eccle.
182 2531 206 2559 9,
227 2531 246 2554 1.

153 2561 162 2574 ³
180 2563 210 2584 Ex
227 2562 245 2584 Α
262 2562 423 2590 supplevimus
436 2564 510 2592 puto,
530 2562 593 2592 quod
605 2562 749 2591 necessario.

153 2593 162 2605 ⁴
180 2594 246 2616 Prov.
265 2593 294 2615 27
329 2594 348 2615 1,

153 2623 162 2636 ⁵
180 2625 210 2647 ita
227 2624 257 2652 Α;
275 2610 331 2647 Βᾶη.
350 2630 403 2647 cum
415 2624 453 2647 ed.
474 2625 479 2646 1
501 2624 659 2654 crucifixum,
677 2624 718 2654 qui
729 2624 842 2649 hacteuus
861 2625 906 2655 [ed.
923 2626 927 2647 1

91 2655 199 2685 eatenus]
216 2655 336 2679 institisset
353 2654 482 2678 latrociniis
499 2657 521 2678 ei
537 2655 679 2684 homicidiis,
692 2659 714 2679 et
730 2657 824 2679 inferius
842 2657 891 2680 uiri
901 2656 934 2679 ul-

92 2687 126 2709 ter
143 2686 167 2709 in
183 2686 230 2717 fine
246 2693 289 2714 pro
306 2687 360 2709 ulei·
376 2692 460 2709 eorum
477 2686 502 2710 in
517 2687 564 2717 fine
580 2687 656 2710 alteri.

153 2716 163 2729 θ
180 2717 219 2740 Ed.
241 2718 246 2740 l
268 2721 290 2740 et
307 2718 362 2740 Bou.
379 2723 434 2741 cum
451 2717 500 2747 ipso
518 2717 576 2741 luda
592 2717 776 2748 deprehendaris
794 2718 917 2748 reprobus.

154 2747 162 2761 ⁷
179 2749 262 2771 Psaim.
279 2749 315 2775 31,
334 2750 354 2771 2.
372 2761 403 2765 -
419 2749 514 2772 inferius
531 2755 557 2772 ex
574 2750 592 2772 Α
610 2749 772 2772 substituimus
793 2750 931 2773 conuenien-

91 2780 126 2802 ter
142 2785 185 2807 pro
202 2779 364 2808 communita,
382 2783 404 2802 et
421 2780 462 2810 qui
477 2786 525 2803 non
542 2780 687 2808 considerat,
705 2780 782 2810 qualis
800 2781 877 2809 viras,
893 2780 934 2805 sed

91 2810 168 2840 qualis
184 2810 298 2834 moriaris
315 2817 357 2839 pro
371 2811 413 2840 qui
428 2810 573 2840 considunt,
591 2811 669 2841 qualis
687 2811 739 2841 quis
755 2812 883 2835 moriatur.

153 2840 162 2854 ⁸
180 2842 209 2864 Ex
225 2843 243 2865 Α
260 2842 421 2871 supplevimus
437 2848 479 2866 nec
496 2842 649 2872 temetipsum.

153 2871 163 2884 ⁹
178 2873 246 2896 Eecli.
263 2874 289 2899 3,
307 2874 345 2895 20.
362 2874 404 2896 Pro
421 2879 525 2903 maanus
542 2874 597 2896 Bon.
615 2877 637 2896 61
653 2874 690 2897 ed.
716 2874 721 2896 1
743 2873 828 2896 maior.
845 2886 877 2890 —
894 2874 933 2896 Su-

92 2904 169 2931 perius
186 2908 238 2932 post
254 2904 328 2933 iqitm-
344 2910 371 2926 ex
393 2905 411 2926 Α
429 2904 589 2933 supplevimus
612 2906 691 2933 tuam,
709 2905 793 2927 deinde
815 2904 933 2927 substitui-

92 2940 144 2988 ffnbs
160 2936 181 2958 ee
202 2935 325 2958 considera
350 2934 433 2963 proici
449 2937 483 2958 esi
506 2935 629 2959 considera
655 2939 677 2959 et
701 2936 834 2959 addidimus
860 2942 932 2966 qnam

109 2971 122 2989 α
138 2971 170 2989 es.

154 2996 173 3009 ¹⁰
190 2997 233 3020 lac.
256 2998 273 3024 Ι,
295 2997 332 3025 17,
349 3001 401 3025 post
417 3003 487 3027 quem
505 2998 564 3020 ioan.
586 2998 603 3025 l,
621 2998 643 3021 9.

183 3047 209 3071 S.
222 3048 354 3071 Βο11(ιυ,-
366 3047 435 3069 Torn.
446 3047 501 3069 Vlii.

961 2442 964 2557 i

1055 2439 1072 2452 ¹¹
1092 2440 1202 2467 inventii„
1221 2440 1299 2468 Satyra
1322 2441 1356 2463 11.
1373 2447 1395 2462 v.
1413 2440 1450 2463 27.
1466 2440 1509 2463 Csr.
1527 2440 1648 2469 Bernard„
1666 2441 1738 2463 Serui.
1758 2440 1794 2462 40.
1806 2441 1835 2463 de

993 2471 1106 2498 Diversis,
1124 2477 1146 2493 n.
1165 2472 1187 2493 3.

1055 2501 1074 2515 ¹²
1091 2501 1146 2530 Cap.
1169 2503 1187 2528 i,
1203 2502 1226 2524 7.
1243 2514 1274 2518 —
1291 2502 1402 2530 Superius
1419 2508 1461 2530 pro
1479 2501 1510 2524 nd
1526 2501 1652 2531 amplexus
1665 2501 1754 2532 Sponsi·
1765 2501 1834 2526 011116·

992 2532 1056 2556 labac
1073 2534 1090 2555 Α
1108 2532 1196 2563 sponsi
1217 2532 1326 2556 osculum
1348 2532 1495 2556 desiderabat
1505 2542 1514 2561 ,·
1531 2534 1570 2556 cfr.
1594 2533 1650 2556 ibid.
1671 2540 1695 2556 v.
1721 2534 1743 2555 i:
1764 2533 1835 2556 Oscu-

991 2565 1049 2586 leuu-
1075 2570 1112 2586 me
1137 2565 1216 2586 osculo
1240 2565 1287 2587 oris
1304 2564 1354 2593 sui;
1377 2571 1399 2586 v.
1426 2565 1452 2586 ⁵2:
1477 2564 1609 2593 Fragraniia
1632 2565 1757 2593 unguentis
1780 2565 1836 2593 opti-

992 2595 1035 2618 niis
1052 2598 1094 2617 etc.

1053 2625 1073 2639 ¹⁸
1091 2627 1133 2648 Pro
1147 2625 1226 2649 lumen
1245 2625 1288 2654 (iia
1301 2627 1327 2654 A)
1343 2627 1398 2649 Bon.
1410 2632 1464 2649 611111
1481 2626 1518 2649 6(1.
1537 2627 1542 2648 1
1559 2628 1588 2650 ec.
1601 2626 1693 2649 inferius
1710 2633 1737 2649 ex
1754 2627 1772 2649 Α
1784 2633 1836 2655 sup-

991 2657 1107 2686 plevimus
1124 2658 1145 2680 ei
1162 2656 1248 2687 ipsum.

1054 2688 1073 2701 ¹⁴
1090 2688 1146 2711 Cod.
1164 2689 1182 2710 A
1200 2688 1282 2711 omittit
1299 2688 1376 2712 nostri
1392 2691 1413 2711 et
1430 2688 1514 2711 deinde
1536 2694 1589 2711 cum
1609 2689 1666 2711 Bon.
1688 2695 1730 2711 scu
1747 2688 1774 2712 tle
1796 2688 1835 2712 tri-

991 2718 1058 2742 bus...
1076 2720 1220 2748 eoespectmit.

1054 2749 1072 2763 ¹⁵
1090 2751 1145 2773 Bon.
1163 2757 1215 2773 curn
1234 2750 1269 2773 ed.
1293 2751 1297 2772 Ι
1319 2751 1401 2773 omittit
1418 2749 1524 2779 candidi,
1539 2754 1561 2774 61
1573 2751 1666 2773 inferius
1678 2757 1720 2779 pro
1729 2750 1835 2780 plerum—

991 2787 1035 2811 que
1051 2781 1167 2804 substituit
1181 2781 1324 2811 plurimum.

1052 2812 1073 2825 ¹⁰
1090 2813 1132 2836 Pro
1151 2812 1254 2836 vovenda
1272 2812 1371 2836 Domino
1390 2813 1428 2841 (ita
1446 2813 1473 2841 Α)
1491 2813 1546 2835 Bon.
1564 2819 1617 2836 cum
1634 2813 1671 2835 ed.
1693 2813 1697 2834 1
1718 2812 1803 2837 votiva.

1053 2842 1071 2856 ¹⁷
1089 2844 1144 2866 Gen.
1162 2844 1188 2871 3,
1209 2842 1245 2867 ii.
1266 2850 1313 2872 seq.
1326 2856 1356 2860 —
1368 2844 1418 2866 Duo
1435 2850 1499 2873 seqq.
1517 2844 1559 2866 loci
1577 2846 1629 2867 sunt
1646 2843 1701 2866 ibid.
1718 2850 1741 2866 v.
1763 2845 1797 2867 16.
1813 2847 1836 2867 et

994 2875 1028 2897 19.
1048 2887 1074 2891 —
1093 2875 1204 2904 Superius
1220 2881 1263 2904 pro
1271 2874 1393 2904 praecepti
1410 2875 1447 2903 (iia
1465 2876 1492 2902 A)
1510 2875 1566 2898 Bon.
1583 2881 1636 2898 cum
1654 2875 1691 2898 ed.
1711 2876 1718 2897 i
1737 2875 1834 2905 peccati.

1053 2904 1072 2918 ¹⁸
1089 2905 1135 2929 Csr.
1153 2906 1218 2929 Dent.
1237 2907 1257 2934 2,
1275 2906 1317 2933 25;
1335 2906 1369 2929 vs.
1389 2905 1430 2933 47,
1447 2906 1474 2934 75
1488 2907 1554 2929 Ε6611.
1573 2906 1614 2934 48,
1632 2907 1672 2935 213
1690 2907 1739 2929 isui.
1759 2907 1795 2933 13,
1813 2907 1834 2928 8.

990 2937 1215 2965 6121,3;161·.6,
1232 2937 1268 2961 25.
1287 2940 1329 2960 ete.

1053 2966 1073 2980 ¹⁰
1090 2969 1150 2991 ioan.
1172 2969 1209 2995 16,
1228 2969 1264 2990 21.
1283 2975 1330 2997 seq.
1347 2980 1378 2985 —-
1396 2968 1506 2997 Superius
1525 2974 1568 2996 pro
1585 2967 1650 2992 Fecit
1667 2968 1710 2991 1106
1727 2968 1774 2997 ipsc
1792 2968 1834 2991 Do-

990 2998 1069 3022 minus
1088 2999 1126 3025 (iia
1145 3001 1172 3028 A)
1191 2999 1228 3022 cd.
1250 3001 1254 3021 Ι
1275 3004 1297 3022 61
1315 3000 1369 3022 Bon.
1386 2999 1435 3022 Hoc
1452 2999 1514 3022 enim
1532 2999 1608 3029 Ipsum
1626 3000 1750 3023 Dominus.

1710 3048 1738 3070 27

1853 1796 1881 1815 De
1894 1796 1961 1820 primo.
