2133 3317
129 368 211 392 Optantii
219 368 253 387 ad-

132 392 169 411 hue
180 392 251 416 plures.

125 1165 258 1185 Cavillationes

142 1189 247 1208 adversarii

139 1213 189 1232 circa
201 1212 244 1231 tria.

140 1495 210 1517 Primo,
224 1495 248 1514 ob

127 1519 221 1538 defectum
232 1519 258 1537 la-

139 1543 191 1561 boris
208 1547 247 1561 ma-

160 1571 225 1585 nuum.

145 1683 258 1708 Responsio.

129 2161 194 2180 Alium
210 2161 261 2180 labo-

150 2190 190 2204 rem
210 2185 261 2204 ordo

149 2209 213 2227 habet.

267 236 324 266 320

268 317 295 344 et
316 314 472 346 infinitum,
488 311 535 340 sed
550 309 704 339 secundum
719 310 828 338 certum
842 309 869 335 et
887 305 1118 339 determinatum3

269 364 353 398 atque
373 359 479 389 utinam
501 358 596 394 plures
611 358 703 385 essent
723 354 829 387 idonei,
856 353 904 390 qui
936 354 1048 390 possent
1077 359 1120 381 as-

269 407 341 436 sumi
363 414 416 434 non
439 405 467 433 in
488 412 544 432 uno
566 402 667 439 angulo
688 404 796 434 terrae,
819 399 864 429 sed
888 399 981 436 potius
1002 398 1030 427 in
1058 398 1120 427 uni-

269 453 385 483 versalis
407 450 541 480 Ecclesiae
562 448 721 478 latitudine!
737 447 874 476 Nimirum
890 447 942 475 hoc
963 445 1121 475 desiderare

269 501 382 530 deberet
403 501 499 528 coetus
517 496 680 534 pontificum
702 503 734 524 ac
755 494 869 523 cuilibet
889 494 951 523 illos
971 492 1122 530 prohibere

269 547 371 576 volenti
393 546 420 574 id
442 544 619 581 respondere,
642 542 715 580 quod
738 541 810 570 dixit
824 542 931 577 Moyses
945 540 979 569 ad
1001 540 1079 569 losue
1095 539 1121 568 1:

272 594 366 630 Quid,
388 592 498 630 inquit,
527 589 691 619 aemularis
719 597 776 626 pro
807 587 872 616 me?
899 587 971 623 Quis
1002 587 1061 620 det,
1091 588 1122 614 itt

271 640 366 670 ommis
385 638 513 676 populiis
533 636 690 675 prophetet,
712 639 738 664 et
758 635 802 664 det
824 635 864 663 eis
883 635 961 663 Detts
982 633 1123 671 spiritum

269 686 379 716 stium?
401 685 541 722 Quamdiu
562 692 629 721 ergo
650 682 811 712 huiusmodi
831 689 970 718 pauperes
988 681 1061 717 leges
1082 679 1123 708 di—

270 734 347 764 vinas
368 732 529 762 custodiunt
550 735 577 760 et
598 730 756 767 evangelica
777 728 890 757 consilia
909 730 1029 760 servant,
1052 733 1124 763 quae

270 780 476 818 promiserunt,
498 782 525 808 et
540 778 621 807 saluti
637 777 794 805 animarum
811 774 958 804 intendunt
972 777 1000 803 et
1014 776 1124 802 sauctae

269 828 352 857 matri
374 826 510 856 Ecclesiae
532 825 675 854 humiliter
698 824 832 857 subsunt;
855 822 877 851 si
900 822 963 859 quis
978 829 1025 850 eos
1040 829 1124 857 repu-

270 874 384 904 diandos
405 876 516 903 censeat
536 873 614 902 velut
630 870 941 908 pseudopraedicatores
955 871 983 897 et
997 868 1124 897 seducto-

270 930 316 951 res
336 924 363 950 et
384 928 538 958 gyrovagos
558 922 586 948 et
604 921 788 956 penetrantes
810 917 910 945 (lomes
925 916 953 944 2.-
980 914 1125 944 subiacere

271 969 352 998 debet
373 968 462 997 iustae
489 966 673 996 damnationis
703 964 806 993 iudicio
836 966 968 1000 tanquam
997 961 1125 991 ecclesia-

272 1017 356 1046 sticae
377 1015 551 1044 auctoritatis
572 1016 761 1050 contemptor,
783 1012 923 1040 fraternae
954 1009 1059 1047 gratiae
1083 1009 1125 1038 in-

272 1063 353 1093 vidus
374 1066 401 1092 et
422 1062 547 1091 veritatis
568 1061 742 1097 evangelicae
763 1059 950 1096 impugnator.

354 1111 397 1138 12.
423 1109 569 1143 Ceterum,
601 1110 633 1136 ut
664 1107 709 1136 via
739 1105 938 1143 praecludatur
966 1103 1125 1137 erroribus,

272 1155 495 1193 respondendum
518 1157 559 1183 est
587 1153 808 1183 cavillationibus
839 1151 1006 1189 quibusdam
1037 1150 1126 1187 magis

274 1202 485 1240 apparentibus,
507 1201 611 1239 quibus
632 1200 815 1230 calumniator
837 1199 882 1227 hic
907 1206 1064 1235 pauperum
1086 1197 1126 1225 vi-

273 1253 330 1279 tam
351 1250 476 1287 ipsorum
499 1249 527 1278 in
549 1249 601 1278 hac
623 1251 751 1277 extrema
776 1246 819 1275 sui
851 1245 944 1282 operis
976 1248 1055 1281 parte
1080 1244 1127 1273 de*

273 1306 392 1336 pravare
407 1298 417 1314 ³
438 1297 566 1331 molitur,
588 1295 715 1325 videlicet
729 1297 844 1331 propter
859 1292 1001 1330 desectum
1017 1291 1127 1320 laboris

273 1354 436 1378 mammam,
458 1343 672 1373 abdicationem
694 1341 837 1370 bonorum
869 1339 1072 1368 communium
1099 1341 1126 1367 et

273 1392 515 1421 mendicationcm
536 1391 795 1428 elecmosynarum.

353 1440 419 1468 Nam
441 1447 477 1467 ex
493 1446 525 1467 eo
540 1437 614 1475 quod
630 1436 775 1473 Apostolus
790 1435 824 1463 ad
843 1433 1102 1463 Thessalonicenses
1116 1432 1128 1449 1

275 1486 441 1524 quibusdam
464 1485 607 1522 praecipit,
629 1487 661 1513 ut
682 1492 750 1512 cum
771 1482 884 1511 silentio
909 1489 1017 1519 panem
1038 1488 1128 1509 suzim

274 1533 414 1562 manibus
436 1532 584 1570 operando
605 1531 801 1563 manducent,-
823 1532 850 1558 et
871 1528 1030 1557 huiusmodi
1060 1536 1128 1564 pau-

274 1589 355 1618 peres
370 1580 536 1609 manualiter
551 1588 606 1608 non
621 1578 763 1607 laborant:
786 1576 847 1606 ideo
862 1576 936 1613 ipsos
951 1575 1050 1604 nititur
1066 1574 1129 1603 red-

274 1636 393 1665 arguere
421 1631 448 1656 et
475 1627 509 1656 de
536 1626 674 1655 otiositate
699 1625 771 1654 vitae
799 1627 826 1653 et
851 1623 885 1653 de
913 1622 1035 1651 mandati
1063 1630 1128 1659 apo-

276 1675 363 1705 stolici
385 1674 613 1712 transgressione.
637 1689 673 1694 --
695 1672 732 1701 Ad
758 1671 833 1708 quod
864 1678 914 1699 nos
943 1678 958 1699 e
990 1669 1129 1698 contrario

277 1723 486 1760 respondemus,
507 1721 591 1758 quod,
607 1721 680 1750 sicut
694 1723 769 1757 patet
784 1727 820 1747 ex
836 1721 917 1747 textu
932 1717 953 1751 ⁵,
975 1725 1029 1745 non
1048 1724 1129 1753 prae-

275 1770 341 1807 cipit
362 1769 508 1807 Apostolus
530 1768 652 1797 laborem
674 1766 831 1796 manualem
854 1764 989 1794 omnibus
1006 1772 1128 1801 gencra-

276 1817 339 1846 liter
360 1833 399 1838 —
420 1816 487 1854 quia
507 1818 573 1845 tunc
594 1822 703 1848 omnes,
720 1813 767 1850 qui
783 1820 838 1841 non
853 1813 952 1841 vacant
966 1810 1127 1839 huiusmodi

274 1864 419 1898 laboritiis,
440 1866 532 1892 essent
553 1862 581 1891 in
603 1864 677 1891 statu
698 1859 897 1893 damnationis,
919 1858 992 1887 inter
1014 1866 1084 1895 quos
1103 1859 1130 1886 et

275 1911 334 1948 ipse
353 1910 536 1939 calumniator
551 1917 580 1938 se
594 1909 686 1946 ipsum
702 1907 817 1936 involvit
830 1923 870 1926 —
884 1905 931 1934 sed
951 1904 1129 1943 quibu-sclam

276 1958 423 1987 dumtaxat
444 1957 548 1991 otiose,
570 1956 685 1984 curiose
705 1958 732 1984 et
747 1954 871 1992 inquiete
886 1952 1043 1981 viventibus
1058 1958 1129 1988 opus

275 2013 411 2033 manuum
432 2004 566 2041 imperat,
588 2011 623 2031 ne
644 2002 784 2031 blanditiis
805 2000 996 2029 adulationum
1011 2001 1038 2027 et
1053 1997 1129 2034 turpi

276 2055 395 2089 quaestu
410 2051 514 2080 victum
530 2050 580 2079 sibi
596 2050 778 2087 conquirant,
794 2056 859 2077 cum
874 2046 1017 2083 dispendio
1032 2045 1129 2074 salutis

276 2098 407 2136 propriae
429 2101 456 2127 et
477 2097 674 2134 impedimento
696 2096 793 2125 salutis
807 2095 818 2112 ⁶
841 2094 953 2123 alienae.
970 2108 974 2110 >

359 2145 402 2174 13.
425 2145 545 2178 Verum,
567 2144 633 2181 quia
654 2141 813 2171 huiusmodi
836 2147 988 2178 pauperes,
1008 2138 1130 2176 quisuis

279 2194 306 2221 et
326 2191 521 2229 proximorum
543 2190 689 2219 animabus
711 2188 848 2218 salvand1s
868 2186 1016 2216 intendunt
1031 2193 1129 2214 secun-

745 228 943 258 OPUSCULUM
964 227 1007 256 XI.
1029 226 1192 256 APOLOGIA
1213 225 1395 254 PAUPERUM.
1418 224 1486 254 CAP.
1508 224 1562 252 XII.

1176 304 1243 332 dum
1264 303 1452 340 septiformem
1474 302 1663 339 operationem
1684 301 1886 330 hierarchicam
1907 301 1934 330 in
1956 305 2028 332 ante-

1177 350 1278 379 dictis⁷
1300 357 1477 386 expressam,
1499 349 1527 377 id
1548 348 1684 386 perficere
1705 351 1848 385 nequeunt
1869 348 1928 377 sine
1943 349 2028 378 admi-

1177 397 1270 426 niculo
1292 397 1517 433 Scripturarum3
1539 396 1573 424 ad
1594 403 1715 433 quarum
1737 395 1908 432 praeclaram
1929 395 2028 425 intelli-

1178 444 1299 481 gentiam
1322 443 1467 480 pervenire
1488 451 1543 471 non
1565 445 1682 480 possunt
1703 442 1755 471 nisi
1777 451 1826 479 per
1848 442 1971 472 studium
1987 448 2132 477 sa—Intenqinm

1178 491 1323 528 pientiale,
1357 490 1431 527 quod
1466 490 1591 519 consistit
1625 489 1653 518 in
1688 489 1820 527 legendo,
1855 489 2028 526 meditando,
2054 473 2122 520 ‘iiiiii'

1179 538 1298 571 orando,
1321 536 1548 574 contemplando,
1570 536 1722 570 audiendo,
1744 536 1925 571 conferendo,
1951 545 2030 574 prae-

1179 585 1311 619 dicand03
1333 584 1394 613 ideo
1416 587 1491 613 recte
1505 583 1637 620 competit
1651 583 1690 612 eis
1705 583 1864 612 huiusmodi
1881 584 1964 612 studii
1979 585 2031 621 spi-
2101 590 2103 604 ¹

1180 632 1290 661 ritualis
1310 631 1435 668 operatio
1457 630 1633 667 septiformis.
1656 630 1688 658 Et
1703 630 1768 667 quia
1782 630 1931 659 difficultas
1946 631 2031 660 huius

1180 679 1263 708 studii
1286 681 1375 707 totum
1398 678 1538 707 hominem
1560 677 1694 714 requirit,
1716 677 1797 706 iuxta
1817 678 1892 714 quod
1906 678 2031 715 designa-

1181 729 1241 755 tum
1262 728 1304 754 est
1325 725 1352 753 in
1376 724 1470 753 Exodo
1481 724 1501 758 ⁸,
1524 724 1572 753 ubi
1603 724 1743 761 praecepit
1774 724 1925 759 Dominus,
1957 725 2032 762 quod
2049 728 2125 752 autam.

1180 776 1287 806 welca,
1309 772 1413 809 quibus
1433 771 1548 800 ferenda
1568 774 1641 800 esset
1661 779 1741 805 arca,
1762 779 1875 808 semper
1896 772 2032 801 essentia

1181 819 1302 849 circulis
1317 835 1354 841 —
1369 818 1443 855 quod
1465 825 1609 854 exponens
1623 817 1774 855 Gregorius
1794 818 1869 846 ait⁰z
1897 830 1911 844 «
1925 819 1977 855 Qui
1999 819 2033 848 ad

1181 867 1304 896 officium
1325 865 1538 903 praedicationis
1569 865 1710 894 excubant
1740 873 1757 893 a
1787 865 1911 894 lectionis
1943 866 2034 895 studio

1181 922 1326 951 nunquam
1348 913 1499 947 recedant;
1521 912 1734 949 ignominiosum
1757 915 1799 942 est
1819 913 1908 947 enim,
1930 913 1952 942 si
1967 916 2034 942 tunc

1182 962 1245 999 quis
1266 964 1384 998 quaerat
1405 960 1526 994 discere,
1556 967 1620 988 cum
1651 959 1733 988 debet
1763 960 1938 997 quaestiones
1969 968 2034 989 eno-

1181 1009 1248 1037 dare
1262 1020 1276 1033 »
1295 1025 1334 1029 —
1348 1008 1425 1042 ideo,
1440 1007 1488 1044 qui
1503 1007 1570 1036 huic
1585 1007 1676 1036 studio
1690 1007 1843 1044 septiformi
1865 1007 1980 1036 sollicite
1994 1007 2035 1036 in-

1185 1055 1316 1089 tendant,
1338 1055 1404 1092 quia
1418 1054 1506 1091 magis
1520 1056 1562 1083 est
1576 1054 1695 1083 sublime
1710 1054 1738 1082 in
1753 1061 1795 1088 se,
1810 1053 1921 1083 difficile
1936 1054 2034 1089 menti,

1183 1102 1335 1139 expediens
1365 1102 1502 1130 Ecclesiae
1530 1104 1557 1130 et
1585 1101 1774 1130 necessarium
1796 1101 1886 1138 plebi,
1908 1101 1991 1130 etiam
2012 1102 2035 1131 si

1183 1158 1238 1177 non
1260 1149 1387 1177 laborent
1407 1148 1540 1185 operibus
1561 1156 1711 1183 manuum,
1733 1148 1808 1185 digni
1833 1151 1926 1177 tamen
1955 1150 2036 1183 sunt,

1183 1199 1215 1225 ut
1236 1196 1270 1224 ab
1291 1195 1411 1224 Ecclesia
1432 1197 1633 1230 sustententur,
1656 1195 1810 1224 secuudum
1837 1195 1906 1224 illud
1935 1195 2036 1224 Deute-

1184 1243 1353 1272 ronomii101
1376 1242 1440 1271 Non
1463 1242 1568 1279 liyabis
1596 1251 1628 1271 os
1656 1242 1735 1271 bovis
1757 1243 1873 1271 terentis
1900 1242 1932 1271 iii
1963 1251 2036 1272 area

1183 1289 1287 1327 fruyes
1309 1293 1395 1323 titia&
1416 1289 1526 1318 Glossa:
1552 1289 1691 1318 «Victum
1712 1298 1768 1318 non
1789 1284 1938 1318 subtrahes
1958 1297 2037 1327 prae-

1185 1337 1318 1371 dicatori,
1341 1339 1372 1365 ut
1393 1339 1472 1366 vacet
1493 1336 1609 1365 orationi
1632 1338 1660 1365 et
1680 1337 1877 1373 praedicationi
1893 1348 1906 1363 ι)
1921 1348 1926 1371 ;
1942 1339 1970 1366 et
1984 1337 2037 1366 alia

1185 1384 1279 1413 Glossa
1300 1384 1418 1413 ibidem:
1446 1395 1459 1409 a
1474 1383 1607 1421 Occupati
1629 1384 1657 1412 in
1685 1383 1811 1412 doctrina
1837 1392 1891 1412 non
1920 1387 2037 1421 possunt

1185 1432 1236 1461 sibi
1266 1431 1411 1468 providere
1433 1431 1588 1460 necessaria
1602 1443 1629 1459 ».
1652 1447 1690 1451 —
1711 1431 1752 1459 Ex
1781 1431 1885 1468 quibus
1912 1431 2037 1460 lucide¹¹

1186 1481 1308 1512 constat,
1330 1478 1404 1515 quod
1420 1478 1543 1507 studium
1558 1478 1708 1515 sapientiae
1723 1485 1787 1506 cum
1802 1478 1943 1515 vigilantia
1958 1486 2037 1515 prae-

1185 1525 1329 1554 dicationis
1351 1525 1508 1553 manualem
1530 1524 1654 1553 laborem
1675 1525 1755 1562 plene
1776 1527 1977 1562 recompensat.

1268 1573 1311 1601 lli.
1335 1572 1402 1601 Huic
1423 1575 1450 1601 et
1471 1580 1549 1601 sacer
1571 1572 1732 1601 Ambrosius
1753 1575 1884 1601 consonat
1905 1580 1990 1610 super
2006 1572 2036 1601 il-

1186 1620 1233 1648 lud
1250 1620 1338 1648 Lucae
1351 1620 1390 1648 12:
1413 1619 1513 1648 Maria
1529 1619 1669 1656 optimam
1681 1622 1797 1656 partem
1812 1619 1910 1657 elegit,
1926 1620 2036 1649 dicens:

1190 1678 1204 1692 «
1219 1667 1273 1696 Nec
1294 1674 1396 1703 arguas
1417 1674 1464 1695 eos
1485 1666 1587 1695 otiosos
1608 1668 1636 1694 et
1649 1666 1770 1701 iudices,
1785 1674 1856 1703 quos
1870 1667 1963 1696 videas
1978 1669 2036 1696 stu-

1186 1713 1252 1742 dere
1274 1713 1439 1750 sapientiae;
1462 1713 1533 1742 hanc
1555 1713 1628 1742 enim
1649 1713 1700 1742 sibi
1729 1713 1933 1743 cohabitantem
1962 1714 2038 1743 Salo-

1186 1769 1251 1789 mon
1266 1760 1398 1797 pacificus
1413 1760 1529 1789 adscivit
1542 1772 1570 1788 ».
1593 1760 1717 1797 Denique
1738 1761 1857 1797 Apostoli
1870 1760 1892 1778 ¹³
1915 1769 1969 1789 non
1985 1769 2038 1798 pu—

1186 1811 1317 1837 taverunt
1338 1816 1465 1846 aequum
1493 1807 1656 1846 relinquere
1686 1807 1807 1836 verbum
1830 1808 1883 1837 Dei
1903 1811 1930 1837 et
1949 1808 2038 1837 iiiiiii-
2114 1838 2116 1842 ,

1185 1859 1284 1884 strare
1304 1855 1421 1884 mensis.
1443 1872 1482 1876 ——
1502 1855 1571 1884 Huic
1592 1855 1673 1884 etiam
1693 1855 1841 1884 concordat
1856 1855 2038 1893 Hieronymus
2051 1856 2133 1876 fflffl'fflffl

1186 1903 1213 1931 in
1236 1902 1351 1939 Prologo
1372 1910 1457 1939 super
1485 1902 1547 1931 lob:
1581 1902 1635 1930 «Si
1667 1904 1761 1931 autem
1792 1902 1924 1931 fiscellam
1956 1903 2038 1932 iunco
2115 1895 2116 1929 l

1186 1952 1311 1979 texerem
1334 1953 1382 1978 aut
1404 1949 1560 1986 palmarum
1581 1949 1645 1978 folia
1666 1949 1877 1986 complicarem,
1897 1952 1929 1978 ut
1943 1950 1975 1978 in
1989 1959 2039 1979 szt-

1186 1997 1256 2026 dore
1276 1997 1375 2025 vulcus
1389 1997 1447 2025 mei
1460 1997 1636 2025 comederem
1647 2005 1755 2034 panem
1769 1997 1792 2013 ¹4
1807 1999 1834 2026 et
1848 1997 1953 2026 ventris
1968 2005 2038 2034 opus

1187 2044 1303 2073 sollicita
1324 2046 1416 2072 mente
1444 2046 1609 2077 tractarem3
1642 2043 1737 2072 nullus
1768 2043 1926 2078 morderet,
1956 2051 2038 2073 nemo

1187 2090 1420 2128 reprehenderet3
1444 2098 1518 2119 nunc
1539 2093 1648 2123 autem,
1670 2090 1736 2128 quia
1764 2091 1845 2119 iuxta
1873 2090 2037 2120 sententian]

1187 2137 1336 2166 Salvatoris
1363 2137 1473 2174 operari
1494 2137 1557 2166 volo
1578 2137 1691 2171 cibum,
1724 2137 1777 2175 qtti
1795 2146 1854 2166 nott
1873 2137 1966 2174 perit,
1987 2137 2037 2166 fal-
2117 2130 2119 2153 '

1186 2184 1278 2213 sarius
1299 2192 1420 2212 vocor».
1444 2200 1481 2204 —-
1503 2184 1541 2212 Ad
1562 2183 1634 2213 idem
1655 2192 1767 2221 quoque
1782 2183 1846 2213 facit
1861 2184 1935 2222 quod
1951 2192 2036 2222 super

2052 1573 2106 1593 Confi:
2112 1575 2133 1594 «tuz

2053 1597 2106 1617 Amin
2115 1603 2133 1617 us

2053 2185 2111 2209 Augus
2117 2189 2133 2203 111

276 2339 355 2366 lingua
367 2336 515 2364 sarabaitae,
528 2337 577 2359 sive
589 2335 757 2359 remobothitae
769 2337 934 2362 nuncupantur
945 2342 966 2355 n.
977 2333 1130 2355 Posteriorem

276 2377 457 2400 nominationem
474 2377 539 2398 al'sert
556 2376 655 2402 Hieron„
673 2375 743 2403 Epist.
761 2375 798 2397 22.
817 2380 838 2396 n.
851 2373 893 2401 34;
907 2373 1007 2401 priorem
1020 2371 1130 2398 Cassian„

277 2416 355 2440 Collat.
378 2416 410 2438 18.
429 2422 449 2438 c.
461 2416 475 2438 7
485 2432 490 2442 ,
505 2415 632 2442 insinuans,
650 2414 712 2443 quod
725 2414 778 2436 idco
794 2412 931 2436 sarabaitae
947 2412 1058 2435 nominati
1070 2414 1130 2439 sunt,

277 2456 331 2484 quia
347 2464 358 2476 α
367 2455 505 2483 semetipsos
517 2461 530 2477 a
542 2453 717 2478 coenobitarum
728 2451 948 2480 congregationibus
960 2452 1131 2480 sequestrarent

277 2501 303 2518 ac
316 2494 431 2522 sigillatim
442 2500 495 2516 suas
505 2495 611 2516 curarent
621 2492 798 2515 necessitates».
809 2490 948 2517 Sabaraitae,
959 2493 983 2513 ut
992 2490 1029 2512 alii
1041 2490 1129 2517 volunt,

277 2533 339 2556 idem
357 2535 391 2556 est
407 2539 434 2556 ac
451 2532 559 2556 renuitae
576 2533 625 2555 sive
643 2534 765 2555 renuentes
782 2531 880 2553 aliorum
898 2530 1051 2557 disciplinam.
1069 2528 1130 2551 Vide

277 2573 372 2600 Bonav.‚
389 2573 433 2601 Qq.
450 2572 536 2600 disput.
556 2572 585 2594 de
602 2572 695 2594 Perleot.
714 2576 799 2598 evang.
816 2577 838 2599 q.
857 2570 879 2592 2.
897 2575 917 2592 a.
936 2570 956 2592 3.
973 2569 1001 2591 ad
1024 2569 1057 2590 12.

340 2611 348 2624 1
367 2612 433 2634 Num.
454 2612 495 2638 11,
513 2611 555 2639 29,
573 2610 613 2633 ubi
632 2616 673 2638 pro
693 2609 750 2638 Quis
768 2609 806 2632 [let
821 2609 921 2637 Vulgata
941 2608 999 2636 taz's
1017 2606 1113 2631 tribnat.

340 2650 349 2664 2
366 2651 437 2679 Epist.
456 2651 479 2674 ll.
496 2650 555 2673 Tim.
575 2650 600 2678 3,
618 2650 644 2672 ὓς
663 2650 693 2672 Ex
711 2649 746 2671 his
765 2648 815 2678 [qui
832 2648 934 2676 speciem
947 2648 1022 2670 solum
1039 2647 1130 2675 pietatis

277 2689 371 2719 habent]
390 2690 451 2712 enim
469 2692 536 2718 sunt,
553 2689 593 2718 qui
611 2691 731 2717 penetrant
749 2688 832 2711 domos
849 2690 892 2710 etc.

340 2727 349 2741 ³
366 2729 423 2752 Cod.
440 2729 457 2751 B
475 2728 598 2752 clamitare.

340 2768 350 2780 ⁴
367 2768 438 2796 Epist.
457 2769 482 2791 11.
499 2774 519 2790 c.
537 2768 562 2795 3,
581 2768 617 2790 «12.
635 2768 678 2790 Pro
695 2765 806 2790 manibus
824 2765 944 2795 operando
962 2765 1062 2793 Vulgata
1079 2770 1130 2794 ope-

277 2808 367 2830 rantes.
379 2806 425 2829 Csr.
438 2808 532 2834 Bonax‘„
544 2807 588 2835 Qq.
600 2806 686 2835 disput.
700 2806 729 2828 de
742 2806 883 2828 Persectione
895 2805 999 2833 evangel.
1010 2811 1032 2833 q.
1043 2805 1064 2827 2.
1076 2810 1096 2826 a.
1107 2804 1129 2831 3,

278 2846 301 2868 111
319 2852 366 2875 quo
384 2846 456 2868 fusius
474 2847 516 2868 liae
534 2846 563 2868 de
580 2852 605 2868 re
623 2846 706 2873 agitur.

341 2884 350 2897 ⁵
369 2885 434 2908 Vers.
448 2886 452 2907 1
464 2885 482 2908 l.
496 2891 557 2914 seq:
569 2885 708 2907 Audivimus
720 2884 789 2913 enim,
801 2884 859 2907 inter
872 2890 914 2906 vos
922 2883 1037 2912 quosdam
1049 2882 1130 2905 ambu-

278 2924 324 2946 lare
334 2924 443 2952 inquiete,
461 2924 517 2947 nihil
534 2926 663 2952 operantes,
676 2924 717 2946 sed
729 2924 820 2946 curiose
831 2926 934 2951 agentes.
943 2923 982 2945 His
995 2925 1080 2949 autem,
1089 2921 1128 2950 qui

278 2963 393 2985 eiusmodi
410 2966 469 2988 sunt,
487 2963 674 2986 denuntiamus...
694 2965 718 2985 ut
735 2969 788 2985 cum
806 2962 895 2985 silentio
913 2964 1036 2989 operantes
1053 2963 1097 2983 etc.

343 3000 352 3013 ⁶
370 3001 421 3023 Vat.
439 3002 522 3023 omittit
533 3001 646 3031 propriae
663 3003 684 3025 el
700 3001 865 3030 impedimento
883 3000 976 3024 salutis.

343 3039 351 3052 ⁷
366 3040 435 3063 Num.
447 3040 468 3063 3.
480 3046 545 3069 seqq.
557 3052 588 3058 ·-
600 3040 695 3063 inferius
712 3046 754 3068 pro
773 3039 913 3069 conferendo
926 3039 980 3062 edd.
997 3038 1130 3068 referendo.

1251 2330 1260 2343 Β
1277 2330 1332 2359 Cap.
1352 2331 1393 2359 25,
1412 2330 1449 2352 115.
1466 2343 1497 2347 -
1514 2330 1626 2358 Superius
1643 2336 1686 2357 pro
1704 2329 1776 2353 liuius
1793 2331 1812 2353 G
1829 2330 1974 2354 huiusmodi.

1251 2369 1260 2382 ⁹
1277 2370 1359 2398 Regul.
1376 2371 1483 2398 pastoral.
1502 2376 1524 2398 p.
1543 2370 1565 2392 11.
1583 2376 1603 2392 c.
1622 2370 1629 2391 1
1642 2371 1663 2392 1:
1681 2370 1725 2398 Qui
1743 2370 1772 2392 ad
1794 2370 1896 2392 officium
1918 2371 2038 2399 praedica-

1188 2410 1255 2433 tionis
1272 2409 1387 2432 excubant
1403 2416 1415 2432 a
1433 2415 1512 2432 sacrae
1528 2409 1631 2432 lectionis
1649 2409 1725 2432 studio
1743 2415 1788 2431 non
1805 2409 1921 2432 recedant.
1939 2410 1973 2432 Ad
1993 2411 2037 2433 hoc

1187 2456 1289 2478 namque
1305 2451 1379 2472 vectes
1397 2455 1446 2472 esse
1463 2448 1488 2471 in
1505 2448 1603 2472 circulis
1619 2454 1712 2477 semper
1729 2448 1847 2475 iubentur,
1864 2451 1896 2476 ut,
1914 2455 1967 2471 cum
1986 2455 2037 2477 por-

1187 2489 1229 2512 tari
1247 2495 1325 2511 arcam
1342 2489 1503 2516 opportunitas
1521 2488 1602 2516 exigit,
1620 2488 1650 2510 de
1666 2488 1844 2510 intromittendis
1862 2487 1969 2511 vectibus
1986 2494 2037 2516 por-

1188 2528 1250 2551 tandi
1268 2528 1363 2551 tarditas
1380 2528 1441 2550 nulla
1460 2531 1595 2555 generetur,
1608 2527 1662 2556 quia
1674 2526 1792 2554 videlicet,
1804 2533 1856 2549 eum
1870 2527 1988 2554 spirituale
2000 2527 2038 2550 ali·
2119 2515 2120 2556 1

1187 2568 1244 2597 quid
1262 2574 1274 2590 a
1292 2567 1391 2590 subditis
1407 2569 1486 2595 pastor
1503 2566 1634 2595 inquiritur,
1657 2565 1838 2593 ignominiosum
1862 2565 1931 2588 valde
1953 2568 1999 2593 est,
2017 2566 2036 2588 si
2119 2557 2121 2589 1

1187 2610 1242 2630 tunc.
1258 2609 1355 2636 quaerat
1371 2606 1473 2633 discere,
1491 2612 1544 2628 cum
1562 2605 1722 2634 quaestionem
1740 2604 1810 2627 debet
1826 2605 1936 2628 enodare.
2119 2595 2120 2598 ¹

1250 2646 1271 2659 ¹⁰
1288 2646 1343 2675 Cap.
1362 2647 1404 2675 25,
1418 2646 1438 2668 4.
1452 2646 1515 2668 Duae
1531 2651 1596 2674 seqq,
1614 2645 1708 2667 Glossae
1725 2647 1777 2666 sunt
1789 2643 1950 2667 interlinearis
1963 2643 2036 2673 (apud

1187 2687 1316 2714 Lyranum,
1335 2685 1374 2707 ubi
1391 2684 1490 2707 vocibus
1507 2685 1535 2707 ut
1551 2684 1617 2707 vacet
1631 2682 1774 2706 interseritur
1791 2682 1864 2712 tolus)
1877 2685 1899 2705 et
1911 2681 2036 2705 ordinaria

1188 2725 1225 2754 (ex
1242 2725 1334 2752 lsidor.,
1352 2725 1395 2753 Qq.
1414 2724 1435 2746 in
1455 2724 1521 2746 Deut.
1538 2729 1556 2745 c.
1574 2723 1596 2745 7.
1613 2729 1635 2745 n.
1654 2722 1694 2751 2.).
2120 2733 2121 2745 1

1250 2764 1269 2777 11
1287 2766 1317 2787 lta
1336 2764 1417 2792 codd.;
1434 2763 1488 2786 edd.
1505 2761 1613 2785 breviter.

1250 2803 1269 2816 ¹2
1288 2803 1349 2826 Libr.
1367 2803 1413 2825 Vll.
1430 2803 1452 2824 in
1469 2803 1524 2824 Luc.
1542 2802 1583 2830 10,
1602 2801 1639 2823 42.
1652 2807 1674 2823 n.
1686 2801 1728 2823 85:
1741 2801 1786 2823 Nec
1799 2806 1884 2828 arguas
1895 2806 1935 2822 eos
1947 2802 1969 2823 et
1981 2800 2037 2822 otio-

1186 2849 1225 2865 sos
1242 2843 1352 2865 iudices...
1370 2843 1479 2865 Salomon
1496 2841 1531 2863 ille
1544 2840 1661 2871 pacificus
1678 2839 1730 2869 [cfr.
1747 2841 1763 2862 l.
1781 2840 1852 2862 Paral.
1864 2840 1906 2866 22,
1920 2839 1951 2867 9.]
1964 2839 2036 2861 adsci-

1187 2882 1220 2905 vit
1237 2881 1288 2911 [csr.
1306 2882 1339 2904 111,
1357 2882 1414 2909 Reg.
1432 2881 1458 2908 3,
1478 2881 1513 2903 11.
1531 2879 1599 2909 seq.].
1617 2880 1660 2901 Pro
1677 2878 1777 2902 adscivit
1794 2878 1847 2901 edd.
1865 2877 1997 2907 acquisivit.

1251 2920 1269 2935 ¹³
1287 2922 1336 2944 Aet.
1353 2922 1380 2949 6,
1398 2922 1419 2943 2.
1437 2921 1480 2942 Pro
1496 2925 1601 2949 aequam
1617 2919 1670 2941 edd.
1689 2917 1812 2948 optimum.

1250 2959 1270 2973 ²⁴
1287 2961 1344 2982 Gen.
1361 2960 1374 2981 3
1383 2978 1388 2988 ‚
1406 2960 1442 2982 19.
1454 2971 1485 2976 ·-
1497 2958 1600 2981 Subinde
1612 2958 1723 2986 allegatur
1735 2958 1794 2979 ioan.
1808 2957 1834 2984 6,
1847 2956 1889 2984 27,
1900 2958 1952 2984 post
1963 2961 2035 2984 quem

1187 3002 1262 3022 textus
1278 2999 1397 3027 originalis
1414 2999 1480 3026 plura
1497 2997 1568 3020 addit.
1586 2996 1632 3020 Csr.
1648 2999 1703 3019 tom.
1721 2996 1750 3018 V.
1767 3002 1822 3024 pag.
1841 2995 1898 3023 144,
1915 2997 1967 3017 nota
1986 2995 2007 3016 6.
