2133 3317
9 486 16 500 1
27 480 74 507 dicta

10 506 71 529 pluris.

8 680 13 685 .
25 665 78 685 dictu.

0 1269 12 1288 Ξ.
23 1268 76 1288 dicto.

566 206 762 235 OPUSCULUM
783 206 824 234 Xl.
847 206 1007 235 APOLOGIA
1028 207 1209 236 PAUPERUM.
1231 207 1298 235 CAP.
1321 207 1362 235 vt.

95 286 238 324 propalare
259 285 441 322 cognoscitur.
463 284 530 312 Nam
551 291 587 312 ex
609 284 652 312 his
673 291 723 313 sex
751 283 840 312 modis
866 283 937 312 duos

94 332 244 363 secundum
273 332 416 360 veritatem
445 331 510 359 dicit
541 334 697 367 competere
728 330 880 367 hypocritis
911 333 938 359 et

94 379 198 413 avaris,
220 378 348 412 tertium,
370 378 474 406 scilicet
494 385 577 406 causa
598 377 836 414 concupiscentiae
851 377 936 406 refre—

94 425 213 458 nandae,
234 427 390 461 competere
410 424 508 452 asserit
539 423 667 460 perfectis
697 426 724 452 et
754 423 936 460 imperfectis,

99 483 112 498 «
127 472 205 509 quia,
227 473 258 499 ut
278 470 359 504 dicit,
380 470 408 498 in
427 470 574 507 quantovis
588 473 681 499 sancto
696 473 819 498 remanet
833 469 937 506 aliquid

94 519 127 548 de
147 517 374 554 concupiscentiis
395 516 552 546 evincendis
566 527 597 551 »;
619 520 646 545 et
664 519 724 553 post
739 516 848 550 subdit,
863 516 937 553 quod

98 575 111 590 α
125 565 177 593 hoc
197 563 330 592 ieiunium
351 563 499 592 Cbristus¹
522 571 576 592 non
597 563 727 592 assumsit
741 574 772 597 ”3
801 565 828 591 et
856 562 937 591 tertio

93 610 242 647 subiungit,
257 609 331 647 quod
350 621 363 634 α
375 610 427 638 1100
442 610 574 638 ieiunium
587 610 673 646 magis
683 609 842 646 imperfecto
854 617 937 646 quam

96 657 214 694 perfecto
235 657 368 685 monacho
390 657 561 693 competit».
584 674 620 676 -
642 657 693 685 Sed
715 657 766 685 boc
782 657 863 685 tertio
879 656 937 684 loco

96 704 199 733 dictum
219 703 244 732 01
265 703 339 740 (111οᾱ
361 703 450 740 primo
470 706 616 740 posuerat,
644 706 739 740 aperte
767 702 936 731 contradicit.

93 751 158 780 Nam
180 750 202 778 si
223 750 249 778 in
272 752 529 787 quantumcumque
550 750 670 786 perfecto
690 750 793 786 aliquid
814 753 937 778 remanet

92 796 125 826 de
146 796 374 832 concupiscentiis
395 796 567 830 evincendis;
589 804 652 824 cum
675 796 754 832 plene
775 796 885 824 vincere
905 803 937 824 ac

92 843 204 872 domare
218 843 453 879 concupiscentias
467 843 554 879 magis
569 845 706 879 competat
721 842 841 879 perfecto
853 849 936 878 quam

93 889 267 926 imperfecto,
289 889 375 925 magis
395 889 419 918 ei
441 890 571 926 competit
592 889 691 917 modus
712 888 756 917 liic
782 887 935 921 ieiunandi,

94 936 140 965 ubi
156 936 342 972 corporalium
357 935 458 964 virium
475 935 646 964 imbecillitas
660 943 713 963 non
729 935 844 963 obsistit.
860 934 935 963 Unde

92 982 288 1018 Hieronymus,
309 982 468 1015 Hilarionis,
484 981 672 1018 perfectissimi
688 981 830 1015 monachi,
852 981 934 1009 vitam

91 1028 286 1057 describens2:
312 1029 359 1056 «A
381 1028 552 1065 sexagesimo
580 1031 680 1065 quarto
711 1036 798 1061 anno,
827 1027 933 1064 inquit,

91 1083 180 1112 usque
200 1075 233 1103 ad
247 1075 446 1112 octogesimum
468 1083 537 1111 pane
559 1074 692 1103 abstinuit
713 1074 865 1103 incredibili
880 1074 935 1103 fer-

92 1129 156 1150 vore
177 1121 291 1155 mentis,
313 1121 407 1158 sicque
435 1121 576 1158 complens
602 1121 727 1150 ordinem
751 1121 839 1155 vitae,
864 1129 935 1149 nun-

91 1176 174 1206 quam
195 1171 258 1196 ante
279 1168 343 1196 solis
363 1176 490 1196 occasum
513 1168 593 1197 solvit
614 1168 747 1197 ieiunium
762 1179 789 1196 ».

173 1215 215 1242 10.
239 1214 323 1242 Porro
344 1214 370 1242 in
391 1222 423 1243 co
445 1214 519 1251 quod
540 1214 620 1248 dicit,
642 1214 783 1243 Christum
806 1223 859 1243 non
888 1214 934 1243 de-

92 1261 163 1290 disse
183 1261 343 1298 exemplum
367 1261 418 1289 hoc
439 1261 520 1289 modo
542 1261 695 1295 ieiunandi,
717 1264 811 1298 aperte
826 1264 934 1290 contra-

93 1307 165 1336 rium
186 1311 228 1336 est
248 1307 272 1336 ei
294 1307 367 1344 quod
389 1307 415 1335 in
444 1307 616 1344 praecedenti
645 1308 787 1344 capitulo³
815 1308 932 1344 scripsit.

94 1354 168 1382 Dixit
197 1354 271 1382 enim
299 1354 350 1388 ibi,
379 1355 452 1391 quod
478 1366 491 1379 a
508 1354 635 1383 Christus
662 1355 823 1391 exemplum
851 1355 935 1383 absti-

92 1400 171 1429 nendi
189 1400 223 1429 ad
238 1400 387 1429 domandas
402 1401 637 1437 concupiscentias
652 1401 817 1438 praebuit».
833 1401 933 1429 Mirum

91 1449 178 1481 certe,
193 1447 214 1475 si
237 1447 319 1475 homo
339 1446 391 1475 fuit
412 1447 529 1475 alicuius
550 1447 756 1484 intelligentiae,
775 1450 824 1476 aut
838 1448 933 1476 saltetn

91 1494 255 1528 memoriae,
276 1494 323 1531 (1111
345 1494 413 1523 haec
434 1494 559 1531 scripsit,
581 1494 718 1531 quomodo
740 1497 852 1531 repente
866 1494 934 1523 01111-

52 1549 56 1553 ·
91 1544 136 1570 1115
156 1548 253 1569 eorum
274 1549 345 1578 quae
365 1541 490 1575 dixerat,
512 1541 607 1578 paucis
628 1541 810 1578 interpositis,
826 1544 934 1570 contra-

0 1593 67 1613 tandum
70 1608 74 1612 .

1 2410 44 2430 intus
51 2411 77 2430 ie-

0 2434 60 2453 inundo

0 2457 12 2475 it
24 2461 82 2477 exem-

0 2480 48 2503 1111111.

91 1587 162 1617 rium
184 1587 356 1624 dogmatizat.
379 1588 452 1617 Iusto
474 1591 564 1616 tamen
586 1596 723 1624 supernae
750 1588 934 1624 dispositionis

91 1633 190 1663 iudicio
211 1634 261 1663 has
283 1635 382 1663 mentis
403 1634 531 1663 tenebras
553 1635 686 1669 incurrit,
705 1638 737 1663 ut
752 1643 802 1663 nec
817 1634 866 1663 51111
883 1634 933 1671 ipsi

90 1681 241 1710 consentiat
261 1681 308 1718 qui
329 1689 345 1710 a
366 1681 482 1710 veritate
502 1681 647 1710 discordat.
668 1682 839 1718 Quamquam
862 1681 934 1710 enim

90 1728 216 1757 Christus
236 1728 471 1765 concupiscentias
491 1728 581 1757 nullas
606 1728 749 1762 habuerit,
771 1736 822 1757 suo
843 1732 934 1757 tamen

91 1774 192 1803 ieiunio
212 1775 372 1811 exemplum
394 1775 474 1803 nobis
494 1775 615 1803 certandi
639 1783 688 1811 per
709 1775 843 1803 ieiunium
870 1782 934 1803 con-

90 1824 133 1849 tra
153 1821 388 1858 concupiscentias
408 1821 498 1855 dedit,
520 1821 592 1850 sicut
612 1821 678 1850 dicit
698 1822 880 1858 Hieronymus
900 1821 933 1849 ad

90 1867 331 1896 Demetriadem4:
357 1879 371 1893 α
386 1868 510 1896 Salvator
532 1868 640 1904 generis
661 1867 791 1902 humani,
813 1868 860 1904 (1111
876 1867 932 1896 vir-

90 1913 157 1942 tutis
188 1916 215 1942 et
242 1914 458 1943 conversationis
491 1922 557 1943 suae
590 1914 669 1942 nobis
700 1914 813 1951 reliquit
840 1921 934 1942 exem-

91 1960 182 1996 plum,
198 1963 259 1997 post
273 1960 439 1997 baptismum
461 1961 554 1989 statim
571 1961 724 1989 assumitur
738 1968 754 1989 a
768 1960 888 1997 Spirim,
903 1963 934 1989 ut

91 2010 193 2043 pugnet
214 2010 310 2035 contra
331 2006 486 2041 diabolum,
508 2010 535 2036 et
563 2010 653 2036 tamen
686 2007 772 2036 1105115
802 2007 934 2044 antiquus

90 2056 150 2089 post
171 2053 354 2090 quadraginta
374 2053 482 2082 dierum
504 2054 638 2082 ieiunium
660 2062 709 2090 per
734 2054 827 2082 cibum
857 2053 934 2081 moli-

90 2103 136 2129 tur
157 2100 268 2129 insidias
282 2112 309 2128 ».
331 2100 425 2129 Glossa
446 2101 527 2130 etiam
556 2109 640 2138 super
668 2101 736 2130 illud
767 2101 933 2129 Mattliaei⁵z

91 2147 201 2176 Ductus
228 2150 269 2176 est
289 2148 371 2176 Iesus
399 2148 430 2176 in
457 2148 602 2176 desertum
629 2151 697 2177 etc.:
731 2148 874 2182 «Ieiunat,
903 2151 934 2176 ut

90 2197 227 2228 tentetur,
247 2197 380 2229 tentatur,
401 2194 466 2232 quia
487 2194 591 2223 ieiunat
621 2197 648 2223 et
678 2195 837 2231 exemplum
865 2194 934 2223 ieiu-

89 2241 169 2269 nandi
190 2241 270 2270 nobis
290 2241 337 2270 dat
351 2253 377 2269 u.
399 2241 431 2270 Et
451 2241 504 2270 alia
525 2241 619 2270 Glossa
646 2241 764 2270 ibidem:
791 2253 804 2267 ιι
819 2241 865 2270 Hic
893 2244 934 2270 est

89 2287 157 2316 ordo
177 2291 268 2316 rectae
289 2288 519 2322 conversationis,
541 2291 572 2316 ut
593 2291 655 2324 post
681 2291 820 2324 acceptam
849 2288 933 2325 Spiri-

90 2337 135 2363 tus
162 2335 248 2363 sancti
276 2335 391 2371 gratiam
413 2339 509 2363 contra
539 2335 677 2363 diabolum
709 2335 813 2363 arctius
843 2335 933 2364 accin-

92 2389 191 2418 gamur
207 2393 232 2409 ».

174 2429 217 2456 11.
240 2428 278 2456 Ex
301 2427 403 2464 quibus
424 2428 574 2464 colligitur,
596 2427 670 2464 quod
697 2427 824 2456 Christus
852 2428 932 2456 simul

93 2474 250 2511 exemplum
274 2474 411 2503 ieiunandi
433 2477 460 2502 et
491 2474 629 2511 pugnandi
661 2474 735 2502 dedit
766 2474 932 2502 bominibus.

153 2716 160 2729 ¹
179 2716 224 2739 Cfr.
242 2717 317 2739 Mattli.
337 2717 363 2744 4,
380 2718 400 2740 2.
419 2723 484 2746 seqq.

152 2755 161 2769 ²
179 2757 229 2779 Vita
247 2758 270 2779 S.
286 2757 407 2779 Hilarionis
423 2757 544 2781 eremitae.
562 2763 583 2779 n.
606 2757 639 2779 tt.
656 2757 741 2779 Textns
752 2757 869 2785 origtnatis
881 2757 932 2780 binc

92 2786 144 2817 in'de
160 2796 224 2823 plura
243 2796 363 2818 interserit.

153 2832 162 2846 ³
179 2834 245 2856 Num.
263 2834 302 2856 30.

152 2871 162 2884 ⁴
179 2872 248 2900 Epist.
267 2873 318 2895 130.
336 2872 401 2899 (alias
418 2873 448 2901 8.)
467 2879 488 2895 n.
511 2873 544 2894 10.
561 2873 613 2894 Post
630 2873 712 2895 contra
725 2871 846 2895 diabolum
858 2875 932 2895 textus

91 2910 206 2938 originalis
223 2911 287 2938 plura
306 2911 376 2933 addit.
394 2911 523 2939 Respicitur
541 2912 616 2933 Mattn.
634 2911 659 2939 4,
679 2911 699 2933 1.
716 2917 793 2940 seqq.:
817 2911 883 2933 Tunc
903 2911 932 2933 le-

91 2954 130 2971 sus
146 2949 229 2972 ductus
245 2955 278 2972 est
290 2950 311 2972 in
325 2950 441 2972 desertum
454 2956 465 2972 a
478 2950 576 2977 Spiritu,
589 2953 613 2972 ut
625 2952 749 2972 tentaretur
760 2956 771 2971 11
784 2949 877 2972 diabolo
889 2953 932 2973 etc.

154 2987 163 3000 ⁶
180 2988 235 3016 Cap.
254 2988 279 3014 4,
300 2989 319 3010 1.
336 2994 384 3017 seq.
402 2989 464 3010 Duae
481 2989 574 3011 Glossae
591 2991 643 3011 sunt
659 2988 797 3011 ordinariae
814 2988 835 3010 in
853 2989 930 3011 Mattn.

1779 209 1835 237 269

993 284 1044 313 Sed
1066 284 1117 313 hoc
1138 284 1299 321 exemplum
1320 288 1428 313 certum
1450 287 1491 314 est
1512 293 1561 314 nos
1582 285 1659 322 sequi
1681 293 1734 314 non
1757 293 1836 322 posse

993 339 1042 367 per
1063 331 1185 367 primum
1207 334 1233 360 et
1254 331 1407 360 secundum
1428 331 1567 360 ieiunandi
1588 332 1717 366 modum,
1733 332 1760 360 111
1775 332 1836 369 qui-

994 377 1046 406 11115
1067 378 1143 406 deest
1164 378 1279 411 iustitia,
1295 386 1345 407 nec
1361 386 1410 415 per
1425 381 1572 416 quartum,
1588 378 1717 416 quintum
1731 382 1759 408 et
1773 387 1836 408 sex-

993 427 1069 457 tum,
1098 424 1201 461 quibus
1229 433 1283 453 non
1309 425 1461 459 ieiunatur,
1483 429 1514 454 ut
1535 429 1631 454 contra
1653 426 1759 454 bostem
1785 434 1836 462 pu-

993 473 1108 506 gnetur;
1131 473 1217 499 restat
1237 470 1425 507 igitursquod
1456 472 1616 508 exemplum
1645 472 1719 500 dedit
1749 480 1837 509 quan-

994 519 1052 544 tum
1074 516 1107 544 ad
1129 517 1242 545 tertium
1263 517 1385 545 modum.
1407 518 1482 547 Unde
1503 521 1530 547 01
1551 518 1710 547 Ambrosius
1724 518 1751 547 in
1767 519 1837 547 libro

993 562 1027 591 de
1048 563 1139 591 Laude
1160 563 1252 592 ieiunii
1266 564 1292 591 ⁶:
1319 575 1332 588 α
1347 564 1498 593 Proeliatus
1519 567 1559 593 est
1574 565 1716 599 Christus,
1731 569 1763 594 ut
1778 566 1837 594 vin-

993 613 1084 643 ceret,
1105 617 1160 638 non
1181 610 1254 646 quod
1276 610 1333 647 ipse
1355 614 1448 647 egeret
1469 611 1634 646 certamine,
1662 612 1708 641 sed
1737 616 1768 641 ut
1788 621 1837 641 no-

994 656 1036 684 bis
1056 656 1172 685 formam
1193 657 1310 685 bellandi
1344 657 1544 694 praescriberet
1575 661 1601 686 et
1634 662 1727 695 postea
1758 659 1836 688 daret

993 703 1108 740 gratiam
1138 703 1336 740 triumphandi.
1369 704 1512 733 Certamen
1544 708 1670 733 nostruin
1703 705 1836 735 ieiunium

994 753 1043 778 est.
1065 749 1189 786 Denique
1210 749 1342 778 ieiunavit
1362 750 1495 784 Salvator,
1517 753 1544 779 et
1564 751 1603 779 sic
1624 751 1657 779 ad
1686 759 1749 780 eum
1778 754 1836 780 ten-

994 798 1065 824 tator
1086 796 1200 824 accessit
1221 799 1247 825 et
1269 797 1391 833 primum
1411 797 1492 833 gulae
1513 797 1616 826 direxit
1644 798 1781 834 spiculum
1810 802 1837 827 et

993 842 1085 870 cibum
1107 843 1183 871 velut
1204 850 1292 871 escam
1315 843 1405 879 laquei
1427 843 1588 880 praetendit.
1611 844 1744 873 Dominus
1768 845 1836 873 ieiu-

993 888 1070 917 nium
1091 889 1237 925 praetulit,
1259 892 1290 917 ut
1311 889 1423 926 laqueos
1444 890 1589 918 tentatoris
1609 890 1651 919 sui
1671 890 1836 928 vinculaque

992 934 1162 963 dissolveret.
1185 935 1232 963 Illo
1254 936 1352 972 laqueo
1373 936 1455 964 Adam
1478 936 1529 964 fuit
1551 937 1756 974 strangulatus,
1785 938 1834 967 liae

992 980 1163 1009 absolutione
1193 981 1343 1009 diabolicae
1371 983 1539 1018 quaestionis
1567 983 1655 1011 omnis
1684 984 1765 1012 bomo
1796 987 1836 1012 est

992 1027 1125 1056 liberatus
1140 1040 1166 1056 ».
1189 1045 1226 1048 -
1248 1028 1275 1056 In
1298 1028 1340 1057 liis
1362 1031 1415 1057 tam
1438 1029 1511 1057 clare
1532 1037 1609 1058 sacer
1625 1030 1798 1065 Ambrosius,
1814 1031 1835 1059 si

991 1073 1058 1109 quid
1079 1074 1149 1102 forte
1176 1074 1327 1103 obscurum
1356 1079 1412 1109 est,
1444 1075 1579 1112 explicat,
1611 1079 1643 1104 ut
1673 1084 1753 1105 nemo
1784 1077 1835 1106 nisi

992 1123 1082 1149 mente
1103 1120 1258 1149 obstinatus
1278 1121 1400 1150 obsistat.
1424 1122 1498 1151 Unde
1519 1126 1546 1151 et
1568 1123 1625 1159 ipse
1640 1123 1726 1152 hostis
1741 1123 1835 1152 ieiunii

991 1166 1019 1195 in
1040 1171 1140 1204 quarto
1161 1167 1298 1196 ieiunandi
1321 1168 1417 1203 modo,
1439 1169 1486 1206 qui
1503 1169 1628 1198 videlicet
1642 1173 1683 1198 est
1698 1178 1733 1198 ex
1748 1170 1835 1198 abun-

991 1213 1065 1242 danti
1086 1214 1291 1248 misericordia,
1312 1215 1426 1249 asserit,
1458 1215 1598 1244 Christum
1630 1216 1737 1245 dedisse
1768 1217 1835 1245 ieiu-

991 1260 1073 1288 nandi
1095 1261 1255 1297 exemplum
1277 1269 1330 1289 non
1352 1262 1441 1290 solum
1463 1262 1605 1298 perfectis,
1628 1263 1770 1291 sedetiam
1786 1264 1836 1292 im-

991 1307 1127 1343 perfectis.
1150 1307 1177 1335 In
1199 1315 1255 1344 quo
1275 1308 1411 1345 siquidem
1432 1311 1481 1337 aut
1501 1309 1617 1337 intendit
1637 1310 1743 1344 dicere,
1762 1310 1836 1347 quod

991 1354 1150 1390 exemplum
1172 1354 1310 1383 ieiunandi
1332 1355 1406 1383 dedit
1428 1355 1522 1389 nobis,
1545 1359 1576 1384 ut
1604 1356 1758 1385 ieiunemus
1785 1365 1835 1393 pro

991 1401 1148 1429 exbibenda
1168 1401 1228 1429 aliis
1250 1401 1453 1436 misericordia,
1468 1402 1539 1431 sicut
1555 1402 1748 1432 ieiunaverunt
1763 1404 1835 1440 Moy—

991 1455 1049 1481 ses,
1072 1447 1157 1481 Elias,
1180 1448 1273 1476 Daniel
1286 1448 1295 1465 ⁷
1317 1452 1343 1476 et
1364 1449 1408 1476 alii
1432 1449 1598 1485 Prophetae;
1614 1453 1640 1478 et
1656 1453 1720 1478 tunc
1736 1450 1834 1479 falsum

990 1494 1071 1528 dicit,
1093 1495 1159 1531 quia
1179 1495 1323 1523 abundans
1345 1495 1531 1524 misericordia
1553 1504 1606 1524 non
1628 1498 1757 1533 competit
1786 1497 1835 1526 im-

991 1541 1134 1578 perfectis,
1156 1541 1203 1570 sed
1225 1542 1369 1578 perfecti&
1391 1545 1439 1570 aut
1460 1545 1492 1570 111
1512 1542 1667 1571 10111110111115
1688 1552 1739 1580 pro
1754 1552 1835 1581 supe-

991 1588 1077 1616 randa
1098 1596 1204 1625 pugna;
1226 1592 1253 1617 et
1275 1591 1340 1617 tunc
1361 1588 1473 1626 quidem
1494 1597 1591 1618 verum
1613 1590 1693 1624 dicit,
1716 1590 1762 1619 sed
1784 1591 1834 1620 sibi

991 1635 1041 1672 ipsi
1063 1639 1158 1671 aperte
1178 1635 1349 1664 contradicit.

1073 1683 1115 1710 12.
1138 1682 1215 1718 Quod
1236 1682 1317 1710 etiam
1340 1682 1403 1711 facit
1425 1683 1450 1711 in
1473 1686 1553 1712 sexto
1573 1683 1711 1712 ieiunandi
1739 1685 1834 1719 modo,

991 1728 1038 1757 ubi
1057 1728 1137 1763 dicit,
1153 1729 1226 1765 quod
1245 1729 1396 1765 «perfecti,
1413 1730 1647 1767 concupiscentias
1662 1731 1714 1759 iam
1731 1732 1834 1760 haben—

991 1778 1032 1804 tes
1053 1775 1184 1803 edomitas
1205 1778 1232 1803 et
1253 1775 1313 1804 ideo
1334 1776 1436 1805 ieiunio
1457 1784 1509 1805 non
1532 1777 1650 1812 astricti,
1677 1778 1834 1807 ieiunabant

991 1821 1144 1850 secundum
1170 1829 1274 1850 morem
1304 1822 1431 1856 illorum,
1453 1831 1516 1851 cum
1539 1824 1642 1860 quibus
1664 1824 1833 1859 vivebant»,

992 1868 1038 1897 ubi
1061 1868 1223 1897 contradicit
1244 1869 1267 1897 ei
1289 1869 1363 1905 quod
1378 1869 1461 1905 paulo
1475 1872 1538 1898 ante
1554 1870 1745 1906 praedixerat,
1760 1871 1834 1908 quod

996 1926 1009 1940 (ι
1025 1915 1052 1943 111
1074 1915 1220 1951 quantovis
1241 1915 1362 1951 perfecto
1383 1919 1507 1945 remanet
1528 1917 1632 1954 aliquid
1650 1917 1683 1946 de
1704 1919 1834 1955 concupi-

991 1962 1101 1991 scentiis
1116 1962 1310 1997 evincendis»,
1331 1963 1492 1991 contradicit
1507 1963 1620 2001 insuper
1635 1965 1751 1993 veritati.
1768 1965 1834 1994 Nam

991 2009 1092 2037 Paulus
1119 2009 1301 2045 Apostolus⁸‚
1329 2009 1376 2046 qui
1405 2009 1439 2038 ad
1466 2010 1571 2046 apicem
1600 2018 1724 2040 summae
1745 2013 1834 2048 perfe-

991 2055 1088 2084 ctionis
1103 2059 1282 2092 pervenerat,
1301 2056 1436 2092 castigare
1450 2064 1479 2085 se
1493 2056 1558 2085 dicit
1572 2064 1674 2094 corpus
1688 2059 1834 2095 proprium

990 2105 1018 2131 et
1038 2102 1065 2130 in
1087 2101 1249 2131 servitutem
1271 2102 1396 2139 redigere
1416 2111 1470 2131 non
1492 2106 1547 2131 tam
1569 2111 1620 2140 pro
1641 2105 1760 2141 gerendo
1774 2105 1834 2134 aliis

990 2157 1067 2178 more
1088 2157 1171 2186 quam
1204 2157 1255 2185 pro
1286 2149 1442 2186 superando
1470 2150 1549 2179 hoste
1576 2150 1741 2186 domestico,
1763 2152 1833 2181 sicut

990 2203 1123 2233 expresse
1144 2195 1210 2224 dicit
1231 2196 1413 2232 Hieronymus
1433 2196 1466 2224 ad
1489 2197 1668 2226 Eustochium
1690 2198 1717 2226 in
1738 2202 1833 2228 aucto-

990 2242 1072 2271 ritate
1092 2242 1244 2279 superius⁹
1266 2242 1361 2279 posita.
1377 2243 1444 2279 Quis
1458 2243 1555 2278 etiam,
1577 2247 1833 2283 quantumcumque

991 2291 1117 2322 sanctus,
1139 2288 1190 2317 nisi
1212 2289 1247 2317 sit
1267 2291 1332 2317 actu
1352 2288 1481 2318 infirmus
1509 2289 1552 2319 vel
1577 2298 1693 2327 corpore
1720 2291 1832 2327 debilis,

990 2335 1025 2363 ab
1046 2334 1089 2363 his
1110 2335 1234 2369 ieiuniis,
1255 2335 1288 2363 ad
1309 2343 1380 2372 quae
1401 2343 1430 2364 se
1444 2335 1575 2372 obligavit
1589 2345 1639 2373 per
1654 2337 1771 2374 Regulae
1786 2346 1833 2366 vo-

991 2384 1066 2415 tnm,
1088 2381 1131 2409 vel
1152 2381 1186 2409 ab
1208 2382 1251 2410 liis
1272 2390 1342 2419 quae
1363 2382 1557 2411 universaliter
1578 2383 1712 2412 servanda
1740 2388 1833 2413 sancta

990 2430 1078 2455 mater
1101 2428 1218 2456 Ecclesia
1240 2428 1350 2461 statuit,
1366 2436 1401 2456 ex
1417 2436 1467 2457 sua
1482 2429 1652 2465 quantalibet
1667 2430 1831 2466 perfectione

990 2474 1167 2502 absolvitur?
1196 2474 1263 2510 Quis
1291 2482 1372 2503 sanae
1400 2475 1499 2503 mentis
1528 2475 1579 2504 hoc
1604 2477 1738 2510 senserit,
1770 2477 1832 2514 quis

990 2717 1015 2745 4,
1033 2718 1053 2740 2.
1071 2721 1093 2740 et
1114 2718 1131 2740 1.
1149 2719 1262 2746 Respectu
1277 2717 1372 2747 lii-inme
1389 2719 1443 2741 vide
1455 2718 1585 2747 chrysost„
1596 2719 1639 2747 Op.
1652 2719 1778 2748 imperfect.
1791 2720 1831 2749 (in-

989 2760 1023 2779 ter
1038 2763 1108 2784 opera
1126 2757 1265 2785 chrysost),
1282 2757 1365 2779 Homil.
1383 2758 1406 2779 ὅ.
1422 2757 1444 2780 1η
1463 2758 1538 2780 111111111.
1554 2758 1579 2785 4,
1592 2759 1618 2780 2:
1631 2759 1678 2781 Non
1690 2759 1764 2781 solum
1779 2759 1830 2782 ideo

989 2795 1128 2823 tentabatur,
1146 2796 1199 2824 quia
1219 2796 1346 2823 ieiunabat,
1368 2796 1408 2819 sed
1432 2797 1483 2819 ideo
1507 2796 1635 2824 ieiunabat,
1654 2801 1678 2820 ut
1698 2801 1829 2821 tentaretur.

988 2835 1021 2857 De
1037 2834 1139 2857 secunda
1157 2836 1198 2856 cfr.
1215 2835 1276 2857 Beda
1292 2838 1314 2857 et
1331 2834 1438 2857 [tabanus
1455 2835 1478 2857 in
1496 2836 1572 2858 maun.
1590 2836 1616 2863 4,
1634 2837 1654 2858 1.

1050 2872 1060 2885 ⁰
1078 2873 1130 2895 Sive
1147 2873 1176 2895 (le
1194 2873 1238 2896 Elia
1256 2876 1279 2895 et
1295 2873 1391 2901 ieiunio,
1408 2880 1429 2896 c.
1450 2874 1468 2896 t.
1486 2880 1508 2896 n.
1526 2875 1548 2897 11.

1051 2910 1059 2923 ⁷
1077 2912 1121 2934 Cfr.
1140 2912 1208 2934 Exod.
1227 2911 1268 2939 34,
1287 2913 1329 2939 28;
1348 2912 1378 2935 ΙΙΙ.
1396 2913 1452 2941 neg.
1475 2913 1511 2940 19,
1530 2913 1555 2940 81
1573 2913 1629 2936 Dan.
1651 2915 1672 2942 1,
1691 2914 1712 2936 8.
1729 2917 1750 2937 et
1768 2915 1794 2942 9,
1807 2915 1833 2938 3.

1049 2949 1059 2962 ¹³
1077 2950 1146 2978 Epist.
1163 2951 1178 2972 l.
1195 2950 1247 2973 Cor.
1265 2952 1291 2979 9,
1310 2951 1346 2973 27.

1050 2987 1060 3001 ⁹
1077 2988 1133 3017 Cap.
1150 2989 1170 3011 5.
1189 2995 1210 3011 n.
1234 2989 1266 3012 15.

1853 1133 1967 1153 Notandum.

1857 1693 1885 1712 De
1894 1696 1945 1713 sexto
1954 1695 1980 1713 ie-

1852 1717 1928 1736 iunandi
1942 1723 1980 1736 mo-

1851 1740 1881 1759 do.
