2133 3317
161 1017 232 1036 Scribit
242 1017 271 1036 bis

169 1041 266 1064 Regulam.

156 1629 201 1648 Eius
217 1629 275 1648 absti-

168 1653 232 1672 nentia
246 1653 264 1671 in

189 1677 239 1695 cibo.

291 230 347 257 516

291 307 381 335 facere
402 307 544 340 roborari,
567 306 726 335 huiusmodi
758 306 810 334 fuit
841 315 856 334 a
884 307 940 335 Deo
972 307 1140 335 revelatione

292 354 483 382 commonitus.
506 353 657 381 Videbatur
679 353 791 390 quidem
813 353 864 382 sibi
889 354 923 382 de
952 357 1027 382 terra
1054 354 1140 382 micas

291 408 393 437 panum
426 400 620 428 subtilissimas
653 400 795 437 collegisse
826 401 977 437 multisque
1008 400 1140 430 famelicis

292 447 435 475 Fratribus
465 447 556 483 ipsum
588 447 834 476 circumstantibus
868 448 970 476 debere
1005 448 1138 477 tribuere.

291 494 416 530 Cumque
437 494 521 523 micas
544 497 597 522 tam
621 497 718 523 tenues
731 494 899 523 distribuere
915 495 1090 529 formidaret,
1106 504 1140 524 ne

291 540 362 569 forte
384 541 455 569 inter
478 549 577 569 manus
606 541 782 575 exciderent3
811 550 867 570 vox
889 542 913 571 ei
945 542 1065 579 desuper
1086 543 1139 571 ait:

296 599 309 612 «
324 588 483 621 Francisce,
506 596 590 616 unam
612 588 645 617 de
665 588 745 617 micis
765 589 895 618 omnibus
916 589 1034 618 hostiam
1059 589 1140 618 facito

291 638 319 663 et
350 635 519 663 manducare
551 635 707 663 volentibus
739 635 832 664 tribue
847 648 873 664 ».
896 636 956 672 Quo
978 636 1005 664 id
1026 639 1139 673 agente,

291 681 462 718 quicumque
483 681 550 710 illud
572 690 626 710 non
649 682 746 711 devote
774 682 959 719 recipiebant,
988 686 1036 711 aut
1064 691 1140 712 rece-

291 731 371 765 ptum
392 729 604 757 contemnebant
625 729 746 763 donum,
769 738 834 758 mox
857 730 934 767 lepra
962 730 1069 764 infecti,
1092 739 1140 759 no—

292 775 388 804 tabiles
409 776 588 812 apparebant.
612 777 715 805 Recitat
746 785 826 805 mane
858 777 900 806 vir
929 780 1041 806 sauctus
1072 778 1140 806 baec

291 823 383 850 omnia
404 823 499 857 sociis,
521 822 631 857 dolens,
654 831 683 852 se
715 832 768 852 non
801 824 945 860 percipere
976 824 1140 861 mysterium

290 869 411 898 visionis.
435 869 564 906 Sequenti
587 877 653 898 vero
667 870 725 904 die,
738 878 802 899 cum
818 871 882 907 vigil
896 871 925 899 in
939 871 1063 899 oratione
1078 879 1140 907 per-

291 917 416 951 sisteret,
439 917 630 945 huiuscemodi
654 925 749 946 vocem
770 918 803 947 de
819 918 893 947 caelo
908 918 1048 955 delapsam
1063 918 1141 946 audi-

292 964 346 992 vit:
372 976 384 988 <r
399 964 557 999 Francisce,
574 964 660 993 micae
675 965 841 1002 praeteritae
856 966 944 994 noctis
960 966 1044 994 verba
1058 974 1141 994 evan—

292 1011 377 1047 gelica
393 1014 467 1045 sunt,
483 1011 573 1039 hostia
588 1012 699 1048 Regula,
716 1012 792 1049 lepra
806 1012 938 1049 iniquitas
949 1024 975 1040 n.
991 1029 1030 1033 —
1042 1012 1141 1040 Volens

292 1057 378 1094 igitur
399 1058 616 1087 confirmandam
638 1059 768 1095 Regulam
792 1067 827 1088 ex
851 1059 1001 1088 verborum
1020 1059 1142 1095 Evange-

293 1105 320 1133 lii
343 1105 536 1142 aggregatione
559 1106 699 1142 profusius
721 1106 849 1135 traditam
871 1106 904 1134 ad
926 1105 1142 1143 compendiosio-

294 1159 351 1180 rem
375 1152 507 1186 formam,
532 1153 611 1180 iuxta
631 1152 705 1189 quod
727 1152 847 1181 dictabat
876 1153 943 1181 visio
973 1155 1141 1186 monstrata,

294 1199 434 1235 redigere,
457 1199 483 1227 in
507 1202 628 1228 montem
650 1199 786 1236 quendam
800 1200 809 1216 ¹
832 1207 895 1228 cum
917 1199 1027 1228 duobus
1046 1199 1141 1233 sociis,

691 228 888 257 OPUSCULUM
910 228 998 256 XXlll.
1020 228 1170 257 LEGENDA
1192 230 1307 259 SANCTI
1328 230 1502 259 FRANCISCI.
1525 231 1593 259 CAP.
1615 231 1645 259 V.

1197 308 1301 345 Spiritu
1323 312 1417 338 sancto
1439 309 1572 344 ducente,
1595 310 1768 344 conscendit,
1788 310 1836 339 ubi
1852 319 1921 347 pane
1936 314 2042 342 tantum

1197 357 1343 384 contentus
1364 358 1392 384 et
1412 364 1499 393 aqua,
1522 356 1648 385 ieiunans
1669 357 1804 385 conscribi
1827 365 1886 385 eam
1908 358 1986 393 fecit,
2002 367 2042 388 se-

1197 402 1320 431 cundum
1342 402 1415 439 quod
1437 403 1525 431 oranti
1548 403 1598 432 sibi
1628 403 1738 432 divinus
1766 404 1885 440 Spiritus
1913 412 2043 442 suggere-

1197 449 1251 477 bat.
1275 449 1362 485 Quam
1384 457 1464 484 curn,
1486 449 1519 478 de
1539 453 1633 479 monte
1663 450 1849 484 descendens,
1881 452 2042 481 servandam

1198 504 1249 525 suo
1271 496 1379 524 Vicario
1391 497 1401 512 2
1423 496 1618 530 commisisset,
1640 500 1668 525 et
1688 497 1749 531 ille,
1766 498 1860 534 paucis
1875 498 1974 534 elapsis
1988 498 2043 528 die-

1197 543 1266 577 bus,
1288 546 1426 572 assereret
1447 552 1497 580 per
1518 543 1653 572 incuriam
1677 544 1827 580 perditam;
1857 544 1955 573 iterato
1983 553 2043 574 san-

1197 593 1260 618 ctus
1280 590 1323 618 vir
1344 590 1377 618 ad
1399 590 1490 618 locum
1521 590 1677 618 solitudinis
1705 590 1786 619 rediit
1813 599 1930 628 eamque
1958 591 2043 621 instar

1198 636 1314 673 prioris,
1336 644 1367 665 ac
1389 637 1410 665 si
1433 644 1468 665 ex
1490 644 1539 665 ore
1560 637 1608 665 Dei
1630 637 1715 665 verba
1729 637 1898 674 susciperet,
1913 638 1986 667 illico
2001 646 2043 667 re-

1198 684 1305 720 paravit
1326 686 1353 712 et
1374 691 1423 720 per
1445 683 1636 720 supradictum
1657 684 1799 713 domiuum
1829 684 1929 721 Papam
1957 685 2043 714 Hono-

1198 731 1271 759 rium
1293 733 1389 759 octavo
1410 730 1587 767 pontificatus
1608 730 1683 759 illius
1703 739 1775 759 anno
1786 731 1806 765 ³,
1835 731 1907 759 sicut
1934 734 2044 768 optave-

1198 781 1256 811 rat,
1279 777 1398 805 obtinuit
1419 777 1587 806 confirmari.
1611 777 1647 806 Ad
1668 778 1749 806 cuius
1764 778 1967 807 observantiam
1980 778 2044 807 Fra-

1198 827 1255 852 tres
1276 823 1416 852 ferventer
1437 823 1587 858 inducens,
1602 824 1725 859 dicebat,
1741 832 1770 853 se
1784 825 1853 853 nibil
1868 825 1905 853 ibi
1921 825 2044 861 posuisse

1198 870 1351 899 secundum
1374 870 1538 899 industriam
1563 871 1720 907 propriam,
1742 871 1788 900 sed
1804 871 1895 899 omnia
1909 871 1948 900 sic
1962 871 2045 900 scribi

1197 917 1310 951 fecisse,
1332 917 1404 946 sicut
1424 917 1476 946 sibi
1497 917 1608 946 fuerant
1629 917 1761 946 divinitus
1776 918 1905 947 revelata.
1922 918 2000 955 Quod
2016 921 2045 947 ut

1198 964 1302 992 certius
1324 967 1462 993 constaret
1492 964 1646 993 testimonio
1674 965 1738 999 Dei,
1771 965 1866 1001 paucis
1896 965 2043 993 admodum

1198 1011 1316 1039 evolutis
1337 1011 1451 1045 diebus,
1473 1011 1607 1048 impressa
1628 1015 1693 1041 sunt
1724 1012 1748 1040 ei
1780 1012 1908 1048 stigmata
1938 1011 2045 1040 Domini

1199 1058 1259 1086 Iesu
1280 1058 1365 1095 digito
1385 1058 1433 1086 Dei
1457 1058 1508 1086 vivi
1532 1061 1664 1095 tanquam
1686 1059 1762 1087 bulla
1783 1058 1885 1087 summi
1908 1058 2044 1087 pontificis

1198 1105 1298 1134 Christi
1321 1105 1354 1133 ad
1387 1105 1624 1134 confirmationem
1656 1105 1841 1134 omnimodam
1874 1105 1992 1142 Regulae
2019 1108 2045 1134 et

1199 1152 1464 1181 commendationem
1487 1152 1625 1186 auctoris,
1647 1152 1719 1181 sicut
1740 1155 1802 1189 post
1823 1160 1938 1181 suarum
1966 1160 2045 1181 enar—

1200 1199 1333 1228 rationem
1356 1199 1493 1228 virtutum
1515 1207 1565 1228 suo
1587 1200 1669 1228 loco4
1690 1199 1806 1228 inferius
1827 1199 2008 1228 describetur.

1063 1330 1223 1359 CArirULnu
1246 1331 1276 1358 V.

589 1454 627 1482 De
648 1454 821 1482 austeritate
841 1454 926 1488 vitae,
949 1457 973 1482 et
994 1454 1136 1492 quomodo
1157 1458 1312 1482 creaturae
1330 1453 1509 1490 praebebant
1529 1454 1555 1482 ei
1574 1453 1714 1482 solatium
1725 1454 1745 1481 ⁵.
1782 1448 1785 1450 “

374 1579 397 1606 1.
421 1577 489 1605 Cum
511 1577 596 1614 igitur
618 1581 745 1606 cerneret
766 1578 808 1606 vir
830 1578 877 1606 Dei
897 1577 1075 1611 Franciscus,
1091 1586 1142 1606 suo

293 1625 421 1661 exemplo
443 1625 476 1653 ad
498 1632 608 1653 crucem
631 1625 732 1653 Christi
756 1625 931 1653 bajulandam
954 1625 1070 1653 ferventi
1087 1624 1142 1661 spi-

292 1672 348 1701 ritu
370 1672 506 1709 plurimos
526 1672 658 1706 aniniari;
681 1672 856 1701 animabatur
878 1676 905 1701 et
926 1673 984 1709 ipse
1009 1675 1140 1709 tanquam

291 1720 381 1748 bonus
402 1719 462 1747 dux
483 1719 627 1747 exercitus
645 1719 746 1748 Christi
762 1719 795 1747 ad
812 1720 930 1756 palmam
946 1720 1077 1748 victoriae
1092 1727 1141 1756 per

292 1767 402 1796 culmen
424 1766 542 1795 invictae
568 1766 714 1802 pervenire
744 1766 863 1795 virtutis.
893 1766 1041 1795 Attendens
1069 1766 1140 1794 enim

292 1814 361 1843 illud
382 1814 500 1850 Apostoli
532 1813 689 1842 verbumss:
713 1814 771 1849 Qui
801 1817 898 1842 autem
931 1818 1000 1842 stmt
1034 1812 1144 1842 Clu-isti

292 1869 412 1889 carnem
433 1869 519 1888 suam
542 1860 757 1897 crucifixerunt
777 1869 845 1889 cum
865 1861 945 1889 vitiis
966 1864 991 1889 et
1006 1860 1142 1897 concapi—

290 1908 424 1941 scentz't's;
446 1911 478 1936 ut
500 1907 591 1936 crucis
612 1910 783 1936 armaturam
800 1916 851 1936 suo
865 1908 952 1937 ferret
966 1908 994 1936 in
1009 1916 1141 1945 corpore,

292 1957 366 1983 tanta
387 1954 547 1991 disciplInae
570 1954 707 1991 rigiditate
728 1955 870 1983 sensuales
897 1955 1037 1992 appetitus
1065 1962 1142 1984 arce-

290 2002 352 2036 bat,
375 2005 406 2030 ut
429 2002 476 2030 vix
499 2002 654 2030 necessaria
669 2005 793 2030 sumeret
807 2002 1001 2030 sustentationi
1016 2005 1140 2031 naturae.

292 2049 408 2077 Difficile
429 2056 550 2086 namque
570 2049 629 2077 fore
650 2049 758 2077 dicebat
779 2049 934 2078 necessitati
957 2049 1082 2086 corporis
1103 2057 1143 2078 sa-

291 2096 434 2130 tisfacere,
456 2099 483 2124 et
505 2096 636 2132 pronitati
658 2104 791 2124 sensuum
813 2104 866 2124 non
889 2104 996 2133 parere.
1027 2097 1141 2133 Propter

292 2142 366 2179 quod
388 2145 465 2171 cocta
486 2143 589 2171 cibaria
611 2143 735 2171 sanitatis
757 2146 882 2179 tempore
904 2143 952 2171 vix
981 2143 1142 2171 admittebat

292 2192 320 2218 et
341 2198 420 2223 raro,
443 2189 561 2218 admissa
584 2198 649 2218 vero
679 2193 728 2218 aut
758 2190 921 2218 conficiebat
952 2189 1060 2223 cinere,
1093 2193 1142 2218 aut

292 2237 458 2265 condimenti
481 2244 608 2273 saporem
630 2236 802 2265 admixtione
822 2244 911 2273 aquae
933 2240 964 2265 ut
987 2236 1141 2273 plurimum

293 2284 425 2313 reddebat
445 2284 605 2320 insipidum.
628 2284 667 2312 De
690 2287 757 2320 potu
779 2284 834 2312 vini
847 2284 857 2300 ⁷
873 2284 939 2320 quid
955 2284 1061 2318 dicam,
1077 2292 1141 2312 cum

295 2334 322 2360 et
343 2331 376 2360 de
397 2339 482 2368 aqua,
505 2331 572 2359 dum
594 2331 653 2360 sitis
667 2334 807 2360 aestuaret
821 2331 937 2365 ardore,
953 2331 1000 2359 vix
1016 2330 1050 2359 ad
1064 2330 1141 2359 suffi-

293 2378 421 2407 cientiam
451 2378 583 2407 biberet?
611 2378 703 2406 Medos
736 2377 930 2406 adinveniebat
961 2377 1143 2406 abstinentiae

292 2425 407 2461 potioris
429 2428 456 2453 et
477 2425 600 2461 quotidie
622 2424 821 2453 exercitatione
843 2424 999 2459 crescebat;
1023 2424 1143 2461 licetque

292 2471 345 2500 iam
368 2471 545 2508 perfectionis
566 2472 677 2500 culmen
699 2471 862 2508 attingeret,
885 2473 1017 2508 tanquam
1032 2479 1141 2508 semper

292 2518 441 2555 incipiens,
463 2518 567 2555 aliquid
589 2518 752 2552 innovabat,
774 2517 970 2546 afflictionibus
984 2518 1076 2546 carnis
1090 2526 1142 2554 pu-

1199 1577 1299 1605 niendo
1314 1577 1463 1605 libidinem.
1476 1594 1513 1597 —
1526 1577 1673 1614 Egrediens
1687 1580 1779 1605 autem
1795 1576 1921 1606 exterius
1932 1580 2045 1614 propter

1199 1625 1317 1653 verbum
1350 1624 1486 1661 Evangelii
1499 1623 1519 1657 8,
1552 1623 1741 1652 conformabat
1772 1631 1801 1652 se
1832 1623 2046 1660 suscipientibus

1199 1671 1291 1708 ipsum
1312 1671 1339 1699 in
1362 1671 1494 1708 qualitate
1509 1671 1651 1705 ciborum,
1667 1678 1729 1699 cum
1746 1674 1851 1705 tamen,
1866 1670 1900 1699 ad
1914 1671 2047 1699 interiora

1200 1726 1359 1755 regressus,
1379 1718 1503 1747 districte
1518 1721 1642 1747 servaret
1657 1718 1772 1755 rigidam
1788 1718 1970 1747 abstinentiae
1984 1725 2046 1754 par-

1200 1766 1318 1794 citatem.
1342 1765 1441 1802 Sicque
1462 1773 1491 1794 se
1512 1765 1603 1802 ipsum
1625 1767 1768 1794 austerum
1794 1765 1862 1799 sibi,
1890 1765 2046 1794 humanum

1200 1813 1346 1849 proximo,
1363 1812 1518 1841 subiectum
1536 1812 1681 1849 Evangelio
1695 1812 1797 1841 Christi
1813 1820 1863 1849 per
1877 1812 1971 1840 omnia
1986 1811 2046 1840 red-

1199 1860 1284 1894 dens,
1306 1868 1361 1888 non
1383 1860 1472 1888 solum
1494 1859 1672 1893 abstinendo,
1694 1867 1793 1888 verum
1821 1859 1903 1888 etiam
1931 1858 2047 1887 mandu—

1200 1907 1286 1936 cando
1307 1907 1457 1944 praebebat
1477 1907 1674 1936 aedificationis
1695 1906 1866 1943 exemplum.
1895 1906 1973 1935 Nuda
1993 1906 2046 1934 hu-

1200 1962 1263 1983 mus
1284 1958 1316 1983 ut
1338 1954 1512 1991 frequentius
1533 1954 1620 1982 lectus
1647 1956 1708 1982 erat
1735 1954 1835 1982 lassato
1864 1953 2046 1990 corpusculo,

1199 2005 1227 2030 et
1249 2001 1359 2038 saepius
1380 2001 1491 2035 sedens,
1513 2001 1587 2038 ligno
1608 2001 1652 2030 vel
1674 2000 1763 2037 lapide
1784 2000 1818 2029 ad
1839 2002 1923 2037 caput
1942 2000 2046 2037 posito,

1199 2049 1369 2083 dormiebat,
1391 2049 1473 2077 unica
1493 2056 1616 2085 paupere
1637 2051 1779 2077 contectus
1795 2047 1932 2082 tunicula,
1947 2047 1979 2076 z'rt
1992 2056 2045 2076 mt-

1199 2096 1289 2124 ditate
1310 2096 1426 2124 Domino
1448 2095 1585 2124 serviebat
1606 2098 1632 2123 et
1651 2094 1765 2132 frigore
1776 2095 1795 2123 ⁹.

1277 2144 1303 2171 2.
1328 2142 1516 2179 Interrogatus
1536 2142 1698 2179 aliquando,
1721 2141 1860 2179 quomodo
1875 2142 1977 2170 vestitu
1991 2145 2046 2170 tam

1199 2189 1276 2217 tenui
1298 2196 1327 2217 se
1349 2192 1441 2225 posset
1461 2189 1496 2217 ab
1517 2189 1643 2217 hiemalis
1664 2188 1766 2225 algoris
1788 2188 1936 2225 asperitate
1958 2188 2045 2223 tueri,

1199 2236 1227 2264 in
1249 2236 1364 2272 spiritus
1385 2235 1495 2264 fervore
1516 2235 1673 2272 respondit:
1700 2247 1714 2260 «
1728 2235 1754 2263 Si
1777 2243 1914 2272 supernae
1941 2235 2047 2272 patriae

1198 2283 1310 2311 flamma
1331 2290 1381 2319 per
1401 2282 1570 2311 desiderium
1592 2283 1817 2319 contingerentur
1846 2282 1977 2316 interius,
1998 2282 2047 2310 fri-

1198 2338 1250 2366 gus
1271 2329 1344 2358 istud
1366 2329 1493 2358 exterius
1513 2329 1592 2359 facile
1613 2333 1789 2367 portaremus
1804 2341 1830 2358 ».
1846 2329 1935 2358 Vestis
1949 2330 2046 2359 horre-

1198 2377 1245 2405 bat
1267 2377 1426 2410 mollitiem‚
1441 2377 1618 2414 asperitatem
1633 2377 1758 2411 amabat,
1777 2384 1917 2411 asserens,
1931 2380 2046 2414 propter

1199 2424 1251 2453 hoc
1273 2424 1400 2453 Ioannem
1422 2424 1571 2461 Baptistam
1587 2432 1636 2453 ore
1650 2424 1743 2453 divino
1758 2423 1842 2453 fuisse
1857 2424 1998 2453 laudatum
2011 2424 2043 2452 1⁰.

1199 2471 1225 2499 Si
1247 2471 1358 2508 quando
1379 2479 1445 2500 vero
1466 2471 1494 2500 in
1516 2471 1579 2500 data
1600 2471 1651 2500 sibi
1674 2471 1768 2499 tunica
1796 2471 1934 2500 lenitatem
1962 2471 2045 2500 senti-

1199 2521 1257 2552 ret,
1279 2518 1422 2547 chordulis
1443 2526 1503 2547 eam
1525 2518 1691 2547 contexebat
1712 2518 1846 2552 interius,
1868 2518 1933 2555 quia
1947 2526 2000 2546 non
2017 2518 2044 2546 in

356 2680 363 2692 ¹
382 2681 491 2708 Rayuerii
508 2681 558 2703 sive
575 2681 652 2703 Fontis
669 2680 795 2703 Columbae
819 2687 892 2708 prope
916 2680 998 2703 urbem
1021 2681 1141 2703 Reatinam

294 2719 381 2748 (Rieu).
399 2720 448 2742 Duo
465 2720 521 2742 socii
539 2723 605 2742 erant
621 2720 656 2742 Fr.
674 2721 719 2742 Leo
737 2723 759 2742 et
774 2720 811 2742 Fr.
833 2720 944 2742 Bonitius.
966 2719 1011 2743 Csr.
1034 2720 1142 2742 Analecta

293 2759 455 2786 Franciscana,
473 2764 528 2782 torn.
547 2759 578 2781 111.
597 2766 650 2787 pag.
669 2760 711 2787 29,
729 2762 751 2781 et
767 2759 906 2787 Wadding.,
925 2760 967 2781 loc.
984 2759 1035 2787 cit„
1053 2759 1082 2782 ad
1102 2766 1140 2782 an.

294 2798 367 2825 =l⁴Z<23,
385 2805 407 2820 n.
424 2799 447 2820 9.
465 2805 513 2827 seq.
994 2797 1003 2811 2
1019 2799 1055 2821 Fr.
1074 2799 1141 2821 Eliae.

357 2836 366 2849 ⁸
384 2837 475 2860 Scilicet
490 2843 525 2859 311.
543 2838 613 2864 1223,
626 2838 662 2859 29.
676 2838 732 2860 Nov.
744 2850 775 2854 —
788 2838 899 2865 Superius
915 2844 959 2866 pro
976 2837 1054 2861 instar
1071 2837 1113 2860 BC
1123 2838 1142 2860 D

294 2876 334 2898 EF
351 2875 483 2904 adinstar,
502 2877 542 2905 qui
559 2877 627 2899 etiam
645 2883 688 2905 pro
700 2876 822 2906 reparavit
833 2876 975 2899 substituunt
986 2876 1142 2906 recuperavit.

356 2914 365 2927 ⁴
383 2914 438 2943 Cap.
458 2916 495 2937 13.
512 2916 635 2943 lnipressio
652 2916 786 2943 stigmatum
806 2917 863 2938 sacta
880 2916 921 2938 fuit
938 2922 974 2938 an.
1001 2916 1058 2938 1224
1081 2916 1141 2938 circa

295 2955 377 2976 festum
396 2955 540 2976 Exultationis
557 2956 580 2976 S.
597 2954 676 2977 Crucis
694 2954 740 2983 (14.
759 2954 840 2983 Sept).
856 2967 887 2971 -
898 2955 1010 2982 Superius
1021 2954 1142 2982 respicitur

296 2993 365 3015 Exod.
383 2993 424 3021 31,
444 2993 481 3015 48.
498 2996 520 3015 et
538 2994 602 3015 Deut.
619 2994 646 3020 9,
665 2994 707 3020 rlO,
726 2993 764 3015 ubi
791 2993 882 3016 tabulae
904 2994 1027 3016 testimonii
1050 2993 1140 3022 (decem

295 3032 482 3059 praeceptorum)
501 3032 609 3054 dicuntur
625 3033 724 3060 scriptae
741 3032 813 3062 dryite
832 3032 880 3055 Dei.

1262 2680 1272 2693 ⁵
1289 2681 1333 2704 Csr.
1352 2681 1434 2703 Tliom.
1453 2687 1466 2703 a
1483 2680 1579 2707 Celano,
1597 2681 1647 2702 Vita
1666 2681 1680 2702 l.
1698 2686 1721 2708 p.
1739 2681 1754 2702 1.
1772 2686 1791 2702 c.
1811 2680 1847 2702 ta.
1865 2682 1886 2702 et
1903 2680 1928 2701 21
1940 2687 1945 2708 ;
1958 2679 2008 2702 Vita
2020 2680 2045 2702 ll.

1199 2726 1221 2748 p.
1240 2721 1254 2742 l.
1272 2726 1292 2743 e.
1311 2720 1348 2742 45.
1365 2723 1387 2742 et
1404 2727 1426 2747 p.
1444 2720 1477 2742 111.
1494 2726 1513 2742 c.
1532 2719 1569 2742 55.
1588 2719 1625 2741 56.
1643 2719 1680 2741 59.
1698 2719 1734 2741 66,
1753 2719 1832 2742 95-98.
1851 2719 1903 2741 102.

1262 2758 1271 2771 ⁵
1288 2759 1335 2781 Gal.
1354 2760 1381 2787 5,
1399 2759 1437 2781 24.
1454 2758 1498 2781 Cfr.
1517 2758 1654 2786 Wadding„
1672 2759 1714 2781 loc.
1732 2758 1780 2785 cit,
1798 2758 1826 2780 ad
1839 2758 2045 2786 311.1210,11.53.

1263 2797 1271 2811 ⁷
1289 2798 1343 2820 Fide
1361 2799 1485 2821 multorum
1503 2798 1572 2820 codd.
1589 2797 1723 2820 addidimus
1734 2796 1790 2820 vini.
1803 2796 1907 2819 Subinde
1919 2799 1970 2825 post
1981 2802 2045 2826 aqua

1199 2838 1253 2860 edd.
1270 2842 1348 2860 contra
1365 2837 1456 2860 AGlltI
1474 2836 1612 2859 subnectunt
1628 2836 1727 2866 frigida.

1262 2875 1271 2889 Β
1288 2877 1342 2899 Luc.
1361 2877 1403 2904 to,
1420 2876 1447 2898 7:
1466 2877 1488 2898 ln
1505 2876 1588 2898 eadem
1605 2878 1682 2898 autem
1700 2876 1771 2898 domo
1788 2877 1892 2903 manete,
1913 2874 2007 2897 edentes
2022 2877 2045 2897 et

1199 2915 1304 2938 bibentes
1321 2921 1382 2944 quae
1399 2916 1462 2943 apud
1479 2915 1529 2937 illos
1545 2918 1604 2937 sunt.

1262 2953 1272 2966 ⁹
1289 2955 1358 2982 Epist.
1377 2955 1399 2976 ll.
1418 2953 1470 2976 Cor.
1488 2954 1529 2980 Ἰ111,
1546 2953 1587 2976 27:
1607 2954 1628 2975 ln
1648 2953 1733 2981 frigore
1750 2956 1772 2975 et
1788 2953 1898 2975 nuditate.

1262 2992 1282 3005 ¹⁰
1299 2994 1376 3015 Mattli.
1394 2993 1435 3020 11,
1453 2993 1479 3020 8;
1496 2993 1551 3015 Luc.
1568 2992 1595 3019 7,
1612 2993 1649 3015 25.
1671 3004 1702 3009 —
1724 2992 1835 3020 Superius
1857 2992 1909 3014 Vat.
1932 2994 1954 3014 et
1973 2991 2010 3014 ed.
2030 2991 2039 3013 4

1199 3033 1378 3061 coizteyeremw·
1396 3038 1438 3060 pro
1455 3031 1655 3061 contingerentur.

2074 694 2114 714 Eius
2119 703 2128 716 n

2057 718 2115 738 confit-1
2120 721 2133 740 in

2062 1583 2112 1602 Notai
2121 1588 2133 1603 111

2087 1935 2111 1960 ips
2118 1923 2124 1930 Α

2067 2146 2092 2174 Dq
2103 2151 2111 2165 v
2122 2146 2133 2164 tt

2086 2174 2112 2194 xps
