2133 3317
792 218 1032 248 PROLEGOMENA
1052 219 1131 248 C.1L

88 300 167 324 sancte
183 298 295 321 memorie
312 297 442 321 cardinalis
459 297 549 320 domini
570 297 742 324 Bomventure,
755 296 876 326 quondam
892 302 928 325 qe-

86 345 176 369 neralis
192 344 299 368 ministri
315 344 411 368 Ordinis
433 343 562 373 Minor-um,
586 343 618 367 ad
634 343 756 367 ministros
768 343 928 373 provinciales

86 395 109 417 et
125 392 238 416 custodes.
255 392 283 415 In
304 392 352 414 Xto
374 394 418 414 etc.
435 391 521 414 Desinit
543 392 580 413 tol.
600 391 636 413 53.
659 397 695 413 v.:
714 391 802 414 Datum
820 390 928 413 Parisins

87 444 150 462 anno
168 437 264 461 Domini
279 437 359 461 MCGL
366 437 414 460 VII.
427 437 451 460 in
468 437 504 460 die
515 437 593 460 sancti
605 436 702 466 Georgii
717 436 840 466 martyris.
858 436 926 459 Hanc

87 485 180 508 literam
197 487 247 511 etc„
266 487 290 506 ut
306 484 328 506 in
345 484 452 506 editione.

149 531 172 553 9.
195 530 345 558 Florentiae,
369 530 506 552 bibliotheca
532 530 803 558 Mediceo-Laurentiana,
829 530 881 552 cod.
906 530 928 552 3.

89 579 144 601 Plut.
160 577 244 600 XXXl.
265 577 336 600 sinist.
359 576 458 599 membr.
474 577 495 599 in
519 577 557 599 iol.
578 583 644 605 parv.
666 582 726 599 saec.
744 576 803 599 XlV.
820 589 851 592 —
868 577 929 598 Haec

88 625 182 654 epistola
198 625 277 652 incipit
295 625 331 647 tol.
348 624 401 646 205.
418 630 442 646 v.
459 624 506 646 sic:
523 624 550 646 ln
568 624 615 647 Xto
632 623 678 646 sibi
698 622 845 646 charissimis
863 623 928 645 mini-

89 671 146 696 stris
162 672 183 694 et
200 670 335 694 custodibus
352 670 469 693 universis
503 669 599 693 Ordinis
618 670 725 699 fratrum
741 669 863 692 Minoi-um
879 670 929 699 fra-

86 720 121 742 ter:
137 718 310 744 Bonavenlura,
330 716 426 740 Ordinis
442 722 526 740 eornm
537 716 654 746 qeneralis
665 716 779 744 minister,
796 715 897 739 salutem
909 717 931 739 et

83 769 174 794 pacem,
204 769 247 793 que
274 764 372 792 superat
399 768 492 786 omnem
521 768 625 785 sensum.
654 762 715 786 Licet
741 761 929 792 insufficientiam

86 817 164 834 meam
180 813 222 833 etc.
242 810 326 833 Desinit
343 810 424 833 eodem
444 810 495 832 tolio
516 810 544 832 ad
562 809 647 832 rerba:
670 808 781 833 Occurrit
797 808 929 838 improvida

86 857 216 888 officiorum
232 856 365 880 commissio
383 856 415 885 (n.
431 856 470 885 2.).
492 856 570 879 Cetera
588 856 754 879 desiderantur.

150 904 187 926 10.
203 905 284 932 lenae,
301 903 437 926 bibliotheca
457 903 622 930 Universitafis
643 903 694 925 cod.
715 905 760 925 oct.
786 903 819 925 tt.
837 903 925 925 collect.

75 951 220 978 ·Bosstanae,
237 952 307 973 chart.
325 956 385 973 saec.
410 950 460 972 XV.
478 963 507 965 —
524 950 571 972 Fol.
588 950 640 972 320.
658 955 692 971 r.:
713 949 815 979 Epistola
833 949 928 972 Domini

86 998 170 1028 fratris
187 998 362 1026 Bonaventure,
382 1003 455 1027 quam
466 997 530 1020 misit
544 1003 588 1026 per
605 998 680 1020 totum
696 996 816 1019 Ordinem.
834 997 860 1019 ln
877 997 925 1019 Xto

86 1044 130 1068 sibi
145 1044 275 1068 carissimis
293 1046 336 1067 etc.
361 1044 446 1066 Desinit
459 1044 496 1066 fol.
522 1044 559 1066 62.
577 1049 610 1066 r.:
628 1044 717 1067 Datum
738 1043 845 1067 Par-isius
862 1049 926 1066 anno

87 1090 181 1114 Domini
195 1089 316 1113 MGGLVI.
338 1089 363 1112 in
384 1089 421 1113 die
441 1089 519 1112 sancti
534 1089 631 1119 Georyii
650 1089 773 1120 martyris.
798 1090 863 1113 Hanc
880 1089 926 1113 lite-

86 1143 140 1160 ram
156 1138 207 1164 etc.,
224 1139 249 1159 ut
264 1136 287 1158 in
305 1136 412 1159 editione.

149 1184 186 1206 Μ.
202 1182 301 1211 Ibidem,
319 1184 340 1205 in
358 1183 441 1205 eodem
458 1183 537 1206 codiee
554 1185 625 1205 exstat
642 1183 703 1205 aliud
726 1183 842 1211 exemplar
859 1183 927 1205 huius

86 1231 195 1259 epistolae
206 1230 353 1258 praecedenti
366 1236 406 1257 per
418 1230 493 1252 omnia
512 1229 596 1256 simile,
614 1235 626 1251 a
641 1235 711 1252 manu
723 1229 818 1258 quidem
835 1229 926 1252 diversa

87 1279 216 1304 exaratum,
233 1276 274 1299 sed
291 1276 395 1298 eiusdem
414 1276 532 1304 temporis

151 1323 187 1345 12.
203 1321 334 1350 Monachii,
352 1322 488 1345 bibliotheca
515 1322 600 1350 Regia,
625 1322 677 1344 cod.
700 1322 769 1344 9058.
792 1328 852 1344 saec.
875 1322 926 1344 XV.

86 1369 196 1393 exeuntis.
213 1382 242 1385 —-
259 1369 304 1391 Fol.
322 1369 359 1391 33.
376 1375 399 1390 r.
416 1369 511 1396 legitur:
529 1367 582 1391 Alia
598 1367 696 1397 epistola
713 1368 790 1391 sancti
807 1369 926 1391 Bonaren-

86 1417 145 1440 tare.
170 1416 198 1438 In
222 1416 270 1439 Xto
295 1414 340 1439 sibi
362 1415 492 1438 carissimis
509 1417 551 1437 etc.
569 1415 654 1437 Desinit
672 1415 724 1437 solio
742 1415 778 1437 35.
796 1422 818 1437 v.
835 1414 926 1437 verbis:

86 1463 153 1486 Hanc
168 1464 247 1486 autem
264 1462 358 1485 literam
380 1461 427 1491 leqi
442 1462 466 1485 in
483 1461 584 1491 sinqulis
607 1462 756 1485 conventibus
778 1463 853 1485 vestre
874 1467 927 1491 pro-

86 1508 160 1532 vincie
176 1508 276 1538 facialis.

152 1556 186 1578 13.
203 1555 301 1583 Ibidem,
320 1555 457 1578 bibliotheca
482 1555 651 1582 Universitatis,
673 1555 726 1577 cod.
753 1555 789 1577 15.
816 1556 886 1577 chart.
904 1555 927 1577 in

86 1604 108 1626 8.
124 1609 190 1631 parv.
211 1608 271 1625 sace.
289 1602 339 1624 XV.
359 1615 390 1618 —
416 1602 515 1630 Epistola
532 1603 588 1624 haec
605 1602 684 1630 Incipit
706 1602 744 1624 iol.
766 1602 818 1624 283.
839 1608 874 1624 v.:
901 1603 928 1625 ln

86 1649 134 1673 Xto
149 1648 194 1672 sibi
207 1648 342 1672 karissimis
359 1652 401 1671 etc.
420 1649 505 1671 Desinit
521 1649 558 1671 sol.
575 1649 628 1670 286.
645 1655 676 1670 r.:
693 1648 794 1678 faciatis.
817 1647 928 1677 Emplicit.

152 1695 185 1718 tt.
204 1695 304 1724 Ooeonii,
324 1695 461 1718 bibliotheca
483 1695 618 1723 BodIeiana,
636 1695 688 1717 cod.
708 1695 759 1717 277.
777 1696 848 1717 chart.
865 1695 887 1717 in
906 1694 927 1717 4.

89 1749 148 1766 saec.
165 1743 216 1765 XV.
233 1743 344 1765 exeuntis.
360 1755 391 1758 -—
402 1743 447 1765 Fol.
465 1743 503 1764 26.
520 1749 538 1764 r.
550 1742 645 1770 legitur:
662 1741 746 1771 Incipit
762 1741 860 1771 epistola
876 1747 929 1764 san-

87 1789 118 1812 cti
133 1789 299 1812 Bonaventure
315 1788 404 1811 directa
421 1787 528 1817 Capitulo
546 1787 660 1817 qenerali.
676 1789 702 1810 In
721 1788 767 1811 Xto
785 1792 826 1810 etc.
844 1788 929 1810 Desinit

87 1835 140 1858 solio
157 1835 262 1864 sequenti
279 1841 298 1857 r.
315 1837 340 1857 ut
357 1835 380 1856 in
397 1834 505 1857 editione.

151 1882 188 1904 15.
205 1880 303 1911 Papiae,
322 1880 459 1903 bibliotheca
476 1880 646 1907 Uffiversitatis,
664 1880 714 1903 cod.
732 1880 826 1903 CXXX.
848 1881 873 1903 Α.
891 1881 928 1902 21.

87 1929 211 1951 miscellan.
228 1928 249 1950 in
267 1928 288 1950 8.
306 1934 365 1950 saec.
383 1927 434 1950 XV.
453 1940 482 1943 —
499 1927 544 1949 Fol.
564 1927 600 1949 46.
617 1933 636 1949 r.
653 1930 687 1949 est
704 1932 804 1955 sequens
820 1926 927 1949 rubrica:

87 1975 161 2002 Nota,
179 1973 242 2004 quod
258 1973 368 1997 dominus
384 1974 553 1997 Bonaventara
569 1973 666 2001 asserit,
690 1973 767 1996 decem
784 1979 845 2001 esse,
868 1979 928 2003 qaae

87 2021 212 2045 desti-nunt
220 2020 358 2050 reliqionem
365 2022 482 2044 nostram.
494 2020 601 2043 Primum
612 2021 647 2043 est
657 2019 806 2049 neqotiornm
815 2019 928 2049 multipli-

88 2068 153 2092 citas.
169 2069 218 2091 Non
235 2067 354 2091 exhibetur
371 2068 420 2095 ipse
437 2070 522 2094 textus,
539 2067 580 2090 sed
600 2070 744 2094 excerptum,
767 2067 803 2089 cui
821 2066 927 2089 additur:

90 2116 136 2139 Hec
156 2117 253 2139 sanctas
271 2116 436 2138 Bonaventura
455 2115 479 2138 in
495 2114 599 2144 quadam
621 2114 720 2144 epistola
735 2114 825 2138 directa
845 2114 877 2137 ad
892 2121 928 2137 ca-

87 2163 193 2192 pitulum
209 2162 326 2192 qenerale.

157 2210 190 2231 lfi.
207 2208 318 2235 Parisiis,
336 2208 472 2230 bibliotheca
490 2208 623 2235 Nationalis‚
641 2208 692 2230 cod.
713 2208 798 2230 ‹18327.
817 2208 888 2230 chart.
905 2208 927 2230 in

88 2256 110 2278 8.
127 2261 192 2283 parv,
208 2261 267 2277 saec.
285 2255 334 2278 XV.
346 2267 377 2272 —
388 2255 434 2277 Fol.
453 2255 505 2276 =l72.
521 2261 554 2276 1·.:
568 2254 673 2284 Epistola
690 2254 739 2277 alia
755 2254 859 2277 eiusdem
877 2255 928 2281 (Βο-

87 2302 236 2330 naventurae)
248 2301 280 2325 ad
296 2301 418 2325 ministros
429 2301 586 2331 provinciales
602 2303 623 2324 el
635 2301 741 2324 custodes
753 2301 781 2324 de
798 2302 928 2331 reforman-

89 2348 124 2372 dis
139 2348 256 2379 fratribus
277 2349 316 2371 sni
333 2348 437 2372 Ordinis.
454 2349 481 2371 In
498 2348 544 2371 Xto
567 2347 611 2371 sibi
632 2347 763 2371 carissimis
781 2351 823 2370 etc.
843 2349 928 2371 Desinit

91 2397 127 2418 tol.
149 2395 196 2418 t7t.
214 2402 244 2418 r.:
266 2395 312 2425 leqi
333 2395 358 2418 in
373 2395 475 2425 sinqulis
498 2394 647 2418 conventibus
667 2396 742 2418 vestre
757 2394 878 2425 provincie
894 2396 930 2425 sa-

90 2441 163 2466 ciatis.

156 2489 188 2511 l7.
205 2489 302 2517 Romae,
321 2488 456 2511 bibliotheca
475 2489 594 2515 Vaticana,
619 2489 671 2511 cod.
691 2489 743 2511 449.
757 2488 853 2511 membr.
871 2489 894 2511 in
907 2489 927 2511 4.

91 2541 150 2558 seeo.
168 2536 225 2558 Xiv.
243 2548 272 2551 —-
290 2536 336 2558 Fol.
355 2536 391 2558 63.
410 2542 432 2557 v.
450 2538 484 2558 est
500 2541 599 2564 sequens
615 2535 719 2558 rubrica:
738 2535 821 2558 Littere
842 2535 927 2565 fratris

91 2581 253 2604 Bonaventure
270 2581 398 2604 cardinalis
416 2583 437 2604 et
453 2581 571 2611 yeneralis
588 2581 716 2604 Minornm.
736 2582 762 2604 In
779 2582 849 2604 Xto...
868 2581 929 2605 Licet

91 2633 167 2651 meam
192 2628 379 2658 insufficientiam
396 2631 438 2651 etc.
465 2628 551 2650 Desinit
568 2628 620 2650 solio
638 2628 690 2650 65.:
717 2634 747 2651 ea:
764 2627 873 2651 omnibns
889 2634 929 2651 sn—

89 2673 211 2702 pradictis.

157 2720 191 2743 18.
210 2719 308 2748 Ibidem,
330 2720 468 2743 bibliotheca
492 2721 656 2747 vallicelliana,
679 2721 730 2743 cod.
745 2721 770 2742 B.
788 2721 840 2743 ι131.
858 2722 929 2742 chart.

91 2771 150 2788 saec.
167 2767 217 2789 XV.
233 2779 264 2784 —
281 2767 341 2790 llaec
358 2767 452 2795 epistola
473 2767 570 2790 hahetur
586 2767 638 2789 solio
655 2767 693 2789 74.
711 2767 790 2794 incipit
809 2770 832 2789 et
847 2767 930 2789 desinit

91 2815 117 2835 ut
132 2813 199 2835 edita.

156 2860 189 2882 ¹9.
207 2859 306 2888 Ibidem,
324 2860 460 2883 bibliotheca
472 2860 565 2889 Collegii
583 2861 654 2883 sancti
673 2861 751 2883 isidori
764 2860 929 2888 hibernorum,

91 2906 142 2928 cod.
158 2907 194 2928 88.
212 2908 283 2929 chart.
308 2913 367 2929 saec.
385 2907 436 2929 XV.
453 2920 483 2923 —-
501 2907 547 2929 Fol.
564 2908 584 2930 3.
608 2914 640 2930 r.:
656 2907 763 2937 Epistola
784 2907 869 2936 fratris
890 2908 930 2931 Bo-

95 2954 231 2980 naventure,
249 2959 321 2983 quam
338 2953 426 2977 diremit
439 2960 484 2983 per
500 2955 575 2977 lotam
592 2953 698 2977 ordinem
710 2956 814 2984 tempore
830 2954 869 2978 sui
889 2954 929 2977 mi-

1735 220 1824 248 LXXV

984 295 1083 320 nisterii.
1109 298 1136 320 ln
1160 298 1208 320 Xto
1233 301 1276 320 etc.
1302 298 1402 320 Desinit:
1431 297 1483 321 Dat.
1511 296 1619 320 Parisios
1644 303 1707 320 anno
1731 297 1827 320 Domini

985 343 1167 366 MCCLXXVII.

1048 390 1085 412 20.
1106 389 1266 419 Vindobonae‚
1284 390 1421 414 bibliotheca
1440 391 1536 413 Palatina
1547 409 1552 419 ‚
1569 391 1622 413 cod.
1635 390 1702 413 4349.
1720 391 1790 413 chart.
1803 391 1825 413 in

986 437 1008 458 8.
1027 442 1087 459 saec.
1099 437 1150 459 XV.
1163 450 1192 453 —
1204 438 1302 465 Epistola
1320 438 1398 466 incipit
1414 438 1452 460 tol.
1472 438 1509 460 69.
1526 444 1544 460 r.
1561 437 1651 460 verbis:
1670 438 1696 460 In
1713 438 1760 460 Xto
1782 437 1827 461 sibi

985 482 1116 506 carissimis
1133 486 1175 506 etc.
1197 484 1280 506 Desinit
1299 485 1335 506 tol.
1354 485 1391 506 74.
1412 490 1443 506 r.:
1464 484 1550 507 Datum
1567 483 1675 507 Parisios
1697 490 1760 507 anno
1783 485 1826 507 Do-

985 529 1046 552 mini
1060 529 1195 553 MGGLXII.
1213 530 1237 553 in
1253 531 1289 554 die
1305 531 1383 554 sancti
1399 531 1495 561 Georpii
1510 531 1625 555 martiris.

1310 609 1332 631 Β.
1350 608 1457 638 Epistola
1474 609 1504 632 Il.

1084 684 1101 707 1.
1116 684 1206 708 Codices
1222 692 1236 708 a.
1252 685 1315 708 nobis
1332 692 1381 709 cum
1398 685 1495 709 editione
1511 685 1625 709 Vaticana
1641 685 1727 709 collati.

1052 763 1068 784 l.
1087 762 1188 790 Romae,
1207 762 1342 785 bibliotheca
1364 763 1458 792 Collegii
1475 764 1546 787 sancti
1563 764 1641 786 Isidori
1660 764 1826 792 Hibernorum,

985 809 1037 831 cod.
1053 809 1090 832 77.
1108 810 1202 832 miscell.
1219 810 1240 832 in
1268 811 1300 832 12.
1318 816 1377 832 saec.
1401 811 1450 832 XV.
1468 823 1498 827 —
1514 811 1613 833 Rubrica
1631 812 1699 834 huius
1717 815 1750 834 est
1773 812 1825 834 folio

985 856 1037 878 224.
1054 862 1077 878 v.
1094 856 1126 878 sic
1147 863 1270 884 expressa:
1293 856 1398 886 Epistola
1421 857 1481 880 beati
1502 858 1666 881 Bonaventnre
1690 858 1722 880 ad
1744 864 1824 881 omnes

983 902 1072 932 fratres
1089 902 1198 926 Minores.
1219 904 1245 926 In
1261 903 1309 926 Χία
1325 903 1370 926 sibi
1385 903 1510 927 carissimo
1526 904 1600 933 fratri
1614 905 1640 927 P.
1656 904 1765 928 ministro
1779 906 1824 928 Τιι-

983 940 1029 972 scie
1044 949 1121 978 frater
1137 950 1312 978 Bonaventura,
1332 949 1427 973 Ordinis
1443 950 1549 980 fratrum
1567 950 1689 974 Minorum
1705 951 1825 980 petieratis

983 995 1090 1019 minister
1106 998 1127 1019 et
1142 1002 1233 1024 servus,
1253 996 1353 1020 salutem
1369 999 1390 1020 et
1404 1003 1489 1027 pacem
1501 997 1525 1020 in
1536 997 1635 1021 Domino
1648 998 1823 1027 sempiternam.

984 1042 1102 1070 Quoniam
1118 1042 1150 1065 ad
1166 1042 1209 1066 Itoc
1230 1043 1382 1073 potissimum
1399 1047 1442 1066 etc.
1469 1044 1554 1067 Desinit
1575 1044 1666 1067 verbis:
1684 1044 1825 1074 empticeittr.

982 1090 1070 1113 Datum
1086 1089 1195 1113 Parisitts
1212 1091 1314 1119 lempore
1332 1091 1435 1120 Capituli
1448 1091 1573 1121 aenei-alis.
1591 1093 1612 1114 ln
1626 1093 1668 1114 hae
1685 1095 1761 1115 nostra
1775 1093 1821 1115 edi-

982 1137 1042 1159 tione
1059 1137 1162 1165 signatur
1176 1137 1248 1160 littera
1265 1138 1291 1160 Α.

1045 1184 1066 1205 2.
1083 1182 1182 1212 Ibidem,
1201 1183 1336 1206 bibliotheca
1360 1185 1482 1211 Vaticana,
1499 1185 1551 1207 cod.
1569 1185 1671 1208 Urbinat.
1685 1185 1737 1208 480.
1754 1192 1823 1214 supra

982 1229 1124 1258 descriptus,
1141 1237 1162 1252 n.
1180 1231 1202 1252 3.
1219 1243 1249 1247 —
1266 1231 1311 1253 Fol.
1333 1231 1382 1253 107.
1399 1238 1421 1253 ν.
1445 1231 1557 1253 habetur:
1575 1231 1681 1261 Epistola
1703 1231 1730 1254 de
1747 1232 1824 1261 refor-

982 1276 1075 1300 mandis
1091 1276 1216 1306 fratribus.
1234 1278 1261 1299 In
1277 1278 1325 1300 Xto
1348 1277 1393 1300 sibi
1408 1277 1532 1301 carissimo
1554 1281 1597 1301 etc.
1617 1279 1717 1301 Desinit:
1734 1279 1822 1301 Datum

982 1323 1091 1346 Pari-sius
1108 1325 1211 1353 tempore
1228 1324 1331 1353 Capituli
1346 1324 1470 1353 qeneralis.
1488 1325 1550 1353 Sign.
1569 1326 1592 1348 B.

1045 1371 1067 1393 3,
1087 1370 1185 1398 Ibidem,
1203 1371 1255 1394 cod.
1272 1371 1340 1393 9403.
1358 1371 1456 1394 membr.
1474 1372 1495 1394 8.
1511 1378 1570 1394 saec.
1594 1372 1654 1394 XlV.
1672 1385 1702 1388 —
1724 1372 1823 1400 Epistola

982 1417 1062 1445 incipit
1079 1418 1116 1440 tol.
1134 1418 1171 1439 20.
1194 1424 1216 1439 v.
1233 1417 1326 1440 verbis:
1347 1419 1374 1440 ln
1391 1418 1438 1441 Xto
1463 1418 1508 1441 sibi
1522 1417 1649 1442 karissimo
1674 1419 1748 1448 fiatri
1775 1419 1822 1448 (no-

983 1469 1036 1486 men
1054 1464 1094 1486 suit
1110 1464 1228 1492 abrasum)
1251 1464 1360 1488 ministro
1383 1464 1480 1488 Tusciae
1496 1465 1572 1494 frater
1593 1465 1761 1488 Bonanentara
1779 1465 1822 1489 Or·

983 1509 1044 1533 dinis
1068 1510 1175 1539 fratrum
1191 1510 1313 1533 Minor-nm
1330 1510 1446 1540 qeneralis
1463 1511 1572 1534 minister
1587 1512 1609 1534 et
1624 1517 1707 1534 servas
1724 1514 1766 1534 etc.
1784 1512 1824 1534 De-

983 1557 1036 1579 sinit
1053 1557 1088 1579 rot.
1107 1557 1143 1579 21.
1161 1563 1199 1579 v.:
1220 1557 1307 1580 Datum
1325 1557 1432 1580 Parisius
1452 1559 1555 1587 tempore
1580 1558 1684 1588 Capituli
1699 1558 1823 1588 qeneralis.

984 1604 1048 1631 Sign.
1065 1603 1090 1626 C.

1201 1697 1230 1719 11.
1249 1696 1338 1720 Codices
1354 1703 1368 1720 a.
1384 1696 1447 1720 nobis
1463 1704 1506 1720 non
1527 1697 1614 1721 conati.

1048 1790 1068 1812 4.
1085 1789 1216 1817 Monacltii,
1234 1790 1370 1813 bibliotheca
1387 1791 1471 1818 Regia,
1488 1791 1539 1814 cod.
1557 1791 1625 1814 9068.
1642 1793 1713 1814 chart.
1731 1792 1752 1814 8.
1764 1798 1823 1815 saec.

985 1835 1035 1857 XV.
1052 1838 1142 1858 exeunt.
1159 1848 1189 1852 -—
1206 1836 1251 1858 Fol.
1270 1836 1306 1858 31.
1324 1843 1348 1858 ν.
1364 1837 1516 1864 praemittitur
1528 1839 1632 1860 tantum:
1650 1837 1756 1867 Epistola
1772 1844 1825 1861 san-

984 1881 1015 1905 cti
1031 1882 1208 1910 Bonarenture;
1226 1882 1324 1905 deinde:
1342 1883 1369 1906 In
1383 1883 1431 1906 Xto
1443 1883 1488 1906 sibi
1502 1883 1629 1907 karissimo
1640 1884 1714 1914 fratri
1730 1885 1756 1908 Β.
1773 1886 1824 1908 lau-

984 1928 1038 1952 ceiis
1052 1929 1173 1958 provincie
1198 1929 1306 1953 ministro
1328 1930 1404 1959 frater
1430 1931 1596 1954 Bonaventnra
1613 1934 1656 1954 etc.
1677 1932 1762 1954 Desinit
1787 1933 1825 1955 sol.

985 1975 1022 1998 34.
1038 1982 1061 1998 v.
1078 1982 1131 1998 cum
1149 1976 1263 1998 editione:
1281 1978 1441 2006 opportunam
1457 1977 1531 2007 fuerit
1546 1977 1684 2007 explicetur.

1047 2022 1068 2044 5.
1087 2021 1184 2050 Ibidem,
1213 2022 1350 2045 bibliotheca
1373 2023 1546 2050 Universitatis,
1573 2024 1624 2046 cod.
1651 2025 1688 2047 115.
1713 2026 1784 2048 chart.
1803 2026 1824 2047 8.

984 2075 1043 2092 saec.
1071 2069 1123 2091 XV.
1139 2082 1169 2086 —
1186 2070 1282 2098 Epistola
1304 2070 1383 2097 incipit
1408 2071 1446 2092 sol.
1471 2070 1524 2092 280.
1551 2077 1573 2092 v.
1599 2071 1646 2093 sine
1671 2072 1715 2094 ulla
1741 2071 1825 2094 indica-

984 2116 1056 2138 tione:
1084 2117 1110 2139 ln
1132 2116 1180 2139 Xto
1204 2116 1249 2139 sibi
1270 2116 1397 2139 karissimo
1419 2116 1493 2145 tratri
1513 2117 1630 2141 Biaucelis
1646 2118 1765 2147 provincie
1781 2119 1825 2142 mi-

983 2163 1059 2186 nistro
1077 2166 1119 2186 etc.
1137 2164 1222 2186 Desinit
1238 2164 1276 2186 t'ol.
1293 2165 1337 2186 283
1356 2171 1393 2186 v.:
1411 2164 1550 2194 explicetur.

1047 2211 1069 2233 6,
1088 2210 1200 2238 Parisiis,
1217 2210 1353 2233 bibliotheca
1366 2211 1494 2239 Nationalis‚
1506 2211 1557 2234 cod.
1574 2212 1652 2234 [8327.
1665 2213 1735 2235 chart.
1751 2213 1774 2235 in
1791 2214 1823 2235 12.

984 2263 1044 2279 saec.
1061 2257 1112 2279 XV.
1129 2269 1160 2273 —
1176 2257 1222 2279 Fol.
1244 2257 1296 2279 470.
1313 2264 1335 2279 v.
1353 2260 1404 2285 post
1421 2257 1463 2280 alia
1480 2264 1550 2285 opera
1563 2259 1635 2280 sancti
1650 2259 1824 2282 Bonaventurae

984 2303 1100 2332 sequitur:
1117 2302 1222 2332 Epistola
1239 2302 1342 2326 eiusdem
1357 2303 1448 2331 sancti,
1465 2303 1490 2326 in
1507 2310 1554 2333 qna
1571 2304 1677 2331 mandat,
1692 2306 1718 2328 itt
1733 2305 1823 2334 fratres

984 2349 1062 2373 nostri
1079 2349 1174 2372 Ordinis
1191 2351 1290 2372 careant
1305 2356 1318 2372 ιι
1336 2349 1468 2379 frequentia.
1485 2350 1650 2378 discursuum,
1668 2350 1697 2374 ab
1709 2351 1823 2381 importit-

986 2395 1056 2419 niiate
1073 2397 1211 2425 qnestnnm,
1228 2402 1242 2417 a
1264 2395 1443 2425 sumptuositale
1464 2396 1623 2426 edificiorum,
1641 2396 1771 2425 librorum,
1789 2404 1823 2421 ve-

984 2441 1056 2465 stium
1073 2448 1101 2465 ac
1118 2441 1237 2469 ciborum,
1257 2448 1272 2465 a
1288 2442 1446 2471 predicatione
1463 2444 1545 2466 contra
1562 2443 1667 2472 prelatos
1684 2449 1766 2467 coram
1783 2444 1824 2467 lai-

984 2488 1017 2512 cis
1034 2490 1055 2512 rt
1072 2494 1086 2511 a
1104 2488 1204 2517 litiyiosa
1218 2488 1338 2511 invasione
1352 2489 1533 2518 sepulturarum
1544 2491 1566 2513 et
1582 2491 1784 2513 testamentorum.
1797 2492 1822 2514 1η

985 2535 1032 2558 Χιο
1049 2535 1094 2558 sibi
1110 2535 1234 2558 carissimo
1251 2535 1325 2564 fratri
1349 2536 1373 2558 B.
1390 2536 1498 2559 Faucelis
1512 2536 1633 2566 provincie
1650 2537 1758 2560 ministro
1775 2538 1822 2567 frn-

984 2583 1019 2605 ter
1037 2582 1203 2605 Bonacentura
1222 2585 1264 2604 ctc.
1282 2582 1367 2604 Desinit
1388 2583 1425 2605 sol.
1446 2583 1495 2605 172.
1517 2589 1548 2605 r.:
1566 2590 1637 2613 qnam
1654 2584 1722 2607 citius
1739 2590 1823 2614 oppor-

985 2629 1069 2651 tunum
1086 2628 1159 2657 suerit
1174 2628 1313 2658 explicetur.

1046 2674 1059 2702 g
1080 2675 1113 2696 10,
1130 2674 1264 2704 Opusculum
1281 2674 1329 2697 XX.
1348 2674 1435 2704 Regula.
1452 2675 1597 2699 novitiorum.

1047 2727 1068 2743 a.
1086 2720 1175 2749 Reyula
1200 2720 1343 2744 novitiorum
1369 2722 1458 2749 incipit:
1484 2722 1656 2751 Resormantini
1679 2723 1702 2746 in
1719 2724 1822 2748 novitate

983 2773 1066 2790 sensus
1083 2767 1156 2790 vestri
1171 2770 1213 2790 etc.
1230 2770 1252 2790 et
1269 2770 1303 2790 est
1319 2769 1444 2791 certissime
1461 2769 1587 2796 genuinum
1605 2770 1626 2792 S.
1649 2771 1821 2793 Donaventurae

985 2820 1050 2842 opus.
1077 2814 1122 2836 sod
1144 2817 1266 2842 antequam
1290 2815 1332 2836 hoc
1357 2815 1516 2842 ostendamus,
1541 2816 1645 2844 expedit,
1668 2821 1691 2839 ιιι
1715 2818 1821 2840 nonnulla

985 2861 1158 2889 praemittamus
1174 2861 1204 2883 de
1221 2861 1297 2883 multis
1309 2861 1357 2883 aliis
1370 2861 1449 2884 libellis
1466 2868 1508 2890 pro
1520 2862 1666 2885 instructione
1683 2864 1821 2886 novitiorum

985 2910 1006 2929 et
1023 2907 1120 2930 aliorum
1137 2906 1228 2929 Ordinis
1246 2907 1356 2929 Minornm
1374 2908 1540 2936 Religiosorum
1558 2909 1663 2937 scriptis,
1680 2910 1720 2938 qui
1739 2910 1760 2932 in
1777 2910 1822 2933 edi-

986 2953 1047 2976 tione
1066 2953 1172 2976 Vaticana
1190 2956 1212 2976 et
1228 2953 1421 2983 subsequentibus
1439 2955 1557 2978 habentur.
