2133 3317
18 354 95 376 iucundo.

17 380 43 399 sui
51 378 97 397 diiu-

0 389 98 476 {leia

5 1190 98 1269 {rr-iring&

14 1237 96 1257 sniouum.

0 1271 45 1348 ,blo-x
57 1288 98 1308 pas-

9 1318 10 1321 =
21 1312 53 1327 ιιο.

4 1360 5 1370 l

3 1374 5 1407 l

3 1410 5 1440 l

2 1497 5 1530 Ι

0 1538 5 1658 l

0 2262 56 2287 atarto,
67 2265 101 2284 per

0 2283 94 2303 buti-tetam

0 2307 100 2326 urei-mario-

2 2335 29 2349 em
43 2331 101 2350 homi-

22 2359 70 2373 num.

439 219 638 249 OPUSCULUM
659 218 736 247 xvii.
759 217 869 246 SERMO
891 217 993 246 SUPER
1014 217 1167 246 REGULAM
1188 217 1341 246 FRATRUM
1362 215 1523 245 MlNORUM.

193 300 236 328 19.
248 299 381 332 Secundo,
390 307 445 335 per
457 297 508 326 sui
521 296 758 325 diiudicationem
773 298 800 324 et
814 303 869 324 non
883 295 955 324 alio-

112 355 190 381 rum,
212 346 332 383 capitulo
352 345 486 378 secundo,
507 347 534 372 et
556 343 632 380 ponit
646 343 682 371 ibi
703 343 842 380 quinque:
865 343 956 379 primo

112 402 200 422 suum
214 392 445 424 hortamentum,
467 390 503 419 ibi
515 401 520 418 ι
546 401 560 415 α
572 390 667 418 Moneo
681 392 709 418 et
722 390 857 418 exhortor
870 400 896 423 »ς
916 397 955 418 se-

113 439 215 473 cundo,
230 441 354 467 removet
366 440 575 474 contemptum,
592 436 642 464 ibi:
661 447 675 461 α
691 436 728 464 Ne
742 435 893 472 despiciant
907 443 954 464 ne-

112 493 165 523 que
176 484 296 513 iudicent
311 483 435 512 homines
447 493 474 517 ”3
490 482 580 517 tertio,
592 482 723 511 describit
733 482 955 511 mundanorum

112 531 261 564 vestitum,
283 530 336 559 ibi:
364 530 463 566 «Quos
484 529 603 558 viderint
625 529 755 558 mollibus
784 528 956 557 vestimentis

111 582 139 609 et
158 577 287 607 coloratis
308 577 419 605 indutos
431 587 457 610 »;
473 579 582 613 quarto,
604 575 736 604 decla-rat
757 575 891 612 ipsorum
912 575 955 603 vi-

112 629 206 658 ctum,
227 623 280 652 ibi:
306 634 320 648 α
335 623 378 652 Uti
400 622 468 651 cibis
482 626 509 651 et
530 622 640 659 potibus
660 621 821 655 delicatisu;
843 621 954 658 quinto,

112 670 230 700 remittit
245 670 285 698 ad
305 669 495 698 conscientiae
516 668 680 702 latibulum,
702 668 754 697 ibi:
773 679 787 693 «ι
803 668 853 696 Sed
868 675 955 696 unus-

111 717 229 755 quisque
252 716 352 745 iudicet
367 720 393 745 et
414 715 545 752 despiciat
565 715 742 752 semetipsum
758 726 786 747 »,
801 713 954 743 secundum

111 764 179 793 illud
199 763 317 800 Apostoli
339 763 371 791 ad
387 762 543 791 Corinthios
556 763 581 790 ¹:
597 762 630 790 Si
643 761 831 798 nosmetipsos
845 760 955 789 diiudi-

111 818 262 844 caremus,
284 818 342 838 non
357 809 455 847 utique
477 808 698 841 iudicaremur,·
719 811 746 836 et
766 808 830 836 alibi
852 807 885 836 ad
905 808 955 836 Ro-

112 864 219 886 manos:
248 857 292 885 Tu
312 856 379 894 qais
399 864 442 889 es,
464 856 515 893 qui
535 855 652 883 iudicas
673 855 803 883 alienum
817 853 955 882 servum?

115 903 168 932 «id
188 906 244 936 est,
266 903 347 932 cuius
375 902 525 936 valentiae,
546 905 595 930 aut
625 901 798 929 auctoritatis
819 903 892 929 esn‘?
914 908 956 929 se-

112 950 234 980 cundum
249 950 381 978 Glossam.
399 949 503 977 Omnes
517 948 593 977 enim
608 947 738 976 iustitiae
752 950 870 975 nostrae
887 950 956 975 sunt

112 1000 144 1025 ut
161 1004 282 1034 pannas
312 998 529 1028 menstruatae,
561 994 713 1023 secundum
742 994 837 1022 isaiam
851 993 870 1021 Β.
903 993 954 1029 Qui

112 1044 165 1073 hoc
186 1044 311 1072 intuetur
332 1042 438 1071 trabem
455 1042 481 1070 in
496 1042 577 1070 oculo
591 1041 705 1078 proprio
720 1041 886 1074 considerat,
901 1048 956 1068 non

112 1090 245 1119 festucam
267 1089 294 1117 in
316 1089 396 1117 oculo
417 1088 511 1117 fratris
532 1088 584 1117 sui.

191 1137 237 1164 20.
259 1135 367 1169 Tertio,
389 1142 439 1172 per
461 1134 645 1163 tolerantiam
674 1134 857 1171 passionum.
880 1134 958 1162 Mun-

112 1183 165 1212 dus
181 1182 254 1211 enim
270 1181 461 1211 subministrat
475 1181 653 1218 multiplicem
669 1181 838 1217 passionem,
860 1189 958 1209 secun-

113 1229 179 1258 dum
200 1228 269 1257 illud
289 1228 433 1257 Ioannisssz
456 1228 491 1256 In
511 1228 621 1256 mundo
646 1236 821 1265 pressuram
845 1226 958 1256 habebi-

115 1276 160 1305 tis.
182 1275 234 1304 Sed
255 1275 360 1312 duplex
382 1277 423 1304 est
444 1275 549 1311 passio:
564 1274 726 1303 extrinseca
740 1277 768 1302 et
782 1274 959 1307 intrinseca;

114 1325 141 1351 et
162 1325 310 1359 utramque
332 1322 418 1358 tangit
439 1321 536 1350 beatus
563 1321 724 1350 Franciscus
745 1320 866 1357 capitulo
886 1320 960 1349 deci-

115 1377 168 1397 mo.
182 1368 272 1397 Passio
284 1368 443 1396 intrinseca
458 1370 589 1396 causatur
600 1367 634 1395 ab
648 1367 842 1403 inaequalitate
857 1370 883 1395 et
898 1374 959 1394 cor-

113 1415 242 1452 ruptione
258 1415 407 1443 humorum
424 1414 450 1442 in
466 1421 598 1450 corpore,
614 1413 703 1450 passio
717 1413 881 1441 extrinseca
895 1421 960 1442 cau-

114 1465 191 1491 satur
205 1461 239 1490 ab
251 1461 329 1490 hoste
342 1461 463 1494 inimic0;
476 1463 503 1489 et
517 1463 665 1497 utramque
675 1460 808 1488 debemus
823 1460 959 1489 sustinere

114 1508 257 1545 patienter,
269 1507 420 1537 secundum
432 1507 506 1544 quod
517 1507 596 1536 docet
611 1507 724 1540 ibidem,
736 1507 809 1544 quod
827 1518 839 1532 α
851 1507 960 1536 Fratres

113 1554 214 1583 debent
224 1562 283 1583 esse
295 1554 428 1590 patientes
441 1554 466 1582 in
480 1554 670 1590 persecutione
682 1557 709 1582 et
720 1553 747 1582 in
760 1553 919 1582 infirmitate
928 1565 941 1578 1>
953 1564 958 1581 ε

114 1601 141 1629 in
159 1601 368 1638 persecutione,
386 1608 463 1634 ecce,
482 1600 572 1637 passio
590 1600 769 1634 extrinseca;
788 1600 815 1628 in
834 1600 959 1636 infirmi-

115 1651 186 1681 tate,
200 1655 276 1681 ecce,
288 1647 378 1684 passio
393 1647 568 1681 intrinseca,
581 1650 612 1675 ut
623 1654 672 1683 per
685 1647 792 1683 pondus
801 1647 959 1683 passionum

113 1696 142 1723 et
161 1701 264 1731 poenae
285 1693 428 1722 veniamus
449 1693 482 1721 ad
494 1693 612 1730 pondus
624 1693 745 1730 gloriae.
762 1693 870 1729 Quanto
885 1693 958 1721 enim

115 1740 201 1777 magis
220 1740 450 1777 opprimebantur
471 1739 519 1768 filii
542 1739 640 1773 Israel,
662 1742 738 1768 tanto
754 1740 839 1776 magis
854 1747 960 1768 cresce-

115 1787 196 1821 bant,
218 1787 370 1816 secundum
391 1786 466 1824 quod
498 1787 583 1815 Exodi
610 1787 723 1823 primo⁴1
750 1787 868 1821 dicitur;
900 1795 960 1815 cre—

113 1833 246 1867 scebant,
268 1833 393 1870 inquam,
409 1841 458 1870 per
472 1833 588 1870 gratiam
610 1833 637 1861 iu
653 1833 789 1870 praesenti
804 1836 832 1861 et
845 1833 959 1870 gloriam

114 1880 142 1909 in
163 1880 267 1909 futuro.
290 1880 344 1908 Hoc
366 1880 452 1917 tangit
472 1880 618 1917 Apostolus
645 1880 754 1908 dicens:
777 1880 812 1908 Id
831 1880 909 1918 quod
929 1880 961 1909 in

112 1927 261 1964 praesenti
279 1931 322 1955 est
341 1930 573 1955 momentaneum
588 1930 613 1955 et
627 1926 682 1955 leve
697 1926 896 1955 tribulationis
913 1935 961 1955 no-

114 1977 207 2007 strae,
228 1982 324 2011 supra
344 1974 463 2002 modum
484 1974 515 2002 in
535 1973 711 2002 sublimitate
732 1977 881 2002 aeternum
901 1973 961 2011 qlo-

116 2020 181 2049 riae
199 2021 317 2057 pondus
337 2024 479 2058 operatur
499 2021 531 2049 in
551 2020 651 2054 nobis,
672 2029 731 2049 non
744 2020 961 2057 contemplanti—

116 2067 169 2095 bus
189 2067 271 2095 nobis
292 2075 366 2105 quae
387 2067 539 2100 videntur,
561 2067 611 2095 sed
631 2075 706 2105 quae
732 2075 791 2095 non
814 2067 959 2095 videntur.

117 2114 198 2150 Quae
218 2114 294 2143 enim
315 2114 451 2142 videntur
473 2114 646 2151 temporalia
666 2118 752 2147 sunt,
775 2122 849 2152 quae
863 2118 961 2142 autem

115 2169 175 2189 non
193 2160 330 2189 videntur
351 2163 471 2189 aeterna
491 2164 567 2189 sunt.
591 2160 652 2189 ideo
674 2161 701 2188 in
722 2160 775 2189 alio
790 2160 871 2189 loco⁵
886 2160 960 2194 dicit,

117 2207 192 2244 quod
212 2216 271 2236 non
291 2211 360 2235 sunt
380 2208 541 2244 condiynae
566 2208 720 2244 passiones
748 2206 838 2235 liuius
859 2211 962 2244 tempo-

116 2254 161 2282 ris
175 2254 215 2282 ad
235 2253 373 2290 fatiw'am
386 2254 528 2291 yloriam,
544 2263 618 2292 quae
633 2254 809 2283 revelabitur
824 2254 855 2282 in
868 2254 959 2282 nobis.

195 2302 241 2329 21.
263 2301 380 2337 Quarto,
402 2309 451 2337 per
472 2301 639 2329 distinctam
660 2300 898 2338 informationem
913 2300 962 2329 lio-

117 2347 246 2381 minum,
277 2355 350 2375 nono
378 2347 513 2383 capitulo:
539 2348 687 2376 «Moneo»
712 2350 774 2381 etc.‚
796 2348 844 2376 ubi
876 2348 962 2385 tangit

1796 214 1852 243 443

1012 295 1080 323 tria:
1095 294 1199 331 aliquid
1220 303 1256 323 ex
1278 297 1355 331 parte
1369 293 1594 332 praedicatoris,
1609 292 1712 330 aliquid
1727 300 1764 322 ex
1775 295 1853 329 parte

1012 341 1175 375 auditoris,
1206 341 1310 378 aliquid
1341 348 1377 369 ex
1414 343 1492 377 parte
1518 340 1670 368 sermonis.
1703 339 1744 368 Ex
1776 342 1854 376 parte

1008 388 1227 424 praedicatoris·
1247 388 1311 422 duo,
1333 395 1396 416 cum
1417 387 1498 416 dicit:
1518 387 1638 415 «Moneo
1658 389 1686 415 et
1706 386 1854 420 exhortor,

1011 437 1043 462 ut
1064 434 1090 462 in
1112 434 1329 470 praedicatione,
1344 442 1427 471 quam
1442 434 1547 462 faciunt
1568 434 1691 467 Fratres,
1707 433 1761 462 sint
1781 435 1856 461 casta

1011 483 1039 509 et
1058 481 1214 509 examinata
1235 489 1332 510 eorum
1353 481 1462 518 eloquia
1476 491 1503 508 »:
1525 481 1696 509 examinata
1718 480 1745 508 in
1773 479 1856 508 devo-

1012 527 1098 561 tione,
1120 531 1204 556 casta
1235 528 1262 556 in
1290 527 1529 564 pronuntiatione;
1561 527 1588 556 in
1616 527 1760 556 devotione
1786 526 1856 555 hene

1011 573 1111 602 dehent
1126 574 1305 608 examinari,
1317 574 1470 603 secundum
1482 574 1556 611 quod
1567 574 1669 603 dicitur
1681 573 1855 610 Apocalypsis

1012 620 1147 649 ultiino⁶:
1172 621 1230 656 Qui
1249 621 1335 649 audit
1355 621 1449 649 dieat:
1478 621 1546 649 Veni
1552 631 1562 654 ;
1589 621 1641 659 qui
1661 621 1762 654 audit,
1784 620 1856 649 scili-

1012 670 1055 696 cet
1076 675 1125 704 per
1147 667 1293 696 internam
1314 667 1555 704 inspirationem,
1576 668 1672 696 dicat:
1701 667 1784 701 Veni,
1806 675 1856 704 per

1012 718 1146 750 apertam
1174 714 1441 751 praedicationem,
1463 714 1528 751 quia
1554 714 1668 751 Spiritu
1689 717 1790 742 sancto
1811 714 1856 742 in-

1012 760 1139 797 spirati,
1162 760 1251 789 locuti
1271 764 1340 789 sunt
1360 761 1457 789 sancti
1486 760 1537 789 Dei
1566 759 1711 794 nomines,
1736 760 1857 789 secunda

1013 807 1093 836 Petri.
1115 824 1153 828 -—
1174 807 1280 836 Debent
1301 808 1382 836 etiam
1404 815 1463 836 esse
1478 811 1560 836 casta
1581 808 1608 836 in
1624 808 1856 844 pronuntiatione,

1012 854 1078 891 quia
1096 865 1109 879 «
1122 861 1166 882 res
1180 857 1270 882 castae
1281 857 1308 882 et
1323 854 1411 882 iustae
1425 854 1566 887 dicuntur,
1581 854 1691 891 quando
1703 857 1768 882 sunt
1779 854 1856 887 tales,

1012 900 1108 937 quales
1122 903 1215 929 castus
1229 903 1256 929 et
1270 900 1361 929 iustus
1375 904 1507 937 ageret»,
1522 900 1642 929 secundo
1665 900 1823 929 Ethicorum
1836 900 1855 928 ⁷.

1013 963 1049 967 -
1072 947 1112 975 Ex
1133 950 1211 984 parte
1232 947 1380 976 auditoris
1400 948 1482 976 etiam
1503 947 1604 976 debent
1627 955 1686 976 esse
1701 947 1771 981 dum
1796 947 1856 976 ideo

1013 994 1171 1031 subiungit:
1192 994 1253 1022 «Ad
1275 994 1421 1023 utilitatem
1443 997 1470 1023 et
1484 994 1699 1023 aedificationem
1723 994 1856 1031 populi»,

1013 1043 1045 1069 ut
1065 1041 1100 1069 sit
1122 1040 1234 1069 utilitas
1255 1044 1383 1077 respectu
1405 1041 1511 1075 meriti,
1532 1045 1559 1070 et
1580 1041 1744 1078 aedificatio
1766 1048 1859 1077 respe-

1014 1090 1061 1115 ctu
1082 1087 1206 1123 praemii.
1228 1087 1312 1116 Aliter
1334 1087 1402 1115 nihil
1417 1088 1488 1116 valet
1503 1095 1607 1121 sermo,
1623 1087 1775 1116 secundum
1790 1088 1859 1124 Apo-

1015 1134 1133 1168 stolum,
1154 1134 1202 1171 qui
1223 1134 1327 1163 dicit⁸:
1351 1134 1451 1163 Eratis
1480 1135 1511 1163 in
1542 1137 1615 1163 ae'ra
1646 1134 1797 1173 loquentes.
1820 1151 1857 1154 —-

1016 1181 1055 1209 Ex
1078 1184 1157 1218 parte
1176 1181 1320 1210 sermonis
1341 1181 1410 1210 duo:
1434 1182 1524 1218 quoad
1546 1185 1647 1210 statum
1666 1185 1858 1219 praesentem,

1020 1227 1236 1256 «annuntiando
1257 1228 1296 1256 eis
1318 1228 1383 1256 vitia
1408 1231 1435 1256 et
1466 1228 1584 1257 virtutes
1595 1239 1621 1261 »;
1643 1228 1733 1265 quoad
1756 1231 1858 1257 statum

1015 1273 1171 1311 futuram,
1198 1282 1338 1311 «poenam
1359 1277 1386 1303 et
1407 1275 1521 1311 gloriam
1554 1283 1617 1303 cum
1647 1275 1781 1304 brevitate
1802 1283 1860 1304 ser-

1016 1321 1146 1350 monis».

1095 1369 1142 1397 ⁹22.
1164 1368 1202 1396 De
1223 1368 1266 1396 his
1287 1371 1408 1405 quatuor
1439 1368 1521 1397 simul
1551 1368 1653 1397 dicitur
1682 1369 1792 1397 Levitici
1813 1368 1859 1397 de-

1016 1414 1087 1442 cimo
1108 1414 1218 1442 nono⁹z
1242 1413 1333 1442 Nolite
1353 1413 1451 1451 facere
1471 1415 1607 1452 iniquum
1628 1414 1742 1452 aliquid
1763 1416 1793 1443 in
1815 1415 1860 1444 iu-

1018 1460 1108 1494 dicio,
1131 1461 1162 1488 in
1183 1460 1303 1498 reyuta,
1326 1461 1357 1489 in
1374 1461 1518 1498 pondere,
1541 1461 1571 1489 in
1593 1470 1741 1489 mensura.
1765 1462 1792 1490 In
1814 1462 1859 1490 iu-

1018 1507 1093 1536 dicio
1114 1507 1205 1544 quoad
1227 1507 1365 1544 primum,
1381 1508 1447 1544 quia
1467 1508 1572 1536 iustum
1587 1508 1719 1537 iudicium
1734 1509 1861 1545 requirit,

1017 1558 1049 1583 ut
1070 1555 1117 1592 qui
1139 1554 1305 1591 contempsit
1326 1558 1425 1583 cuncta
1447 1555 1586 1583 mundana
1607 1563 1660 1583 non
1676 1564 1800 1584 rursum
1815 1554 1860 1583 nz's

1017 1601 1191 1638 implicetur.
1215 1601 1241 1629 ln
1264 1601 1368 1639 reyula
1389 1601 1480 1638 quoad
1508 1601 1676 1636 secundum,
1698 1602 1764 1639 quia.
1785 1605 1860 1631 recta

1017 1648 1114 1685 regula
1136 1649 1187 1677 hoc
1208 1648 1312 1685 exigit,
1334 1651 1365 1677 ut
1393 1648 1484 1685 potius
1512 1657 1541 1677 se
1562 1649 1625 1686 quis
1646 1649 1747 1678 iudicet
1768 1652 1795 1678 et
1815 1649 1861 1678 de-

1016 1695 1114 1732 spiciat
1141 1704 1224 1732 quam
1246 1696 1373 1724 alterum.
1408 1696 1433 1724 ln
1461 1697 1586 1733 pondere
1616 1696 1706 1733 quoad
1733 1697 1861 1730 tertium,

1016 1742 1082 1779 quia
1104 1742 1159 1771 vita
1180 1750 1311 1779 praeseus
1332 1751 1474 1780 nunquam
1497 1746 1572 1772 caret
1590 1743 1711 1780 pondere
1733 1752 1862 1780 persecu-

1018 1789 1123 1817 tionum
1145 1792 1173 1817 et
1193 1789 1419 1823 tribulationum,
1435 1790 1495 1818 ideo
1516 1790 1651 1826 patienter
1666 1790 1861 1824 sustineamus,

1018 1837 1049 1863 ut
1062 1835 1096 1863 ad
1111 1835 1219 1871 pondus
1233 1835 1337 1872 gloriae
1352 1836 1554 1872 perveniamus.
1571 1836 1599 1864 ln
1613 1844 1755 1864 mensura
1769 1836 1861 1873 quoad

1018 1885 1165 1919 quartum,
1187 1882 1253 1918 quia
1274 1882 1359 1910 verba
1380 1885 1474 1911 nostra
1494 1882 1595 1911 debent
1615 1890 1675 1911 esse
1703 1885 1862 1911 mensurata

1023 1940 1036 1954 «
1050 1929 1082 1957 ad
1105 1929 1252 1957 utilitatem
1274 1932 1301 1957 et
1321 1929 1354 1957 ad
1376 1929 1592 1958 aedificationem
1617 1930 1751 1966 populi».

1096 1976 1142 2004 23.
1165 1976 1266 2010 Tertio,
1288 1976 1433 2013 regulatur
1454 1977 1548 2005 Frater
1564 1985 1612 2013 per
1631 1977 1761 2014 Regulam
1783 1985 1860 2005 suam

1017 2023 1109 2059 quoad
1128 2031 1158 2050 se
1179 2022 1276 2059 ipsam
1297 2026 1324 2051 et
1340 2023 1391 2051 hoc
1412 2026 1533 2060 quatuor
1555 2023 1658 2052 modis:
1684 2024 1786 2060 primo,
1813 2031 1862 2060 per
1890 2031 1901 2049 ‘1

1018 2068 1210 2097 humilitatem
1232 2071 1263 2097 in
1291 2068 1410 2103 habitu,
1432 2078 1515 2106 quam
1543 2070 1674 2099 describit
1699 2070 1860 2107 tripliciter:

1018 2115 1109 2152 quoad
1120 2116 1337 2149 indumentum,
1353 2117 1593 2151 calceamentum,
1609 2117 1674 2145 viae
1687 2117 1859 2146 vehiculum.

1018 2178 1054 2183 —-
1070 2163 1276 2191 Indumentam
1291 2163 1421 2192 describit
1434 2164 1578 2200 tripliciter
1591 2164 1711 2201 capitulo
1725 2164 1861 2193 secundo:

1019 2209 1123 2245 primo,
1145 2210 1251 2238 ratione
1274 2210 1410 2243 vilitatis,
1433 2210 1485 2238 ibi:
1511 2222 1525 2235 «
1541 2211 1649 2239 Fratres
1670 2219 1764 2239 omnes
1781 2211 1861 2239 vesti-

1018 2256 1118 2284 mentis
1141 2256 1241 2285 vilibus
1269 2256 1463 2291 induantur»,
1485 2257 1550 2294 quia
1576 2257 1728 2286 seeundum
1750 2259 1862 2294 Aposto-

1019 2302 1076 2330 lum
1108 2302 1141 2330 ad
1170 2303 1306 2331 Hebraeos
1319 2303 1356 2331 ¹⁰:
1386 2303 1488 2332 Sancti
1518 2303 1697 2332 circuierunt
1718 2304 1748 2332 in
1779 2305 1862 2332 melo-

1019 2349 1072 2382 tis,
1095 2349 1125 2377 in
1145 2349 1266 2386 pellibus
1287 2350 1421 2386 caprinis
1441 2353 1492 2378 ete.
1520 2366 1559 2370 ——
1588 2350 1727 2384 Secundo,
1757 2350 1862 2378 ratione

180 2497 187 2510 ¹
206 2499 274 2526 Epist.
293 2499 308 2521 1.
325 2505 344 2521 c.
363 2500 404 2526 ll,
423 2500 464 2527 31,
482 2502 534 2527 post
550 2505 620 2528 quem
639 2500 705 2522 Rom.
723 2499 763 2528 14,
781 2500 806 2528 4,
824 2500 863 2522 ubi
881 2501 960 2522 Glossa

116 2535 277 2560 interlinearis
302 2538 365 2565 apud
391 2539 448 2560 Petr.
472 2537 595 2560 Loinbard.
613 2541 634 2560 et
652 2539 780 2566 Lyranum:
800 2539 834 2561 Ta
852 2539 904 2568 quis
921 2545 960 2565 es,

116 2575 138 2597 id
151 2578 192 2602 est,
204 2576 270 2598 cuius
287 2577 398 2598 valentiae
415 2583 452 2604 es,
468 2576 510 2606 qai
525 2576 616 2599 indicos
634 2577 740 2600 alienam
757 2580 870 2600 siv-vum?
883 2578 905 2600 id
918 2580 959 2604 est,

115 2614 272 2637 damnandum
290 2616 407 2638 affirmas?
424 2617 491 2644 Quod
509 2623 553 2638 non
566 2616 648 2643 debes,
661 2623 713 2639 cum
727 2617 755 2639 sit
765 2617 857 2639 alterius
869 2624 959 2640 servus.

177 2652 185 2665 ²
203 2653 258 2681 Cap.
276 2654 318 2681 64,
336 2655 357 2676 6.
374 2667 405 2671 —
421 2655 525 2677 Subinde
550 2655 671 2683 respicitur
696 2656 770 2678 ltlaan.
797 2656 824 2682 7,
842 2657 862 2678 3.
880 2662 957 2684 seqq:

115 2691 175 2719 Quid
192 2695 268 2715 autem
288 2693 353 2715 vides
376 2694 485 2715 festucam
512 2694 533 2715 in
559 2695 626 2716 oculo
648 2694 723 2716 fratris
741 2695 771 2716 tui
789 2698 811 2716 et
827 2695 916 2717 trabem
935 2695 957 2716 in

114 2731 180 2753 oculo
198 2734 237 2753 tuo
255 2738 299 2754 non
318 2732 383 2754 vides
404 2735 446 2754 ete.
761 2732 769 2745 ³
787 2733 841 2760 Cap.
862 2734 902 2761 16,
921 2734 957 2756 33.

175 2769 184 2782 ⁴
204 2771 267 2793 Vers.
288 2771 326 2793 12:
343 2772 479 2800 Quantoque
496 2771 660 2799 opprimebant
676 2777 726 2799 eos,
740 2774 801 2793 tanto
814 2772 887 2799 inagis
900 2773 957 2794 mul-

115 2808 273 2836 upticabanuu·
295 2812 315 2831 et
338 2809 479 2831 crescebant.
504 2809 550 2832 Csr.
566 2816 635 2837 supra
657 2816 711 2837 pag.
730 2811 782 2836 316,
803 2813 853 2832 nota
875 2811 908 2832 10.
926 2824 956 2827 —

114 2846 215 2869 Subinde
227 2848 336 2875 allegatur
348 2849 372 2870 ll.
383 2848 427 2871 Cor
441 2848 461 2875 4,
475 2848 508 2870 17.
519 2855 568 2876 seq.
580 2861 610 2864 —
623 2848 787 2871 Substituimus
796 2855 839 2878 per
851 2849 955 2878 qratiam

113 2885 138 2908 in
152 2887 272 2914 praesenti
288 2893 329 2914 pro
344 2893 387 2915 per
399 2886 502 2916 ylorimn
519 2887 543 2909 in
558 2887 689 2916 praesenti,
707 2888 769 2916 quod
788 2888 838 2910 cod.
856 2888 954 2910 exhibet.

175 2923 184 2935 ⁵
201 2924 267 2946 nom.
284 2925 305 2951 8,
328 2925 360 2946 18.

174 2961 184 2974 ⁸
203 2963 265 2984 Vcrs.
286 2963 325 2989 17,
342 2970 412 2991 quem
432 2964 489 2985 {leda
503 2964 531 2985 ita
546 2964 653 2991 explicat:
671 2965 779 2992 Quisquis
797 2965 910 2987 internum
930 2966 951 2987 in

114 3004 188 3023 mente
206 3001 258 3023 nuci
276 3002 311 3023 vet
328 3002 427 3023 caritatis
444 3002 519 3024 lumen
546 3003 660 3030 percepit,
677 3003 705 3024 nd
730 3004 772 3025 boc
789 3006 811 3025 et
827 3004 883 3025 alios
900 3010 951 3026 con-

1017 2504 1092 2523 vocet.
1108 2513 1139 2517 —
1156 2501 1263 2529 Sequitur
1281 2502 1304 2523 ll.
1318 2502 1374 2523 Petr.
1396 2502 1413 2528 1,
1426 2501 1463 2523 21.
1477 2514 1505 2517 —
1518 2501 1628 2523 Contextu
1646 2502 1762 2529 exigente,
1780 2502 1863 2524 substi-

1017 2539 1104 2561 tuimus
1122 2539 1146 2561 in
1162 2539 1282 2562 devotione
1299 2539 1355 2562 bene
1372 2539 1454 2562 debent
1467 2539 1605 2562 maminot-i
1622 2546 1663 2568 pro
1680 2539 1705 2563 in
1720 2540 1862 2569 pronuntin-

1018 2577 1080 2600 tt'one
1097 2577 1152 2600 hene
1168 2577 1232 2600 debe!
1248 2578 1397 2606 effeminari,
1415 2579 1476 2607 quod
1497 2579 1517 2600 in
1536 2579 1586 2601 cod.
1605 2579 1731 2601 exhibetur.

1082 2615 1090 2628 ⁷
1108 2616 1162 2644 Cap.
1181 2616 1201 2638 4.
1218 2617 1275 2639 Coo.
1292 2617 1374 2639 omittit
1390 2619 1472 2646 affert-t
1488 2616 1624 2647 (πράξειεν),
1641 2618 1704 2647 quod
1731 2619 1862 2641 Aristoteles

1018 2656 1131 2683 adiungit.

1080 2694 1089 2706 Β
1108 2695 1177 2722 Epist.
1194 2695 1208 2716 1.
1226 2694 1278 2717 Cor.
1303 2695 1340 2722 it,
1358 2696 1384 2716 0:
1404 2704 1415 2715 α
1429 2696 1456 2717 lta
1477 2695 1544 2723 [sicut
1569 2696 1622 2718 tuba
1649 2696 1760 2718 incertam
1778 2703 1860 2719 vocem

1019 2733 1089 2763 dans]
1107 2737 1129 2756 et
1146 2740 1188 2756 vos
1205 2740 1246 2762 per
1264 2734 1365 2762 linguam
1384 2734 1425 2756 nisi
1444 2735 1589 2757 manifestum
1603 2741 1731 2757 sermonem
1746 2736 1862 2763 ‹ledet-itis,

1018 2773 1138 2801 quomodo
1154 2773 1239 2794 scietur
1256 2773 1277 2794 id
1296 2773 1358 2801 quod
1377 2773 1476 2795 dicitur?
1494 2773 1559 2795 Eritis
1575 2774 1635 2795 enim
1659 2774 1682 2796 in
1699 2774 1751 2796 :is-ra
1771 2775 1864 2802 loquen-

1017 2814 1080 2838 tes»,
1098 2811 1121 2833 id
1140 2814 1185 2839 est,
1203 2812 1262 2833 sicut
1280 2812 1336 2834 Petr.
1355 2811 1478 2834 Lomnarsl.
1497 2813 1517 2834 in
1536 2814 1595 2834 lum(-
1612 2813 1654 2835 loc.
1671 2813 1739 2840 dicit,
1754 2813 1781 2835 ad
1795 2819 1863 2835 aures

1017 2850 1139 2872 bominum
1158 2850 1232 2872 inanis
1249 2850 1308 2872 aei-is
1326 2851 1379 2877 ictu,
1398 2857 1441 2873 non
1459 2851 1489 2873 ad
1506 2851 1575 2873 corda
1594 2852 1711 2874 bominum
1727 2852 1846 2874 intellectu.

1078 2887 1087 2900 ⁹
1105 2889 1171 2910 Vers.
1189 2889 1226 2911 35.
1244 2889 1300 2911 lnsra
1320 2889 1441 2917 respicitur
1458 2890 1482 2912 u.
1496 2890 1552 2912 Deir.
1570 2891 1595 2918 2,
1614 2891 1652 2912 20.
1667 2903 1696 2906 ——
1708 2891 1803 2913 inferius
1821 2898 1862 2919 pro

1011 2928 1102 2950 cuncta
1127 2927 1252 2950 mundana
1280 2928 1331 2950 cod.
1356 2929 1432 2950 celera
1458 2928 1581 2951 mundana
1604 2929 1689 2956 (cetera
1713 2935 1755 2957 pro
1778 2931 1863 2952 οιιησία

1009 2965 1076 2987 etiam
1094 2966 1117 2987 in
1134 2966 1183 2988 aliis
1205 2966 1314 2994 oporibus
1332 2967 1417 2988 nonar.
1435 2973 1446 2988 a
1465 2967 1569 2994 pluribus
1587 2968 1654 2990 codd.
1671 2968 1809 2997 exhibetur).

1078 3004 1098 3016 ¹⁰
1114 3004 1169 3032 Cap.
1193 3005 1231 3033 ll,
1250 3005 1287 3027 37.

1873 299 1981 322 Tang-untur

1905 322 1948 340 tria.

1879 345 1905 364 De
1920 346 1980 368 primo

1908 368 1951 387 duo.

1874 952 1901 971 De
1913 951 1995 970 secundo

1911 975 1955 994 duo.

1886 1185 1912 1204 De
1928 1185 1984 1203 tertio

1913 1208 1956 1227 duo.

1877 1372 1971 1396 Epilogus.

1879 1979 1948 2000 Tertio,
1960 1980 2006 1997 Fra-

1876 2005 1903 2021 ter
1913 2003 2008 2025 regulatur

1904 2026 1951 2044 innati
1965 2031 1984 2044 se

1875 2050 2000 2072 quadruplici-

1879 2075 1914 2091 ter.
1925 2073 1994 2093 Primo.

1879 2101 1912 2119 per
1925 2096 1999 2114 humili-

1875 2122 1931 2137 tatem
1945 2119 1963 2137 iu
1977 2120 2008 2137 ha-

1881 2143 1921 2161 bitu
1935 2143 1995 2165 quoad

1918 2166 1960 2184 tria.

1882 2189 1963 2207 Primum
1977 2189 2008 2207 de-

1875 2212 1962 2230 scribitur
1970 2214 2008 2229 tum

1875 2236 1947 2254 ratione
1969 2236 2008 2253 viti-

1876 2259 1925 2277 tatis.

1880 2329 1932 2350 Tum,
1947 2329 2007 2355 lenui-

1919 2354 1968 2370 tatis.
