2133 3317
273 224 373 252 LXXIV

273 301 364 325 domini
380 302 438 325 bone
454 302 567 326 memorie
583 303 646 332 repis
663 303 816 325 Francorum
834 302 858 325 in
884 302 964 332 vicilia
983 302 1044 326 beati
1060 303 1119 326 Bar-

272 349 383 373 tholomei
398 350 453 380 fiat,
471 350 527 379 quia.
545 350 588 373 1100
604 349 626 372 ei
641 355 778 373 concessum
795 351 830 372 est
853 349 877 372 in
900 349 1003 378 capitulo
1031 349 1117 372 Pisano

273 396 300 419 de
317 396 396 426 qratia
413 396 516 426 speciali.

336 444 357 465 8.
375 444 509 471 Lacernae,
534 443 672 465 bibliotheca
695 442 838 471 Cantonalis‚
861 442 912 465 cod.
939 443 992 464 203.
1019 441 1117 464 membr.

275 497 334 513 saec.
352 491 411 513 XIV.
429 504 458 507 ——
476 490 654 513 Constitutiones
675 490 794 518 generales
817 489 930 517 incipiunt
946 495 1002 517 pag.
1018 489 1047 511 ‘25
1073 489 1118 511 sic:

324 543 362 565 m,
382 539 409 560 ut
425 537 458 560 ait
474 536 569 566 sapiens
595 539 637 558 etc.
662 536 774 558 Desinunt
791 542 844 564 pag.
864 535 909 557 104
926 535 1017 557 verbis:
1037 534 1118 558 Obitus

272 583 432 607 illustrissime
450 583 542 606 dominc
559 583 670 611 Iohanne,
688 582 809 613 quondam
820 582 901 612 reyine
913 582 1030 610 Francie,·
1039 581 1118 611 pridie

271 637 349 654 nonas
366 630 449 660 aprilis
463 637 508 660 per
525 632 602 653 totum
619 630 727 653 ordinem
745 629 881 653 celebretur.

335 679 355 700 9.
375 677 470 705 Ooeonii,
499 677 637 700 bibliotheca
660 677 795 704 Bodleiana,
821 676 874 699 cod.
898 675 1006 699 Canonic.
1024 676 1119 698 miscell.

270 724 308 747 75.
327 724 425 747 membr.
442 730 501 747 saec.
525 725 575 746 XV.
593 736 624 740 -—
641 724 819 746 Constitutiones
844 723 957 751 incipiunt
982 723 1020 746 101.
1040 723 1079 745 71.
1095 729 1118 745 v.

272 778 285 793 a
302 772 407 800 sequenti
425 771 529 793 rubrica:
550 770 621 793 Tituli
637 769 832 794 constitutionum
849 769 999 799 pancratium
1011 769 1119 799 antiqua-

270 824 327 841 rum
344 818 463 841 editarum
485 824 530 847 per
555 816 712 840 venerabilem
732 819 829 847 patrem
852 817 955 847 fratrem
972 817 1118 840 Bonacentu-

273 871 327 888 ram
353 864 410 887 bone
434 864 547 887 memorie
571 864 598 887 dc
622 863 787 893 Balneoreyio.
812 864 845 886 De
866 862 990 893 religionis
1007 863 1119 892 inpressu

268 912 378 942 primum
403 911 543 941 capitulum.
570 912 680 934 Desinunt
704 917 755 939 cap.
781 912 830 933 ¹l2.:
847 911 880 934 Dc
896 910 1021 940 suffragiis
1039 910 1119 940 (1011171-

272 960 373 982 ciorum.

338 1007 371 1028 10.
390 1006 484 1035 Ibidem,
505 1006 556 1028 cod.
575 1005 628 1028 359.
648 1005 746 1028 membr.
765 1008 824 1028 saec.
843 1005 894 1027 XV.
911 1005 1015 1027 —Folio
1034 1005 1070 1026 30.
1083 1011 1118 1027 r.:

271 1053 354 1084 Incipit
367 1053 484 1083 proloqus
502 1053 697 1077 constitutionum
722 1053 878 1083 generalium.
898 1052 1024 1081 Quoniam,
1041 1054 1070 1076 ut
1086 1052 1120 1076 ait

271 1101 366 1131 sapiens
383 1105 426 1124 etc.
445 1102 562 1129 Desinunt,
580 1101 666 1124 omisso
683 1101 785 1129 capitulo
807 1102 840 1123 12.

338 1150 372 1170 11.
397 1149 505 1178 Prayae,
535 1148 674 1171 bibliotheca
695 1147 868 1175 Universitatis,
891 1147 942 1170 cod.
969 1147 1006 1170 IV.
1031 1147 1058 1170 G.
1081 1148 1118 1169 30.

271 1197 342 1218 chart.
360 1201 418 1217 saec.
438 1196 497 1217 XIV.
515 1195 625 1217 exeuntis.
642 1207 673 1212 —
689 1195 736 1217 Fol.
754 1195 808 1217 2l7.
825 1201 842 1216 r.
861 1193 954 1222 legitur:
967 1193 1051 1224 Incipit
1063 1200 1119 1223 pro-

272 1242 340 1272 loyus
358 1242 382 1265 in
399 1242 576 1266 constitutiones
593 1241 723 1271 qenerales.
743 1241 869 1269 Quoniam,
886 1243 913 1265 ut
924 1241 958 1264 ait
969 1241 1063 1271 sapiens
1075 1244 1119 1264 etc.

273 1290 384 1312 Desinunt
401 1290 438 1312 101.
456 1290 509 1312 225.
527 1296 549 1311 v.
567 1296 620 1312 cum
647 1290 689 1311 hac
706 1291 772 1311 nota:
790 1290 836 1312 Iste
860 1290 917 1311 sunt
941 1287 1119 1312 constitutiones

272 1336 393 1366 gycncrales
410 1336 519 1360 ordinate
537 1336 649 1366 Luqduni
664 1338 705 1359 etc.
726 1335 835 1363 Quorum
847 1335 930 1365 aliqua,
941 1337 998 1359 sunt
1009 1336 1119 1358 esctracta

272 1383 299 1407 dc
315 1383 418 1413 capitulo
437 1383 587 1411 Caturcensi,
605 1383 687 1413 aliqua
704 1382 731 1406 de
748 1382 852 1412 capitulo
874 1382 1025 1405 Vcnetiarum
1042 1384 1064 1406 ct
1079 1383 1119 1405 Ve-

272 1431 371 1454 ronensi
386 1430 497 1460 capitulis
514 1430 664 1460 aeneralibus
681 1431 703 1453 et
719 1429 802 1459 aliqua.
818 1429 900 1452 addita
918 1429 942 1452 in
959 1429 1041 1453 eodem
1058 1429 1119 1459 capi-

273 1478 322 1501 tulo
340 1477 495 1508 Luffldimcnsi
511 1479 579 1501 Anno
597 1477 694 1500 Domini
710 1477 827 1500 MCCGLI.
850 1476 990 1507 Eoepie'ciunt
1006 1476 1119 1500 constitu-

271 1526 344 1549 tiones
361 1526 490 1555 ycnuralcs.

336 1573 371 1595 la.
394 1573 530 1599 Ravennae,
561 1571 698 1594 bibliotheca
725 1571 862 1598 Classensis,
888 1571 941 1594 cod.
968 1572 1020 1594 1138.
1046 1573 1068 1593 2.
1093 1571 1119 1594 Ο.

273 1620 371 1642 membr.
389 1626 449 1642 saec.
468 1620 518 1642 XV.
537 1632 567 1635 —
584 1619 763 1642 Constitutiones
781 1619 893 1647 incipiunt
911 1619 964 1641 solio
986 1619 1003 1640 1.
1015 1625 1046 1641 r.:
1060 1618 1119 1646 Ouo-

270 1666 351 1694 niam,
369 1668 395 1689 nt
412 1666 445 1689 ait
462 1666 556 1696 sapiens
574 1669 616 1689 etc.
635 1666 745 1688 Desinunt
762 1665 853 1688 rubrica
876 1666 909 1687 12.

338 1715 371 1737 13.
390 1715 489 1742 Romae,
509 1713 644 1736 bibliotheca
663 1714 786 1740 Vaticana,
799 1713 850 1736 cod.
863 1713 932 1735 7339.
946 1713 1046 1735 membr.
1058 1719 1118 1735 saec.

272 1762 332 1784 XIV.
350 1762 456 1783 ineuntis.
472 1773 502 1777 —-
520 1761 565 1783 Fol.
584 1761 622 1782 93.
638 1767 669 1782 r.:
689 1760 806 1789 Incipiunt
827 1759 1006 1783 constitutiones
1023 1765 1119 1790 90111011-

271 1808 303 1831 les
320 1808 411 1831 ordinis
430 1808 546 1831 Fratrum
563 1807 688 1830 Minorum
704 1807 762 1830 edite
778 1809 799 1830 cl
816 1807 956 1837 confirmata
973 1807 997 1829 in
1014 1807 1118 1836 capitulo

271 1855 379 1885 cenerati
395 1855 460 1884 apud
476 1854 617 1878 Narbonam
640 1860 704 1877 anno
727 1854 824 1877 Domini
841 1853 918 1879 7260.
935 1854 1026 1877 decima
1044 1854 1118 1883 Iunii,

273 1904 377 1931 tempore
394 1909 442 1925 ruo.
456 1901 535 1932 patris
552 1901 638 1931 fratris
657 1902 830 1930 Romeccnture,
843 1900 866 1924 8.
878 1901 985 1925 ministri
1000 1901 1118 1931 pancratis

270 1951 292 1973 et
306 1951 389 1979 postca
406 1949 536 1973 cardinalis
554 1950 634 1972 sancte.
651 1949 756 1972 Romane
773 1947 874 1977 ecclesie,
892 1950 914 1971 et
939 1954 1003 1972 nunc
1025 1948 1119 1972 canoni-

270 1998 347 2019 zatus.
374 1996 500 2026 Proloyus.
524 1996 636 2018 DesInunt
659 1996 712 2018 solio
742 1996 791 2024 ll7,
809 1995 893 2018 additis
916 1995 1022 2023 pluribus
1039 1996 1119 2018 delini-

274 2043 374 2066 tionibus
391 2046 413 2065 et
429 2043 621 2071 responsionibus
637 2043 666 2065 ad
685 2043 863 2065 consultationes
881 2042 977 2065 habitas.

334 2091 370 2113 111.
388 2091 457 2114 Senis
475 2091 496 2112 111
515 2091 607 2117 Tuscia,
626 2090 764 2113 bibliotheca
786 2089 919 2113 Conventus
936 2090 1009 2112 sancti
1025 2090 1119 2112 Bernar-

271 2138 331 2166 dini,
349 2138 400 2160 cod.
418 2138 466 2160 sine
484 2143 596 2164 numero,
614 2136 712 2159 membr.
731 2137 753 2158 in
776 2137 808 2159 12.
826 2143 887 2159 saec.
899 2137 993 2159 XV.—
1006 2137 1067 2159 Folio
1080 2137 1117 2159 37.

270 2192 287 2208 r.
306 2185 416 2208 habetur:
435 2186 462 2207 ln
478 2184 573 2207 nominc
590 2184 693 2207 Domini.
710 2186 793 2206 Amen.
811 2183 930 2213 Incipiunt
941 2183 1117 2207 constitutiones

270 2232 401 2263 yencrales.
420 2231 552 2260 Quoniam,
571 2233 598 2254 ut
614 2231 649 2254 ait
664 2231 758 2260 sapiens
774 2234 818 2253 etc.
836 2231 945 2253 Desinunt
957 2237 1009 2259 cap.
1030 2231 1118 2254 Υ121Πο

270 2279 396 2309 suffrayiis
414 2279 592 2309 defunctorum,
613 2278 703 2301 verbis:
729 2277 820 2308 Sufficit
836 2279 916 2301 autem
934 2284 984 2301 una
1001 2277 1075 2301 missa
1092 2277 1117 2301 in

270 2329 383 2351 conventu
396 2327 420 2349 in
432 2326 605 2349 anniversariis
621 2325 765 2355 supradictis
778 2331 832 2349 cum
844 2325 930 2355 oiyiliis
942 2325 1116 2355 defunctorum.

337 2374 370 2396 15.
390 2373 473 2401 Toleti‚
495 2373 633 2395 bibliotheca
658 2372 768 2400 Capituli,
790 2373 843 2395 cod.
864 2372 942 2395 Caion.
969 2372 1006 2394 25.
1032 2379 1053 2395 n.
1083 2373 1116 2394 10.

271 2420 368 2443 membr.
386 2427 447 2443 saec.
464 2421 524 2443 XIV.
541 2420 694 2443 0501111115-
705 2419 869 2448 Complectitur
881 2419 1060 2442 Constitutiones
1077 2425 1117 2448 pa-

271 2469 334 2496 pales
360 2468 474 2491 Benedicti
497 2468 573 2495 Papae
594 2468 641 2490 XII.
667 2467 727 2490 circa
744 2467 855 2490 Ordinem
878 2467 982 2489 Fratrum
1002 2467 1115 2489 Minorum

269 2515 397 2544 publicatas
413 2516 435 2537 in
451 2515 551 2543 generali
563 2514 668 2542 Capitulo
680 2514 806 2536 eorundem
827 2513 942 2536 celebrato
954 2513 1045 2536 Caturci
1057 2520 1116 2536 anno

270 2562 359 2584 Domini
382 2562 446 2584 1337.
463 2561 669 2584 Constitutionibus
686 2561 840 2589 praemittitur
857 2561 919 2583 Bulla
937 2561 1023 2584 Pastor
1041 2559 1116 2584 bonus

270 2610 329 2632 edita
348 2610 467 2632 avenione
484 2610 534 2632 XV.
553 2610 602 2632 Kal.
621 2609 668 2632 Iulii
686 2609 832 2637 pontificatus
849 2615 909 2631 anno
926 2609 1010 2637 primo.

332 2656 345 2684 5
363 2656 384 2678 9.
401 2655 537 2686 Opuseulum
553 2655 612 2678 XIX.
630 2655 746 2685 Epistulae
763 2654 875 2678 officiales.

332 2710 353 2725 a.
371 2703 419 2725 Sub
437 2704 480 2726 hoc
497 2703 562 2726 titulo
575 2703 730 2726 adun-avimus
747 2703 795 2725 illas
806 2706 895 2731 septem
914 2703 1033 2731 epistolas,
1058 2708 1116 2731 quas

270 2751 293 2772 S.
310 2750 472 2773 Bonarentura
490 2753 515 2772 111
540 2753 610 2778 caput
627 2750 718 2773 Ordinis
735 2756 761 2772 ex
778 2750 854 2772 officio
879 2750 984 2778 scripsit,
1008 2755 1116 2778 quaeque

270 2797 345 2819 adhuc
362 2798 497 2824 superstites
513 2800 575 2819 sunt.
597 2797 684 2819 Harum
701 2797 762 2819 duae
784 2797 873 2824 primae
890 2796 984 2819 maioris
1000 2798 1053 2818 sunt
1069 2801 1116 2818 mo-

270 2845 351 2871 menti,
370 2845 431 2867 unde
449 2845 517 2867 etiam
535 2851 546 2867 a
565 2845 699 2872 Waddingo
717 2844 739 2866 111
756 2844 854 2866 Annales
871 2844 925 2867 Ord.
943 2844 995 2866 Min.
1009 2846 1116 2871 receptae

270 2894 334 2918 sunt,
353 2894 377 2913 111
394 2892 527 2913 dictumest
543 2893 601 2914 intra
614 2898 667 2920 pag.
681 2891 737 2920 468,
755 2894 808 2914 nota
821 2892 842 2913 1.
859 2891 977 2914 Habentur
994 2891 1058 2919 ipsae
1069 2890 1115 2912 iam

270 2938 293 2959 in
311 2938 444 2960 collectione
462 2944 588 2966 parvorum
612 2939 785 2960 Bonaventurae
811 2938 976 2966 opusculorum
1002 2937 1116 2965 impressa

270 2992 306 3008 an.
328 2985 397 3012 1484,
415 2985 464 3008 sine
488 2985 625 3008 inchoatione
643 2985 685 3007 loci
703 2988 725 3008 et
742 2985 843 3013 editoris,
860 2988 881 3008 et
900 2985 922 3008 in
944 2985 1021 3007 multis
1037 2984 1116 3007 subse-

976 224 1218 254 PROLEGOMENA
1240 225 1267 253 C.
1291 225 1319 253 11.

1175 303 1307 331 quentibus.
1326 304 1368 326 Eas
1393 303 1505 331 genuinas
1527 309 1590 331 esse,
1607 310 1676 326 nemo
1698 304 1722 326 in
1740 303 1838 326 dubium
1860 305 1952 327 vocavit
1970 304 2019 333 (csr.

1175 350 1274 377 BoneIli,
1291 351 1410 373 Prodrom.
1432 351 1474 373 col.
1494 350 1557 380 657).
1580 351 1680 373 Primam
1703 351 1764 373 illam
1787 351 1918 374 invenimus
1945 352 1968 374 in
1991 352 2020 374 20

1175 396 1306 424 codicibus,
1328 397 1454 420 secundam
1477 398 1499 419 in
1517 398 1530 419 6
1553 398 1611 419 infra
1629 397 1651 420 in
1669 398 1762 420 elencho
1781 398 1870 420 notatis.
1895 398 1991 421 Codices
2007 405 2019 421 a

1175 443 1242 465 nobis
1259 443 1332 465 collati
1349 450 1396 466 non
1408 443 1516 466 differunt
1533 443 1562 466 ab
1580 444 1647 466 editis
1666 444 1745 472 quoad
1762 445 1898 472 sententias,
1916 445 1957 467 sed
1975 447 2020 467 tan-

1175 491 1224 511 tum
1241 489 1319 517 quoad
1336 489 1452 517 quaedam
1469 489 1549 512 verba.
1566 490 1615 518 Ope
1632 491 1715 512 horum
1733 490 1840 513 codicum
1855 493 1877 512 et
1894 491 2020 513 editionum

1175 537 1261 557 textum
1278 535 1315 558 ed.
1334 536 1457 558 VatIcanae
1474 537 1663 564 expurgavimus.

1239 581 1261 604 b.
1279 582 1360 611 Quoad
1377 583 1481 611 quinque
1497 583 1553 605 alias
1570 589 1654 611 parvas
1666 584 1773 611 epistolas
1790 584 1922 606 notavimus
1937 584 1967 607 ad
1984 590 2021 612 pa-

1175 628 1282 656 ginarum
1300 629 1387 651 calcem
1405 630 1503 656 sontem,
1520 629 1582 652 unde
1594 636 1784 659 unamquamque
1801 631 1939 659 sumsimus,
1956 631 2020 660 quod

1176 675 1212 698 hic
1229 678 1333 703 repetere
1347 676 1534 704 supersedemus.

1451 753 1587 784 Elenohus
1608 753 1738 785 coditium.

1509 850 1526 871 Α
1544 847 1651 878 Epistola
1669 850 1687 872 I.

1215 925 1232 948 I.
1251 925 1341 949 Codices
1358 933 1372 949 a.
1388 914 1519 949 nobis‘cum
1535 926 1604 949 textu
1620 926 1747 950 Vaticanae
1764 926 1872 950 editionis
1891 926 1981 950 collati.

1240 1005 1261 1026 1.
1279 1006 1400 1034 Auynstae
1419 1004 1585 1033 Trevirorum,
1604 1004 1742 1027 bibliotheca
1759 1004 1874 1033 CivitatiS,
1898 1006 1950 1028 cod.
1968 1005 2021 1028 776.

1176 1057 1293 1080 progress.
1311 1052 1379 1074 1258.
1397 1052 1491 1075 miscell.
1512 1052 1534 1074 in
1552 1053 1574 1075 8.
1599 1059 1658 1075 saec.
1677 1053 1728 1075 XV.
1745 1055 1798 1081 post
1820 1053 1976 1075 medietatem.
1992 1065 2022 1070 -

1176 1099 1237 1121 Haec
1254 1099 1349 1127 epistola
1367 1099 1481 1127 reperitur
1499 1100 1551 1122 solio
1570 1100 1623 1122 lS2.
1640 1106 1675 1127 v.,
1694 1100 1818 1128 incipiens:
1835 1099 1914 1123 Litera
1933 1099 2024 1123 domini

1175 1145 1261 1176 fratris
1286 1147 1460 1170 Bouaoenturc.
1486 1147 1512 1170 In
1529 1147 1577 1170 Xto
1594 1146 1640 1170 sibi
1654 1146 1786 1170 carissimis
1810 1146 1929 1176 putribus
1953 1146 2023 1170 mini-

1174 1193 1232 1216 stris
1248 1194 1269 1216 ct
1294 1193 1429 1217 custodibus
1447 1197 1490 1216 etc.
1510 1194 1597 1216 Desinit
1620 1194 1656 1216 101.
1678 1194 1731 1216 183.
1750 1201 1788 1217 r.:
1808 1194 1894 1217 Datum
1911 1194 2022 1218 Paris-ius

1175 1246 1239 1263 amic
1256 1240 1347 1263 domini
1362 1240 1496 1264 MGGLVII.
1513 1240 1550 1263 dic
1566 1240 1644 1264 sancti
1661 1241 1758 1271 Georgyii
1772 1241 1896 1271 martyris.
1911 1241 1978 1265 Hanc
1995 1241 2022 1264 li-

1175 1289 1251 1310 teram
1269 1287 1316 1317 Ieyi
1336 1287 1361 1310 in
1382 1287 1484 1317 singulis
1510 1287 1660 1311 concentibus
1682 1289 1758 1311 vestre
1776 1287 1898 1317 provincie
1920 1288 2023 1318 faciatis.

1175 1347 1206 1352 —
1224 1337 1246 1358 ln
1264 1336 1307 1357 hac
1323 1338 1400 1358 nostra
1418 1335 1518 1358 editione
1535 1335 1639 1363 signatur
1655 1335 1728 1357 littera
1746 1336 1769 1357 E.

1238 1384 1259 1405 2.
1286 1382 1458 1412 Maydcburai,
1482 1382 1619 1405 bibliotheca
1643 1383 1758 1409 Civitatis,
1783 1383 1834 1405 cod.
1861 1383 1908 1405 XII.
1933 1385 1977 1405 oct.
2000 1383 2022 1405 2.

1176 1431 1269 1452 miscell.
1287 1436 1346 1452 saec.
1364 1430 1415 1452 XV.
1434 1443 1463 1446 —
1480 1430 1526 1452 Fol.
1544 1430 1596 1452 360.
1614 1436 1632 1452 r.
1650 1430 1746 1457 legitur:
1763 1429 1871 1459 Epistola
1887 1429 1965 1453 sancti
1983 1436 2023 1458 pa-

1176 1477 1220 1500 tris
1238 1477 1403 1500 Bouaventure
1419 1477 1538 1506 cenet-alis
1558 1476 1631 1500 electi.
1655 1478 1681 1499 In
1698 1477 1746 1500 Xto
1763 1476 1809 1499 sibi
1830 1476 1961 1500 carissimis
1979 1479 2021 1499 etc.

1176 1525 1263 1547 Desinit
1274 1524 1366 1547 verbis:
1384 1525 1471 1547 Datum
1485 1524 1584 1547 Parisiis
1601 1530 1665 1547 anno
1682 1523 1779 1547 Domini
1790 1522 1870 1548 4262.
1887 1523 1911 1547 in
1923 1523 1959 1547 dic
1969 1530 2023 1547 san·

1175 1570 1207 1595 oti
1221 1571 1324 1601 Georyii.
1341 1571 1404 1599 Sign.
1423 1572 1448 1593 D.

1239 1619 1259 1641 3.
1278 1619 1377 1646 Romae,
1393 1618 1529 1641 bibliotheca
1544 1619 1665 1647 Vaticana,
1678 1619 1730 1641 cod.
1744 1618 1845 1641 Urbinat.
1858 1619 1911 1641 480.
1923 1618 2022 1642 membr.

1175 1667 1199 1688 111
1219 1666 1239 1689 4.
1263 1672 1323 1689 51100.
1348 1666 1409 1688 XIV.
1426 1666 1533 1689 ineuntis.
1554 1678 1585 1682 —
1604 1666 1651 1688 Fol.
1670 1666 1723 1689 408.
1742 1672 1760 1688 r.
1786 1666 1952 1694 praemittitur:
1970 1665 2022 1696 Epi-

1174 1713 1235 1737 stola
1254 1712 1286 1736 ad
1302 1714 1378 1736 totum
1403 1712 1518 1736 ordinem.
1545 1713 1572 1735 In
1594 1713 1641 1736 Xto
1664 1712 1709 1735 sibi
1732 1712 1868 1736 karissimis
1893 1715 1934 1736 etc.
1960 1713 2023 1736 Licet

1175 1760 1362 1790 insufficientiam
1386 1761 1504 1783 nostram.
1529 1760 1630 1782 Desinit:
1655 1760 1741 1783 Datum
1765 1759 1864 1783 Parisiis
1886 1763 1928 1783 010.
1952 1760 2023 1783 Bene-

1176 1807 1265 1830 dictum
1281 1807 1312 1830 sit
1328 1813 1414 1830 noman
1432 1806 1529 1830 Domini
1544 1808 1597 1830 Iesu
1614 1808 1636 1830 et
1660 1808 1708 1830 tota
1725 1806 1795 1830 curia
1820 1806 1917 1830 celestis.
1939 1808 2021 1830 Amen.

1176 1855 1240 1883 sign.
1258 1855 1282 1877 F.

1239 1901 1260 1924 4.
1279 1900 1376 1929 Ibidem,
1395 1900 1534 1923 bibliotheca
1556 1900 1650 1929 Collegii
1667 1900 1737 1923 sancti
1755 1900 1835 1923 Isidori
1856 1900 2021 1928 Hibernorum,

1176 1948 1229 1970 cod.
1246 1947 1267 1970 5.
1285 1948 1331 1970 iam
1349 1948 1479 1976 descriptus
1496 1954 1567 1976 supra
1584 1954 1639 1976 pag.
1659 1948 1739 1970 LXXII
1756 1954 1777 1970 n.
1795 1947 1817 1970 7.
1829 1960 1860 1964 —
1871 1948 1918 1970 Fol.
1935 1948 1973 1970 58.
1985 1953 2021 1970 v.:

1175 1995 1259 2024 Incipit
1276 1994 1372 2024 epistola
1389 1995 1468 2018 sancti
1485 1995 1651 2018 Bonavcnture
1662 1994 1752 2017 directa
1763 1993 1795 2017 ad
1807 1993 1944 2024 Capitulum
1956 2000 2021 2024 yene-

1174 2042 1239 2069 rale,
1257 2048 1301 2065 cur
1317 2041 1429 2071 splendor
1446 2042 1524 2065 nostri
1547 2041 1638 2065 ordinis
1656 2041 1808 2071 obfuscatur,
1832 2041 1890 2064 ordo
1915 2041 2021 2065 ezcterior

1174 2089 1280 2119 inficitur
1297 2091 1319 2112 et
1334 2089 1399 2112 nitor
1416 2088 1614 2112 conscientiarum
1638 2088 1737 2112 interius
1759 2088 1904 2118 defoedatur.
1929 2089 1955 2111 In
1972 2088 2020 2112 Xto

1173 2136 1220 2160 sibi
1235 2136 1366 2160 carissimis
1383 2139 1425 2159 ete.
1448 2137 1536 2159 Desinit
1556 2137 1592 2158 101.
1611 2136 1648 2158 60.
1666 2135 1756 2158 verbis:
1774 2135 1845 2158 velint
1866 2135 1950 2158 nolint.
1967 2135 2020 2158 Dat.

1173 2183 1283 2206 Parisius
1300 2189 1363 2206 anno
1382 2183 1477 2206 Domini
1492 2182 1669 2206 MGGLA'XVII
1686 2183 1746 2212 (sic).
1764 2183 1844 2205 Amen.
1863 2183 1926 2210 Sign.
1943 2182 1968 2205 C.

1237 2231 1258 2253 5.
1276 2229 1374 2258 Ibidem,
1392 2230 1445 2253 cod.
1467 2231 1503 2252 68.
1531 2230 1623 2252 miscell.
1645 2230 1666 2252 in
1691 2230 1727 2252 12.
1752 2235 1812 2252 saec.
1834 2230 1894 2252 XVI.
1913 2229 2020 2252 ineuntis.

1173 2290 1204 2294 —
1225 2278 1271 2300 Fol.
1290 2277 1342 2299 242.
1361 2284 1379 2299 r.
1397 2277 1506 2299 habetur:
1520 2276 1626 2307 Epistola
1645 2276 1706 2300 braii
1722 2276 1888 2300 Bonavenlurc
1905 2276 1937 2300 ad
1953 2276 2021 2306 Capi-

1173 2324 1254 2348 tulum
1271 2324 1388 2354 yenerale.
1407 2325 1433 2347 ln
1451 2324 1499 2347 Xto
1521 2327 1565 2347 etc.
1583 2324 1670 2347 Desinit
1693 2327 1718 2347 ut
1740 2324 1763 2346 in
1785 2324 1837 2348 cod.
1863 2324 2018 2352 praecedenti.

1175 2372 1238 2399 Sign.
1256 2372 1280 2393 B.

1236 2419 1257 2440 6.
1275 2417 1373 2446 Ibidem,
1392 2418 1443 2441 cod.
1462 2418 1499 2441 84.
1517 2418 1610 2440 miscell.
1627 2418 1648 2440 in
1671 2419 1704 2440 12.
1721 2424 1782 2440 saec.
1798 2418 1850 2441 XV.
1869 2418 2020 2440 exeuntis.-

1172 2465 1218 2487 Fol.
1237 2465 1290 2487 359.
1302 2471 1337 2487 r.:
1350 2464 1434 2494 Incipit
1450 2464 1548 2494 epistola
1564 2464 1642 2488 sancti
1652 2465 1817 2488 Bonaocntare
1835 2463 1931 2488 Ordinis
1948 2464 2012 2488 Mino

1173 2519 1228 2536 rum
1245 2513 1277 2535 ad
1293 2512 1404 2542 ycnc’rale
1422 2512 1565 2542 Capitulum.
1584 2512 1685 2535 Desinit:
1703 2512 1756 2535 Dat.
1773 2511 1882 2535 Paris-ius
1899 2517 1962 2534 anno
1974 2512 2020 2535 Do-

1172 2559 1233 2583 mini
1249 2558 1320 2583 4277
1339 2560 1398 2587 (sic).
1416 2559 1488 2583 Finis.
1507 2560 1571 2588 Sign.
1589 2560 1615 2582 Α.

1390 2654 1420 2677 ΙΙ.
1439 2653 1528 2678 Codices
1545 2660 1559 2676 s
1575 2653 1639 2677 nobis
1656 2660 1699 2677 non
1715 2653 1804 2677 collati.

1234 2747 1257 2770 7.
1274 2747 1385 2775 Briiciae,
1403 2747 1542 2770 bibliotheca
1555 2748 1717 2776 Quinciniana,
1730 2747 1782 2770 cod.
1794 2748 1820 2770 H.
1833 2747 1870 2769 Vl.
1883 2747 1905 2769 6.
1917 2746 2016 2769 membr.

1173 2795 1203 2817 in.
1221 2796 1242 2817 8.
1259 2801 1319 2817 saec.
1338 2795 1388 2817 XV.
1406 2807 1436 2811 —-
1452 2795 1515 2817 Folio
1532 2795 1586 2817 331.
1603 2801 1636 2817 r.:
1660 2794 1714 2818 Alia
1738 2794 1841 2817 ciusdem
1862 2793 1967 2823 epistola.
1991 2794 2018 2816 In

1171 2843 1220 2866 Xto
1240 2841 1285 2865 sibi
1305 2841 1436 2865 carissimis
1448 2844 1491 2864 ete.
1505 2842 1591 2864 Desinit
1608 2848 1661 2864 cum
1679 2841 1791 2864 editione:
1810 2840 1857 2870 leyz·
1871 2840 1897 2864 in
1916 2840 2017 2870 sinyulis

1171 2888 1323 2913 conventibus
1340 2890 1416 2912 vestre
1429 2888 1552 2918 provincie
1569 2888 1671 2918 faciatis.
1845 2911 1847 2913 ,

1235 2938 1256 2959 8.
1274 2935 1433 2964 Darmstadii,
1454 2935 1592 2959 bibliotheca
1610 2936 1712 2963 Ducalis,
1729 2936 1781 2959 cod.
1799 2935 1867 2958 2456.
1885 2935 1977 2957 miscell.
1993 2935 2017 2957 in

1172 2984 1210 3007 101.
1227 2990 1286 3006 saec.
1304 2983 1354 3005 XV.
1373 2983 1483 3005 exeuntis.
1496 2996 1525 2999 -
1537 2983 1637 3011 Epistola
1654 2982 1733 3011 incipit
1750 2983 1787 3005 101.
1800 2983 1838 3005 52.
1857 2988 1893 3004 v.:
1911 2980 2017 3011 Epistola
