2133 3317
1 502 78 532 „panda

0 532 42 547 im.

0 1153 26 1172 tr:
38 1151 80 1171 reli-

0 1181 12 1195 ιι
17 1180 81 1200 nuper-

0 1808 3 1821 ι
13 1802 67 1830 ιρι-113

425 228 620 257 OPUSCULUM
642 229 683 257 Vl.
706 229 748 257 DE
770 229 991 258 PERFECTIONE
1013 230 1108 258 vlTAE
1130 230 1173 258 AD
1195 230 1351 259 SORORES.
1373 231 1441 260 CAP.
1464 232 1493 260 11.

89 307 145 335 Deo
160 305 305 342 placuisset
320 316 347 339 »ς
362 308 389 334 et
403 305 464 334 ideo
477 314 576 342 magna
590 305 679 334 virtus
693 309 750 340 est,
772 306 830 334 sine
851 307 931 335 cuius

89 352 203 381 obtentu
218 360 271 380 non
293 352 382 380 solum
403 352 493 380 virtus
514 360 568 380 non
590 356 646 386 est,
668 351 716 380 sed
730 352 812 380 etiam
834 352 861 380 in
884 360 929 381 su-

89 399 211 437 perbiam
233 399 362 436 erumpit.

166 446 193 475 li.
215 445 339 475 Secunda
353 446 450 475 semita
466 449 507 475 est
522 446 725 475 rememoratio
748 445 865 475 Christi.
882 447 929 475 Re-

89 493 236 523 memorari
250 492 349 526 debes,
364 492 437 529 quod
452 493 578 521 Christus
593 492 756 521 humiliatus
776 492 828 521 fuit
841 500 931 529 usque

89 540 122 569 ad
150 539 442 576 vituperabilissimum
470 547 557 576 genus
578 539 698 567 mortis²
719 542 747 567 et
774 539 801 567 in
825 542 930 567 tantum

89 587 184 615 factus·
197 590 238 614 est
259 585 387 619 humilis,
408 588 440 613 ut
454 585 531 622 quasi
553 585 680 622 leprosus
700 588 879 622 reputaretur
893 601 931 606 —

90 632 163 661 unde
177 632 248 660 dixit
269 632 350 660 lsaias
364 632 515 668 propheta:
537 632 748 668 Reputavz'mus
761 640 827 660 eum
844 632 932 670 quasi

91 679 232 716 leprosum
248 682 272 706 et
293 687 313 706 a
330 678 384 706 Deo
406 677 596 707 humitiatum
611 695 649 698 —
670 678 754 706 immo
774 678 801 706 in
823 681 931 706 tantum

90 725 142 754 fuit
162 724 337 758 humiliatus,
369 727 401 753 ut
429 727 552 761 tempore
583 725 670 761 ipsius
691 725 760 753 nibil
789 732 822 753 eo
849 725 931 753 vilius

89 774 276 808 reputaretur.
298 771 373 800 Unde
395 771 466 799 idem
496 771 577 800 lsaias
601 771 685 800 dicit:
707 771 742 799 In
769 770 931 799 humilitate

89 818 232 847 iudicium
253 818 316 846 eius
346 817 495 846 sublatum
516 822 573 851 est‚·
594 826 625 846 ac
657 818 678 847 si
709 818 828 846 diceret:
856 821 931 846 tanta

89 864 141 894 fuit
160 865 221 893 eius
242 865 398 898 humilitas,
422 867 530 893 tantum
551 872 580 893 se
604 864 756 898 deiecerat,
778 868 809 893 ut
837 865 932 893 nullus

89 911 122 940 de
142 919 175 940 eo
194 911 273 940 daret
293 915 401 940 rectum
423 911 568 946 iudicium,
590 915 622 940 ut
642 920 658 940 a
672 912 748 940 nullo
769 911 931 940 crederetur

89 966 149 987 esse
179 958 261 987 Deus.
284 958 317 987 Sz‘
345 967 413 996 erqo
435 958 493 995 ipse
525 958 668 987 Dominus
698 962 795 987 noster
816 962 841 987 et
867 966 931 986 ma-

87 1005 201 1042 9ister²
222 1005 327 1041 inquit:
349 1004 414 1033 Non
434 1008 475 1033 est
487 1013 590 1033 servus
607 1005 705 1033 maior
726 1005 842 1033 domino
862 1013 930 1038 suo,

89 1053 114 1079 et
134 1050 297 1087 discipulus
317 1059 374 1079 non
396 1054 437 1079 est
456 1059 546 1087 supet·
566 1051 745 1088 magistrum
756 1060 766 1084 ;
791 1050 811 1079 si
834 1050 932 1079 ancilla

90 1097 190 1126 Christi
206 1105 250 1131 es,
266 1097 286 1126 si
302 1097 436 1134 discipula
450 1097 550 1125 Christi
565 1105 610 1131 es,
625 1097 686 1125 vilis
700 1100 727 1125 et
741 1096 931 1133 contemptibi-

90 1144 123 1173 lis
143 1152 203 1173 esse
223 1144 306 1173 debes
320 1147 348 1173 et
363 1144 483 1173 humilis.
501 1161 535 1164 —
551 1144 574 1172 Ο
589 1152 672 1181 quam
687 1144 876 1173 abominabilis
890 1148 932 1173 est

90 1192 135 1220 ille
155 1191 300 1228 religiosus
322 1191 390 1225 Deo,
412 1191 459 1228 qui
482 1194 584 1220 vestem
605 1191 659 1220 fert
682 1191 815 1220 humilem
837 1194 864 1220 et
884 1199 932 1220 cor

91 1237 258 1274 superbum!
281 1236 303 1265 O
324 1245 407 1274 quam
431 1237 534 1265 inutilis
555 1240 596 1266 est
611 1237 655 1266 ille
676 1237 861 1271 Christianus,
883 1237 931 1274 qui

90 1283 236 1312 Dominum
253 1291 334 1312 suum
350 1283 424 1312 videt
445 1284 577 1312 humilem
593 1287 619 1312 et
640 1284 812 1320 despectum,
833 1287 859 1312 et
875 1284 932 1320 ipse

90 1330 198 1359 exaltat
219 1339 269 1359 eor
289 1338 378 1358 suum
399 1334 424 1359 et
444 1330 578 1359 ambalat
591 1331 622 1359 in
643 1330 760 1367 maenis
780 1335 806 1358 et
826 1330 857 1359 in
878 1330 932 1359 nii-

91 1376 235 1405 rabilibus
254 1385 344 1414 super
364 1377 433 1405 se³!
455 1377 525 1413 Quid
546 1377 666 1414 amplius
691 1377 881 1406 detestandum
904 1377 931 1405 in

90 1431 189 1460 sponsa
210 1423 325 1458 Christi,
346 1423 412 1460 quid
440 1423 552 1460 gravius
579 1423 751 1460 puniendum
779 1423 804 1451 in
833 1422 931 1451 ancilla

90 1469 207 1504 Christi,
228 1478 311 1507 quam
340 1470 430 1507 quod,
451 1473 595 1507 postquam
625 1477 752 1498 summus
775 1470 864 1498 sactus
891 1472 932 1498 est

90 1516 178 1551 imus,
201 1516 353 1545 immensus
380 1524 484 1553 parvus
505 1520 532 1545 et
559 1517 654 1550 homO,
677 1516 795 1553 putredo
815 1519 842 1545 et
872 1524 932 1545 ver-

90 1562 143 1591 mis
160 1567 288 1600 apponat
308 1571 338 1591 se
355 1562 567 1600 magnificare?
588 1563 626 1592 De
641 1563 742 1591 talibus
755 1562 821 1591 dicit
835 1562 933 1591 beatus

90 1609 297 1646 Augustinus4:
324 1621 337 1634 «
351 1609 374 1637 O
395 1609 474 1646 pellis
488 1609 644 1644 morticina,
666 1609 733 1646 quid
754 1609 932 1638 extenderis?

89 1664 106 1684 o
131 1655 220 1684 sanies
251 1655 366 1690 foetida,
398 1656 465 1693 quid
496 1656 622 1684 inflaris?
648 1656 736 1692 Caput
757 1655 877 1689 humile,
905 1658 933 1684 et

90 1702 247 1731 membrum
270 1703 421 1739 superbum
437 1706 474 1731 »T
495 1703 573 1740 quasi
595 1702 682 1731 dicat:
704 1711 758 1731 uon
778 1702 864 1731 decet.

169 1750 194 1778 5.
217 1750 308 1779 Tertia
329 1750 438 1784 semita,
460 1758 509 1787 per
530 1758 614 1787 quam
635 1749 718 1778 debes
738 1749 881 1783 incedere,
910 1749 932 1778 si

90 1795 131 1825 vis
145 1796 179 1825 ad
200 1796 348 1833 perfectam
364 1796 548 1825 humilitatem
570 1796 728 1833 pervenire,
743 1799 785 1825 est
806 1796 932 1825 eircum-

89 1843 193 1881 spectio
208 1843 259 1871 tui.
277 1844 354 1872 Tunc
375 1846 401 1871 te
416 1843 518 1880 ipsam,
540 1843 681 1872 carissima
696 1846 797 1877 mater,
812 1843 932 1872 circum-

90 1890 187 1927 spicis,
208 1890 318 1927 quando
340 1890 488 1927 recogitas,
509 1890 586 1918 unde
599 1890 726 1924 veneris,
748 1893 796 1919 aut
810 1898 866 1928 quo
880 1898 932 1918 va-

1779 234 1829 261 111

989 307 1034 335 dis
1045 307 1065 335 ⁵.
1091 324 1130 328 -—
1154 308 1302 337 Considera
1322 316 1400 345 ergo,
1433 309 1509 338 unde
1539 310 1668 344 veneris,
1702 312 1728 339 et
1749 310 1832 344 scias,

989 353 1054 389 quia
1074 353 1107 382 de
1128 363 1231 382 massa
1258 355 1432 391 perditionis
1453 359 1480 384 et
1510 356 1544 384 de
1562 356 1681 393 pulvere
1711 360 1737 385 et
1764 356 1832 385 limo

990 403 1085 428 terrae
1099 400 1168 429 sacta
1189 409 1218 429 es
1233 405 1260 430 et
1281 401 1312 430 in
1325 402 1450 438 peccatis
1468 407 1640 431 conversata
1658 406 1685 432 et
1706 403 1789 432 eaesul
1802 411 1832 432 es

988 445 1022 474 de
1043 445 1211 475 beatitudine
1240 447 1366 483 paradisi.
1397 448 1427 477 Et
1453 449 1519 477 haec
1541 449 1722 478 consideratio
1750 450 1831 486 spiri-

990 494 1048 520 tum
1070 492 1187 521 tumoris
1208 493 1300 522 abiicit
1331 497 1358 523 et
1379 495 1503 523 excludit
1524 495 1551 524 in
1573 499 1696 530 tantum,
1719 499 1750 524 ut
1777 496 1831 525 cla-

988 545 1064 566 mare
1079 538 1192 574 incipias
1207 546 1269 567 cum
1285 539 1375 568 tribus
1396 541 1490 576 pueris
1504 541 1531 569 in
1553 542 1663 571 Daniele
1675 542 1702 570 ⁶:
1722 542 1832 571 Sumus

989 582 1071 612 hodie
1091 583 1213 613 Immites
1241 585 1272 613 in
1293 586 1433 615 universa
1458 592 1539 616 terra
1566 592 1684 625 propter
1708 593 1830 626 peecata

988 634 1099 659 nostra.
1115 646 1152 652 —
1167 631 1314 660 Considera
1335 633 1415 661 etiam
1438 633 1520 667 illud,
1541 643 1597 672 quo
1612 635 1722 668 tenctis;
1744 635 1832 664 tendis

988 677 1060 706 enim
1082 677 1115 705 ad
1136 678 1342 714 corruptionem
1364 682 1390 707 et
1412 679 1650 715 incinerationem,
1679 682 1744 719 quia
1769 682 1833 719 pnl-

988 723 1033 752 vis
1053 732 1082 752 es
1102 727 1126 752 et
1148 724 1179 752 in
1200 724 1349 761 pulverem
1372 727 1524 755 reuerteris
1537 727 1556 755 ⁷.
1580 728 1657 763 Quid
1678 728 1762 765 igitur
1783 737 1832 757 sit-

986 770 1098 807 perbis,
1120 774 1201 800 terra
1221 775 1247 799 et
1268 771 1363 800 einis?
1385 772 1411 800 Si
1434 773 1513 801 hodie
1534 782 1578 807 es,
1600 782 1661 803 cras
1683 783 1735 803 non
1758 776 1831 809 eris;

989 817 1011 845 si
1034 817 1113 846 hodie
1134 825 1214 851 sana,
1236 826 1298 846 cras
1325 818 1510 848 infirmaberis
1531 820 1616 854 forte3
1638 821 1660 849 si
1689 822 1769 850 hodie
1790 830 1832 850 sa-

989 863 1081 900 piens,
1103 872 1164 892 cras
1185 864 1255 893 forte
1276 865 1361 893 stulta
1388 866 1459 899 eris;
1481 866 1503 894 si
1526 867 1605 896 hodie
1627 867 1702 896 dives
1728 868 1755 896 in
1777 869 1832 897 vir-

989 910 1108 943 tutibus,
1123 918 1184 939 cras
1206 911 1275 939 forte
1292 911 1416 940 mendica
1437 912 1492 941 eris
1512 916 1539 941 et
1554 913 1663 942 misera.
1685 915 1752 950 Quis
1766 923 1832 952 ergo

989 957 1073 985 miser
1094 957 1138 985 ille
1166 957 1355 992 Christianus,
1377 959 1424 995 qui
1452 959 1551 988 audeat
1580 961 1740 997 superbire,
1768 969 1831 990 cum

989 1003 1072 1032 tantis
1102 1003 1220 1032 miseriis
1245 1007 1272 1033 et
1306 1005 1508 1034 calamitatibus
1536 1006 1659 1043 undique
1687 1014 1715 1035 se
1743 1007 1833 1036 videat

988 1050 1190 1079 circumdatum
1201 1053 1212 1079 ’ἒ

1069 1097 1094 1124 6.
1116 1097 1216 1126 Discite
1243 1097 1343 1134 igitur,
1365 1106 1381 1127 ο
1403 1099 1522 1135 virgines
1543 1103 1678 1134 sacratae,
1700 1100 1832 1129 humilem

989 1143 1092 1172 habere
1113 1144 1258 1180 spiritum,
1287 1145 1420 1174 humilem
1449 1146 1602 1180 incessum,
1624 1147 1744 1175 humiles
1772 1155 1829 1176 sen-

989 1198 1052 1223 sus,
1069 1190 1202 1219 humilem
1217 1191 1359 1226 habitu1n;
1374 1192 1432 1220 sola
1445 1193 1517 1221 enim
1535 1193 1675 1222 humilitas
1690 1197 1745 1228 est,
1761 1202 1832 1230 quae

989 1237 1109 1265 divinam
1125 1237 1231 1274 mitigat
1252 1238 1337 1272 iram,
1359 1247 1430 1275 quae
1445 1239 1564 1267 divinam
1587 1239 1690 1268 invenit
1704 1240 1829 1277 gratiam.

991 1283 1106 1319 Quanto
1126 1284 1202 1312 enim
1224 1293 1351 1321 maynas
1371 1293 1416 1318 es,
1439 1284 1564 1314 humilia
1586 1289 1610 1314 te
1632 1286 1662 1314 in
1684 1286 1832 1321 omnibus,

989 1330 1090 1358 dicitur
1118 1330 1145 1358 in
1177 1330 1364 1359 Ecclesiastico
1375 1331 1397 1366 ὃ,
1429 1335 1454 1360 et
1484 1340 1585 1360 eoram
1619 1333 1675 1361 Deo
1705 1333 1832 1361 invenies

988 1376 1128 1413 qratiam.
1151 1377 1204 1405 Hoc
1219 1377 1298 1406 modo
1319 1378 1404 1406 Maria
1418 1378 1521 1407 invenit
1542 1379 1658 1415 gratiam
1679 1379 1753 1416 apud
1780 1380 1833 1407 Do-

990 1422 1110 1457 minum,
1132 1423 1202 1452 sicut
1223 1424 1282 1460 ipsa
1299 1427 1416 1453 testatur
1436 1424 1545 1453 dicens:
1561 1426 1693 1462 Respexit
1714 1425 1833 1455 humiti-

990 1473 1076 1498 tatem
1097 1470 1221 1498 ancillae
1234 1479 1314 1499 suae.
1337 1471 1390 1500 Nec
1405 1472 1524 1506 mirum,
1546 1472 1611 1509 quia
1632 1472 1774 1501 humilitas
1788 1481 1832 1501 ca-

990 1516 1063 1544 ritati
1087 1516 1177 1544 locum
1199 1521 1361 1554 praeparat,
1383 1521 1502 1547 mentem
1524 1526 1541 1547 a
1561 1519 1680 1548 vanitate
1708 1523 1831 1548 evacuat.

990 1562 1105 1599 Propter
1125 1563 1199 1599 quod
1220 1563 1285 1592 dicit
1306 1564 1509 1600 Augustinus9:
1537 1565 1673 1602 «Quanto
1694 1574 1791 1595 sumus
1818 1574 1834 1595 a

990 1612 1099 1638 tumore
1120 1610 1266 1646 superbiae
1287 1610 1439 1645 inaniores,
1463 1614 1538 1640 tanto
1569 1620 1668 1641 sumus
1688 1612 1832 1642 dilectione

990 1656 1127 1693 pleniores
1141 1668 1167 1685 n.
1191 1657 1222 1685 Et
1236 1657 1307 1686 sicut
1328 1666 1400 1695 aqua
1414 1658 1529 1687 confluit
1550 1658 1593 1687 ass
1598 1659 1698 1694 valles,
1718 1659 1757 1688 sic
1771 1668 1834 1696 gra-

990 1703 1027 1732 tia
1048 1703 1166 1740 Spiritus
1181 1704 1266 1732 sancti
1288 1704 1403 1733 conssuit
1423 1705 1456 1733 ad
1472 1705 1606 1740 humiles3
1628 1709 1655 1735 et
1676 1706 1747 1735 sicut
1761 1714 1834 1743 aqua

990 1753 1065 1778 tanto
1086 1750 1185 1778 fortius
1206 1750 1283 1785 fluit,
1305 1754 1409 1788 quanto
1430 1752 1516 1788 magis
1541 1752 1695 1787 descendit,
1718 1753 1755 1781 sic
1784 1753 1832 1790 qui

990 1799 1046 1825 toto
1067 1796 1149 1825 corde
1171 1797 1333 1826 humiliatus
1355 1798 1477 1834 procedit
1498 1798 1584 1835 magis
1608 1799 1776 1836 propinquat
1799 1799 1834 1827 ad

989 1843 1150 1877 Dominum,
1172 1846 1203 1871 ut
1224 1843 1354 1880 impetret
1376 1844 1501 1881 gratiam.
1524 1844 1671 1881 Propterea
1694 1845 1760 1874 dicit
1785 1845 1833 1874 Ec-

988 1889 1157 1918 clesiasticus
1169 1890 1207 1918 ¹⁰:
1232 1890 1333 1918 Oratio
1347 1889 1531 1919 humiliantis
1545 1900 1574 1920 se
1588 1891 1678 1920 nubes
1689 1895 1832 1928 penetrat,

153 2150 161 2164 ¹
178 2152 234 2174 Phil.
252 2152 278 2179 2,
296 2152 323 2173 8:
340 2151 473 2173 Humiliavit
489 2151 639 2179 semetipsum
654 2152 725 2173 sactus
736 2150 847 2174 obediens
858 2157 933 2180 usque

90 2190 119 2213 ad
136 2192 247 2216 mortem,
266 2192 362 2212 mortem
380 2192 457 2212 autem
474 2189 556 2212 crucis.
572 2202 600 2206 —
619 2190 669 2212 Duo
686 2195 751 2218 seqq.
763 2189 806 2212 loci
818 2192 871 2212 sunt
883 2190 932 2212 lsai.

90 2228 133 2256 53,
151 2227 173 2251 4.
190 2231 212 2251 et
231 2228 258 2256 8,
275 2228 315 2257 qui
332 2227 451 2250 exhibetur
467 2228 596 2250 secundum
614 2228 762 2256 Septuaginta
781 2229 830 2256 (cfr.
847 2229 894 2251 Act.
908 2229 932 2256 8,

89 2267 150 2296 33.),
166 2267 222 2290 dum
241 2267 339 2295 Vulgata
356 2267 423 2295 legit:
441 2267 473 2289 De
489 2267 594 2295 angustia
606 2270 629 2289 et
639 2267 669 2289 de
680 2267 765 2290 iudicio
776 2267 880 2289 sublatus
890 2270 933 2290 est.

90 2306 136 2329 Cir.
154 2306 277 2332 Ber-nard.¹
294 2307 367 2328 Serm.
385 2305 407 2328 in
425 2305 479 2328 seria
497 2305 519 2327 4.
535 2305 675 2328 hebdomad.
692 2309 796 2334 sanctae,
819 2313 839 2328 n.
863 2307 886 2328 3.
901 2318 933 2323 —-

90 2345 186 2368 inferius
203 2344 301 2367 vocibus
319 2346 422 2374 tempore
444 2344 518 2373 ipsius
542 2344 645 2366 secunda
670 2351 752 2367 manus
769 2345 791 2367 in
808 2345 824 2367 F
840 2345 933 2367 interse-

89 2384 135 2406 ruit
149 2382 275 2413 passionis.

152 2422 161 2435 ²
180 2423 238 2446 ioan.
257 2423 298 2449 13,
316 2422 358 2449 14,
375 2421 432 2444 ibid.
449 2428 472 2444 v.
493 2422 531 2444 16:
549 2422 597 2444 Non
614 2424 648 2444 est
658 2428 740 2444 servus
752 2422 826 2444 maior
837 2422 932 2445 domino

89 2467 145 2489 suo;
161 2462 238 2484 Matth.
255 2462 296 2488 10,
314 2461 357 2483 24:
378 2461 425 2483 Non
449 2463 483 2483 est
504 2460 631 2488 discipulus
652 2466 724 2488 super
741 2461 885 2488 magistrum.
901 2474 933 2477 —

90 2500 142 2523 Vat.
159 2503 237 2523 contra
255 2499 350 2523 BCDF
367 2500 434 2527 legit:
451 2498 479 2522 Si
493 2505 550 2528 erqo
567 2499 616 2528 ipse
638 2499 755 2522 Dominus
777 2500 798 2522 et
819 2499 932 2529 magister

90 2541 169 2562 noster
186 2539 220 2562 ita
236 2538 289 2562 vilis
305 2541 326 2562 et
343 2537 521 2568 contemptibilis
539 2539 662 2568 reputatus
679 2539 724 2565 est,
741 2539 763 2561 et
778 2544 826 2561 non
841 2540 875 2562 est
885 2545 932 2562 ser·

91 2584 134 2601 vus
151 2581 206 2605 ete,
223 2581 245 2600 et
261 2578 354 2600 hiterius
371 2577 413 2607 qui
428 2579 513 2600 vestem
529 2577 603 2600 sumit
619 2583 661 2605 pro
679 2577 720 2606 qui
735 2579 820 2600 vestem
836 2577 889 2607 fert.

152 2616 161 2630 ³
180 2617 260 2639 Psalm.
279 2617 336 2644 130,
355 2617 380 2639 i:
398 2617 507 2643 Domine,
523 2623 568 2639 non
585 2619 619 2638 est
635 2617 756 2639 exaltatum
773 2622 813 2638 cor
830 2623 932 2639 meum...

90 2661 166 2684 neque
181 2655 297 2678 ambulavi
317 2656 337 2677 in
355 2655 446 2683 magnis
463 2661 539 2683 neque
555 2655 578 2676 in
596 2654 738 2677 mirabilibus
755 2661 825 2682 super
842 2661 886 2677 me.
903 2667 932 2670 ——

90 2694 185 2716 lnrerius
206 2694 327 2722 respicitur
348 2694 383 2716 Ps.
408 2694 448 2722 10,
471 2693 608 2722 (secundum
634 2693 763 2720 Hebraeos,
789 2694 811 2716 in
833 2694 932 2722 Vulgata

91 2732 126 2755 Ps.
143 2733 175 2762 9.)
196 2732 235 2754 182
253 2733 356 2755 ludicare
372 2732 459 2761 pupillo
477 2735 499 2755 et
520 2732 613 2760 humili,
637 2735 661 2754 ut
682 2738 728 2754 nou
751 2735 852 2760 apponat
874 2733 932 2755 ultra

93 2771 240 2799 magnificare
256 2777 281 2793 se
298 2772 368 2793 liomo
385 2777 455 2799 super
473 2774 565 2793 terram.
582 2770 703 2798 uernam,
720 2771 792 2793 Serm.
812 2771 832 2793 1.
850 2771 872 2792 in
893 2771 933 2793 Na-

91 2809 133 2832 tiv.
150 2810 252 2837 Domini,
268 2816 292 2832 n.
311 2810 336 2833 i:
354 2810 413 2839 Quid
430 2810 491 2832 enim
509 2810 584 2838 magis
601 2810 734 2838 indignum,
751 2809 807 2838 quid
822 2810 933 2832 detestan-

91 2848 148 2870 dum
165 2848 276 2876 amplius,
293 2848 350 2877 quid
367 2848 462 2876 gravius
478 2848 634 2876 puniendum,
646 2854 716 2877 quam
729 2849 755 2870 ut
766 2848 847 2870 videns
859 2849 932 2871 Deum

91 2887 146 2909 caeli
163 2887 286 2914 parvulum
304 2888 388 2909 sactum
406 2886 471 2910 ultra
487 2889 592 2917 apponat
608 2886 678 2910 homo
695 2886 850 2917 magnificare
861 2893 885 2910 se
895 2893 933 2910 su-

88 2930 133 2954 per
149 2927 260 2949 terram?
279 2925 426 2948 intolerabilis
442 2926 597 2954 impudentiae
614 2929 659 2953 est,
677 2929 713 2953 ut,
732 2925 770 2948 ubi
788 2932 838 2948 sese
859 2926 933 2949 exina-

91 2964 149 2987 nivit
164 2965 279 2992 Maiestas,
297 2965 437 2988 vermiculus
454 2965 545 2988 infletur
561 2969 584 2988 et
603 2965 745 2988 intumescat.

153 3002 163 3016 ⁴
180 3004 255 3026 Serm.
272 3004 324 3026 304.
343 3004 407 3033 (alias
424 3004 460 3026 37.
478 3004 507 3027 de
523 3004 625 3027 Diversis
649 3005 685 3027 vel
707 3005 780 3027 Serm.
797 3004 818 3027 3.
837 3004 859 3027 in
875 3004 933 3027 sole-

990 2151 1083 2173 mnitate
1100 2151 1215 2173 Laurentii
1228 2151 1344 2180 martyris)
1357 2157 1376 2174 c.
1389 2151 1410 2174 4.
1422 2158 1445 2174 n.
1458 2152 1479 2174 3.
1493 2152 1577 2175 Textus
1589 2152 1705 2180 originalis
1717 2152 1833 2176 substituit

991 2189 1093 2213 tenderis
1115 2196 1158 2218 pro
1177 2189 1311 2213 emenderis
1327 2193 1349 2213 et
1365 2191 1448 2213 omittit
1465 2192 1537 2220 capnt
1554 2191 1655 2219 humile,
1667 2193 1689 2214 et
1699 2191 1832 2215 membrum

989 2228 1132 2258 superbum,
1150 2229 1214 2258 quod
1231 2232 1306 2252 tamen
1319 2229 1438 2252 exhibetur
1450 2236 1462 2252 a
1475 2230 1540 2252 Petro
1553 2230 1683 2253 Lombardo
1695 2234 1717 2253 et
1727 2237 1738 2253 a
1751 2231 1830 2253 Glossa

990 2267 1116 2291 ordinaria
1132 2268 1196 2296 apud
1213 2269 1328 2296 Lyranum
1347 2269 1369 2291 in
1387 2269 1442 2292 Phil.
1461 2270 1487 2298 2,
1506 2270 1526 2291 8.
1544 2282 1575 2285 —
1592 2270 1685 2292 inferius
1702 2276 1744 2298 pro
1761 2270 1831 2299 quasi

989 2306 1052 2330 dicat
1069 2306 1137 2329 BCF
1154 2307 1224 2337 quasi
1239 2307 1331 2331 diceret.

1052 2345 1061 2358 ⁶
1077 2345 1124 2369 Cfr.
1141 2352 1210 2374 supra
1229 2353 1281 2374 pag.
1299 2347 1342 2375 30,
1359 2349 1413 2369 nota
1435 2347 1451 2369 l.

1052 2383 1061 2397 ⁰
1079 2384 1134 2413 Cap.
1151 2385 1178 2412 3,
1196 2385 1233 2407 37.
1250 2398 1281 2401 -
1304 2386 1415 2414 Superius
1437 2388 1490 2414 post
1512 2385 1542 2409 Et
1564 2385 1621 2409 haec
1642 2386 1798 2410 consideratio
1815 2387 1832 2409 B

989 2424 1137 2452 prosequitur
1154 2424 1370 2454 circumspectionis
1388 2424 1448 2448 vires
1465 2424 1567 2448 tumoris
1584 2425 1662 2448 abiicit
1678 2428 1721 2447 etc.

1052 2462 1061 2475 ⁷
1078 2464 1134 2486 Gen.
1152 2464 1178 2490 3,
1196 2464 1232 2486 19.
1250 2464 1292 2486 Pro
1309 2464 1434 2487 reverteris
1451 2464 1518 2487 BCF
1536 2464 1579 2487 ibis
1592 2464 1761 2493 (Septuagintaz
1775 2465 1832 2493 Quia

989 2504 1048 2524 terra
1065 2508 1090 2523 es
1106 2505 1128 2523 et
1144 2502 1167 2524 in
1185 2505 1268 2524 terram
1286 2502 1346 2531 ibis).
1363 2514 1395 2519 —
1411 2503 1519 2532 Sequitur
1537 2503 1603 2525 Eccli.
1621 2503 1662 2530 10,
1680 2503 1706 2530 9,
1728 2503 1767 2525 ubi
1790 2509 1832 2531 pro

988 2540 1095 2569 superbis
1113 2541 1211 2569 Vulgata
1228 2540 1339 2570 superbit.
1358 2541 1414 2564 ibid.
1431 2548 1452 2564 v.
1472 2542 1513 2564 42:
1531 2543 1576 2564 Rex
1593 2542 1661 2564 hodie
1684 2545 1717 2564 est
1738 2545 1759 2565 et
1781 2549 1832 2565 cras

990 2580 1107 2602 morietur.
1124 2592 1155 2596 —
1171 2580 1266 2602 inferius
1282 2587 1325 2608 pro
1341 2587 1426 2603 sana...
1443 2580 1572 2604 mendica...
1590 2583 1612 2604 et
1628 2581 1716 2604 misera
1733 2581 1772 2609 (ita
1789 2581 1831 2605 BC

989 2618 1041 2647 DF)
1060 2619 1111 2640 Vat.
1127 2624 1224 2642 sanus...
1241 2618 1386 2642 mendicas...
1403 2621 1424 2642 et
1440 2619 1519 2642 miser.

1051 2655 1060 2668 ⁸
1078 2656 1134 2684 Cap.
1151 2657 1177 2683 3,
1194 2657 1231 2679 20.
1248 2669 1279 2673 -
1296 2656 1399 2679 Subinde
1416 2657 1527 2685 allegatur
1544 2657 1597 2679 Luc.
1617 2657 1640 2685 «l,
1659 2657 1695 2679 48.

1051 2693 1061 2706 ⁹
1078 2694 1138 2717 Libr.
1166 2695 1219 2717 Vlll.
1244 2695 1274 2718 de
1295 2695 1356 2718 Trin.
1382 2702 1401 2718 c.
1427 2696 1448 2717 8.
1474 2702 1495 2717 n.
1519 2696 1560 2724 212,
1583 2695 1622 2718 ubi
1645 2702 1687 2724 pro
1712 2695 1832 2720 inaniores

989 2735 1062 2756 textus
1085 2734 1203 2761 originalis
1227 2733 1343 2756 substituit
1367 2733 1482 2757 saniores.
1504 2734 1548 2757 Cir.
1566 2737 1621 2757 tom.
1639 2735 1684 2758 vu.
1701 2741 1755 2763 pag.
1773 2735 1832 2763 244,

989 2775 1042 2794 nota
1059 2772 1081 2794 7.

1052 2810 1071 2823 ¹⁰
1088 2811 1143 2839 Cap.
1161 2811 1204 2838 35,
1226 2812 1267 2838 21,
1290 2814 1342 2839 post
1363 2818 1433 2840 quem
1450 2812 1485 2834 Ps.
1504 2812 1561 2839 111,
1580 2813 1617 2835 19.
1633 2825 1663 2829 -
1679 2813 1712 2835 De
1728 2812 1831 2836 vallibus

990 2850 1088 2872 humiles
1104 2849 1286 2878 significantibus
1303 2851 1344 2873 cfr.
1361 2854 1417 2873 torn.
1435 2851 1471 2873 Vl.
1488 2857 1541 2879 pag.
1559 2852 1618 2879 290,
1635 2852 1736 2874 1101313.
1748 2865 1779 2868 -
1791 2853 1831 2875 Su-

989 2889 1067 2917 perius
1084 2895 1126 2917 pro
1144 2890 1208 2912 tanto
1225 2888 1311 2919 fortius
1327 2889 1392 2919 fluit,
1410 2891 1499 2919 quanto
1519 2890 1597 2920 ‘maqis
1619 2890 1737 2914 descendit
1758 2891 1796 2920 (ita
1813 2891 1830 2915 C

989 2927 1041 2956 DF)
1061 2927 1111 2949 Vat.
1127 2928 1215 2957 quanto
1232 2927 1319 2957 fortius
1335 2928 1401 2957 stitit,
1419 2929 1484 2952 tanto
1499 2928 1577 2958 mayis
1589 2928 1716 2958 descendit,
1729 2936 1771 2958 pro
1783 2931 1830 2953 toto

989 2965 1059 2990 corde
1075 2965 1214 2989 humiliatus
1231 2967 1248 2989 Β
1257 2966 1301 2990 CD
1310 2967 1325 2989 F
1341 2968 1389 2990 toto
1406 2966 1462 2997 [DF
1473 2967 1501 2991 de
1512 2967 1568 2998 toto]
1581 2967 1651 2992 corde
1661 2968 1797 2997 humiliato,
1809 2972 1832 2992 et

989 3011 1032 3032 pro
1048 3005 1076 3028 ut
1092 3004 1200 3034 impetret
1215 3005 1254 3034 (ita
1272 3005 1288 3027 B
1298 3005 1314 3028 C
1324 3005 1376 3034 DF)
1395 3005 1445 3028 Vat.
1462 3007 1485 3029 et
1500 3006 1619 3036 impetrat.

1847 316 1976 344 Consideratio

1879 345 1945 364 prima.

1849 646 1942 665 Secunda.

1855 1111 1939 1138 Hortatio
1952 1111 1977 1138 ³51

1848 1139 1910 1153 sacras
1922 1140 1978 1158 virgi-

1850 1163 1889 1177 nes.
