<?xml version="1.0" encoding="UTF-8"?>
<!DOCTYPE html PUBLIC "-//W3C//DTD XHTML 1.0 Transitional//EN"
    "http://www.w3.org/TR/xhtml1/DTD/xhtml1-transitional.dtd">
<html xmlns="http://www.w3.org/1999/xhtml" xml:lang="en" lang="en">
 <head>
  <title>
</title>
<meta http-equiv="Content-Type" content="text/html;charset=utf-8" />
  <meta name='ocr-system' content='tesseract 3.04.00' />
  <meta name='ocr-capabilities' content='ocr_page ocr_carea ocr_par ocr_line ocrx_word'/>
</head>
<body>
  <div class='ocr_page' id='page_1' title='image "./doctorisseraphic08bona_0467.png"; bbox 0 0 2133 3317; ppageno 0'>
   <div class='ocr_carea' id='block_1_1' title="bbox 0 919 7 1508">
    <p class='ocr_par' dir='ltr' id='par_1_1' title="bbox 0 919 7 1508">
     <span class='ocr_line' id='line_1_1' title="bbox 0 919 7 1508; baseline 0 0"><span class='ocrx_word' id='word_1_1' title='bbox 0 919 7 1508; x_wconf 95' lang='lat' dir='ltr'> </span> 
     </span>
    </p>
   </div>
   <div class='ocr_carea' id='block_1_2' title="bbox 9 0 19 748">
    <p class='ocr_par' dir='ltr' id='par_1_2' title="bbox 9 0 19 748">
     <span class='ocr_line' id='line_1_2' title="bbox 9 0 19 748; baseline 0 0"><span class='ocrx_word' id='word_1_2' title='bbox 9 0 19 748; x_wconf 95' lang='lat' dir='ltr'> </span> 
     </span>
    </p>
   </div>
   <div class='ocr_carea' id='block_1_3' title="bbox 11 808 74 833">
    <p class='ocr_par' dir='ltr' id='par_1_3' title="bbox 11 808 74 833">
     <span class='ocr_line' id='line_1_3' title="bbox 11 808 74 833; baseline -0.032 -4"><span class='ocrx_word' id='word_1_3' title='bbox 11 815 41 833; x_wconf 73' lang='lat' dir='ltr'>mr,</span> <span class='ocrx_word' id='word_1_4' title='bbox 49 808 74 828; x_wconf 72' lang='lat' dir='ltr'>nf-</span> 
     </span>
    </p>
   </div>
   <div class='ocr_carea' id='block_1_4' title="bbox 25 790 70 876">
    <p class='ocr_par' dir='ltr' id='par_1_4' title="bbox 25 790 70 876">
     <span class='ocr_line' id='line_1_4' title="bbox 25 790 70 876; textangle 90"><span class='ocrx_word' id='word_1_5' title='bbox 25 790 70 876; x_wconf 57' lang='lat' dir='ltr'>aaz</span> 
     </span>
    </p>
   </div>
   <div class='ocr_carea' id='block_1_5' title="bbox 489 209 1421 247">
    <p class='ocr_par' dir='ltr' id='par_1_5' title="bbox 489 209 1421 247">
     <span class='ocr_line' id='line_1_5' title="bbox 489 209 1421 247; baseline 0.003 -10"><span class='ocrx_word' id='word_1_6' title='bbox 489 209 685 238; x_wconf 84' lang='lat' dir='ltr'>OPUSCULUM</span> <span class='ocrx_word' id='word_1_7' title='bbox 707 209 760 237; x_wconf 84' lang='lat' dir='ltr'>XII.</span> <span class='ocrx_word' id='word_1_8' title='bbox 783 209 937 238; x_wconf 85' lang='lat' dir='ltr'>EPISTOLA</span> <span class='ocrx_word' id='word_1_9' title='bbox 959 210 1001 238; x_wconf 90' lang='lat' dir='ltr'>DE</span> <span class='ocrx_word' id='word_1_10' title='bbox 1023 211 1138 239; x_wconf 84' lang='lat' dir='ltr'>TRIBUS</span> <span class='ocrx_word' id='word_1_11' title='bbox 1158 211 1421 247; x_wconf 83' lang='lat' dir='ltr'>QUAESTIONIBUS.</span> 
     </span>
    </p>
   </div>
   <div class='ocr_carea' id='block_1_6' title="bbox 81 286 927 1767">
    <p class='ocr_par' dir='ltr' id='par_1_6' title="bbox 85 286 927 696">
     <span class='ocr_line' id='line_1_6' title="bbox 89 286 927 318; baseline -0.002 -1"><span class='ocrx_word' id='word_1_12' title='bbox 89 295 195 318; x_wconf 85' lang='lat' dir='ltr'>summa</span> <span class='ocrx_word' id='word_1_13' title='bbox 216 287 369 316; x_wconf 87' lang='lat' dir='ltr'>reverentia</span> <span class='ocrx_word' id='word_1_14' title='bbox 390 287 508 315; x_wconf 88' lang='lat' dir='ltr'>babebat</span> <span class='ocrx_word' id='word_1_15' title='bbox 535 290 562 315; x_wconf 91' lang='lat' dir='ltr'>et</span> <span class='ocrx_word' id='word_1_16' title='bbox 593 286 621 314; x_wconf 93' lang='lat' dir='ltr'>in</span> <span class='ocrx_word' id='word_1_17' title='bbox 649 287 759 315; x_wconf 84' lang='lat' dir='ltr'>morte¹</span> <span class='ocrx_word' id='word_1_18' title='bbox 788 287 927 315; x_wconf 86' lang='lat' dir='ltr'>mandavit</span> 
     </span>
     <span class='ocr_line' id='line_1_7' title="bbox 88 332 927 370; baseline -0.002 -7"><span class='ocrx_word' id='word_1_19' title='bbox 88 333 242 367; x_wconf 82' lang='lat' dir='ltr'><strong>Fratribus,</strong></span> <span class='ocrx_word' id='word_1_20' title='bbox 258 333 331 370; x_wconf 91' lang='lat' dir='ltr'>quod</span> <span class='ocrx_word' id='word_1_21' title='bbox 345 333 470 361; x_wconf 89' lang='lat' dir='ltr'>doctores</span> <span class='ocrx_word' id='word_1_22' title='bbox 491 340 584 361; x_wconf 86' lang='lat' dir='ltr'>sacrae</span> <span class='ocrx_word' id='word_1_23' title='bbox 599 332 758 369; x_wconf 85' lang='lat' dir='ltr'>Scripturae</span> <span class='ocrx_word' id='word_1_24' title='bbox 776 333 803 361; x_wconf 94' lang='lat' dir='ltr'>in</span> <span class='ocrx_word' id='word_1_25' title='bbox 819 341 927 361; x_wconf 89' lang='lat' dir='ltr'>summa</span> 
     </span>
     <span class='ocr_line' id='line_1_8' title="bbox 88 378 926 415; baseline -0.002 -6"><span class='ocrx_word' id='word_1_26' title='bbox 88 379 261 409; x_wconf 87' lang='lat' dir='ltr'>veneratione</span> <span class='ocrx_word' id='word_1_27' title='bbox 282 379 416 408; x_wconf 87' lang='lat' dir='ltr'>haberent</span> <span class='ocrx_word' id='word_1_28' title='bbox 436 381 565 415; x_wconf 88' lang='lat' dir='ltr'>tauquam</span> <span class='ocrx_word' id='word_1_29' title='bbox 585 378 661 413; x_wconf 90' lang='lat' dir='ltr'>illos,</span> <span class='ocrx_word' id='word_1_30' title='bbox 682 387 698 407; x_wconf 89' lang='lat' dir='ltr'>a</span> <span class='ocrx_word' id='word_1_31' title='bbox 716 378 817 415; x_wconf 90' lang='lat' dir='ltr'>quibus</span> <span class='ocrx_word' id='word_1_32' title='bbox 839 379 926 415; x_wconf 88' lang='lat' dir='ltr'>perci-</span> 
     </span>
     <span class='ocr_line' id='line_1_9' title="bbox 88 425 926 464; baseline -0.002 -9"><span class='ocrx_word' id='word_1_33' title='bbox 88 428 183 464; x_wconf 90' lang='lat' dir='ltr'>perent</span> <span class='ocrx_word' id='word_1_34' title='bbox 203 425 287 454; x_wconf 90' lang='lat' dir='ltr'>verba</span> <span class='ocrx_word' id='word_1_35' title='bbox 308 425 387 454; x_wconf 91' lang='lat' dir='ltr'>vitae.</span> <span class='ocrx_word' id='word_1_36' title='bbox 409 425 484 454; x_wconf 82' lang='lat' dir='ltr'>Unde</span> <span class='ocrx_word' id='word_1_37' title='bbox 505 433 567 454; x_wconf 89' lang='lat' dir='ltr'>cum</span> <span class='ocrx_word' id='word_1_38' title='bbox 600 433 698 453; x_wconf 92' lang='lat' dir='ltr'>nomeu</span> <span class='ocrx_word' id='word_1_39' title='bbox 730 425 856 454; x_wconf 75' lang='lat' dir='ltr'>doctoris</span> <span class='ocrx_word' id='word_1_40' title='bbox 881 433 926 454; x_wconf 80' lang='lat' dir='ltr'>ve-</span> 
     </span>
     <span class='ocr_line' id='line_1_10' title="bbox 87 472 925 509; baseline -0.001 -8"><span class='ocrx_word' id='word_1_41' title='bbox 87 475 244 506; x_wconf 85' lang='lat' dir='ltr'>neraretur,</span> <span class='ocrx_word' id='word_1_42' title='bbox 265 472 445 509; x_wconf 81' lang='lat' dir='ltr'><strong>intelligebat,</strong></span> <span class='ocrx_word' id='word_1_43' title='bbox 461 472 513 500; x_wconf 90' lang='lat' dir='ltr'>hoc</span> <span class='ocrx_word' id='word_1_44' title='bbox 534 472 710 508; x_wconf 87' lang='lat' dir='ltr'>Evangelium</span> <span class='ocrx_word' id='word_1_45' title='bbox 731 480 784 500; x_wconf 89' lang='lat' dir='ltr'>non</span> <span class='ocrx_word' id='word_1_46' title='bbox 806 475 925 506; x_wconf 85' lang='lat' dir='ltr'>vetasse,</span> 
     </span>
     <span class='ocr_line' id='line_1_11' title="bbox 87 518 925 555; baseline -0.001 -8"><span class='ocrx_word' id='word_1_47' title='bbox 87 518 206 555; x_wconf 86' lang='lat' dir='ltr'>alioquin</span> <span class='ocrx_word' id='word_1_48' title='bbox 231 518 330 546; x_wconf 86' lang='lat' dir='ltr'>Paulus</span> <span class='ocrx_word' id='word_1_49' title='bbox 361 518 505 555; x_wconf 80' lang='lat' dir='ltr'>Apostolus</span> <span class='ocrx_word' id='word_1_50' title='bbox 537 518 680 555; x_wconf 86' lang='lat' dir='ltr'>Evangelio</span> <span class='ocrx_word' id='word_1_51' title='bbox 711 518 925 552; x_wconf 80' lang='lat' dir='ltr'>contradiceret,</span> 
     </span>
     <span class='ocr_line' id='line_1_12' title="bbox 87 565 925 603; baseline 0 -10"><span class='ocrx_word' id='word_1_52' title='bbox 87 565 132 603; x_wconf 90' lang='lat' dir='ltr'>qui</span> <span class='ocrx_word' id='word_1_53' title='bbox 147 572 176 594; x_wconf 90' lang='lat' dir='ltr'>se</span> <span class='ocrx_word' id='word_1_54' title='bbox 190 565 217 593; x_wconf 94' lang='lat' dir='ltr'>in</span> <span class='ocrx_word' id='word_1_55' title='bbox 232 565 352 593; x_wconf 88' lang='lat' dir='ltr'>secunda</span> <span class='ocrx_word' id='word_1_56' title='bbox 365 565 482 602; x_wconf 82' lang='lat' dir='ltr'>Epistola</span> <span class='ocrx_word' id='word_1_57' title='bbox 495 565 529 594; x_wconf 91' lang='lat' dir='ltr'>ad</span> <span class='ocrx_word' id='word_1_58' title='bbox 540 565 713 593; x_wconf 87' lang='lat' dir='ltr'>Timotheum</span> <span class='ocrx_word' id='word_1_59' title='bbox 723 565 734 581; x_wconf 73' lang='lat'>2</span> <span class='ocrx_word' id='word_1_60' title='bbox 748 565 925 602; x_wconf 65' lang='lat' dir='ltr'>magistrum</span> 
     </span>
     <span class='ocr_line' id='line_1_13' title="bbox 85 611 924 650; baseline 0 -10"><span class='ocrx_word' id='word_1_61' title='bbox 85 611 212 650; x_wconf 74' lang='lat' dir='ltr'>yentium</span> <span class='ocrx_word' id='word_1_62' title='bbox 241 614 332 645; x_wconf 85' lang='lat' dir='ltr'>vocat,</span> <span class='ocrx_word' id='word_1_63' title='bbox 353 611 426 648; x_wconf 87' lang='lat' dir='ltr'>quod</span> <span class='ocrx_word' id='word_1_64' title='bbox 457 612 569 640; x_wconf 88' lang='lat' dir='ltr'>maioris</span> <span class='ocrx_word' id='word_1_65' title='bbox 593 611 778 648; x_wconf 87' lang='lat' dir='ltr'>impudentiae</span> <span class='ocrx_word' id='word_1_66' title='bbox 799 611 924 645; x_wconf 85' lang='lat' dir='ltr'>videtur,</span> 
     </span>
     <span class='ocr_line' id='line_1_14' title="bbox 87 658 523 696; baseline 0 -10"><span class='ocrx_word' id='word_1_67' title='bbox 87 666 169 696; x_wconf 88' lang='lat' dir='ltr'>quam</span> <span class='ocrx_word' id='word_1_68' title='bbox 190 658 211 687; x_wconf 90' lang='grc'>51</span> <span class='ocrx_word' id='word_1_69' title='bbox 232 658 267 686; x_wconf 91' lang='lat' dir='ltr'>ab</span> <span class='ocrx_word' id='word_1_70' title='bbox 287 658 347 687; x_wconf 91' lang='lat' dir='ltr'>aliis</span> <span class='ocrx_word' id='word_1_71' title='bbox 368 661 523 687; x_wconf 87' lang='lat' dir='ltr'>vocaretur.</span> 
     </span>
    </p>

    <p class='ocr_par' dir='ltr' id='par_1_7' title="bbox 81 704 925 1672">
     <span class='ocr_line' id='line_1_15' title="bbox 165 704 925 742; baseline -0.001 -9"><span class='ocrx_word' id='word_1_72' title='bbox 165 706 209 733; x_wconf 84' lang='grc'>11.</span> <span class='ocrx_word' id='word_1_73' title='bbox 232 705 297 733; x_wconf 89' lang='lat' dir='ltr'>Dico</span> <span class='ocrx_word' id='word_1_74' title='bbox 318 713 400 741; x_wconf 86' lang='lat' dir='ltr'>ergo,</span> <span class='ocrx_word' id='word_1_75' title='bbox 422 705 496 742; x_wconf 92' lang='lat' dir='ltr'>quod</span> <span class='ocrx_word' id='word_1_76' title='bbox 517 704 669 733; x_wconf 86' lang='lat' dir='ltr'>secundum</span> <span class='ocrx_word' id='word_1_77' title='bbox 690 704 794 733; x_wconf 86' lang='lat' dir='ltr'>dictum</span> <span class='ocrx_word' id='word_1_78' title='bbox 809 712 925 741; x_wconf 83' lang='lat' dir='ltr'>evange-</span> 
     </span>
     <span class='ocr_line' id='line_1_16' title="bbox 87 751 924 788; baseline -0.002 -7"><span class='ocrx_word' id='word_1_79' title='bbox 87 752 167 781; x_wconf 90' lang='lat' dir='ltr'>licum</span> <span class='ocrx_word' id='word_1_80' title='bbox 182 751 295 780; x_wconf 83' lang='lat' dir='ltr'>ambitio</span> <span class='ocrx_word' id='word_1_81' title='bbox 309 755 336 780; x_wconf 88' lang='lat' dir='ltr'>et</span> <span class='ocrx_word' id='word_1_82' title='bbox 351 759 451 788; x_wconf 89' lang='lat' dir='ltr'>pompa</span> <span class='ocrx_word' id='word_1_83' title='bbox 465 751 550 780; x_wconf 87' lang='lat' dir='ltr'>huius</span> <span class='ocrx_word' id='word_1_84' title='bbox 564 751 682 780; x_wconf 89' lang='lat' dir='ltr'>nominis</span> <span class='ocrx_word' id='word_1_85' title='bbox 698 751 903 779; x_wconf 89' lang='lat' dir='ltr'>condemnanda</span> <span class='ocrx_word' id='word_1_86' title='bbox 914 751 924 767; x_wconf 78' lang='lat'>³</span> 
     </span>
     <span class='ocr_line' id='line_1_17' title="bbox 86 798 925 834; baseline -0.004 -6"><span class='ocrx_word' id='word_1_87' title='bbox 86 801 127 828; x_wconf 90' lang='lat' dir='ltr'>est</span> <span class='ocrx_word' id='word_1_88' title='bbox 146 801 173 827; x_wconf 91' lang='lat' dir='ltr'>et</span> <span class='ocrx_word' id='word_1_89' title='bbox 193 798 352 827; x_wconf 91' lang='lat' dir='ltr'>nullatenus</span> <span class='ocrx_word' id='word_1_90' title='bbox 372 798 539 834; x_wconf 87' lang='lat' dir='ltr'>appetenda,</span> <span class='ocrx_word' id='word_1_91' title='bbox 562 798 609 826; x_wconf 90' lang='lat' dir='ltr'>sed</span> <span class='ocrx_word' id='word_1_92' title='bbox 639 798 760 826; x_wconf 86' lang='lat' dir='ltr'>officium</span> <span class='ocrx_word' id='word_1_93' title='bbox 782 805 925 826; x_wconf 82' lang='lat' dir='ltr'>assumen-</span> 
     </span>
     <span class='ocr_line' id='line_1_18' title="bbox 86 844 924 881; baseline -0.002 -7"><span class='ocrx_word' id='word_1_94' title='bbox 86 845 161 874; x_wconf 90' lang='lat' dir='ltr'>dum.</span> <span class='ocrx_word' id='word_1_95' title='bbox 183 845 257 881; x_wconf 85' lang='lat' dir='ltr'>Quos</span> <span class='ocrx_word' id='word_1_96' title='bbox 284 845 356 873; x_wconf 89' lang='lat' dir='ltr'>enim</span> <span class='ocrx_word' id='word_1_97' title='bbox 382 844 469 881; x_wconf 85' lang='lat' dir='ltr'>magis</span> <span class='ocrx_word' id='word_1_98' title='bbox 499 844 576 873; x_wconf 87' lang='lat' dir='ltr'>decet</span> <span class='ocrx_word' id='word_1_99' title='bbox 607 844 705 873; x_wconf 87' lang='lat' dir='ltr'>docere</span> <span class='ocrx_word' id='word_1_100' title='bbox 731 844 924 881; x_wconf 89' lang='lat' dir='ltr'>Evangelium,</span> 
     </span>
     <span class='ocr_line' id='line_1_19' title="bbox 86 891 923 930; baseline -0.002 -9"><span class='ocrx_word' id='word_1_101' title='bbox 86 899 168 930; x_wconf 88' lang='lat' dir='ltr'>quam</span> <span class='ocrx_word' id='word_1_102' title='bbox 189 892 235 928; x_wconf 92' lang='lat' dir='ltr'>qui</span> <span class='ocrx_word' id='word_1_103' title='bbox 259 891 433 928; x_wconf 85' lang='lat' dir='ltr'>Evangelium</span> <span class='ocrx_word' id='word_1_104' title='bbox 456 891 621 927; x_wconf 84' lang='lat' dir='ltr'>profitentur</span> <span class='ocrx_word' id='word_1_105' title='bbox 642 894 670 919; x_wconf 88' lang='lat' dir='ltr'>et</span> <span class='ocrx_word' id='word_1_106' title='bbox 690 893 823 919; x_wconf 83' lang='lat' dir='ltr'>servant?</span> <span class='ocrx_word' id='word_1_107' title='bbox 844 891 923 925; x_wconf 90' lang='lat' dir='ltr'>Nam,</span> 
     </span>
     <span class='ocr_line' id='line_1_20' title="bbox 87 936 923 974; baseline -0.002 -7"><span class='ocrx_word' id='word_1_108' title='bbox 87 946 148 968; x_wconf 91' lang='lat' dir='ltr'>cum</span> <span class='ocrx_word' id='word_1_109' title='bbox 179 938 251 967; x_wconf 88' lang='lat' dir='ltr'>dicat</span> <span class='ocrx_word' id='word_1_110' title='bbox 283 937 498 974; x_wconf 78' lang='lat' dir='ltr'>Evangelium4:</span> <span class='ocrx_word' id='word_1_111' title='bbox 522 937 580 973; x_wconf 85' lang='lat' dir='ltr'>Qui</span> <span class='ocrx_word' id='word_1_112' title='bbox 605 936 706 974; x_wconf 77' lang='lat' dir='ltr'>fecerit</span> <span class='ocrx_word' id='word_1_113' title='bbox 733 941 757 965; x_wconf 80' lang='lat' dir='ltr'>et</span> <span class='ocrx_word' id='word_1_114' title='bbox 777 937 923 971; x_wconf 82' lang='lat' dir='ltr'>docuerit,</span> 
     </span>
     <span class='ocr_line' id='line_1_21' title="bbox 85 984 924 1022; baseline -0.001 -9"><span class='ocrx_word' id='word_1_115' title='bbox 85 984 130 1013; x_wconf 79' lang='lat' dir='ltr'>liic</span> <span class='ocrx_word' id='word_1_116' title='bbox 150 993 277 1022; x_wconf 65' lang='lat' dir='ltr'>magnus</span> <span class='ocrx_word' id='word_1_117' title='bbox 298 984 449 1012; x_wconf 78' lang='lat' dir='ltr'>vocabitur</span> <span class='ocrx_word' id='word_1_118' title='bbox 464 984 494 1012; x_wconf 84' lang='lat' dir='ltr'>in</span> <span class='ocrx_word' id='word_1_119' title='bbox 508 992 596 1021; x_wconf 74' lang='lat' dir='ltr'>reyno</span> <span class='ocrx_word' id='word_1_120' title='bbox 617 984 781 1017; x_wconf 78' lang='lat' dir='ltr'>cctelorunz;</span> <span class='ocrx_word' id='word_1_121' title='bbox 803 984 866 1021; x_wconf 91' lang='lat' dir='ltr'>quis</span> <span class='ocrx_word' id='word_1_122' title='bbox 882 992 924 1012; x_wconf 84' lang='lat' dir='ltr'>sa-</span> 
     </span>
     <span class='ocr_line' id='line_1_22' title="bbox 85 1030 923 1067; baseline -0.001 -7"><span class='ocrx_word' id='word_1_123' title='bbox 85 1039 135 1060; x_wconf 89' lang='lat' dir='ltr'>nae</span> <span class='ocrx_word' id='word_1_124' title='bbox 155 1031 254 1059; x_wconf 90' lang='lat' dir='ltr'>mentis</span> <span class='ocrx_word' id='word_1_125' title='bbox 275 1030 362 1064; x_wconf 86' lang='lat' dir='ltr'>dicat,</span> <span class='ocrx_word' id='word_1_126' title='bbox 383 1033 415 1059; x_wconf 88' lang='lat' dir='ltr'>ut</span> <span class='ocrx_word' id='word_1_127' title='bbox 437 1030 565 1067; x_wconf 85' lang='lat' dir='ltr'>magister</span> <span class='ocrx_word' id='word_1_128' title='bbox 596 1034 622 1059; x_wconf 84' lang='lat' dir='ltr'>et</span> <span class='ocrx_word' id='word_1_129' title='bbox 654 1030 738 1059; x_wconf 84' lang='lat' dir='ltr'>frater</span> <span class='ocrx_word' id='word_1_130' title='bbox 770 1030 923 1059; x_wconf 81' lang='lat' dir='ltr'>Alexander</span> 
     </span>
     <span class='ocr_line' id='line_1_23' title="bbox 83 1077 921 1114; baseline -0.001 -8"><span class='ocrx_word' id='word_1_131' title='bbox 83 1077 158 1106; x_wconf 89' lang='lat' dir='ltr'>dives</span> <span class='ocrx_word' id='word_1_132' title='bbox 187 1077 314 1106; x_wconf 88' lang='lat' dir='ltr'>debuerit</span> <span class='ocrx_word' id='word_1_133' title='bbox 342 1077 498 1114; x_wconf 88' lang='lat' dir='ltr'>praedicare</span> <span class='ocrx_word' id='word_1_134' title='bbox 526 1080 554 1105; x_wconf 89' lang='lat' dir='ltr'>et</span> <span class='ocrx_word' id='word_1_135' title='bbox 583 1077 703 1106; x_wconf 92' lang='lat' dir='ltr'>docere:</span> <span class='ocrx_word' id='word_1_136' title='bbox 733 1077 817 1105; x_wconf 80' lang='lat' dir='ltr'>Beati</span> <span class='ocrx_word' id='word_1_137' title='bbox 844 1085 921 1113; x_wconf 78' lang='lat' dir='ltr'>pau-</span> 
     </span>
     <span class='ocr_line' id='line_1_24' title="bbox 82 1123 923 1162; baseline 0 -10"><span class='ocrx_word' id='word_1_138' title='bbox 82 1133 163 1162; x_wconf 75' lang='lat' dir='ltr'>peres</span> <span class='ocrx_word' id='word_1_139' title='bbox 182 1124 308 1161; x_wconf 81' lang='lat' dir='ltr'>spiritu,</span> <span class='ocrx_word' id='word_1_140' title='bbox 330 1127 357 1153; x_wconf 89' lang='lat' dir='ltr'>et</span> <span class='ocrx_word' id='word_1_141' title='bbox 378 1123 449 1152; x_wconf 89' lang='lat' dir='ltr'>idem</span> <span class='ocrx_word' id='word_1_142' title='bbox 472 1124 529 1160; x_wconf 89' lang='lat' dir='ltr'>ipse</span> <span class='ocrx_word' id='word_1_143' title='bbox 560 1132 665 1160; x_wconf 84' lang='lat' dir='ltr'>pauper</span> <span class='ocrx_word' id='word_1_144' title='bbox 686 1124 800 1152; x_wconf 85' lang='lat' dir='ltr'>effectus</span> <span class='ocrx_word' id='word_1_145' title='bbox 821 1124 923 1152; x_wconf 88' lang='lat' dir='ltr'>debue—</span> 
     </span>
     <span class='ocr_line' id='line_1_25' title="bbox 83 1170 923 1205; baseline 0 -6"><span class='ocrx_word' id='word_1_146' title='bbox 83 1171 120 1200; x_wconf 89' lang='lat' dir='ltr'>rit</span> <span class='ocrx_word' id='word_1_147' title='bbox 140 1171 275 1200; x_wconf 81' lang='lat' dir='ltr'>reticere?</span> <span class='ocrx_word' id='word_1_148' title='bbox 296 1170 390 1205; x_wconf 84' lang='lat' dir='ltr'>Certe,</span> <span class='ocrx_word' id='word_1_149' title='bbox 412 1171 433 1199; x_wconf 91' lang='lat' dir='ltr'>si</span> <span class='ocrx_word' id='word_1_150' title='bbox 455 1171 564 1199; x_wconf 84' lang='lat' dir='ltr'>Fratres</span> <span class='ocrx_word' id='word_1_151' title='bbox 578 1170 655 1199; x_wconf 88' lang='lat' dir='ltr'>decet</span> <span class='ocrx_word' id='word_1_152' title='bbox 669 1171 809 1199; x_wconf 78' lang='lat' dir='ltr'>addiscere</span> <span class='ocrx_word' id='word_1_153' title='bbox 830 1174 857 1199; x_wconf 89' lang='lat' dir='ltr'>et</span> <span class='ocrx_word' id='word_1_154' title='bbox 871 1180 923 1199; x_wconf 80' lang='lat' dir='ltr'>ru-</span> 
     </span>
     <span class='ocr_line' id='line_1_26' title="bbox 83 1217 922 1254; baseline 0 -9"><span class='ocrx_word' id='word_1_155' title='bbox 83 1217 199 1245; x_wconf 76' lang='lat' dir='ltr'>minare</span> <span class='ocrx_word' id='word_1_156' title='bbox 220 1220 350 1254; x_wconf 85' lang='lat' dir='ltr'>tanquam</span> <span class='ocrx_word' id='word_1_157' title='bbox 379 1217 492 1245; x_wconf 76' lang='lat' dir='ltr'>munda</span> <span class='ocrx_word' id='word_1_158' title='bbox 519 1217 687 1245; x_wconf 78' lang='lat' dir='ltr'>animulia⁵</span> <span class='ocrx_word' id='word_1_159' title='bbox 710 1217 794 1245; x_wconf 84' lang='lat' dir='ltr'>verba</span> <span class='ocrx_word' id='word_1_160' title='bbox 814 1217 922 1251; x_wconf 87' lang='lat' dir='ltr'>divina,</span> 
     </span>
     <span class='ocr_line' id='line_1_27' title="bbox 83 1263 923 1300; baseline 0 -8"><span class='ocrx_word' id='word_1_161' title='bbox 83 1266 110 1292; x_wconf 85' lang='lat' dir='ltr'>et</span> <span class='ocrx_word' id='word_1_162' title='bbox 130 1263 181 1292; x_wconf 92' lang='lat' dir='ltr'>sibi</span> <span class='ocrx_word' id='word_1_163' title='bbox 203 1263 269 1300; x_wconf 91' lang='lat' dir='ltr'>ipsis</span> <span class='ocrx_word' id='word_1_164' title='bbox 290 1263 432 1292; x_wconf 83' lang='lat' dir='ltr'>sufficiunt</span> <span class='ocrx_word' id='word_1_165' title='bbox 453 1263 480 1292; x_wconf 93' lang='lat' dir='ltr'>in</span> <span class='ocrx_word' id='word_1_166' title='bbox 501 1263 638 1298; x_wconf 88' lang='lat' dir='ltr'>docendo;</span> <span class='ocrx_word' id='word_1_167' title='bbox 660 1264 723 1300; x_wconf 91' lang='lat' dir='ltr'>quis</span> <span class='ocrx_word' id='word_1_168' title='bbox 744 1267 798 1292; x_wconf 88' lang='lat' dir='ltr'>tam</span> <span class='ocrx_word' id='word_1_169' title='bbox 820 1264 923 1293; x_wconf 86' lang='lat' dir='ltr'>stultus</span> 
     </span>
     <span class='ocr_line' id='line_1_28' title="bbox 83 1309 922 1347; baseline 0.001 -9"><span class='ocrx_word' id='word_1_170' title='bbox 83 1313 138 1344; x_wconf 90' lang='lat' dir='ltr'>est,</span> <span class='ocrx_word' id='word_1_171' title='bbox 159 1312 191 1339; x_wconf 87' lang='lat' dir='ltr'>ut</span> <span class='ocrx_word' id='word_1_172' title='bbox 211 1309 298 1344; x_wconf 86' lang='lat' dir='ltr'>dicat,</span> <span class='ocrx_word' id='word_1_173' title='bbox 324 1310 397 1347; x_wconf 90' lang='lat' dir='ltr'>quod</span> <span class='ocrx_word' id='word_1_174' title='bbox 423 1310 592 1344; x_wconf 88' lang='lat' dir='ltr'>doctrinam,</span> <span class='ocrx_word' id='word_1_175' title='bbox 614 1318 697 1347; x_wconf 89' lang='lat' dir='ltr'>quam</span> <span class='ocrx_word' id='word_1_176' title='bbox 719 1318 766 1339; x_wconf 89' lang='lat' dir='ltr'>eos</span> <span class='ocrx_word' id='word_1_177' title='bbox 786 1310 863 1339; x_wconf 89' lang='lat' dir='ltr'>decet</span> <span class='ocrx_word' id='word_1_178' title='bbox 884 1310 922 1339; x_wconf 84' lang='lat' dir='ltr'>fa-</span> 
     </span>
     <span class='ocr_line' id='line_1_29' title="bbox 82 1356 922 1391; baseline 0 -6"><span class='ocrx_word' id='word_1_179' title='bbox 82 1364 144 1386; x_wconf 92' lang='lat' dir='ltr'>cere</span> <span class='ocrx_word' id='word_1_180' title='bbox 164 1359 192 1385; x_wconf 90' lang='lat' dir='ltr'>et</span> <span class='ocrx_word' id='word_1_181' title='bbox 212 1356 323 1391; x_wconf 85' lang='lat' dir='ltr'>docere,</span> <span class='ocrx_word' id='word_1_182' title='bbox 338 1356 454 1385; x_wconf 85' lang='lat' dir='ltr'>debeant</span> <span class='ocrx_word' id='word_1_183' title='bbox 468 1365 484 1385; x_wconf 91' lang='lat' dir='ltr'>a</span> <span class='ocrx_word' id='word_1_184' title='bbox 499 1365 552 1385; x_wconf 90' lang='lat' dir='ltr'>non</span> <span class='ocrx_word' id='word_1_185' title='bbox 567 1357 730 1386; x_wconf 82' lang='lat' dir='ltr'>facientibus</span> <span class='ocrx_word' id='word_1_186' title='bbox 745 1357 922 1386; x_wconf 83' lang='lat' dir='ltr'>mendicare?</span> 
     </span>
     <span class='ocr_line' id='line_1_30' title="bbox 82 1403 922 1440; baseline 0.001 -8"><span class='ocrx_word' id='word_1_187' title='bbox 82 1403 186 1432; x_wconf 89' lang='lat' dir='ltr'>Damno</span> <span class='ocrx_word' id='word_1_188' title='bbox 216 1403 301 1440; x_wconf 86' lang='lat' dir='ltr'>igitur</span> <span class='ocrx_word' id='word_1_189' title='bbox 333 1406 424 1432; x_wconf 88' lang='lat' dir='ltr'>tecum</span> <span class='ocrx_word' id='word_1_190' title='bbox 451 1403 478 1432; x_wconf 91' lang='lat' dir='ltr'>in</span> <span class='ocrx_word' id='word_1_191' title='bbox 509 1403 667 1440; x_wconf 89' lang='lat' dir='ltr'>magisterio</span> <span class='ocrx_word' id='word_1_192' title='bbox 699 1411 842 1440; x_wconf 82' lang='lat' dir='ltr'>pompam,</span> <span class='ocrx_word' id='word_1_193' title='bbox 875 1403 922 1433; x_wconf 92' lang='lat' dir='ltr'>sed</span> 
     </span>
     <span class='ocr_line' id='line_1_31' title="bbox 82 1450 921 1487; baseline 0 -8"><span class='ocrx_word' id='word_1_194' title='bbox 82 1450 242 1480; x_wconf 88' lang='lat' dir='ltr'>commendo</span> <span class='ocrx_word' id='word_1_195' title='bbox 262 1450 398 1484; x_wconf 86' lang='lat' dir='ltr'>officium;</span> <span class='ocrx_word' id='word_1_196' title='bbox 420 1450 520 1479; x_wconf 89' lang='lat' dir='ltr'>damno</span> <span class='ocrx_word' id='word_1_197' title='bbox 547 1451 671 1479; x_wconf 84' lang='lat' dir='ltr'>Fratrem</span> <span class='ocrx_word' id='word_1_198' title='bbox 692 1450 823 1479; x_wconf 86' lang='lat' dir='ltr'>Minorem</span> <span class='ocrx_word' id='word_1_199' title='bbox 844 1458 921 1487; x_wconf 88' lang='lat' dir='ltr'>pom-</span> 
     </span>
     <span class='ocr_line' id='line_1_32' title="bbox 82 1496 920 1534; baseline 0 -9"><span class='ocrx_word' id='word_1_200' title='bbox 82 1504 178 1534; x_wconf 90' lang='lat' dir='ltr'>posum</span> <span class='ocrx_word' id='word_1_201' title='bbox 206 1499 234 1526; x_wconf 90' lang='lat' dir='ltr'>et</span> <span class='ocrx_word' id='word_1_202' title='bbox 262 1496 323 1525; x_wconf 90' lang='lat' dir='ltr'>dico</span> <span class='ocrx_word' id='word_1_203' title='bbox 353 1504 417 1525; x_wconf 90' lang='lat' dir='ltr'>eum</span> <span class='ocrx_word' id='word_1_204' title='bbox 439 1497 595 1534; x_wconf 86' lang='lat' dir='ltr'>magisterio</span> <span class='ocrx_word' id='word_1_205' title='bbox 626 1497 736 1534; x_wconf 89' lang='lat' dir='ltr'>penitus</span> <span class='ocrx_word' id='word_1_206' title='bbox 761 1497 920 1534; x_wconf 87' lang='lat' dir='ltr'>indignum;</span> 
     </span>
     <span class='ocr_line' id='line_1_33' title="bbox 82 1543 921 1581; baseline 0 -9"><span class='ocrx_word' id='word_1_207' title='bbox 82 1543 128 1572; x_wconf 91' lang='lat' dir='ltr'>sed</span> <span class='ocrx_word' id='word_1_208' title='bbox 149 1543 310 1572; x_wconf 87' lang='lat' dir='ltr'>commendo</span> <span class='ocrx_word' id='word_1_209' title='bbox 331 1543 500 1578; x_wconf 85' lang='lat' dir='ltr'>studiosum,</span> <span class='ocrx_word' id='word_1_210' title='bbox 522 1543 652 1578; x_wconf 86' lang='lat' dir='ltr'>credens,</span> <span class='ocrx_word' id='word_1_211' title='bbox 678 1543 752 1581; x_wconf 91' lang='lat' dir='ltr'>quod</span> <span class='ocrx_word' id='word_1_212' title='bbox 774 1544 841 1572; x_wconf 90' lang='lat' dir='ltr'>nulli</span> <span class='ocrx_word' id='word_1_213' title='bbox 865 1552 921 1572; x_wconf 90' lang='lat' dir='ltr'>ma-</span> 
     </span>
     <span class='ocr_line' id='line_1_34' title="bbox 81 1589 921 1627; baseline 0.001 -9"><span class='ocrx_word' id='word_1_214' title='bbox 81 1589 122 1627; x_wconf 94' lang='lat' dir='ltr'>gis</span> <span class='ocrx_word' id='word_1_215' title='bbox 143 1597 226 1626; x_wconf 87' lang='lat' dir='ltr'>quam</span> <span class='ocrx_word' id='word_1_216' title='bbox 247 1589 293 1618; x_wconf 83' lang='lat' dir='ltr'>tali</span> <span class='ocrx_word' id='word_1_217' title='bbox 315 1590 446 1626; x_wconf 89' lang='lat' dir='ltr'>competit</span> <span class='ocrx_word' id='word_1_218' title='bbox 477 1590 627 1619; x_wconf 88' lang='lat' dir='ltr'>auctoritas</span> <span class='ocrx_word' id='word_1_219' title='bbox 657 1589 771 1619; x_wconf 88' lang='lat' dir='ltr'>docendi</span> <span class='ocrx_word' id='word_1_220' title='bbox 802 1590 921 1627; x_wconf 86' lang='lat' dir='ltr'>Evange-</span> 
     </span>
     <span class='ocr_line' id='line_1_35' title="bbox 82 1635 338 1672; baseline -0.004 -7"><span class='ocrx_word' id='word_1_221' title='bbox 82 1635 148 1665; x_wconf 88' lang='lat' dir='ltr'>llum</span> <span class='ocrx_word' id='word_1_222' title='bbox 169 1635 279 1665; x_wconf 86' lang='lat' dir='ltr'>Christi.</span> <span class='ocrx_word' id='word_1_223' title='bbox 334 1668 338 1672; x_wconf 55' lang='grc'><em>,</em></span> 
     </span>
    </p>

    <p class='ocr_par' dir='ltr' id='par_1_8' title="bbox 81 1682 922 1767">
     <span class='ocr_line' id='line_1_36' title="bbox 161 1682 921 1720; baseline 0 -9"><span class='ocrx_word' id='word_1_224' title='bbox 161 1684 205 1711; x_wconf 87' lang='grc'>12.</span> <span class='ocrx_word' id='word_1_225' title='bbox 227 1683 340 1712; x_wconf 82' lang='lat' dir='ltr'>Restat⁶</span> <span class='ocrx_word' id='word_1_226' title='bbox 361 1685 469 1717; x_wconf 88' lang='lat' dir='ltr'>autem,</span> <span class='ocrx_word' id='word_1_227' title='bbox 491 1685 522 1712; x_wconf 88' lang='lat' dir='ltr'>ut</span> <span class='ocrx_word' id='word_1_228' title='bbox 542 1683 575 1712; x_wconf 92' lang='lat' dir='ltr'>de</span> <span class='ocrx_word' id='word_1_229' title='bbox 586 1682 859 1720; x_wconf 75' lang='lat' dir='ltr'>philosophantibus</span> <span class='ocrx_word' id='word_1_230' title='bbox 873 1683 921 1712; x_wconf 92' lang='lat' dir='ltr'>ali-</span> 
     </span>
     <span class='ocr_line' id='line_1_37' title="bbox 81 1729 922 1767; baseline 0 -9"><span class='ocrx_word' id='word_1_231' title='bbox 81 1729 147 1767; x_wconf 90' lang='lat' dir='ltr'>quid</span> <span class='ocrx_word' id='word_1_232' title='bbox 168 1729 378 1766; x_wconf 83' lang='lat' dir='ltr'>subiungamus,</span> <span class='ocrx_word' id='word_1_233' title='bbox 399 1729 487 1758; x_wconf 86' lang='lat' dir='ltr'>amice</span> <span class='ocrx_word' id='word_1_234' title='bbox 507 1729 655 1758; x_wconf 88' lang='lat' dir='ltr'>carissime.</span> <span class='ocrx_word' id='word_1_235' title='bbox 675 1730 782 1758; x_wconf 84' lang='lat' dir='ltr'>Utinam</span> <span class='ocrx_word' id='word_1_236' title='bbox 804 1730 830 1758; x_wconf 89' lang='lat' dir='ltr'>iu</span> <span class='ocrx_word' id='word_1_237' title='bbox 853 1733 922 1759; x_wconf 83' lang='lat' dir='ltr'>cete-</span> 
     </span>
    </p>
   </div>
   <div class='ocr_carea' id='block_1_7' title="bbox 70 1771 920 1813">
    <p class='ocr_par' dir='ltr' id='par_1_9' title="bbox 70 1771 920 1813">
     <span class='ocr_line' id='line_1_38' title="bbox 70 1771 920 1813; baseline 0.001 -9"><span class='ocrx_word' id='word_1_238' title='bbox 70 1771 120 1805; x_wconf 81' lang='lat' dir='ltr'>‘ris</span> <span class='ocrx_word' id='word_1_239' title='bbox 148 1775 219 1805; x_wconf 87' lang='lat' dir='ltr'>sicut</span> <span class='ocrx_word' id='word_1_240' title='bbox 239 1779 266 1804; x_wconf 90' lang='lat' dir='ltr'>et</span> <span class='ocrx_word' id='word_1_241' title='bbox 287 1775 315 1804; x_wconf 91' lang='lat' dir='ltr'>iu</span> <span class='ocrx_word' id='word_1_242' title='bbox 347 1776 398 1804; x_wconf 90' lang='lat' dir='ltr'>hoc</span> <span class='ocrx_word' id='word_1_243' title='bbox 429 1776 533 1813; x_wconf 90' lang='lat' dir='ltr'>pariter</span> <span class='ocrx_word' id='word_1_244' title='bbox 564 1776 780 1805; x_wconf 78' lang='lat' dir='ltr'>concordemus!</span> <span class='ocrx_word' id='word_1_245' title='bbox 809 1776 920 1810; x_wconf 87' lang='lat' dir='ltr'>Fateor,</span> 
     </span>
    </p>
   </div>
   <div class='ocr_carea' id='block_1_8' title="bbox 80 1822 921 1953">
    <p class='ocr_par' dir='ltr' id='par_1_10' title="bbox 80 1822 921 1953">
     <span class='ocr_line' id='line_1_39' title="bbox 80 1822 921 1860; baseline 0 -9"><span class='ocrx_word' id='word_1_246' title='bbox 80 1822 224 1859; x_wconf 87' lang='lat' dir='ltr'>displicent</span> <span class='ocrx_word' id='word_1_247' title='bbox 244 1822 292 1851; x_wconf 89' lang='lat' dir='ltr'>tibi</span> <span class='ocrx_word' id='word_1_248' title='bbox 314 1822 503 1857; x_wconf 86' lang='lat' dir='ltr'>curiositates,</span> <span class='ocrx_word' id='word_1_249' title='bbox 524 1822 668 1859; x_wconf 88' lang='lat' dir='ltr'>displicent</span> <span class='ocrx_word' id='word_1_250' title='bbox 688 1825 715 1851; x_wconf 88' lang='lat' dir='ltr'>et</span> <span class='ocrx_word' id='word_1_251' title='bbox 736 1822 812 1857; x_wconf 86' lang='lat' dir='ltr'>mihi,</span> <span class='ocrx_word' id='word_1_252' title='bbox 827 1822 921 1860; x_wconf 87' lang='lat' dir='ltr'>displi-</span> 
     </span>
     <span class='ocr_line' id='line_1_40' title="bbox 81 1869 921 1906; baseline 0.001 -8"><span class='ocrx_word' id='word_1_253' title='bbox 81 1871 142 1898; x_wconf 88' lang='lat' dir='ltr'>cent</span> <span class='ocrx_word' id='word_1_254' title='bbox 162 1872 190 1898; x_wconf 90' lang='lat' dir='ltr'>et</span> <span class='ocrx_word' id='word_1_255' title='bbox 210 1869 352 1898; x_wconf 87' lang='lat' dir='ltr'>Fratribus</span> <span class='ocrx_word' id='word_1_256' title='bbox 365 1869 460 1903; x_wconf 90' lang='lat' dir='ltr'>bonis,</span> <span class='ocrx_word' id='word_1_257' title='bbox 478 1869 623 1906; x_wconf 86' lang='lat' dir='ltr'>displicent</span> <span class='ocrx_word' id='word_1_258' title='bbox 643 1872 670 1898; x_wconf 91' lang='lat' dir='ltr'>et</span> <span class='ocrx_word' id='word_1_259' title='bbox 692 1869 747 1898; x_wconf 90' lang='lat' dir='ltr'>Deo</span> <span class='ocrx_word' id='word_1_260' title='bbox 767 1872 795 1898; x_wconf 87' lang='lat' dir='ltr'>et</span> <span class='ocrx_word' id='word_1_261' title='bbox 814 1870 921 1906; x_wconf 85' lang='lat' dir='ltr'>Angelis</span> 
     </span>
     <span class='ocr_line' id='line_1_41' title="bbox 81 1915 920 1953; baseline 0.001 -9"><span class='ocrx_word' id='word_1_262' title='bbox 81 1915 148 1945; x_wconf 89' lang='lat' dir='ltr'>eius.</span> <span class='ocrx_word' id='word_1_263' title='bbox 169 1916 223 1945; x_wconf 89' lang='lat' dir='ltr'>Nec</span> <span class='ocrx_word' id='word_1_264' title='bbox 243 1915 359 1945; x_wconf 81' lang='lat' dir='ltr'>defendo</span> <span class='ocrx_word' id='word_1_265' title='bbox 379 1916 453 1945; x_wconf 91' lang='lat' dir='ltr'>circa</span> <span class='ocrx_word' id='word_1_266' title='bbox 473 1915 576 1953; x_wconf 87' lang='lat' dir='ltr'>scripta</span> <span class='ocrx_word' id='word_1_267' title='bbox 596 1916 714 1953; x_wconf 87' lang='lat' dir='ltr'>puerilia</span> <span class='ocrx_word' id='word_1_268' title='bbox 735 1916 920 1951; x_wconf 87' lang='lat' dir='ltr'>mussitantes,</span> 
     </span>
    </p>
   </div>
   <div class='ocr_carea' id='block_1_9' title="bbox 79 2127 921 3008">
    <p class='ocr_par' dir='ltr' id='par_1_11' title="bbox 79 2127 921 2273">
     <span class='ocr_line' id='line_1_42' title="bbox 143 2127 921 2157; baseline 0.001 -7"><span class='ocrx_word' id='word_1_269' title='bbox 143 2127 149 2140; x_wconf 95' lang='lat'><strong>¹</strong></span> <span class='ocrx_word' id='word_1_270' title='bbox 169 2129 191 2150; x_wconf 90' lang='lat' dir='ltr'>ln</span> <span class='ocrx_word' id='word_1_271' title='bbox 209 2131 343 2151; x_wconf 85' lang='lat' dir='ltr'>testamento</span> <span class='ocrx_word' id='word_1_272' title='bbox 359 2134 413 2150; x_wconf 87' lang='lat' dir='ltr'>suo:</span> <span class='ocrx_word' id='word_1_273' title='bbox 425 2129 450 2150; x_wconf 89' lang='lat' dir='ltr'>Et</span> <span class='ocrx_word' id='word_1_274' title='bbox 462 2134 542 2150; x_wconf 88' lang='lat' dir='ltr'>omues</span> <span class='ocrx_word' id='word_1_275' title='bbox 560 2128 680 2156; x_wconf 85' lang='lat' dir='ltr'>theologos</span> <span class='ocrx_word' id='word_1_276' title='bbox 696 2131 718 2150; x_wconf 90' lang='lat' dir='ltr'>et</span> <span class='ocrx_word' id='word_1_277' title='bbox 734 2128 774 2157; x_wconf 84' lang='lat' dir='ltr'>qui</span> <span class='ocrx_word' id='word_1_278' title='bbox 792 2128 921 2151; x_wconf 89' lang='lat' dir='ltr'>ministrant</span> 
     </span>
     <span class='ocr_line' id='line_1_43' title="bbox 81 2166 921 2195; baseline -0.001 -5"><span class='ocrx_word' id='word_1_279' title='bbox 81 2166 146 2190; x_wconf 87' lang='lat' dir='ltr'>nohis</span> <span class='ocrx_word' id='word_1_280' title='bbox 163 2166 305 2189; x_wconf 82' lang='lat' dir='ltr'>sanctissima</span> <span class='ocrx_word' id='word_1_281' title='bbox 322 2166 394 2189; x_wconf 65' lang='lat' dir='ltr'>verba</span> <span class='ocrx_word' id='word_1_282' title='bbox 411 2166 488 2189; x_wconf 84' lang='lat' dir='ltr'>divina</span> <span class='ocrx_word' id='word_1_283' title='bbox 506 2166 619 2189; x_wconf 86' lang='lat' dir='ltr'>debemus</span> <span class='ocrx_word' id='word_1_284' title='bbox 636 2168 749 2189; x_wconf 84' lang='lat' dir='ltr'>honorare</span> <span class='ocrx_word' id='word_1_285' title='bbox 765 2171 787 2189; x_wconf 86' lang='lat' dir='ltr'>et</span> <span class='ocrx_word' id='word_1_286' title='bbox 803 2167 921 2195; x_wconf 84' lang='lat' dir='ltr'>venerari,</span> 
     </span>
     <span class='ocr_line' id='line_1_44' title="bbox 79 2205 921 2235; baseline -0.001 -6"><span class='ocrx_word' id='word_1_287' title='bbox 79 2206 138 2229; x_wconf 79' lang='lat' dir='ltr'>sicut</span> <span class='ocrx_word' id='word_1_288' title='bbox 155 2206 195 2235; x_wconf 88' lang='lat' dir='ltr'>qui</span> <span class='ocrx_word' id='word_1_289' title='bbox 212 2206 342 2228; x_wconf 87' lang='lat' dir='ltr'>ministrant</span> <span class='ocrx_word' id='word_1_290' title='bbox 358 2205 425 2228; x_wconf 88' lang='lat' dir='ltr'>uobis</span> <span class='ocrx_word' id='word_1_291' title='bbox 441 2206 547 2234; x_wconf 81' lang='lat' dir='ltr'>spiritum</span> <span class='ocrx_word' id='word_1_292' title='bbox 564 2209 587 2228; x_wconf 86' lang='lat' dir='ltr'>et</span> <span class='ocrx_word' id='word_1_293' title='bbox 603 2206 683 2228; x_wconf 82' lang='lat' dir='ltr'>vitam.</span> <span class='ocrx_word' id='word_1_294' title='bbox 706 2205 751 2228; x_wconf 82' lang='lat' dir='ltr'>Ct&#39;r.</span> <span class='ocrx_word' id='word_1_295' title='bbox 774 2207 866 2233; x_wconf 66' lang='lat' dir='ltr'>Bonav„</span> <span class='ocrx_word' id='word_1_296' title='bbox 883 2207 921 2229; x_wconf 89' lang='lat' dir='ltr'>Le-</span> 
     </span>
     <span class='ocr_line' id='line_1_45' title="bbox 80 2244 431 2273; baseline -0.003 -6"><span class='ocrx_word' id='word_1_297' title='bbox 80 2245 156 2273; x_wconf 83' lang='lat' dir='ltr'>genda</span> <span class='ocrx_word' id='word_1_298' title='bbox 173 2245 195 2267; x_wconf 91' lang='lat' dir='ltr'>S.</span> <span class='ocrx_word' id='word_1_299' title='bbox 212 2244 338 2271; x_wconf 85' lang='lat' dir='ltr'>Francisei,</span> <span class='ocrx_word' id='word_1_300' title='bbox 355 2251 375 2267; x_wconf 89' lang='lat' dir='ltr'>c.</span> <span class='ocrx_word' id='word_1_301' title='bbox 393 2245 401 2266; x_wconf 74' lang='lat' dir='ltr'>=l</span> <span class='ocrx_word' id='word_1_302' title='bbox 412 2245 431 2267; x_wconf 91' lang='grc'>1.</span> 
     </span>
    </p>

    <p class='ocr_par' dir='ltr' id='par_1_12' title="bbox 80 2282 920 2345">
     <span class='ocr_line' id='line_1_46' title="bbox 139 2282 920 2312; baseline 0.001 -7"><span class='ocrx_word' id='word_1_303' title='bbox 139 2282 152 2300; x_wconf 22' lang='grc' dir='ltr'>Δ*</span> <span class='ocrx_word' id='word_1_304' title='bbox 168 2283 225 2312; x_wconf 82' lang='lat' dir='ltr'>Cap.</span> <span class='ocrx_word' id='word_1_305' title='bbox 243 2284 268 2312; x_wconf 79' lang='grc'>1,</span> <span class='ocrx_word' id='word_1_306' title='bbox 288 2284 328 2306; x_wconf 82' lang='lat' dir='ltr'>ll:</span> <span class='ocrx_word' id='word_1_307' title='bbox 347 2284 371 2306; x_wconf 84' lang='lat' dir='ltr'>Et</span> <span class='ocrx_word' id='word_1_308' title='bbox 389 2283 497 2311; x_wconf 82' lang='lat' dir='ltr'>magister</span> <span class='ocrx_word' id='word_1_309' title='bbox 514 2283 625 2311; x_wconf 81' lang='lat' dir='ltr'>gentium.</span> <span class='ocrx_word' id='word_1_310' title='bbox 637 2295 667 2300; x_wconf 98' lang='lat'><strong>—</strong></span> <span class='ocrx_word' id='word_1_311' title='bbox 679 2284 791 2312; x_wconf 85' lang='lat' dir='ltr'>Superius</span> <span class='ocrx_word' id='word_1_312' title='bbox 807 2290 849 2312; x_wconf 92' lang='lat' dir='ltr'>pro</span> <span class='ocrx_word' id='word_1_313' title='bbox 866 2289 920 2306; x_wconf 85' lang='lat' dir='ltr'>cum</span> 
     </span>
     <span class='ocr_line' id='line_1_47' title="bbox 80 2321 661 2345; baseline -0.002 0"><span class='ocrx_word' id='word_1_314' title='bbox 80 2327 166 2345; x_wconf 81' lang='lat' dir='ltr'>nomen</span> <span class='ocrx_word' id='word_1_315' title='bbox 183 2321 285 2345; x_wconf 79' lang='lat' dir='ltr'>doctoris</span> <span class='ocrx_word' id='word_1_316' title='bbox 302 2322 349 2344; x_wconf 83' lang='lat' dir='ltr'>GK</span> <span class='ocrx_word' id='word_1_317' title='bbox 367 2327 421 2345; x_wconf 82' lang='lat' dir='ltr'>cum</span> <span class='ocrx_word' id='word_1_318' title='bbox 438 2323 531 2345; x_wconf 82' lang='lat' dir='ltr'>tantum</span> <span class='ocrx_word' id='word_1_319' title='bbox 548 2321 661 2345; x_wconf 71' lang='lat' dir='ltr'>doctores.</span> 
     </span>
    </p>

    <p class='ocr_par' dir='ltr' id='par_1_13' title="bbox 81 2359 920 2461">
     <span class='ocr_line' id='line_1_48' title="bbox 143 2359 919 2389; baseline -0.001 -6"><span class='ocrx_word' id='word_1_320' title='bbox 143 2359 152 2373; x_wconf 80' lang='lat'>⁸</span> <span class='ocrx_word' id='word_1_321' title='bbox 169 2360 243 2383; x_wconf 88' lang='lat' dir='ltr'>Codd.</span> <span class='ocrx_word' id='word_1_322' title='bbox 260 2361 277 2383; x_wconf 89' lang='lat' dir='ltr'>E</span> <span class='ocrx_word' id='word_1_323' title='bbox 287 2361 357 2382; x_wconf 83' lang='lat' dir='ltr'>FGK</span> <span class='ocrx_word' id='word_1_324' title='bbox 367 2361 383 2383; x_wconf 95' lang='lat' dir='ltr'>L</span> <span class='ocrx_word' id='word_1_325' title='bbox 394 2361 410 2383; x_wconf 92' lang='lat' dir='ltr'>N</span> <span class='ocrx_word' id='word_1_326' title='bbox 420 2360 438 2382; x_wconf 95' lang='grc' dir='ltr'>Ο</span> <span class='ocrx_word' id='word_1_327' title='bbox 454 2363 477 2383; x_wconf 85' lang='lat' dir='ltr'>et</span> <span class='ocrx_word' id='word_1_328' title='bbox 494 2361 530 2382; x_wconf 88' lang='lat' dir='ltr'>ed.</span> <span class='ocrx_word' id='word_1_329' title='bbox 548 2361 561 2382; x_wconf 90' lang='lat'>2</span> <span class='ocrx_word' id='word_1_330' title='bbox 579 2360 763 2389; x_wconf 76' lang='lat' dir='ltr'>contemnenda;</span> <span class='ocrx_word' id='word_1_331' title='bbox 775 2360 826 2383; x_wconf 86' lang='lat' dir='ltr'>Vat.</span> <span class='ocrx_word' id='word_1_332' title='bbox 844 2363 867 2383; x_wconf 86' lang='lat' dir='ltr'>et</span> <span class='ocrx_word' id='word_1_333' title='bbox 883 2360 919 2383; x_wconf 92' lang='lat' dir='ltr'>ed.</span> 
     </span>
     <span class='ocr_line' id='line_1_49' title="bbox 84 2398 920 2429; baseline -0.001 -7"><span class='ocrx_word' id='word_1_334' title='bbox 84 2399 90 2421; x_wconf 85' lang='lat' dir='ltr'>i</span> <span class='ocrx_word' id='word_1_335' title='bbox 112 2399 191 2428; x_wconf 84' lang='lat' dir='ltr'>legunt</span> <span class='ocrx_word' id='word_1_336' title='bbox 207 2398 270 2429; x_wconf 75' lang='lat' dir='ltr'>quod</span> <span class='ocrx_word' id='word_1_337' title='bbox 285 2398 416 2422; x_wconf 83' lang='lat' dir='ltr'>secundum</span> <span class='ocrx_word' id='word_1_338' title='bbox 441 2398 597 2428; x_wconf 69' lang='lat' dir='ltr'>Evanyelz‘um</span> <span class='ocrx_word' id='word_1_339' title='bbox 619 2405 708 2428; x_wconf 83' lang='lat' dir='ltr'>pompa</span> <span class='ocrx_word' id='word_1_340' title='bbox 725 2398 796 2422; x_wconf 79' lang='lat' dir='ltr'>huius</span> <span class='ocrx_word' id='word_1_341' title='bbox 817 2398 920 2422; x_wconf 82' lang='lat' dir='ltr'>nominis</span> 
     </span>
     <span class='ocr_line' id='line_1_50' title="bbox 81 2437 267 2461; baseline 0 0"><span class='ocrx_word' id='word_1_342' title='bbox 81 2437 267 2461; x_wconf 81' lang='lat' dir='ltr'>condemnanda.</span> 
     </span>
    </p>

    <p class='ocr_par' dir='ltr' id='par_1_14' title="bbox 81 2476 920 2545">
     <span class='ocr_line' id='line_1_51' title="bbox 143 2476 920 2505; baseline 0.001 -7"><span class='ocrx_word' id='word_1_343' title='bbox 143 2476 153 2489; x_wconf 85' lang='lat'>⁴</span> <span class='ocrx_word' id='word_1_344' title='bbox 170 2477 246 2499; x_wconf 83' lang='lat' dir='ltr'>Matth.</span> <span class='ocrx_word' id='word_1_345' title='bbox 264 2477 285 2504; x_wconf 80' lang='lat'>5,</span> <span class='ocrx_word' id='word_1_346' title='bbox 304 2477 340 2499; x_wconf 59' lang='lat' dir='ltr'>sl9.</span> <span class='ocrx_word' id='word_1_347' title='bbox 358 2489 388 2492; x_wconf 98' lang='lat'><strong>—</strong></span> <span class='ocrx_word' id='word_1_348' title='bbox 405 2477 513 2505; x_wconf 84' lang='lat' dir='ltr'>Sequitur</span> <span class='ocrx_word' id='word_1_349' title='bbox 530 2477 606 2498; x_wconf 80' lang='lat' dir='ltr'>Matth.</span> <span class='ocrx_word' id='word_1_350' title='bbox 623 2476 649 2503; x_wconf 73' lang='lat'>5,</span> <span class='ocrx_word' id='word_1_351' title='bbox 667 2477 689 2499; x_wconf 87' lang='grc'>3.</span> <span class='ocrx_word' id='word_1_352' title='bbox 700 2488 731 2493; x_wconf 90' lang='grc'><strong>-</strong></span> <span class='ocrx_word' id='word_1_353' title='bbox 751 2477 803 2499; x_wconf 86' lang='lat' dir='ltr'>Post</span> <span class='ocrx_word' id='word_1_354' title='bbox 820 2476 920 2499; x_wconf 67' lang='lat' dir='ltr'>Alexan-</span> 
     </span>
     <span class='ocr_line' id='line_1_52' title="bbox 81 2515 784 2545; baseline -0.001 -7"><span class='ocrx_word' id='word_1_355' title='bbox 81 2515 122 2539; x_wconf 79' lang='lat' dir='ltr'>der</span> <span class='ocrx_word' id='word_1_356' title='bbox 139 2516 157 2538; x_wconf 92' lang='lat' dir='ltr'>G</span> <span class='ocrx_word' id='word_1_357' title='bbox 174 2516 238 2538; x_wconf 84' lang='lat' dir='ltr'>addit</span> <span class='ocrx_word' id='word_1_358' title='bbox 255 2515 282 2539; x_wconf 79' lang='lat' dir='ltr'>(Ie</span> <span class='ocrx_word' id='word_1_359' title='bbox 298 2515 348 2539; x_wconf 66' lang='lat' dir='ltr'>Alis</span> <span class='ocrx_word' id='word_1_360' title='bbox 366 2516 459 2545; x_wconf 87' lang='lat' dir='ltr'>(Hales),</span> <span class='ocrx_word' id='word_1_361' title='bbox 477 2516 585 2543; x_wconf 85' lang='lat' dir='ltr'>magister</span> <span class='ocrx_word' id='word_1_362' title='bbox 603 2516 784 2538; x_wconf 80' lang='lat' dir='ltr'>Bonaventurae.</span> 
     </span>
    </p>

    <p class='ocr_par' dir='ltr' id='par_1_15' title="bbox 143 2553 764 2584">
     <span class='ocr_line' id='line_1_53' title="bbox 143 2553 764 2584; baseline -0.002 -7"><span class='ocrx_word' id='word_1_363' title='bbox 143 2553 152 2566; x_wconf 83' lang='lat'>⁵</span> <span class='ocrx_word' id='word_1_364' title='bbox 169 2554 214 2577; x_wconf 77' lang='lat' dir='ltr'>Cir.</span> <span class='ocrx_word' id='word_1_365' title='bbox 232 2555 285 2577; x_wconf 83' lang='lat' dir='ltr'>Lev.</span> <span class='ocrx_word' id='word_1_366' title='bbox 307 2555 340 2582; x_wconf 89' lang='lat' dir='ltr'>li,</span> <span class='ocrx_word' id='word_1_367' title='bbox 358 2555 380 2577; x_wconf 84' lang='grc'>3.</span> <span class='ocrx_word' id='word_1_368' title='bbox 396 2561 460 2584; x_wconf 83' lang='lat' dir='ltr'>seqq.</span> <span class='ocrx_word' id='word_1_369' title='bbox 477 2557 499 2577; x_wconf 88' lang='lat' dir='ltr'>et</span> <span class='ocrx_word' id='word_1_370' title='bbox 517 2555 581 2577; x_wconf 86' lang='lat' dir='ltr'>Deut.</span> <span class='ocrx_word' id='word_1_371' title='bbox 600 2554 642 2581; x_wconf 69' lang='lat' dir='ltr'>ici,</span> <span class='ocrx_word' id='word_1_372' title='bbox 659 2554 680 2576; x_wconf 82' lang='lat'>6.</span> <span class='ocrx_word' id='word_1_373' title='bbox 698 2560 764 2583; x_wconf 84' lang='lat' dir='ltr'>seqq.</span> 
     </span>
    </p>

    <p class='ocr_par' dir='ltr' id='par_1_16' title="bbox 81 2591 920 2737">
     <span class='ocr_line' id='line_1_54' title="bbox 142 2591 919 2622; baseline 0 -7"><span class='ocrx_word' id='word_1_374' title='bbox 142 2591 152 2604; x_wconf 77' lang='lat'><strong>⁶</strong></span> <span class='ocrx_word' id='word_1_375' title='bbox 168 2592 225 2616; x_wconf 92' lang='lat' dir='ltr'>Cod.</span> <span class='ocrx_word' id='word_1_376' title='bbox 241 2593 258 2615; x_wconf 91' lang='lat' dir='ltr'>B</span> <span class='ocrx_word' id='word_1_377' title='bbox 275 2593 398 2621; x_wconf 85' lang='lat' dir='ltr'>praemittit</span> <span class='ocrx_word' id='word_1_378' title='bbox 415 2594 473 2615; x_wconf 92' lang='lat' dir='ltr'>hanc</span> <span class='ocrx_word' id='word_1_379' title='bbox 484 2592 600 2615; x_wconf 83' lang='lat' dir='ltr'>rubricam</span> <span class='ocrx_word' id='word_1_380' title='bbox 614 2593 645 2615; x_wconf 83' lang='lat' dir='ltr'>De</span> <span class='ocrx_word' id='word_1_381' title='bbox 658 2591 887 2622; x_wconf 64' lang='lat' dir='ltr'>pldlosoplmntibus,</span> <span class='ocrx_word' id='word_1_382' title='bbox 900 2593 919 2614; x_wconf 83' lang='lat' dir='ltr'><strong>M</strong></span> 
     </span>
     <span class='ocr_line' id='line_1_55' title="bbox 82 2631 920 2659; baseline -0.001 -5"><span class='ocrx_word' id='word_1_383' title='bbox 82 2631 176 2655; x_wconf 70' lang='lat' dir='ltr'>Tertius</span> <span class='ocrx_word' id='word_1_384' title='bbox 193 2631 323 2659; x_wconf 77' lang='lat' dir='ltr'>articulus,</span> <span class='ocrx_word' id='word_1_385' title='bbox 341 2632 356 2654; x_wconf 87' lang='grc' dir='ltr'><strong>Ρ</strong></span> <span class='ocrx_word' id='word_1_386' title='bbox 382 2632 414 2655; x_wconf 85' lang='lat' dir='ltr'>De</span> <span class='ocrx_word' id='word_1_387' title='bbox 438 2631 573 2655; x_wconf 78' lang='lat' dir='ltr'>curiositate</span> <span class='ocrx_word' id='word_1_388' title='bbox 599 2631 723 2654; x_wconf 78' lang='lat' dir='ltr'>Fratrum.</span> <span class='ocrx_word' id='word_1_389' title='bbox 750 2631 846 2654; x_wconf 79' lang='lat' dir='ltr'>inferius</span> <span class='ocrx_word' id='word_1_390' title='bbox 869 2634 920 2659; x_wconf 89' lang='lat' dir='ltr'>post</span> 
     </span>
     <span class='ocr_line' id='line_1_56' title="bbox 81 2669 920 2700; baseline 0 -7"><span class='ocrx_word' id='word_1_391' title='bbox 81 2669 254 2700; x_wconf 75' lang='lat' dir='ltr'>subiunqamus</span> <span class='ocrx_word' id='word_1_392' title='bbox 270 2670 325 2693; x_wconf 80' lang='lat' dir='ltr'>edd.</span> <span class='ocrx_word' id='word_1_393' title='bbox 343 2673 527 2700; x_wconf 84' lang='lat' dir='ltr'>prosequuntur:</span> <span class='ocrx_word' id='word_1_394' title='bbox 544 2669 608 2693; x_wconf 85' lang='lat' dir='ltr'>Audi</span> <span class='ocrx_word' id='word_1_395' title='bbox 624 2669 757 2697; x_wconf 77' lang='lat' dir='ltr'>carissime,</span> <span class='ocrx_word' id='word_1_396' title='bbox 774 2669 835 2692; x_wconf 83' lang='lat' dir='ltr'>sicut</span> <span class='ocrx_word' id='word_1_397' title='bbox 852 2669 876 2692; x_wconf 85' lang='lat' dir='ltr'>in</span> <span class='ocrx_word' id='word_1_398' title='bbox 888 2675 920 2693; x_wconf 84' lang='lat' dir='ltr'>ce-</span> 
     </span>
     <span class='ocr_line' id='line_1_57' title="bbox 82 2707 919 2737; baseline -0.001 -5"><span class='ocrx_word' id='word_1_399' title='bbox 82 2708 145 2737; x_wconf 74' lang='lat' dir='ltr'>teris,</span> <span class='ocrx_word' id='word_1_400' title='bbox 162 2708 196 2732; x_wconf 86' lang='lat' dir='ltr'>sic</span> <span class='ocrx_word' id='word_1_401' title='bbox 213 2711 235 2732; x_wconf 80' lang='lat' dir='ltr'>et</span> <span class='ocrx_word' id='word_1_402' title='bbox 252 2709 277 2732; x_wconf 81' lang='lat' dir='ltr'>in</span> <span class='ocrx_word' id='word_1_403' title='bbox 293 2708 336 2732; x_wconf 87' lang='lat' dir='ltr'>hoc</span> <span class='ocrx_word' id='word_1_404' title='bbox 353 2712 395 2732; x_wconf 81' lang='lat' dir='ltr'>ete.</span> <span class='ocrx_word' id='word_1_405' title='bbox 415 2710 457 2732; x_wconf 80' lang='lat' dir='ltr'>Pro</span> <span class='ocrx_word' id='word_1_406' title='bbox 474 2708 643 2732; x_wconf 78' lang='lat' dir='ltr'>concordemus</span> <span class='ocrx_word' id='word_1_407' title='bbox 656 2709 673 2730; x_wconf 92' lang='lat' dir='ltr'>D</span> <span class='ocrx_word' id='word_1_408' title='bbox 683 2709 701 2730; x_wconf 91' lang='lat' dir='ltr'>G</span> <span class='ocrx_word' id='word_1_409' title='bbox 713 2707 919 2731; x_wconf 72' lang='lat' dir='ltr'>concordaremus.</span> 
     </span>
    </p>

    <p class='ocr_par' dir='ltr' id='par_1_17' title="bbox 81 2746 920 2931">
     <span class='ocr_line' id='line_1_58' title="bbox 143 2746 919 2776; baseline -0.001 -6"><span class='ocrx_word' id='word_1_410' title='bbox 143 2746 152 2760; x_wconf 95' lang='lat'>⁷</span> <span class='ocrx_word' id='word_1_411' title='bbox 169 2748 236 2770; x_wconf 83' lang='lat' dir='ltr'>Rom.</span> <span class='ocrx_word' id='word_1_412' title='bbox 252 2749 284 2776; x_wconf 78' lang='lat'>10,</span> <span class='ocrx_word' id='word_1_413' title='bbox 297 2749 324 2770; x_wconf 85' lang='lat'>2:</span> <span class='ocrx_word' id='word_1_414' title='bbox 336 2748 516 2770; x_wconf 80' lang='lat' dir='ltr'>Aemulatiouem</span> <span class='ocrx_word' id='word_1_415' title='bbox 527 2747 566 2770; x_wconf 91' lang='lat' dir='ltr'>Dei</span> <span class='ocrx_word' id='word_1_416' title='bbox 579 2747 671 2774; x_wconf 88' lang='lat' dir='ltr'>habent,</span> <span class='ocrx_word' id='word_1_417' title='bbox 682 2748 722 2770; x_wconf 87' lang='lat' dir='ltr'>sed</span> <span class='ocrx_word' id='word_1_418' title='bbox 734 2753 780 2769; x_wconf 92' lang='lat' dir='ltr'>non</span> <span class='ocrx_word' id='word_1_419' title='bbox 792 2746 919 2769; x_wconf 82' lang='lat' dir='ltr'>secundum</span> 
     </span>
     <span class='ocr_line' id='line_1_59' title="bbox 81 2785 920 2815; baseline -0.001 -7"><span class='ocrx_word' id='word_1_420' title='bbox 81 2785 206 2808; x_wconf 84' lang='lat' dir='ltr'>scientiam.</span> <span class='ocrx_word' id='word_1_421' title='bbox 224 2785 279 2809; x_wconf 90' lang='lat' dir='ltr'>ibid.</span> <span class='ocrx_word' id='word_1_422' title='bbox 298 2787 340 2815; x_wconf 79' lang='grc'>12,</span> <span class='ocrx_word' id='word_1_423' title='bbox 357 2787 383 2808; x_wconf 84' lang='lat'>3:</span> <span class='ocrx_word' id='word_1_424' title='bbox 401 2787 449 2809; x_wconf 88' lang='lat' dir='ltr'>Non</span> <span class='ocrx_word' id='word_1_425' title='bbox 466 2787 518 2814; x_wconf 89' lang='lat' dir='ltr'>plus</span> <span class='ocrx_word' id='word_1_426' title='bbox 532 2792 625 2814; x_wconf 83' lang='lat' dir='ltr'>sapere,</span> <span class='ocrx_word' id='word_1_427' title='bbox 637 2792 707 2814; x_wconf 86' lang='lat' dir='ltr'>quam</span> <span class='ocrx_word' id='word_1_428' title='bbox 725 2788 815 2813; x_wconf 86' lang='lat' dir='ltr'>oportet</span> <span class='ocrx_word' id='word_1_429' title='bbox 831 2791 920 2813; x_wconf 86' lang='lat' dir='ltr'>sapere.</span> 
     </span>
     <span class='ocr_line' id='line_1_60' title="bbox 82 2824 920 2854; baseline -0.002 -6"><span class='ocrx_word' id='word_1_430' title='bbox 82 2837 114 2842; x_wconf 95' lang='lat'>—</span> <span class='ocrx_word' id='word_1_431' title='bbox 130 2825 242 2853; x_wconf 81' lang='lat' dir='ltr'>Superius</span> <span class='ocrx_word' id='word_1_432' title='bbox 265 2831 308 2854; x_wconf 89' lang='lat' dir='ltr'>pro</span> <span class='ocrx_word' id='word_1_433' title='bbox 334 2825 412 2848; x_wconf 81' lang='lat' dir='ltr'>Unum</span> <span class='ocrx_word' id='word_1_434' title='bbox 437 2825 489 2848; x_wconf 83' lang='lat' dir='ltr'>Vat.</span> <span class='ocrx_word' id='word_1_435' title='bbox 506 2828 528 2848; x_wconf 89' lang='lat' dir='ltr'>et</span> <span class='ocrx_word' id='word_1_436' title='bbox 544 2825 580 2848; x_wconf 87' lang='lat' dir='ltr'>ed.</span> <span class='ocrx_word' id='word_1_437' title='bbox 607 2826 615 2847; x_wconf 79' lang='grc'>1</span> <span class='ocrx_word' id='word_1_438' title='bbox 644 2824 709 2848; x_wconf 80' lang='lat' dir='ltr'>Unde</span> <span class='ocrx_word' id='word_1_439' title='bbox 724 2826 757 2852; x_wconf 84' lang='lat' dir='ltr'>et,</span> <span class='ocrx_word' id='word_1_440' title='bbox 775 2830 835 2853; x_wconf 85' lang='lat' dir='ltr'>quae</span> <span class='ocrx_word' id='word_1_441' title='bbox 851 2824 920 2847; x_wconf 80' lang='lat' dir='ltr'>etiam</span> 
     </span>
     <span class='ocr_line' id='line_1_61' title="bbox 83 2862 920 2892; baseline -0.001 -6"><span class='ocrx_word' id='word_1_442' title='bbox 83 2863 181 2886; x_wconf 85' lang='lat' dir='ltr'>subinde</span> <span class='ocrx_word' id='word_1_443' title='bbox 194 2870 235 2892; x_wconf 93' lang='lat' dir='ltr'>pro</span> <span class='ocrx_word' id='word_1_444' title='bbox 252 2869 294 2887; x_wconf 82' lang='lat' dir='ltr'>nec</span> <span class='ocrx_word' id='word_1_445' title='bbox 310 2863 451 2887; x_wconf 80' lang='lat' dir='ltr'>detestemur</span> <span class='ocrx_word' id='word_1_446' title='bbox 468 2863 610 2886; x_wconf 89' lang='lat' dir='ltr'>substituunt</span> <span class='ocrx_word' id='word_1_447' title='bbox 626 2869 655 2886; x_wconf 83' lang='lat' dir='ltr'>ne</span> <span class='ocrx_word' id='word_1_448' title='bbox 672 2862 812 2886; x_wconf 76' lang='lat' dir='ltr'>detestemur</span> <span class='ocrx_word' id='word_1_449' title='bbox 824 2865 846 2885; x_wconf 89' lang='lat' dir='ltr'>et</span> <span class='ocrx_word' id='word_1_450' title='bbox 857 2862 920 2885; x_wconf 89' lang='lat' dir='ltr'>omit-</span> 
     </span>
     <span class='ocr_line' id='line_1_62' title="bbox 82 2901 439 2931; baseline 0.006 -8"><span class='ocrx_word' id='word_1_451' title='bbox 82 2903 131 2924; x_wconf 84' lang='lat' dir='ltr'>tunt</span> <span class='ocrx_word' id='word_1_452' title='bbox 147 2901 183 2924; x_wconf 74' lang='lat' dir='ltr'>vel</span> <span class='ocrx_word' id='word_1_453' title='bbox 200 2901 262 2931; x_wconf 88' lang='lat' dir='ltr'>quod</span> <span class='ocrx_word' id='word_1_454' title='bbox 277 2907 325 2925; x_wconf 81' lang='lat' dir='ltr'>non</span> <span class='ocrx_word' id='word_1_455' title='bbox 342 2903 439 2931; x_wconf 79' lang='lat' dir='ltr'>oportet.</span> 
     </span>
    </p>

    <p class='ocr_par' dir='ltr' id='par_1_18' title="bbox 82 2939 919 3008">
     <span class='ocr_line' id='line_1_63' title="bbox 145 2939 919 2969; baseline 0 -7"><span class='ocrx_word' id='word_1_456' title='bbox 145 2939 154 2952; x_wconf 80' lang='lat'>⁸</span> <span class='ocrx_word' id='word_1_457' title='bbox 171 2939 244 2963; x_wconf 89' lang='lat' dir='ltr'>Codd.</span> <span class='ocrx_word' id='word_1_458' title='bbox 267 2940 366 2962; x_wconf 82' lang='lat' dir='ltr'>ADLN</span> <span class='ocrx_word' id='word_1_459' title='bbox 388 2939 457 2963; x_wconf 77' lang='lat' dir='ltr'>cerba</span> <span class='ocrx_word' id='word_1_460' title='bbox 475 2940 552 2963; x_wconf 77' lang='lat' dir='ltr'>divina</span> <span class='ocrx_word' id='word_1_461' title='bbox 578 2939 665 2969; x_wconf 78' lang='lat' dir='ltr'>absque</span> <span class='ocrx_word' id='word_1_462' title='bbox 687 2939 716 2969; x_wconf 79' lang='lat' dir='ltr'>[N</span> <span class='ocrx_word' id='word_1_463' title='bbox 744 2939 807 2962; x_wconf 84' lang='lat' dir='ltr'>addit</span> <span class='ocrx_word' id='word_1_464' title='bbox 831 2939 919 2969; x_wconf 75' lang='lat' dir='ltr'>verbis]</span> 
     </span>
     <span class='ocr_line' id='line_1_64' title="bbox 82 2977 919 3008; baseline 0 -8"><span class='ocrx_word' id='word_1_465' title='bbox 82 2977 202 3001; x_wconf 80' lang='lat' dir='ltr'>humanis.</span> <span class='ocrx_word' id='word_1_466' title='bbox 220 2978 313 3001; x_wconf 78' lang='lat' dir='ltr'>interius</span> <span class='ocrx_word' id='word_1_467' title='bbox 330 2985 372 3006; x_wconf 85' lang='lat' dir='ltr'>pro</span> <span class='ocrx_word' id='word_1_468' title='bbox 388 2978 472 3008; x_wconf 76' lang='lat' dir='ltr'>flatum</span> <span class='ocrx_word' id='word_1_469' title='bbox 488 2978 614 3002; x_wconf 69' lang='lat' dir='ltr'>devolionis·</span> <span class='ocrx_word' id='word_1_470' title='bbox 637 2978 676 3007; x_wconf 82' lang='lat' dir='ltr'>(ita</span> <span class='ocrx_word' id='word_1_471' title='bbox 693 2979 710 3001; x_wconf 85' lang='lat' dir='ltr'>A</span> <span class='ocrx_word' id='word_1_472' title='bbox 721 2978 735 3000; x_wconf 85' lang='lat' dir='ltr'>F</span> <span class='ocrx_word' id='word_1_473' title='bbox 745 2978 762 3000; x_wconf 87' lang='lat' dir='ltr'>ll</span> <span class='ocrx_word' id='word_1_474' title='bbox 773 2978 791 3000; x_wconf 80' lang='grc' dir='ltr'>Κ</span> <span class='ocrx_word' id='word_1_475' title='bbox 802 2978 863 3006; x_wconf 80' lang='grc' dir='ltr'><strong>111Ν;</strong></span> <span class='ocrx_word' id='word_1_476' title='bbox 879 2979 919 3001; x_wconf 87' lang='lat' dir='ltr'>csr.</span> 
     </span>
    </p>
   </div>
   <div class='ocr_carea' id='block_1_10' title="bbox 947 2129 951 2823">
    <p class='ocr_par' dir='ltr' id='par_1_19' title="bbox 947 2129 951 2823">
     <span class='ocr_line' id='line_1_65' title="bbox 947 2129 951 2823; baseline 0 0"><span class='ocrx_word' id='word_1_477' title='bbox 947 2129 951 2823; x_wconf 95' lang='lat' dir='ltr'> </span> 
     </span>
    </p>
   </div>
   <div class='ocr_carea' id='block_1_11' title="bbox 1765 211 1820 241">
    <p class='ocr_par' dir='ltr' id='par_1_20' title="bbox 1765 211 1820 241">
     <span class='ocr_line' id='line_1_66' title="bbox 1765 211 1820 241; baseline 0 -1"><span class='ocrx_word' id='word_1_478' title='bbox 1765 211 1820 241; x_wconf 74' lang='lat'>335</span> 
     </span>
    </p>
   </div>
   <div class='ocr_carea' id='block_1_12' title="bbox 975 288 1822 1953">
    <p class='ocr_par' dir='ltr' id='par_1_21' title="bbox 975 288 1822 1953">
     <span class='ocr_line' id='line_1_67' title="bbox 982 288 1821 326; baseline 0.001 -10"><span class='ocrx_word' id='word_1_479' title='bbox 982 288 1029 316; x_wconf 88' lang='lat' dir='ltr'>sed</span> <span class='ocrx_word' id='word_1_480' title='bbox 1050 288 1170 317; x_wconf 88' lang='lat' dir='ltr'>detestor</span> <span class='ocrx_word' id='word_1_481' title='bbox 1192 296 1238 317; x_wconf 91' lang='lat' dir='ltr'>eos</span> <span class='ocrx_word' id='word_1_482' title='bbox 1269 289 1372 326; x_wconf 88' lang='lat' dir='ltr'>pariter</span> <span class='ocrx_word' id='word_1_483' title='bbox 1404 292 1503 318; x_wconf 88' lang='lat' dir='ltr'>tecum.</span> <span class='ocrx_word' id='word_1_484' title='bbox 1526 289 1615 318; x_wconf 88' lang='lat' dir='ltr'>Unum</span> <span class='ocrx_word' id='word_1_485' title='bbox 1637 289 1684 318; x_wconf 88' lang='lat' dir='ltr'>tibi</span> <span class='ocrx_word' id='word_1_486' title='bbox 1706 292 1733 318; x_wconf 91' lang='lat' dir='ltr'>et</span> <span class='ocrx_word' id='word_1_487' title='bbox 1753 289 1821 318; x_wconf 91' lang='lat' dir='ltr'>mihi</span> 
     </span>
     <span class='ocr_line' id='line_1_68' title="bbox 983 335 1821 368; baseline 0.002 -6"><span class='ocrx_word' id='word_1_488' title='bbox 983 335 1111 368; x_wconf 87' lang='lat' dir='ltr'>consulo,</span> <span class='ocrx_word' id='word_1_489' title='bbox 1133 339 1165 363; x_wconf 89' lang='lat' dir='ltr'>ut</span> <span class='ocrx_word' id='word_1_490' title='bbox 1186 335 1336 364; x_wconf 88' lang='lat' dir='ltr'>habeamus</span> <span class='ocrx_word' id='word_1_491' title='bbox 1358 335 1446 364; x_wconf 90' lang='lat' dir='ltr'>zelum</span> <span class='ocrx_word' id='word_1_492' title='bbox 1475 335 1626 364; x_wconf 89' lang='lat' dir='ltr'>secundum</span> <span class='ocrx_word' id='word_1_493' title='bbox 1658 335 1821 364; x_wconf 77' lang='lat' dir='ltr'>scientiam⁷</span> 
     </span>
     <span class='ocr_line' id='line_1_69' title="bbox 982 380 1820 418; baseline 0.002 -10"><span class='ocrx_word' id='word_1_494' title='bbox 982 388 1032 408; x_wconf 91' lang='lat' dir='ltr'>nec</span> <span class='ocrx_word' id='word_1_495' title='bbox 1053 380 1223 409; x_wconf 88' lang='lat' dir='ltr'>detestemur</span> <span class='ocrx_word' id='word_1_496' title='bbox 1252 381 1329 417; x_wconf 84' lang='lat' dir='ltr'>plus,</span> <span class='ocrx_word' id='word_1_497' title='bbox 1351 389 1434 418; x_wconf 91' lang='lat' dir='ltr'>quam</span> <span class='ocrx_word' id='word_1_498' title='bbox 1455 385 1578 418; x_wconf 88' lang='lat' dir='ltr'>oportet,</span> <span class='ocrx_word' id='word_1_499' title='bbox 1601 381 1643 410; x_wconf 81' lang='lat' dir='ltr'>vel</span> <span class='ocrx_word' id='word_1_500' title='bbox 1671 381 1745 418; x_wconf 89' lang='lat' dir='ltr'>quod</span> <span class='ocrx_word' id='word_1_501' title='bbox 1766 389 1820 409; x_wconf 91' lang='lat' dir='ltr'>non</span> 
     </span>
     <span class='ocr_line' id='line_1_70' title="bbox 982 427 1822 464; baseline 0.002 -10"><span class='ocrx_word' id='word_1_502' title='bbox 982 430 1099 462; x_wconf 86' lang='lat' dir='ltr'>oportet.</span> <span class='ocrx_word' id='word_1_503' title='bbox 1121 427 1245 456; x_wconf 83' lang='lat' dir='ltr'>Fortasse</span> <span class='ocrx_word' id='word_1_504' title='bbox 1267 428 1339 456; x_wconf 90' lang='lat' dir='ltr'>enim</span> <span class='ocrx_word' id='word_1_505' title='bbox 1361 428 1413 456; x_wconf 92' lang='lat' dir='ltr'>hoc</span> <span class='ocrx_word' id='word_1_506' title='bbox 1435 428 1506 457; x_wconf 91' lang='lat' dir='ltr'>inter</span> <span class='ocrx_word' id='word_1_507' title='bbox 1538 431 1648 464; x_wconf 88' lang='lat' dir='ltr'>peccata</span> <span class='ocrx_word' id='word_1_508' title='bbox 1670 428 1774 456; x_wconf 90' lang='lat' dir='ltr'>minuta</span> <span class='ocrx_word' id='word_1_509' title='bbox 1795 430 1822 456; x_wconf 88' lang='lat' dir='ltr'>et</span> 
     </span>
     <span class='ocr_line' id='line_1_71' title="bbox 982 473 1822 511; baseline 0.002 -11"><span class='ocrx_word' id='word_1_510' title='bbox 982 473 1098 501; x_wconf 88' lang='lat' dir='ltr'>venialia</span> <span class='ocrx_word' id='word_1_511' title='bbox 1119 474 1335 510; x_wconf 88' lang='lat' dir='ltr'>computandum</span> <span class='ocrx_word' id='word_1_512' title='bbox 1356 478 1404 503; x_wconf 90' lang='lat' dir='ltr'>est.</span> <span class='ocrx_word' id='word_1_513' title='bbox 1429 474 1482 502; x_wconf 86' lang='lat' dir='ltr'>Vix</span> <span class='ocrx_word' id='word_1_514' title='bbox 1513 474 1585 503; x_wconf 91' lang='lat' dir='ltr'>enim</span> <span class='ocrx_word' id='word_1_515' title='bbox 1612 482 1697 511; x_wconf 87' lang='lat' dir='ltr'>grana</span> <span class='ocrx_word' id='word_1_516' title='bbox 1717 474 1822 510; x_wconf 89' lang='lat' dir='ltr'>absque</span> 
     </span>
     <span class='ocr_line' id='line_1_72' title="bbox 982 519 1822 556; baseline 0.002 -9"><span class='ocrx_word' id='word_1_517' title='bbox 982 519 1066 555; x_wconf 87' lang='lat' dir='ltr'>paleis</span> <span class='ocrx_word' id='word_1_518' title='bbox 1087 519 1176 556; x_wconf 78' lang='lat' dir='ltr'>colligi</span> <span class='ocrx_word' id='word_1_519' title='bbox 1198 524 1312 556; x_wconf 86' lang='lat' dir='ltr'>possunt</span> <span class='ocrx_word' id='word_1_520' title='bbox 1333 524 1360 549; x_wconf 89' lang='lat' dir='ltr'>et</span> <span class='ocrx_word' id='word_1_521' title='bbox 1381 521 1465 549; x_wconf 88' lang='lat' dir='ltr'>verba</span> <span class='ocrx_word' id='word_1_522' title='bbox 1485 521 1577 550; x_wconf 89' lang='lat' dir='ltr'>divina</span> <span class='ocrx_word' id='word_1_523' title='bbox 1591 521 1649 550; x_wconf 93' lang='lat' dir='ltr'>sine</span> <span class='ocrx_word' id='word_1_524' title='bbox 1663 520 1755 549; x_wconf 86' lang='lat' dir='ltr'>verbis</span> <span class='ocrx_word' id='word_1_525' title='bbox 1769 520 1822 549; x_wconf 91' lang='lat' dir='ltr'>hu-</span> 
     </span>
     <span class='ocr_line' id='line_1_73' title="bbox 982 565 1820 604; baseline 0.004 -11"><span class='ocrx_word' id='word_1_526' title='bbox 982 566 1070 594; x_wconf 88' lang='lat' dir='ltr'>manis</span> <span class='ocrx_word' id='word_1_527' title='bbox 1081 565 1101 593; x_wconf 73' lang='grc'>8.</span> <span class='ocrx_word' id='word_1_528' title='bbox 1131 566 1200 595; x_wconf 85' lang='lat' dir='ltr'>llaec</span> <span class='ocrx_word' id='word_1_529' title='bbox 1221 571 1313 595; x_wconf 87' lang='lat' dir='ltr'>autem</span> <span class='ocrx_word' id='word_1_530' title='bbox 1334 568 1425 596; x_wconf 85' lang='lat' dir='ltr'>onmia</span> <span class='ocrx_word' id='word_1_531' title='bbox 1456 571 1620 604; x_wconf 88' lang='lat' dir='ltr'>separantur</span> <span class='ocrx_word' id='word_1_532' title='bbox 1652 575 1701 604; x_wconf 90' lang='lat' dir='ltr'>per</span> <span class='ocrx_word' id='word_1_533' title='bbox 1732 567 1820 596; x_wconf 88' lang='lat' dir='ltr'>zelum</span> 
     </span>
     <span class='ocr_line' id='line_1_74' title="bbox 982 612 1821 651; baseline 0.004 -12"><span class='ocrx_word' id='word_1_534' title='bbox 982 612 1200 648; x_wconf 79' lang='lat' dir='ltr'>compunctionis</span> <span class='ocrx_word' id='word_1_535' title='bbox 1214 616 1240 641; x_wconf 92' lang='lat' dir='ltr'>et</span> <span class='ocrx_word' id='word_1_536' title='bbox 1255 613 1351 642; x_wconf 87' lang='lat' dir='ltr'>flatum</span> <span class='ocrx_word' id='word_1_537' title='bbox 1372 614 1540 648; x_wconf 88' lang='lat' dir='ltr'>devotionis,</span> <span class='ocrx_word' id='word_1_538' title='bbox 1555 622 1626 651; x_wconf 90' lang='lat' dir='ltr'>quae</span> <span class='ocrx_word' id='word_1_539' title='bbox 1640 614 1756 648; x_wconf 88' lang='lat' dir='ltr'>faciunt,</span> <span class='ocrx_word' id='word_1_540' title='bbox 1772 614 1821 642; x_wconf 87' lang='lat' dir='ltr'>tri-</span> 
     </span>
     <span class='ocr_line' id='line_1_75' title="bbox 982 658 1820 697; baseline 0.004 -11"><span class='ocrx_word' id='word_1_541' title='bbox 982 658 1066 686; x_wconf 90' lang='lat' dir='ltr'>ticum</span> <span class='ocrx_word' id='word_1_542' title='bbox 1088 659 1211 687; x_wconf 89' lang='lat' dir='ltr'>veritatis</span> <span class='ocrx_word' id='word_1_543' title='bbox 1241 668 1256 688; x_wconf 80' lang='lat' dir='ltr'>a</span> <span class='ocrx_word' id='word_1_544' title='bbox 1285 660 1433 689; x_wconf 86' lang='lat' dir='ltr'>verborum</span> <span class='ocrx_word' id='word_1_545' title='bbox 1456 661 1540 697; x_wconf 85' lang='lat' dir='ltr'>paleis</span> <span class='ocrx_word' id='word_1_546' title='bbox 1561 661 1691 697; x_wconf 84' lang='lat' dir='ltr'>separari.</span> <span class='ocrx_word' id='word_1_547' title='bbox 1715 661 1745 689; x_wconf 90' lang='lat' dir='ltr'>Et</span> <span class='ocrx_word' id='word_1_548' title='bbox 1766 660 1820 689; x_wconf 88' lang='lat' dir='ltr'>for-</span> 
     </span>
     <span class='ocr_line' id='line_1_76' title="bbox 982 705 1820 744; baseline 0.004 -11"><span class='ocrx_word' id='word_1_549' title='bbox 982 708 1053 734; x_wconf 86' lang='lat' dir='ltr'>tasse</span> <span class='ocrx_word' id='word_1_550' title='bbox 1074 705 1158 742; x_wconf 87' lang='lat' dir='ltr'>aliqui</span> <span class='ocrx_word' id='word_1_551' title='bbox 1187 706 1316 735; x_wconf 87' lang='lat' dir='ltr'>videntur</span> <span class='ocrx_word' id='word_1_552' title='bbox 1342 707 1469 741; x_wconf 73' lang='lat' dir='ltr'>curiosi,</span> <span class='ocrx_word' id='word_1_553' title='bbox 1492 708 1539 744; x_wconf 91' lang='lat' dir='ltr'>qui</span> <span class='ocrx_word' id='word_1_554' title='bbox 1571 708 1657 744; x_wconf 88' lang='lat' dir='ltr'>magis</span> <span class='ocrx_word' id='word_1_555' title='bbox 1676 711 1741 736; x_wconf 89' lang='lat' dir='ltr'>sunt</span> <span class='ocrx_word' id='word_1_556' title='bbox 1761 711 1820 736; x_wconf 85' lang='lat' dir='ltr'>stu-</span> 
     </span>
     <span class='ocr_line' id='line_1_77' title="bbox 981 752 1820 789; baseline 0.005 -10"><span class='ocrx_word' id='word_1_557' title='bbox 981 752 1064 780; x_wconf 80' lang='lat' dir='ltr'>diosi.</span> <span class='ocrx_word' id='word_1_558' title='bbox 1087 752 1113 780; x_wconf 88' lang='lat' dir='ltr'>Si</span> <span class='ocrx_word' id='word_1_559' title='bbox 1135 752 1197 789; x_wconf 91' lang='lat' dir='ltr'>quis</span> <span class='ocrx_word' id='word_1_560' title='bbox 1218 753 1290 781; x_wconf 91' lang='lat' dir='ltr'>enim</span> <span class='ocrx_word' id='word_1_561' title='bbox 1312 754 1436 783; x_wconf 80' lang='lat' dir='ltr'>studeret</span> <span class='ocrx_word' id='word_1_562' title='bbox 1457 755 1485 783; x_wconf 91' lang='lat' dir='ltr'>in</span> <span class='ocrx_word' id='word_1_563' title='bbox 1506 754 1585 783; x_wconf 90' lang='lat' dir='ltr'>dictis</span> <span class='ocrx_word' id='word_1_564' title='bbox 1607 755 1820 789; x_wconf 86' lang='lat' dir='ltr'>haereticorum,</span> 
     </span>
     <span class='ocr_line' id='line_1_78' title="bbox 981 800 1820 838; baseline 0.005 -12"><span class='ocrx_word' id='word_1_565' title='bbox 981 802 1012 827; x_wconf 91' lang='lat' dir='ltr'>ut</span> <span class='ocrx_word' id='word_1_566' title='bbox 1033 806 1129 827; x_wconf 88' lang='lat' dir='ltr'>eorum</span> <span class='ocrx_word' id='word_1_567' title='bbox 1152 800 1301 828; x_wconf 85' lang='lat' dir='ltr'>sententias</span> <span class='ocrx_word' id='word_1_568' title='bbox 1321 800 1482 829; x_wconf 88' lang='lat' dir='ltr'>declinando</span> <span class='ocrx_word' id='word_1_569' title='bbox 1497 801 1583 838; x_wconf 85' lang='lat' dir='ltr'>magis</span> <span class='ocrx_word' id='word_1_570' title='bbox 1597 801 1761 838; x_wconf 82' lang='lat' dir='ltr'>intelligeret</span> <span class='ocrx_word' id='word_1_571' title='bbox 1775 809 1820 830; x_wconf 87' lang='lat' dir='ltr'>ve-</span> 
     </span>
     <span class='ocr_line' id='line_1_79' title="bbox 982 845 1820 881; baseline 0.004 -8"><span class='ocrx_word' id='word_1_572' title='bbox 982 845 1107 877; x_wconf 88' lang='lat' dir='ltr'>ritatem;</span> <span class='ocrx_word' id='word_1_573' title='bbox 1129 853 1179 874; x_wconf 87' lang='lat' dir='ltr'>nec</span> <span class='ocrx_word' id='word_1_574' title='bbox 1200 846 1327 875; x_wconf 89' lang='lat' dir='ltr'>curiosus</span> <span class='ocrx_word' id='word_1_575' title='bbox 1354 855 1404 876; x_wconf 89' lang='lat' dir='ltr'>nec</span> <span class='ocrx_word' id='word_1_576' title='bbox 1425 847 1597 881; x_wconf 87' lang='lat' dir='ltr'>haereticus,</span> <span class='ocrx_word' id='word_1_577' title='bbox 1629 847 1675 876; x_wconf 90' lang='lat' dir='ltr'>sed</span> <span class='ocrx_word' id='word_1_578' title='bbox 1707 848 1820 876; x_wconf 88' lang='lat' dir='ltr'>catholi-</span> 
     </span>
     <span class='ocr_line' id='line_1_80' title="bbox 981 892 1820 930; baseline 0.004 -11"><span class='ocrx_word' id='word_1_579' title='bbox 981 899 1030 919; x_wconf 90' lang='lat' dir='ltr'>cus</span> <span class='ocrx_word' id='word_1_580' title='bbox 1044 894 1123 920; x_wconf 88' lang='lat' dir='ltr'>esset.</span> <span class='ocrx_word' id='word_1_581' title='bbox 1139 908 1178 911; x_wconf 97' lang='lat'><strong>—</strong></span> <span class='ocrx_word' id='word_1_582' title='bbox 1193 892 1293 928; x_wconf 85' lang='lat' dir='ltr'>Quodsi</span> <span class='ocrx_word' id='word_1_583' title='bbox 1311 893 1393 921; x_wconf 86' lang='lat' dir='ltr'>verba</span> <span class='ocrx_word' id='word_1_584' title='bbox 1408 893 1636 930; x_wconf 91' lang='lat' dir='ltr'>philosophorum</span> <span class='ocrx_word' id='word_1_585' title='bbox 1651 893 1798 930; x_wconf 87' lang='lat' dir='ltr'>aliquando</span> <span class='ocrx_word' id='word_1_586' title='bbox 1809 893 1820 910; x_wconf 75' lang='lat'>⁹</span> 
     </span>
     <span class='ocr_line' id='line_1_81' title="bbox 982 937 1820 976; baseline 0.004 -11"><span class='ocrx_word' id='word_1_587' title='bbox 982 937 1044 974; x_wconf 91' lang='lat' dir='ltr'>plus</span> <span class='ocrx_word' id='word_1_588' title='bbox 1065 938 1156 966; x_wconf 81' lang='lat' dir='ltr'>valent</span> <span class='ocrx_word' id='word_1_589' title='bbox 1177 938 1209 966; x_wconf 89' lang='lat' dir='ltr'>ad</span> <span class='ocrx_word' id='word_1_590' title='bbox 1232 938 1438 976; x_wconf 83' lang='lat' dir='ltr'>intelligentiam</span> <span class='ocrx_word' id='word_1_591' title='bbox 1467 940 1590 968; x_wconf 90' lang='lat' dir='ltr'>veritatis</span> <span class='ocrx_word' id='word_1_592' title='bbox 1611 942 1638 969; x_wconf 90' lang='lat' dir='ltr'>et</span> <span class='ocrx_word' id='word_1_593' title='bbox 1658 939 1820 968; x_wconf 83' lang='lat' dir='ltr'>confutatio—</span> 
     </span>
     <span class='ocr_line' id='line_1_82' title="bbox 980 986 1819 1023; baseline 0.002 -11"><span class='ocrx_word' id='word_1_594' title='bbox 980 992 1043 1012; x_wconf 91' lang='lat' dir='ltr'>nem</span> <span class='ocrx_word' id='word_1_595' title='bbox 1065 992 1209 1019; x_wconf 86' lang='lat' dir='ltr'>errorum,</span> <span class='ocrx_word' id='word_1_596' title='bbox 1232 994 1285 1014; x_wconf 95' lang='lat' dir='ltr'>non</span> <span class='ocrx_word' id='word_1_597' title='bbox 1313 986 1404 1014; x_wconf 91' lang='lat' dir='ltr'>deviat</span> <span class='ocrx_word' id='word_1_598' title='bbox 1428 995 1444 1014; x_wconf 92' lang='lat' dir='ltr'>a</span> <span class='ocrx_word' id='word_1_599' title='bbox 1474 987 1594 1023; x_wconf 87' lang='lat' dir='ltr'>puritate</span> <span class='ocrx_word' id='word_1_600' title='bbox 1625 986 1771 1023; x_wconf 85' lang='lat' dir='ltr'>aliquando</span> <span class='ocrx_word' id='word_1_601' title='bbox 1792 986 1819 1014; x_wconf 92' lang='lat' dir='ltr'>in</span> 
     </span>
     <span class='ocr_line' id='line_1_83' title="bbox 981 1030 1820 1069; baseline 0.004 -11"><span class='ocrx_word' id='word_1_602' title='bbox 981 1030 1023 1058; x_wconf 91' lang='grc'><strong>1115</strong></span> <span class='ocrx_word' id='word_1_603' title='bbox 1044 1031 1173 1065; x_wconf 81' lang='lat' dir='ltr'>studere,</span> <span class='ocrx_word' id='word_1_604' title='bbox 1196 1032 1315 1060; x_wconf 85' lang='lat' dir='ltr'>maxime</span> <span class='ocrx_word' id='word_1_605' title='bbox 1343 1040 1406 1060; x_wconf 89' lang='lat' dir='ltr'>cum</span> <span class='ocrx_word' id='word_1_606' title='bbox 1438 1032 1540 1061; x_wconf 89' lang='lat' dir='ltr'>multae</span> <span class='ocrx_word' id='word_1_607' title='bbox 1571 1032 1625 1061; x_wconf 93' lang='lat' dir='ltr'>sint</span> <span class='ocrx_word' id='word_1_608' title='bbox 1645 1032 1820 1069; x_wconf 89' lang='lat' dir='ltr'>quaestiones</span> 
     </span>
     <span class='ocr_line' id='line_1_84' title="bbox 980 1076 1818 1115; baseline 0.002 -11"><span class='ocrx_word' id='word_1_609' title='bbox 980 1076 1056 1110; x_wconf 85' lang='lat' dir='ltr'>fidei,</span> <span class='ocrx_word' id='word_1_610' title='bbox 1079 1085 1150 1114; x_wconf 88' lang='lat' dir='ltr'>quae</span> <span class='ocrx_word' id='word_1_611' title='bbox 1171 1078 1229 1106; x_wconf 90' lang='lat' dir='ltr'>sine</span> <span class='ocrx_word' id='word_1_612' title='bbox 1251 1078 1293 1107; x_wconf 90' lang='grc'><strong>1115</strong></span> <span class='ocrx_word' id='word_1_613' title='bbox 1315 1087 1369 1107; x_wconf 88' lang='grc'><strong>11011</strong></span> <span class='ocrx_word' id='word_1_614' title='bbox 1391 1082 1505 1115; x_wconf 83' lang='lat' dir='ltr'>possunt</span> <span class='ocrx_word' id='word_1_615' title='bbox 1527 1078 1677 1107; x_wconf 89' lang='lat' dir='ltr'>terminari.</span> <span class='ocrx_word' id='word_1_616' title='bbox 1700 1078 1775 1107; x_wconf 89' lang='lat' dir='ltr'>Unde</span> <span class='ocrx_word' id='word_1_617' title='bbox 1797 1078 1818 1107; x_wconf 92' lang='lat' dir='ltr'>si</span> 
     </span>
     <span class='ocr_line' id='line_1_85' title="bbox 980 1123 1818 1162; baseline 0.002 -11"><span class='ocrx_word' id='word_1_618' title='bbox 980 1123 1097 1152; x_wconf 90' lang='lat' dir='ltr'>velimus</span> <span class='ocrx_word' id='word_1_619' title='bbox 1118 1124 1198 1153; x_wconf 89' lang='lat' dir='ltr'>nimis</span> <span class='ocrx_word' id='word_1_620' title='bbox 1220 1125 1313 1153; x_wconf 85' lang='lat' dir='ltr'>stricte</span> <span class='ocrx_word' id='word_1_621' title='bbox 1329 1125 1465 1158; x_wconf 84' lang='lat' dir='ltr'>iudicare,</span> <span class='ocrx_word' id='word_1_622' title='bbox 1480 1125 1595 1154; x_wconf 86' lang='lat' dir='ltr'>fortasse</span> <span class='ocrx_word' id='word_1_623' title='bbox 1610 1125 1683 1162; x_wconf 89' lang='lat' dir='ltr'>ipsos</span> <span class='ocrx_word' id='word_1_624' title='bbox 1698 1126 1818 1159; x_wconf 75' lang='lat' dir='ltr'>sanctos,</span> 
     </span>
     <span class='ocr_line' id='line_1_86' title="bbox 979 1170 1818 1207; baseline 0.002 -9"><span class='ocrx_word' id='word_1_625' title='bbox 979 1170 1053 1207; x_wconf 90' lang='lat' dir='ltr'>quod</span> <span class='ocrx_word' id='word_1_626' title='bbox 1075 1170 1190 1207; x_wconf 90' lang='lat' dir='ltr'>impium</span> <span class='ocrx_word' id='word_1_627' title='bbox 1211 1175 1267 1205; x_wconf 81' lang='lat' dir='ltr'>est,</span> <span class='ocrx_word' id='word_1_628' title='bbox 1290 1172 1471 1200; x_wconf 84' lang='lat' dir='ltr'>iudicabimus</span> <span class='ocrx_word' id='word_1_629' title='bbox 1499 1172 1630 1200; x_wconf 91' lang='lat' dir='ltr'>curiosos.</span> <span class='ocrx_word' id='word_1_630' title='bbox 1660 1172 1725 1200; x_wconf 89' lang='lat' dir='ltr'>Nam</span> <span class='ocrx_word' id='word_1_631' title='bbox 1758 1172 1818 1200; x_wconf 91' lang='lat' dir='ltr'>nul-</span> 
     </span>
     <span class='ocr_line' id='line_1_87' title="bbox 980 1216 1819 1255; baseline 0.001 -10"><span class='ocrx_word' id='word_1_632' title='bbox 980 1216 1023 1245; x_wconf 90' lang='lat' dir='ltr'>lus</span> <span class='ocrx_word' id='word_1_633' title='bbox 1045 1217 1142 1245; x_wconf 83' lang='lat' dir='ltr'>melius</span> <span class='ocrx_word' id='word_1_634' title='bbox 1164 1222 1304 1246; x_wconf 78' lang='lat' dir='ltr'>naturum</span> <span class='ocrx_word' id='word_1_635' title='bbox 1326 1219 1461 1255; x_wconf 81' lang='lat' dir='ltr'>temporis</span> <span class='ocrx_word' id='word_1_636' title='bbox 1483 1222 1508 1247; x_wconf 79' lang='lat' dir='ltr'>et</span> <span class='ocrx_word' id='word_1_637' title='bbox 1528 1218 1669 1247; x_wconf 73' lang='lat' dir='ltr'>nzuteriae</span> <span class='ocrx_word' id='word_1_638' title='bbox 1689 1218 1819 1247; x_wconf 88' lang='lat' dir='ltr'>describit</span> 
     </span>
     <span class='ocr_line' id='line_1_88' title="bbox 979 1264 1818 1302; baseline 0.002 -11"><span class='ocrx_word' id='word_1_639' title='bbox 979 1271 1062 1300; x_wconf 90' lang='lat' dir='ltr'>quam</span> <span class='ocrx_word' id='word_1_640' title='bbox 1084 1264 1267 1300; x_wconf 80' lang='lat' dir='ltr'>Augustinus,</span> <span class='ocrx_word' id='word_1_641' title='bbox 1284 1265 1447 1301; x_wconf 88' lang='lat' dir='ltr'>inquirendo</span> <span class='ocrx_word' id='word_1_642' title='bbox 1467 1269 1494 1294; x_wconf 93' lang='lat' dir='ltr'>et</span> <span class='ocrx_word' id='word_1_643' title='bbox 1515 1265 1678 1302; x_wconf 89' lang='lat' dir='ltr'>disputando</span> <span class='ocrx_word' id='word_1_644' title='bbox 1699 1265 1726 1293; x_wconf 91' lang='lat' dir='ltr'>in</span> <span class='ocrx_word' id='word_1_645' title='bbox 1749 1265 1818 1293; x_wconf 85' lang='lat' dir='ltr'>libro</span> 
     </span>
     <span class='ocr_line' id='line_1_89' title="bbox 979 1310 1818 1349; baseline 0.001 -11"><span class='ocrx_word' id='word_1_646' title='bbox 979 1310 1184 1339; x_wconf 85' lang='lat' dir='ltr'>Confessionum</span> <span class='ocrx_word' id='word_1_647' title='bbox 1197 1311 1234 1344; x_wconf 72' lang='lat'>¹⁰3</span> <span class='ocrx_word' id='word_1_648' title='bbox 1257 1311 1351 1340; x_wconf 87' lang='lat' dir='ltr'>nullus</span> <span class='ocrx_word' id='word_1_649' title='bbox 1373 1312 1470 1340; x_wconf 89' lang='lat' dir='ltr'>melius</span> <span class='ocrx_word' id='word_1_650' title='bbox 1485 1312 1579 1340; x_wconf 72' lang='lat' dir='ltr'>exitus</span> <span class='ocrx_word' id='word_1_651' title='bbox 1599 1310 1768 1349; x_wconf 77' lang='lat' dir='ltr'>formarum</span> <span class='ocrx_word' id='word_1_652' title='bbox 1791 1314 1818 1340; x_wconf 89' lang='lat' dir='ltr'>et</span> 
     </span>
     <span class='ocr_line' id='line_1_90' title="bbox 975 1356 1817 1394; baseline 0.001 -10"><span class='ocrx_word' id='word_1_653' title='bbox 975 1356 1170 1393; x_wconf 74' lang='lat' dir='ltr'>propuyinenz</span> <span class='ocrx_word' id='word_1_654' title='bbox 1198 1365 1299 1385; x_wconf 80' lang='lat' dir='ltr'>rerum</span> <span class='ocrx_word' id='word_1_655' title='bbox 1325 1365 1408 1394; x_wconf 92' lang='lat' dir='ltr'>quam</span> <span class='ocrx_word' id='word_1_656' title='bbox 1437 1358 1494 1394; x_wconf 89' lang='lat' dir='ltr'>ipse</span> <span class='ocrx_word' id='word_1_657' title='bbox 1522 1365 1606 1394; x_wconf 90' lang='lat' dir='ltr'>super</span> <span class='ocrx_word' id='word_1_658' title='bbox 1637 1357 1762 1386; x_wconf 89' lang='lat' dir='ltr'>Genesim</span> <span class='ocrx_word' id='word_1_659' title='bbox 1784 1357 1817 1386; x_wconf 88' lang='lat' dir='ltr'>ad</span> 
     </span>
     <span class='ocr_line' id='line_1_91' title="bbox 979 1402 1817 1441; baseline 0.002 -11"><span class='ocrx_word' id='word_1_660' title='bbox 979 1402 1114 1436; x_wconf 87' lang='lat' dir='ltr'>litteram;</span> <span class='ocrx_word' id='word_1_661' title='bbox 1137 1403 1230 1432; x_wconf 92' lang='lat' dir='ltr'>nullus</span> <span class='ocrx_word' id='word_1_662' title='bbox 1251 1404 1349 1432; x_wconf 91' lang='lat' dir='ltr'>melius</span> <span class='ocrx_word' id='word_1_663' title='bbox 1370 1404 1544 1441; x_wconf 89' lang='lat' dir='ltr'>quaestiones</span> <span class='ocrx_word' id='word_1_664' title='bbox 1565 1404 1598 1432; x_wconf 92' lang='lat' dir='ltr'>de</span> <span class='ocrx_word' id='word_1_665' title='bbox 1619 1404 1722 1432; x_wconf 78' lang='lat' dir='ltr'>anima</span> <span class='ocrx_word' id='word_1_666' title='bbox 1743 1406 1770 1432; x_wconf 90' lang='lat' dir='ltr'>et</span> <span class='ocrx_word' id='word_1_667' title='bbox 1784 1403 1817 1432; x_wconf 90' lang='lat' dir='ltr'>de</span> 
     </span>
     <span class='ocr_line' id='line_1_92' title="bbox 980 1449 1818 1486; baseline 0.001 -9"><span class='ocrx_word' id='word_1_668' title='bbox 980 1449 1036 1478; x_wconf 82' lang='lat' dir='ltr'>Deo</span> <span class='ocrx_word' id='word_1_669' title='bbox 1064 1457 1146 1486; x_wconf 89' lang='lat' dir='ltr'>quam</span> <span class='ocrx_word' id='word_1_670' title='bbox 1168 1450 1225 1486; x_wconf 89' lang='lat' dir='ltr'>ipse</span> <span class='ocrx_word' id='word_1_671' title='bbox 1247 1450 1273 1478; x_wconf 91' lang='lat' dir='ltr'>in</span> <span class='ocrx_word' id='word_1_672' title='bbox 1296 1450 1365 1479; x_wconf 90' lang='lat' dir='ltr'>libro</span> <span class='ocrx_word' id='word_1_673' title='bbox 1386 1450 1419 1479; x_wconf 92' lang='lat' dir='ltr'>de</span> <span class='ocrx_word' id='word_1_674' title='bbox 1441 1450 1623 1484; x_wconf 86' lang='lat' dir='ltr'>Trinitate¹¹;</span> <span class='ocrx_word' id='word_1_675' title='bbox 1645 1450 1739 1479; x_wconf 91' lang='lat' dir='ltr'>nullus</span> <span class='ocrx_word' id='word_1_676' title='bbox 1761 1458 1818 1478; x_wconf 91' lang='lat' dir='ltr'>me-</span> 
     </span>
     <span class='ocr_line' id='line_1_93' title="bbox 978 1496 1817 1534; baseline 0.001 -10"><span class='ocrx_word' id='word_1_677' title='bbox 978 1496 1033 1525; x_wconf 93' lang='lat' dir='ltr'>lius</span> <span class='ocrx_word' id='word_1_678' title='bbox 1053 1500 1196 1524; x_wconf 79' lang='lat' dir='ltr'>naturam</span> <span class='ocrx_word' id='word_1_679' title='bbox 1218 1496 1375 1525; x_wconf 69' lang='lat' dir='ltr'>creationis</span> <span class='ocrx_word' id='word_1_680' title='bbox 1395 1497 1501 1525; x_wconf 82' lang='lat' dir='ltr'>mundi</span> <span class='ocrx_word' id='word_1_681' title='bbox 1520 1504 1603 1534; x_wconf 91' lang='lat' dir='ltr'>quam</span> <span class='ocrx_word' id='word_1_682' title='bbox 1618 1496 1689 1525; x_wconf 89' lang='lat' dir='ltr'>idem</span> <span class='ocrx_word' id='word_1_683' title='bbox 1704 1497 1731 1524; x_wconf 93' lang='lat' dir='ltr'>in</span> <span class='ocrx_word' id='word_1_684' title='bbox 1748 1496 1817 1525; x_wconf 88' lang='lat' dir='ltr'>libro</span> 
     </span>
     <span class='ocr_line' id='line_1_94' title="bbox 977 1543 1818 1580; baseline -0.001 -8"><span class='ocrx_word' id='word_1_685' title='bbox 977 1544 1011 1572; x_wconf 91' lang='lat' dir='ltr'>de</span> <span class='ocrx_word' id='word_1_686' title='bbox 1028 1543 1143 1571; x_wconf 89' lang='lat' dir='ltr'>Civitate</span> <span class='ocrx_word' id='word_1_687' title='bbox 1164 1543 1220 1571; x_wconf 90' lang='lat' dir='ltr'>Dei.</span> <span class='ocrx_word' id='word_1_688' title='bbox 1240 1543 1271 1571; x_wconf 91' lang='lat' dir='ltr'>Et</span> <span class='ocrx_word' id='word_1_689' title='bbox 1285 1546 1317 1571; x_wconf 90' lang='lat' dir='ltr'>ut</span> <span class='ocrx_word' id='word_1_690' title='bbox 1330 1543 1452 1572; x_wconf 91' lang='lat' dir='ltr'>breviter</span> <span class='ocrx_word' id='word_1_691' title='bbox 1466 1543 1563 1577; x_wconf 90' lang='lat' dir='ltr'>dicam,</span> <span class='ocrx_word' id='word_1_692' title='bbox 1579 1551 1666 1580; x_wconf 88' lang='lat' dir='ltr'>pauca</span> <span class='ocrx_word' id='word_1_693' title='bbox 1679 1546 1728 1571; x_wconf 88' lang='lat' dir='ltr'>aut</span> <span class='ocrx_word' id='word_1_694' title='bbox 1742 1543 1818 1571; x_wconf 86' lang='lat' dir='ltr'>nulla</span> 
     </span>
     <span class='ocr_line' id='line_1_95' title="bbox 978 1589 1817 1627; baseline 0 -9"><span class='ocrx_word' id='word_1_695' title='bbox 978 1593 1132 1627; x_wconf 88' lang='lat' dir='ltr'>posuerunt</span> <span class='ocrx_word' id='word_1_696' title='bbox 1153 1589 1277 1626; x_wconf 85' lang='lat' dir='ltr'>magistri</span> <span class='ocrx_word' id='word_1_697' title='bbox 1298 1589 1326 1617; x_wconf 91' lang='lat' dir='ltr'>in</span> <span class='ocrx_word' id='word_1_698' title='bbox 1348 1589 1457 1626; x_wconf 86' lang='lat' dir='ltr'>scriptis</span> <span class='ocrx_word' id='word_1_699' title='bbox 1478 1589 1551 1624; x_wconf 86' lang='grc'><strong>51115,</strong></span> <span class='ocrx_word' id='word_1_700' title='bbox 1573 1589 1640 1626; x_wconf 84' lang='grc'><strong>1111111</strong></span> <span class='ocrx_word' id='word_1_701' title='bbox 1671 1589 1718 1618; x_wconf 88' lang='lat' dir='ltr'>illa</span> <span class='ocrx_word' id='word_1_702' title='bbox 1738 1597 1817 1626; x_wconf 88' lang='lat' dir='ltr'>repe—</span> 
     </span>
     <span class='ocr_line' id='line_1_96' title="bbox 978 1636 1818 1673; baseline 0 -9"><span class='ocrx_word' id='word_1_703' title='bbox 978 1637 1033 1665; x_wconf 89' lang='lat' dir='ltr'>rias</span> <span class='ocrx_word' id='word_1_704' title='bbox 1047 1636 1075 1664; x_wconf 95' lang='lat' dir='ltr'>in</span> <span class='ocrx_word' id='word_1_705' title='bbox 1090 1636 1168 1664; x_wconf 90' lang='lat' dir='ltr'>libris</span> <span class='ocrx_word' id='word_1_706' title='bbox 1189 1636 1342 1673; x_wconf 80' lang='lat' dir='ltr'>Augustini.</span> <span class='ocrx_word' id='word_1_707' title='bbox 1358 1636 1426 1673; x_wconf 90' lang='lat' dir='ltr'>Lege</span> <span class='ocrx_word' id='word_1_708' title='bbox 1441 1636 1624 1673; x_wconf 85' lang='lat' dir='ltr'>Augustinum</span> <span class='ocrx_word' id='word_1_709' title='bbox 1639 1636 1672 1664; x_wconf 93' lang='lat' dir='ltr'>de</span> <span class='ocrx_word' id='word_1_710' title='bbox 1687 1636 1818 1664; x_wconf 87' lang='lat' dir='ltr'>Doctrina</span> 
     </span>
     <span class='ocr_line' id='line_1_97' title="bbox 977 1682 1816 1720; baseline -0.001 -9"><span class='ocrx_word' id='word_1_711' title='bbox 977 1683 1171 1717; x_wconf 56' lang='lat' dir='ltr'>christianam,</span> <span class='ocrx_word' id='word_1_712' title='bbox 1193 1683 1240 1711; x_wconf 90' lang='lat' dir='ltr'>ubi</span> <span class='ocrx_word' id='word_1_713' title='bbox 1262 1682 1394 1716; x_wconf 91' lang='lat' dir='ltr'>ostendit,</span> <span class='ocrx_word' id='word_1_714' title='bbox 1417 1682 1491 1720; x_wconf 87' lang='lat' dir='ltr'>quod</span> <span class='ocrx_word' id='word_1_715' title='bbox 1511 1691 1565 1711; x_wconf 90' lang='lat' dir='ltr'>nou</span> <span class='ocrx_word' id='word_1_716' title='bbox 1590 1684 1680 1719; x_wconf 88' lang='lat' dir='ltr'>potest</span> <span class='ocrx_word' id='word_1_717' title='bbox 1703 1682 1816 1719; x_wconf 87' lang='lat' dir='ltr'>intelligi</span> 
     </span>
     <span class='ocr_line' id='line_1_98' title="bbox 978 1729 1815 1766; baseline -0.001 -8"><span class='ocrx_word' id='word_1_718' title='bbox 978 1738 1056 1759; x_wconf 84' lang='lat' dir='ltr'>sacra</span> <span class='ocrx_word' id='word_1_719' title='bbox 1086 1729 1229 1766; x_wconf 89' lang='lat' dir='ltr'>Scriptura</span> <span class='ocrx_word' id='word_1_720' title='bbox 1260 1729 1318 1758; x_wconf 88' lang='lat' dir='ltr'>sine</span> <span class='ocrx_word' id='word_1_721' title='bbox 1349 1729 1467 1758; x_wconf 86' lang='lat' dir='ltr'>aliarum</span> <span class='ocrx_word' id='word_1_722' title='bbox 1494 1729 1672 1758; x_wconf 85' lang='lat' dir='ltr'>scientiarum</span> <span class='ocrx_word' id='word_1_723' title='bbox 1699 1729 1815 1766; x_wconf 85' lang='lat' dir='ltr'>peritia;</span> 
     </span>
     <span class='ocr_line' id='line_1_99' title="bbox 977 1776 1816 1813; baseline 0 -8"><span class='ocrx_word' id='word_1_724' title='bbox 977 1776 1095 1806; x_wconf 89' lang='lat' dir='ltr'>ostendit</span> <span class='ocrx_word' id='word_1_725' title='bbox 1116 1776 1214 1811; x_wconf 85' lang='lat' dir='ltr'>etiam,</span> <span class='ocrx_word' id='word_1_726' title='bbox 1236 1776 1309 1813; x_wconf 89' lang='lat' dir='ltr'>quod</span> <span class='ocrx_word' id='word_1_727' title='bbox 1330 1776 1402 1805; x_wconf 88' lang='lat' dir='ltr'>sicut</span> <span class='ocrx_word' id='word_1_728' title='bbox 1423 1776 1471 1804; x_wconf 88' lang='lat' dir='ltr'>filii</span> <span class='ocrx_word' id='word_1_729' title='bbox 1493 1776 1575 1805; x_wconf 86' lang='lat' dir='ltr'>Israel</span> <span class='ocrx_word' id='word_1_730' title='bbox 1602 1779 1816 1813; x_wconf 86' lang='lat' dir='ltr'>asportaverunt</span> 
     </span>
     <span class='ocr_line' id='line_1_100' title="bbox 978 1822 1816 1860; baseline -0.002 -8"><span class='ocrx_word' id='word_1_731' title='bbox 978 1831 1042 1852; x_wconf 85' lang='lat' dir='ltr'>vasa</span> <span class='ocrx_word' id='word_1_732' title='bbox 1062 1823 1187 1860; x_wconf 83' lang='lat' dir='ltr'>Aegypti,</span> <span class='ocrx_word' id='word_1_733' title='bbox 1209 1823 1247 1851; x_wconf 86' lang='lat' dir='ltr'>sic</span> <span class='ocrx_word' id='word_1_734' title='bbox 1268 1822 1393 1851; x_wconf 88' lang='lat' dir='ltr'>doctores</span> <span class='ocrx_word' id='word_1_735' title='bbox 1414 1823 1532 1859; x_wconf 85' lang='lat' dir='ltr'>theologi</span> <span class='ocrx_word' id='word_1_736' title='bbox 1553 1822 1706 1851; x_wconf 88' lang='lat' dir='ltr'>doctrinam</span> <span class='ocrx_word' id='word_1_737' title='bbox 1728 1822 1816 1859; x_wconf 92' lang='lat' dir='ltr'>philo-</span> 
     </span>
     <span class='ocr_line' id='line_1_101' title="bbox 977 1869 1816 1907; baseline -0.001 -9"><span class='ocrx_word' id='word_1_738' title='bbox 977 1869 1125 1907; x_wconf 87' lang='lat' dir='ltr'>sophicam.</span> <span class='ocrx_word' id='word_1_739' title='bbox 1147 1869 1223 1898; x_wconf 89' lang='lat' dir='ltr'>Unde</span> <span class='ocrx_word' id='word_1_740' title='bbox 1243 1869 1345 1903; x_wconf 89' lang='lat' dir='ltr'>multa,</span> <span class='ocrx_word' id='word_1_741' title='bbox 1360 1877 1431 1906; x_wconf 85' lang='lat' dir='ltr'>quae</span> <span class='ocrx_word' id='word_1_742' title='bbox 1451 1877 1505 1897; x_wconf 88' lang='lat' dir='ltr'>non</span> <span class='ocrx_word' id='word_1_743' title='bbox 1527 1869 1673 1898; x_wconf 87' lang='lat' dir='ltr'>didicimus</span> <span class='ocrx_word' id='word_1_744' title='bbox 1691 1876 1740 1906; x_wconf 91' lang='lat' dir='ltr'>per</span> <span class='ocrx_word' id='word_1_745' title='bbox 1755 1869 1816 1906; x_wconf 89' lang='lat' dir='ltr'>phi-</span> 
     </span>
     <span class='ocr_line' id='line_1_102' title="bbox 978 1915 1815 1953; baseline 0 -9"><span class='ocrx_word' id='word_1_746' title='bbox 978 1916 1107 1953; x_wconf 88' lang='lat' dir='ltr'>losophos</span> <span class='ocrx_word' id='word_1_747' title='bbox 1137 1919 1164 1945; x_wconf 89' lang='lat' dir='ltr'>et</span> <span class='ocrx_word' id='word_1_748' title='bbox 1194 1915 1227 1944; x_wconf 91' lang='lat' dir='ltr'>de</span> <span class='ocrx_word' id='word_1_749' title='bbox 1257 1915 1336 1944; x_wconf 89' lang='lat' dir='ltr'>dictis</span> <span class='ocrx_word' id='word_1_750' title='bbox 1370 1915 1573 1953; x_wconf 89' lang='lat' dir='ltr'>philosophiae,</span> <span class='ocrx_word' id='word_1_751' title='bbox 1604 1915 1736 1945; x_wconf 90' lang='lat' dir='ltr'>discimus</span> <span class='ocrx_word' id='word_1_752' title='bbox 1766 1924 1815 1953; x_wconf 88' lang='lat' dir='ltr'>per</span> 
     </span>
    </p>
   </div>
   <div class='ocr_carea' id='block_1_13' title="bbox 976 2127 1817 2967">
    <p class='ocr_par' dir='ltr' id='par_1_22' title="bbox 976 2127 1815 2267">
     <span class='ocr_line' id='line_1_103' title="bbox 978 2127 1815 2156; baseline -0.001 -6"><span class='ocrx_word' id='word_1_753' title='bbox 978 2134 1048 2156; x_wconf 88' lang='lat' dir='ltr'>supra</span> <span class='ocrx_word' id='word_1_754' title='bbox 1065 2128 1150 2156; x_wconf 87' lang='lat' dir='ltr'>Op&#39;usc.</span> <span class='ocrx_word' id='word_1_755' title='bbox 1169 2128 1197 2150; x_wconf 76' lang='lat' dir='ltr'>V.</span> <span class='ocrx_word' id='word_1_756' title='bbox 1214 2128 1243 2150; x_wconf 90' lang='lat' dir='ltr'>de</span> <span class='ocrx_word' id='word_1_757' title='bbox 1260 2127 1435 2155; x_wconf 80' lang='lat' dir='ltr'>Praeparatione</span> <span class='ocrx_word' id='word_1_758' title='bbox 1452 2127 1481 2149; x_wconf 89' lang='lat' dir='ltr'>ad</span> <span class='ocrx_word' id='word_1_759' title='bbox 1498 2127 1597 2154; x_wconf 84' lang='lat' dir='ltr'>Missam,</span> <span class='ocrx_word' id='word_1_760' title='bbox 1609 2133 1629 2149; x_wconf 89' lang='lat' dir='ltr'>c.</span> <span class='ocrx_word' id='word_1_761' title='bbox 1648 2127 1668 2149; x_wconf 84' lang='lat' dir='ltr'>i.</span> <span class='ocrx_word' id='word_1_762' title='bbox 1686 2134 1708 2149; x_wconf 91' lang='lat' dir='ltr'>n.</span> <span class='ocrx_word' id='word_1_763' title='bbox 1726 2128 1752 2149; x_wconf 85' lang='lat'>8:</span> <span class='ocrx_word' id='word_1_764' title='bbox 1770 2128 1815 2150; x_wconf 86' lang='lat' dir='ltr'>Nisi</span> 
     </span>
     <span class='ocr_line' id='line_1_104' title="bbox 979 2166 1815 2196; baseline -0.001 -6"><span class='ocrx_word' id='word_1_765' title='bbox 979 2168 1085 2195; x_wconf 82' lang='lat' dir='ltr'>pulveres</span> <span class='ocrx_word' id='word_1_766' title='bbox 1101 2170 1123 2190; x_wconf 85' lang='lat' dir='ltr'>et</span> <span class='ocrx_word' id='word_1_767' title='bbox 1140 2167 1236 2195; x_wconf 85' lang='lat' dir='ltr'>stipulae</span> <span class='ocrx_word' id='word_1_768' title='bbox 1254 2167 1377 2189; x_wconf 84' lang='lat' dir='ltr'>venialium</span> <span class='ocrx_word' id='word_1_769' title='bbox 1401 2172 1441 2194; x_wconf 91' lang='lat' dir='ltr'>per</span> <span class='ocrx_word' id='word_1_770' title='bbox 1458 2166 1560 2188; x_wconf 82' lang='lat' dir='ltr'>afflatum</span> <span class='ocrx_word' id='word_1_771' title='bbox 1586 2167 1683 2194; x_wconf 85' lang='lat' dir='ltr'>Spiritus</span> <span class='ocrx_word' id='word_1_772' title='bbox 1704 2167 1757 2196; x_wconf 90' lang='lat' dir='ltr'>etc.)</span> <span class='ocrx_word' id='word_1_773' title='bbox 1781 2167 1815 2189; x_wconf 90' lang='lat'>10</span> 
     </span>
     <span class='ocr_line' id='line_1_105' title="bbox 976 2204 1815 2235; baseline 0 -6"><span class='ocrx_word' id='word_1_774' title='bbox 976 2206 1100 2235; x_wconf 75' lang='lat' dir='ltr'>planctum</span> <span class='ocrx_word' id='word_1_775' title='bbox 1117 2205 1252 2233; x_wconf 77' lang='lat' dir='ltr'>devotionis,</span> <span class='ocrx_word' id='word_1_776' title='bbox 1270 2205 1321 2228; x_wconf 84' lang='lat' dir='ltr'>Vat.</span> <span class='ocrx_word' id='word_1_777' title='bbox 1337 2207 1359 2227; x_wconf 92' lang='lat' dir='ltr'>et</span> <span class='ocrx_word' id='word_1_778' title='bbox 1376 2205 1413 2227; x_wconf 86' lang='lat' dir='ltr'>ed.</span> <span class='ocrx_word' id='word_1_779' title='bbox 1433 2206 1438 2226; x_wconf 87' lang='lat' dir='ltr'>i</span> <span class='ocrx_word' id='word_1_780' title='bbox 1461 2204 1543 2233; x_wconf 74' lang='lat' dir='ltr'>fletum</span> <span class='ocrx_word' id='word_1_781' title='bbox 1555 2204 1603 2234; x_wconf 90' lang='lat' dir='ltr'>[ed.</span> <span class='ocrx_word' id='word_1_782' title='bbox 1621 2206 1635 2227; x_wconf 85' lang='lat'>2</span> <span class='ocrx_word' id='word_1_783' title='bbox 1652 2204 1729 2235; x_wconf 74' lang='lat' dir='ltr'>fletus]</span> <span class='ocrx_word' id='word_1_784' title='bbox 1748 2205 1815 2229; x_wconf 83' lang='lat' dir='ltr'>devo-</span> 
     </span>
     <span class='ocr_line' id='line_1_106' title="bbox 978 2244 1055 2267; baseline -0.013 0"><span class='ocrx_word' id='word_1_785' title='bbox 978 2244 1055 2267; x_wconf 82' lang='lat' dir='ltr'>tionis.</span> 
     </span>
    </p>

    <p class='ocr_par' dir='ltr' id='par_1_23' title="bbox 977 2281 1817 2460">
     <span class='ocr_line' id='line_1_107' title="bbox 1039 2281 1816 2312; baseline 0 -7"><span class='ocrx_word' id='word_1_786' title='bbox 1039 2282 1049 2295; x_wconf 79' lang='lat'>⁹</span> <span class='ocrx_word' id='word_1_787' title='bbox 1066 2282 1121 2305; x_wconf 76' lang='lat' dir='ltr'>cod.</span> <span class='ocrx_word' id='word_1_788' title='bbox 1139 2283 1157 2305; x_wconf 91' lang='lat' dir='ltr'><strong>G</strong></span> <span class='ocrx_word' id='word_1_789' title='bbox 1174 2282 1255 2310; x_wconf 71' lang='lat' dir='ltr'>alicui,</span> <span class='ocrx_word' id='word_1_790' title='bbox 1273 2283 1313 2311; x_wconf 88' lang='lat' dir='ltr'>qui</span> <span class='ocrx_word' id='word_1_791' title='bbox 1331 2282 1398 2304; x_wconf 84' lang='lat' dir='ltr'>etiam</span> <span class='ocrx_word' id='word_1_792' title='bbox 1416 2282 1510 2304; x_wconf 80' lang='lat' dir='ltr'>inferius</span> <span class='ocrx_word' id='word_1_793' title='bbox 1526 2281 1624 2304; x_wconf 85' lang='lat' dir='ltr'>vocibus</span> <span class='ocrx_word' id='word_1_794' title='bbox 1639 2288 1654 2305; x_wconf 83' lang='lat' dir='ltr'>a</span> <span class='ocrx_word' id='word_1_795' title='bbox 1668 2282 1774 2312; x_wconf 80' lang='lat' dir='ltr'>purilate</span> <span class='ocrx_word' id='word_1_796' title='bbox 1786 2283 1816 2305; x_wconf 92' lang='lat' dir='ltr'>in-</span> 
     </span>
     <span class='ocr_line' id='line_1_108' title="bbox 977 2320 1814 2350; baseline 0 -6"><span class='ocrx_word' id='word_1_797' title='bbox 977 2321 1066 2344; x_wconf 86' lang='lat' dir='ltr'>terserit</span> <span class='ocrx_word' id='word_1_798' title='bbox 1081 2321 1194 2344; x_wconf 66' lang='lat' dir='ltr'>veritatis.</span> <span class='ocrx_word' id='word_1_799' title='bbox 1212 2321 1314 2343; x_wconf 85' lang='lat' dir='ltr'>Subinde</span> <span class='ocrx_word' id='word_1_800' title='bbox 1331 2327 1373 2348; x_wconf 90' lang='lat' dir='ltr'>pro</span> <span class='ocrx_word' id='word_1_801' title='bbox 1389 2320 1483 2344; x_wconf 76' lang='lat' dir='ltr'>studere</span> <span class='ocrx_word' id='word_1_802' title='bbox 1500 2320 1539 2349; x_wconf 84' lang='lat' dir='ltr'>(ita</span> <span class='ocrx_word' id='word_1_803' title='bbox 1557 2321 1600 2342; x_wconf 87' lang='lat' dir='ltr'>DF</span> <span class='ocrx_word' id='word_1_804' title='bbox 1610 2321 1616 2343; x_wconf 92' lang='lat' dir='ltr'>l</span> <span class='ocrx_word' id='word_1_805' title='bbox 1626 2321 1642 2343; x_wconf 94' lang='lat' dir='ltr'>L</span> <span class='ocrx_word' id='word_1_806' title='bbox 1652 2321 1670 2343; x_wconf 89' lang='grc' dir='ltr'><strong>Μ</strong></span> <span class='ocrx_word' id='word_1_807' title='bbox 1681 2321 1697 2343; x_wconf 90' lang='grc' dir='ltr'>Ν</span> <span class='ocrx_word' id='word_1_808' title='bbox 1710 2324 1732 2343; x_wconf 86' lang='lat' dir='ltr'>et</span> <span class='ocrx_word' id='word_1_809' title='bbox 1743 2321 1780 2344; x_wconf 92' lang='lat' dir='ltr'>ed.</span> <span class='ocrx_word' id='word_1_810' title='bbox 1791 2322 1814 2350; x_wconf 82' lang='lat'>2)</span> 
     </span>
     <span class='ocr_line' id='line_1_109' title="bbox 977 2358 1815 2388; baseline 0 -5"><span class='ocrx_word' id='word_1_811' title='bbox 977 2361 994 2382; x_wconf 91' lang='lat' dir='ltr'>B</span> <span class='ocrx_word' id='word_1_812' title='bbox 1010 2359 1137 2388; x_wconf 77' lang='lat' dir='ltr'>studendo,</span> <span class='ocrx_word' id='word_1_813' title='bbox 1155 2361 1171 2382; x_wconf 90' lang='lat' dir='ltr'>E</span> <span class='ocrx_word' id='word_1_814' title='bbox 1188 2359 1306 2383; x_wconf 78' lang='lat' dir='ltr'>studentes</span> <span class='ocrx_word' id='word_1_815' title='bbox 1324 2359 1441 2388; x_wconf 87' lang='lat' dir='ltr'>(superius</span> <span class='ocrx_word' id='word_1_816' title='bbox 1457 2366 1499 2388; x_wconf 88' lang='lat' dir='ltr'>pro</span> <span class='ocrx_word' id='word_1_817' title='bbox 1517 2358 1594 2382; x_wconf 80' lang='lat' dir='ltr'>deviat</span> <span class='ocrx_word' id='word_1_818' title='bbox 1612 2360 1686 2387; x_wconf 83' lang='lat' dir='ltr'>posito</span> <span class='ocrx_word' id='word_1_819' title='bbox 1703 2359 1815 2388; x_wconf 77' lang='lat' dir='ltr'>deviant),</span> 
     </span>
     <span class='ocr_line' id='line_1_110' title="bbox 978 2397 1817 2427; baseline 0 -6"><span class='ocrx_word' id='word_1_820' title='bbox 978 2399 1028 2421; x_wconf 88' lang='lat' dir='ltr'>Vat.</span> <span class='ocrx_word' id='word_1_821' title='bbox 1046 2405 1098 2421; x_wconf 92' lang='lat' dir='ltr'>cum</span> <span class='ocrx_word' id='word_1_822' title='bbox 1116 2399 1153 2421; x_wconf 82' lang='lat' dir='ltr'>ed.</span> <span class='ocrx_word' id='word_1_823' title='bbox 1171 2399 1179 2420; x_wconf 80' lang='lat' dir='ltr'>l</span> <span class='ocrx_word' id='word_1_824' title='bbox 1195 2398 1304 2426; x_wconf 76' lang='lat' dir='ltr'>studens,</span> <span class='ocrx_word' id='word_1_825' title='bbox 1320 2404 1380 2427; x_wconf 88' lang='lat' dir='ltr'>quae</span> <span class='ocrx_word' id='word_1_826' title='bbox 1392 2398 1460 2420; x_wconf 86' lang='lat' dir='ltr'>etiam</span> <span class='ocrx_word' id='word_1_827' title='bbox 1477 2404 1520 2426; x_wconf 92' lang='lat' dir='ltr'>pro</span> <span class='ocrx_word' id='word_1_828' title='bbox 1537 2397 1683 2427; x_wconf 77' lang='lat' dir='ltr'>quaestiones</span> <span class='ocrx_word' id='word_1_829' title='bbox 1700 2398 1817 2421; x_wconf 86' lang='lat' dir='ltr'>substituit</span> 
     </span>
     <span class='ocr_line' id='line_1_111' title="bbox 977 2437 1145 2460; baseline 0 0"><span class='ocrx_word' id='word_1_830' title='bbox 977 2437 1145 2460; x_wconf 72' lang='lat' dir='ltr'>conclusiones.</span> 
     </span>
    </p>

    <p class='ocr_par' dir='ltr' id='par_1_24' title="bbox 977 2475 1816 2699">
     <span class='ocr_line' id='line_1_112' title="bbox 1040 2475 1816 2505; baseline 0.003 -8"><span class='ocrx_word' id='word_1_831' title='bbox 1040 2475 1059 2488; x_wconf 91' lang='lat'>²⁰</span> <span class='ocrx_word' id='word_1_832' title='bbox 1076 2476 1132 2498; x_wconf 86' lang='lat' dir='ltr'>Cod.</span> <span class='ocrx_word' id='word_1_833' title='bbox 1150 2476 1166 2497; x_wconf 88' lang='lat' dir='ltr'>E</span> <span class='ocrx_word' id='word_1_834' title='bbox 1181 2476 1245 2498; x_wconf 87' lang='lat' dir='ltr'>addit</span> <span class='ocrx_word' id='word_1_835' title='bbox 1269 2475 1404 2502; x_wconf 79' lang='lat' dir='ltr'>undecimo,</span> <span class='ocrx_word' id='word_1_836' title='bbox 1422 2476 1444 2497; x_wconf 91' lang='lat' dir='ltr'>in</span> <span class='ocrx_word' id='word_1_837' title='bbox 1462 2475 1527 2498; x_wconf 87' lang='lat' dir='ltr'>cuius</span> <span class='ocrx_word' id='word_1_838' title='bbox 1547 2481 1566 2498; x_wconf 90' lang='lat' dir='ltr'>c.</span> <span class='ocrx_word' id='word_1_839' title='bbox 1590 2475 1625 2498; x_wconf 69' lang='lat'>⁴4.</span> <span class='ocrx_word' id='word_1_840' title='bbox 1648 2482 1669 2498; x_wconf 90' lang='lat' dir='ltr'>n.</span> <span class='ocrx_word' id='word_1_841' title='bbox 1694 2476 1730 2498; x_wconf 80' lang='grc'>17.</span> <span class='ocrx_word' id='word_1_842' title='bbox 1751 2482 1816 2505; x_wconf 83' lang='lat' dir='ltr'>seqq.</span> 
     </span>
     <span class='ocr_line' id='line_1_113' title="bbox 977 2514 1816 2543; baseline 0 -6"><span class='ocrx_word' id='word_1_843' title='bbox 977 2515 1024 2543; x_wconf 87' lang='lat' dir='ltr'>agit</span> <span class='ocrx_word' id='word_1_844' title='bbox 1040 2515 1069 2537; x_wconf 90' lang='lat' dir='ltr'>de</span> <span class='ocrx_word' id='word_1_845' title='bbox 1087 2517 1197 2542; x_wconf 85' lang='lat' dir='ltr'>tempore,</span> <span class='ocrx_word' id='word_1_846' title='bbox 1214 2514 1271 2536; x_wconf 88' lang='lat' dir='ltr'>libro</span> <span class='ocrx_word' id='word_1_847' title='bbox 1289 2515 1335 2537; x_wconf 83' lang='lat' dir='ltr'>Xll.</span> <span class='ocrx_word' id='word_1_848' title='bbox 1352 2520 1372 2537; x_wconf 86' lang='lat' dir='ltr'>c.</span> <span class='ocrx_word' id='word_1_849' title='bbox 1389 2515 1410 2536; x_wconf 85' lang='lat'>3.</span> <span class='ocrx_word' id='word_1_850' title='bbox 1429 2521 1450 2536; x_wconf 90' lang='lat' dir='ltr'>n.</span> <span class='ocrx_word' id='word_1_851' title='bbox 1468 2514 1488 2536; x_wconf 87' lang='lat'>3.</span> <span class='ocrx_word' id='word_1_852' title='bbox 1507 2520 1570 2543; x_wconf 89' lang='lat' dir='ltr'>seqq.</span> <span class='ocrx_word' id='word_1_853' title='bbox 1583 2514 1611 2537; x_wconf 90' lang='lat' dir='ltr'>de</span> <span class='ocrx_word' id='word_1_854' title='bbox 1624 2515 1727 2537; x_wconf 82' lang='lat' dir='ltr'>materia.</span> <span class='ocrx_word' id='word_1_855' title='bbox 1742 2528 1772 2531; x_wconf 98' lang='lat'><strong>—</strong></span> <span class='ocrx_word' id='word_1_856' title='bbox 1785 2515 1816 2538; x_wconf 86' lang='lat' dir='ltr'>De</span> 
     </span>
     <span class='ocr_line' id='line_1_114' title="bbox 977 2553 1814 2583; baseline 0 -7"><span class='ocrx_word' id='word_1_857' title='bbox 977 2561 1025 2583; x_wconf 83' lang='lat' dir='ltr'>seq.</span> <span class='ocrx_word' id='word_1_858' title='bbox 1043 2554 1200 2582; x_wconf 82' lang='lat' dir='ltr'>propositione</span> <span class='ocrx_word' id='word_1_859' title='bbox 1217 2554 1270 2576; x_wconf 87' lang='lat' dir='ltr'>vide</span> <span class='ocrx_word' id='word_1_860' title='bbox 1287 2554 1344 2576; x_wconf 88' lang='lat' dir='ltr'>Gen.</span> <span class='ocrx_word' id='word_1_861' title='bbox 1361 2553 1389 2575; x_wconf 90' lang='lat' dir='ltr'>ad</span> <span class='ocrx_word' id='word_1_862' title='bbox 1413 2553 1444 2575; x_wconf 94' lang='lat' dir='ltr'>lit.</span> <span class='ocrx_word' id='word_1_863' title='bbox 1471 2553 1496 2575; x_wconf 89' lang='lat' dir='ltr'>V.</span> <span class='ocrx_word' id='word_1_864' title='bbox 1513 2559 1533 2576; x_wconf 92' lang='lat' dir='ltr'>c.</span> <span class='ocrx_word' id='word_1_865' title='bbox 1551 2554 1588 2576; x_wconf 87' lang='lat'>23.</span> <span class='ocrx_word' id='word_1_866' title='bbox 1606 2560 1626 2576; x_wconf 86' lang='grc'>11.</span> <span class='ocrx_word' id='word_1_867' title='bbox 1645 2553 1680 2576; x_wconf 76' lang='grc'>44.</span> <span class='ocrx_word' id='word_1_868' title='bbox 1698 2560 1759 2582; x_wconf 85' lang='lat' dir='ltr'>seq.;</span> <span class='ocrx_word' id='word_1_869' title='bbox 1778 2554 1814 2576; x_wconf 74' lang='lat' dir='ltr'>Vi.</span> 
     </span>
     <span class='ocr_line' id='line_1_115' title="bbox 978 2592 1815 2620; baseline 0 -5"><span class='ocrx_word' id='word_1_870' title='bbox 978 2599 997 2615; x_wconf 92' lang='lat' dir='ltr'>c.</span> <span class='ocrx_word' id='word_1_871' title='bbox 1018 2593 1053 2614; x_wconf 86' lang='grc'>10.</span> <span class='ocrx_word' id='word_1_872' title='bbox 1071 2599 1093 2614; x_wconf 92' lang='lat' dir='ltr'>n.</span> <span class='ocrx_word' id='word_1_873' title='bbox 1112 2592 1193 2620; x_wconf 59' lang='grc'>117-19;</span> <span class='ocrx_word' id='word_1_874' title='bbox 1211 2598 1230 2614; x_wconf 91' lang='lat' dir='ltr'>c.</span> <span class='ocrx_word' id='word_1_875' title='bbox 1259 2592 1294 2614; x_wconf 75' lang='lat' dir='ltr'>ili.</span> <span class='ocrx_word' id='word_1_876' title='bbox 1319 2598 1340 2614; x_wconf 89' lang='lat' dir='ltr'>n.</span> <span class='ocrx_word' id='word_1_877' title='bbox 1367 2592 1404 2614; x_wconf 83' lang='lat'>25.</span> <span class='ocrx_word' id='word_1_878' title='bbox 1421 2598 1499 2620; x_wconf 80' lang='lat' dir='ltr'>seqq.;</span> <span class='ocrx_word' id='word_1_879' title='bbox 1517 2592 1553 2614; x_wconf 85' lang='lat' dir='ltr'>lx.</span> <span class='ocrx_word' id='word_1_880' title='bbox 1571 2598 1590 2614; x_wconf 88' lang='lat' dir='ltr'>c.</span> <span class='ocrx_word' id='word_1_881' title='bbox 1609 2592 1645 2614; x_wconf 84' lang='grc'>17.</span> <span class='ocrx_word' id='word_1_882' title='bbox 1663 2599 1686 2614; x_wconf 90' lang='grc'>11.</span> <span class='ocrx_word' id='word_1_883' title='bbox 1711 2593 1747 2615; x_wconf 81' lang='grc'>32.</span> <span class='ocrx_word' id='word_1_884' title='bbox 1770 2592 1815 2615; x_wconf 77' lang='lat' dir='ltr'>Cir.</span> 
     </span>
     <span class='ocr_line' id='line_1_116' title="bbox 977 2631 1813 2659; baseline 0.001 -6"><span class='ocrx_word' id='word_1_885' title='bbox 977 2632 1072 2658; x_wconf 86' lang='lat' dir='ltr'>Bonav.,</span> <span class='ocrx_word' id='word_1_886' title='bbox 1089 2632 1113 2654; x_wconf 90' lang='lat' dir='ltr'>ll.</span> <span class='ocrx_word' id='word_1_887' title='bbox 1131 2631 1191 2653; x_wconf 89' lang='lat' dir='ltr'>Sent.</span> <span class='ocrx_word' id='word_1_888' title='bbox 1208 2631 1230 2653; x_wconf 91' lang='lat' dir='ltr'>d.</span> <span class='ocrx_word' id='word_1_889' title='bbox 1248 2631 1270 2653; x_wconf 85' lang='lat'>7.</span> <span class='ocrx_word' id='word_1_890' title='bbox 1288 2637 1310 2658; x_wconf 89' lang='lat' dir='ltr'>p.</span> <span class='ocrx_word' id='word_1_891' title='bbox 1329 2631 1352 2652; x_wconf 89' lang='lat' dir='ltr'>ll.</span> <span class='ocrx_word' id='word_1_892' title='bbox 1369 2637 1389 2653; x_wconf 85' lang='lat' dir='ltr'>a.</span> <span class='ocrx_word' id='word_1_893' title='bbox 1407 2632 1428 2653; x_wconf 87' lang='lat'>2.</span> <span class='ocrx_word' id='word_1_894' title='bbox 1447 2637 1469 2659; x_wconf 88' lang='lat' dir='ltr'>q.</span> <span class='ocrx_word' id='word_1_895' title='bbox 1492 2632 1509 2653; x_wconf 92' lang='grc'>1.</span> <span class='ocrx_word' id='word_1_896' title='bbox 1527 2631 1548 2653; x_wconf 86' lang='grc'>111</span> <span class='ocrx_word' id='word_1_897' title='bbox 1566 2631 1610 2653; x_wconf 82' lang='lat' dir='ltr'>fine</span> <span class='ocrx_word' id='word_1_898' title='bbox 1627 2637 1690 2659; x_wconf 88' lang='lat' dir='ltr'>corp.</span> <span class='ocrx_word' id='word_1_899' title='bbox 1707 2636 1729 2654; x_wconf 88' lang='lat' dir='ltr'>et</span> <span class='ocrx_word' id='word_1_900' title='bbox 1740 2632 1763 2654; x_wconf 91' lang='lat' dir='ltr'>d.</span> <span class='ocrx_word' id='word_1_901' title='bbox 1779 2632 1813 2655; x_wconf 87' lang='grc'>18.</span> 
     </span>
     <span class='ocr_line' id='line_1_117' title="bbox 978 2668 1764 2699; baseline 0.001 -8"><span class='ocrx_word' id='word_1_902' title='bbox 978 2676 998 2691; x_wconf 89' lang='lat' dir='ltr'>a.</span> <span class='ocrx_word' id='word_1_903' title='bbox 1018 2670 1038 2692; x_wconf 83' lang='lat' dir='ltr'>l.</span> <span class='ocrx_word' id='word_1_904' title='bbox 1055 2676 1078 2697; x_wconf 86' lang='lat' dir='ltr'>q.</span> <span class='ocrx_word' id='word_1_905' title='bbox 1096 2670 1117 2691; x_wconf 88' lang='lat'>2.</span> <span class='ocrx_word' id='word_1_906' title='bbox 1135 2682 1164 2685; x_wconf 91' lang='lat'>—</span> <span class='ocrx_word' id='word_1_907' title='bbox 1183 2669 1225 2691; x_wconf 80' lang='lat' dir='ltr'>Pro</span> <span class='ocrx_word' id='word_1_908' title='bbox 1242 2668 1320 2692; x_wconf 58' lang='lat' dir='ltr'>exitus</span> <span class='ocrx_word' id='word_1_909' title='bbox 1336 2668 1472 2698; x_wconf 76' lang='lat' dir='ltr'>formarum</span> <span class='ocrx_word' id='word_1_910' title='bbox 1489 2669 1507 2691; x_wconf 89' lang='lat' dir='ltr'>G</span> <span class='ocrx_word' id='word_1_911' title='bbox 1524 2670 1604 2692; x_wconf 80' lang='lat' dir='ltr'>ortum</span> <span class='ocrx_word' id='word_1_912' title='bbox 1620 2669 1764 2699; x_wconf 73' lang='lat' dir='ltr'>format-unt.</span> 
     </span>
    </p>

    <p class='ocr_par' dir='ltr' id='par_1_25' title="bbox 977 2706 1815 2853">
     <span class='ocr_line' id='line_1_118' title="bbox 1040 2706 1815 2737; baseline 0.001 -8"><span class='ocrx_word' id='word_1_913' title='bbox 1040 2706 1058 2720; x_wconf 88' lang='lat'>¹¹</span> <span class='ocrx_word' id='word_1_914' title='bbox 1077 2707 1200 2735; x_wconf 77' lang='lat' dir='ltr'>Praecipue</span> <span class='ocrx_word' id='word_1_915' title='bbox 1217 2706 1269 2729; x_wconf 88' lang='lat' dir='ltr'>libr.</span> <span class='ocrx_word' id='word_1_916' title='bbox 1287 2707 1314 2729; x_wconf 95' lang='lat' dir='ltr'>V.</span> <span class='ocrx_word' id='word_1_917' title='bbox 1330 2713 1395 2736; x_wconf 84' lang='lat' dir='ltr'>seqq.</span> <span class='ocrx_word' id='word_1_918' title='bbox 1412 2707 1441 2729; x_wconf 93' lang='lat' dir='ltr'>de</span> <span class='ocrx_word' id='word_1_919' title='bbox 1459 2708 1518 2734; x_wconf 67' lang='lat' dir='ltr'>nem</span> <span class='ocrx_word' id='word_1_920' title='bbox 1536 2707 1574 2730; x_wconf 89' lang='lat' dir='ltr'>lib.</span> <span class='ocrx_word' id='word_1_921' title='bbox 1592 2708 1629 2730; x_wconf 88' lang='lat' dir='ltr'>lX.</span> <span class='ocrx_word' id='word_1_922' title='bbox 1646 2714 1710 2737; x_wconf 86' lang='lat' dir='ltr'>seqq.</span> <span class='ocrx_word' id='word_1_923' title='bbox 1728 2708 1757 2730; x_wconf 86' lang='lat' dir='ltr'>de</span> <span class='ocrx_word' id='word_1_924' title='bbox 1769 2708 1815 2730; x_wconf 89' lang='lat' dir='ltr'>ani-</span> 
     </span>
     <span class='ocr_line' id='line_1_119' title="bbox 979 2745 1814 2774; baseline 0.001 -6"><span class='ocrx_word' id='word_1_925' title='bbox 979 2752 1025 2768; x_wconf 90' lang='lat' dir='ltr'>ma.</span> <span class='ocrx_word' id='word_1_926' title='bbox 1042 2758 1072 2763; x_wconf 87' lang='lat'>—</span> <span class='ocrx_word' id='word_1_927' title='bbox 1089 2746 1121 2768; x_wconf 92' lang='lat' dir='ltr'>De</span> <span class='ocrx_word' id='word_1_928' title='bbox 1138 2752 1185 2774; x_wconf 88' lang='lat' dir='ltr'>seq.</span> <span class='ocrx_word' id='word_1_929' title='bbox 1204 2746 1360 2774; x_wconf 86' lang='lat' dir='ltr'>propositione</span> <span class='ocrx_word' id='word_1_930' title='bbox 1377 2747 1416 2768; x_wconf 85' lang='lat' dir='ltr'>cfr.</span> <span class='ocrx_word' id='word_1_931' title='bbox 1434 2746 1463 2768; x_wconf 87' lang='lat' dir='ltr'>de</span> <span class='ocrx_word' id='word_1_932' title='bbox 1480 2745 1528 2768; x_wconf 81' lang='lat' dir='ltr'>Civ.</span> <span class='ocrx_word' id='word_1_933' title='bbox 1547 2746 1594 2773; x_wconf 86' lang='lat' dir='ltr'>Dei,</span> <span class='ocrx_word' id='word_1_934' title='bbox 1612 2745 1662 2769; x_wconf 88' lang='lat' dir='ltr'>libr.</span> <span class='ocrx_word' id='word_1_935' title='bbox 1680 2747 1718 2768; x_wconf 81' lang='lat' dir='ltr'>Xl.</span> <span class='ocrx_word' id='word_1_936' title='bbox 1734 2749 1756 2769; x_wconf 86' lang='lat' dir='ltr'>et</span> <span class='ocrx_word' id='word_1_937' title='bbox 1768 2747 1814 2769; x_wconf 82' lang='grc' dir='ltr'>ΧΠ.</span> 
     </span>
     <span class='ocr_line' id='line_1_120' title="bbox 977 2784 1815 2809; baseline 0.004 -3"><span class='ocrx_word' id='word_1_938' title='bbox 977 2797 1008 2802; x_wconf 88' lang='lat'>—-</span> <span class='ocrx_word' id='word_1_939' title='bbox 1024 2785 1118 2806; x_wconf 78' lang='lat' dir='ltr'>Inferius</span> <span class='ocrx_word' id='word_1_940' title='bbox 1142 2784 1240 2807; x_wconf 87' lang='lat' dir='ltr'>vocibus</span> <span class='ocrx_word' id='word_1_941' title='bbox 1261 2786 1376 2807; x_wconf 79' lang='lat' dir='ltr'>naturam</span> <span class='ocrx_word' id='word_1_942' title='bbox 1400 2784 1525 2808; x_wconf 69' lang='lat' dir='ltr'>creationis</span> <span class='ocrx_word' id='word_1_943' title='bbox 1548 2785 1591 2807; x_wconf 88' lang='lat' dir='ltr'>HL</span> <span class='ocrx_word' id='word_1_944' title='bbox 1609 2785 1746 2808; x_wconf 88' lang='lat' dir='ltr'>interserunt</span> <span class='ocrx_word' id='word_1_945' title='bbox 1770 2787 1815 2809; x_wconf 79' lang='lat' dir='ltr'>An-</span> 
     </span>
     <span class='ocr_line' id='line_1_121' title="bbox 978 2823 1131 2853; baseline -0.007 -7"><span class='ocrx_word' id='word_1_946' title='bbox 978 2823 1087 2853; x_wconf 65' lang='lat' dir='ltr'>gelorum</span> <span class='ocrx_word' id='word_1_947' title='bbox 1103 2824 1131 2845; x_wconf 81' lang='lat' dir='ltr'>et.</span> 
     </span>
    </p>

    <p class='ocr_par' dir='ltr' id='par_1_26' title="bbox 979 2860 1815 2967">
     <span class='ocr_line' id='line_1_122' title="bbox 1042 2860 1815 2891; baseline 0.001 -7"><span class='ocrx_word' id='word_1_948' title='bbox 1042 2860 1060 2874; x_wconf 73' lang='lat'>¹²</span> <span class='ocrx_word' id='word_1_949' title='bbox 1079 2861 1139 2884; x_wconf 92' lang='lat' dir='ltr'>Libr.</span> <span class='ocrx_word' id='word_1_950' title='bbox 1157 2861 1180 2882; x_wconf 91' lang='lat' dir='ltr'>ll.</span> <span class='ocrx_word' id='word_1_951' title='bbox 1198 2867 1218 2883; x_wconf 89' lang='lat' dir='ltr'>c.</span> <span class='ocrx_word' id='word_1_952' title='bbox 1235 2861 1272 2883; x_wconf 87' lang='lat'>27.</span> <span class='ocrx_word' id='word_1_953' title='bbox 1297 2868 1318 2883; x_wconf 91' lang='grc'>11.</span> <span class='ocrx_word' id='word_1_954' title='bbox 1343 2861 1379 2884; x_wconf 76' lang='grc'>41.</span> <span class='ocrx_word' id='word_1_955' title='bbox 1402 2867 1477 2890; x_wconf 84' lang='lat' dir='ltr'>seqq.;</span> <span class='ocrx_word' id='word_1_956' title='bbox 1497 2861 1551 2884; x_wconf 86' lang='lat' dir='ltr'>ibid.</span> <span class='ocrx_word' id='word_1_957' title='bbox 1569 2868 1589 2884; x_wconf 93' lang='lat' dir='ltr'>c.</span> <span class='ocrx_word' id='word_1_958' title='bbox 1607 2862 1643 2884; x_wconf 76' lang='lat'>40.</span> <span class='ocrx_word' id='word_1_959' title='bbox 1659 2869 1682 2884; x_wconf 94' lang='lat' dir='ltr'>n.</span> <span class='ocrx_word' id='word_1_960' title='bbox 1707 2863 1743 2885; x_wconf 85' lang='lat'>60.</span> <span class='ocrx_word' id='word_1_961' title='bbox 1766 2869 1815 2891; x_wconf 91' lang='lat' dir='ltr'>seq.</span> 
     </span>
     <span class='ocr_line' id='line_1_123' title="bbox 981 2900 1813 2931; baseline 0 -8"><span class='ocrx_word' id='word_1_962' title='bbox 981 2900 1103 2929; x_wconf 86' lang='lat' dir='ltr'>asportatio</span> <span class='ocrx_word' id='word_1_963' title='bbox 1121 2906 1230 2922; x_wconf 73' lang='lat' dir='ltr'>vasorum</span> <span class='ocrx_word' id='word_1_964' title='bbox 1248 2900 1414 2928; x_wconf 80' lang='lat' dir='ltr'>Aegyptiorum</span> <span class='ocrx_word' id='word_1_965' title='bbox 1431 2906 1473 2928; x_wconf 87' lang='lat' dir='ltr'>per</span> <span class='ocrx_word' id='word_1_966' title='bbox 1484 2900 1541 2923; x_wconf 77' lang='lat' dir='ltr'>filios</span> <span class='ocrx_word' id='word_1_967' title='bbox 1560 2901 1625 2923; x_wconf 87' lang='lat' dir='ltr'>lsrael</span> <span class='ocrx_word' id='word_1_968' title='bbox 1636 2900 1689 2931; x_wconf 80' lang='lat' dir='ltr'>[cir.</span> <span class='ocrx_word' id='word_1_969' title='bbox 1706 2901 1773 2924; x_wconf 89' lang='lat' dir='ltr'>Exod.</span> <span class='ocrx_word' id='word_1_970' title='bbox 1792 2902 1813 2928; x_wconf 83' lang='lat'>3,</span> 
     </span>
     <span class='ocr_line' id='line_1_124' title="bbox 979 2937 1602 2967; baseline 0.002 -7"><span class='ocrx_word' id='word_1_971' title='bbox 979 2940 1016 2961; x_wconf 89' lang='grc'>22,</span> <span class='ocrx_word' id='word_1_972' title='bbox 1033 2941 1055 2961; x_wconf 82' lang='lat' dir='ltr'>et</span> <span class='ocrx_word' id='word_1_973' title='bbox 1076 2939 1109 2966; x_wconf 90' lang='grc'>12,</span> <span class='ocrx_word' id='word_1_974' title='bbox 1126 2937 1172 2967; x_wconf 83' lang='grc'><strong>35.]</strong></span> <span class='ocrx_word' id='word_1_975' title='bbox 1190 2938 1317 2967; x_wconf 81' lang='lat' dir='ltr'>applicatur</span> <span class='ocrx_word' id='word_1_976' title='bbox 1334 2938 1466 2962; x_wconf 83' lang='lat' dir='ltr'>doctoribus</span> <span class='ocrx_word' id='word_1_977' title='bbox 1483 2939 1602 2962; x_wconf 85' lang='lat' dir='ltr'>Ecclesiae.</span> 
     </span>
    </p>
   </div>
   <div class='ocr_carea' id='block_1_14' title="bbox 1840 295 1953 315">
    <p class='ocr_par' dir='ltr' id='par_1_27' title="bbox 1840 295 1953 315">
     <span class='ocr_line' id='line_1_125' title="bbox 1840 295 1953 315; baseline 0.009 -1"><span class='ocrx_word' id='word_1_978' title='bbox 1840 295 1945 315; x_wconf 78' lang='lat' dir='ltr'>Notandum</span> <span class='ocrx_word' id='word_1_979' title='bbox 1948 310 1953 315; x_wconf 96' lang='lat'>.</span> 
     </span>
    </p>
   </div>
   <div class='ocr_carea' id='block_1_15' title="bbox 1837 899 1965 946">
    <p class='ocr_par' dir='ltr' id='par_1_28' title="bbox 1837 899 1965 946">
     <span class='ocr_line' id='line_1_126' title="bbox 1837 899 1965 926; baseline 0 -8"><span class='ocrx_word' id='word_1_980' title='bbox 1837 899 1912 918; x_wconf 80' lang='lat' dir='ltr'>Utilitas</span> <span class='ocrx_word' id='word_1_981' title='bbox 1917 899 1965 926; x_wconf 41' lang='lat' dir='ltr'>‚phi-</span> 
     </span>
     <span class='ocr_line' id='line_1_127' title="bbox 1848 923 1951 946; baseline 0 -5"><span class='ocrx_word' id='word_1_982' title='bbox 1848 923 1951 946; x_wconf 79' lang='lat' dir='ltr'>Iosophiae.</span> 
     </span>
    </p>
   </div>
  </div>
 </body>
</html>
