2133 3317
104 716 170 740 Quoad
177 721 243 735 secuu-

104 740 149 759 dum
163 740 243 763 requiri-

117 766 148 782 tur
163 764 230 787 gratia-

121 792 162 806 rum
169 787 225 806 actio.

129 1279 239 1299 Memor-atio

104 1303 239 1322 beneficiorum

105 1327 141 1345 Dei
150 1327 239 1351 plurimo-

104 1355 154 1369 rum.

253 207 308 237 118

251 286 330 320 Iesu;
353 294 403 315 nec
424 285 508 314 debes
529 285 649 322 aliquem
666 285 778 313 modum
794 285 898 314 habere
912 285 939 313 in
957 285 1103 321 lacrymis,

251 333 317 370 quia
338 333 397 362 sine
418 333 500 361 niodo
521 336 602 361 tuum
623 332 756 361 dilectum
786 332 875 361 lesum
903 332 1048 361 offendisti.
1072 332 1103 361 Et

252 380 304 408 hoc
326 383 367 408 est
388 379 463 417 quod
488 379 526 408 ait
551 379 650 408 beatus
679 379 837 407 lsidorus¹:
864 390 876 404 α
892 379 960 407 Cum
992 379 1047 408 Deo
1075 379 1102 407 in

251 426 375 455 oratione
396 426 563 460 assistimus,
579 434 689 463 gemere
711 429 738 454 et
759 425 827 454 flere
848 426 999 461 debemus,
1022 426 1103 455 remi-

251 473 403 507 niscentes,
419 481 502 510 quam
519 473 614 510 gravia
628 476 693 502 sunt
712 480 783 510 quae
805 473 1003 507 commisimus,
1018 481 1102 510 quam

251 519 323 548 dura
337 519 436 548 inferni
452 519 600 556 supplicia,
615 528 687 557 quae
702 519 832 549 timemus
846 532 873 548 ».
891 520 922 548 Et
942 520 1102 549 huiusmodi

251 566 422 602 lacrymosae
444 566 635 595 meditationes
663 565 764 595 debent
794 569 857 595 tuae
885 567 1018 596 orationis
1043 575 1103 596 csse

252 613 428 650 principium.

332 660 357 689 3.
380 660 554 695 Secundum,
576 660 651 697 quod
673 668 789 697 sponsae
805 661 852 689 Dei
874 660 901 689 in
923 661 1047 690 oratione
1062 664 1103 690 est

253 706 456 741 necessarium,
478 710 520 735 est
539 707 714 745 gratiarum
735 707 829 742 actio,
851 711 883 736 ut
905 708 1031 737 videlicet
1052 716 1103 737 suo

252 753 376 783 Creatori
398 762 462 782 cum
477 754 551 782 omni
571 754 727 783 humilitate
747 758 840 791 grates
861 755 963 784 referat
984 763 1035 792 pro
1056 755 1103 784 be-

252 801 357 830 neficiis
378 801 412 829 ab
434 809 466 830 eo
487 801 540 829 iam
563 802 682 838 receptis
709 804 736 830 et
764 801 855 831 adhuc
877 802 1050 839 recipiendis.
1072 802 1103 831 Et

251 848 304 877 hoc
319 848 459 877 consuluit
471 848 571 877 Paulus
584 849 729 885 Apostolus
742 848 776 877 ad
788 848 961 877 Colossenses
972 852 1073 886 quarto
1082 849 1102 883 2,

251 895 345 924 dicens
358 906 364 924 z
389 895 526 923 Orationi
546 895 701 929 instantes,
723 895 876 932 viyilantes
891 896 922 924 in
937 904 971 923 ea
987 895 1018 923 iu
1031 904 1103 933 yra-

252 942 366 970 tiarum
387 942 507 970 actione.
531 941 602 970 Nihil
624 941 696 970 enim
718 945 776 976 est,
798 941 873 979 quod
901 942 1040 971 hominem
1066 942 1104 971 ita

251 988 366 1025 dignum
388 988 478 1017 reddit
498 988 598 1017 divinis
621 988 801 1023 muneribus,
823 988 895 1017 sicut
916 996 1025 1025 semper
1048 989 1103 1018 Deo

251 1036 355 1073 gratias
377 1035 493 1064 reddere
523 1039 550 1064 et
580 1043 662 1073 agere
694 1044 745 1072 pro
777 1036 895 1073 receptis
917 1036 1004 1064 donis.
1027 1036 1103 1065 Unde

252 1082 349 1111 beatus
361 1083 531 1119 Augustinus
545 1082 670 1111 scribens
684 1082 718 1110 ad
730 1082 872 1110 Aurelium
881 1082 892 1099 ³
907 1082 986 1111 dicit:
1007 1094 1020 1107 «
1032 1081 1103 1118 Quid

251 1129 352 1158 melius
372 1130 464 1158 animo
485 1137 615 1166 geramus
636 1132 663 1158 et
684 1137 732 1158 ore
755 1137 915 1166 promamus
943 1132 970 1158 et
997 1129 1103 1158 calamo

252 1176 444 1214 exprimamus
466 1184 549 1213 quam
574 1177 629 1204 Deo
648 1176 792 1214 gratias?
815 1176 868 1204 Hoc
895 1184 946 1205 nec
966 1176 1018 1205 dici
1040 1176 1103 1205 bre-

252 1223 314 1252 vius
336 1232 386 1252 nec
407 1223 497 1252 audiri
520 1223 619 1252 laetius
640 1231 690 1252 nec
711 1223 825 1260 intelligi
845 1223 978 1260 grandius
992 1231 1042 1252 nec
1060 1223 1103 1260 agi

254 1270 425 1299 fructuosius
446 1273 576 1307 potest».
598 1287 637 1290 -
658 1269 746 1298 Debes
767 1277 834 1306 ergo
854 1269 881 1298 in
910 1269 1034 1298 oratione
1056 1278 1104 1306 po-

253 1317 305 1346 sita
326 1325 389 1346 cum
411 1317 564 1354 gratiarum
586 1317 693 1346 actione
714 1317 857 1351 meditari,
879 1317 945 1353 quia
960 1317 1033 1345 Deus
1054 1317 1104 1345 ho-

253 1364 354 1393 minem
378 1367 404 1392 te
425 1364 504 1398 fecit,
527 1364 593 1400 quia
613 1364 799 1392 ChristIanam
821 1367 847 1392 te
875 1363 954 1397 fecit,
975 1363 1042 1400 quia
1062 1363 1104 1392 in-

252 1410 437 1439 numerabilia.
457 1414 569 1448 peccata
591 1410 639 1439 tibi
662 1410 794 1444 indulsit;
816 1410 882 1447 quia
896 1410 923 1438 in
940 1410 1027 1438 multa
1041 1418 1104 1447 pec-

252 1461 313 1486 cata.
333 1457 490 1492 incidisses,
517 1458 538 1486 si
561 1457 694 1486 Dominus
726 1461 752 1486 te
784 1466 839 1486 non
871 1457 1103 1492 custodivisset4;

252 1505 318 1541 quia
338 1505 367 1533 in
388 1505 498 1534 saeculo
520 1508 546 1533 te
566 1504 636 1533 mori
659 1513 714 1533 non
736 1504 877 1541 permisit,
893 1504 959 1541 quia
980 1504 1014 1533 ad
1028 1505 1104 1533 altis-

251 1552 350 1580 simam
371 1554 398 1580 et
419 1551 646 1588 perfectissimam
668 1551 827 1588 religionem
850 1554 876 1580 te
898 1551 979 1588 elegit
997 1554 1025 1579 et
1038 1551 1104 1588 quia

252 1599 311 1627 sine
332 1598 426 1627 labore
448 1602 496 1627 tuo
518 1601 544 1627 te
565 1599 640 1635 pavit
661 1601 688 1627 et
711 1599 812 1635 pascit;
828 1598 894 1635 quia
908 1606 960 1635 pro
975 1601 1001 1627 te
1021 1598 1103 1626 homo

253 1646 341 1675 factus
362 1649 419 1680 est,
441 1646 624 1675 circumcisus
651 1649 678 1675 et
706 1646 862 1683 baptizatus
883 1648 943 1679 est;
965 1646 1031 1682 quia
1052 1654 1103 1682 pro

251 1695 278 1721 te
300 1700 405 1729 pauper
427 1695 454 1721 et
475 1692 580 1726 nudus,
603 1692 716 1721 humilis
731 1695 758 1721 et
772 1692 919 1729 despectus
937 1692 1026 1721 factus
1047 1695 1102 1727 est,

251 1739 317 1776 quia
339 1741 453 1776 propter
475 1742 501 1767 te
523 1738 672 1773 ieiunavit,
693 1738 825 1773 esurivit,
847 1739 946 1773 sitivit,
969 1738 1104 1767 laboravit

251 1789 278 1814 et
299 1786 429 1823 fatigatus
450 1788 509 1820 est;
532 1785 598 1823 quia
618 1788 733 1823 propter
761 1788 788 1814 te
816 1786 950 1822 ploravit,
972 1786 1102 1815 sudorem

251 1833 433 1870 sanguineum
456 1833 580 1867 sudavit,
603 1836 630 1862 te
651 1833 824 1862 sanctissimo
846 1841 962 1870 corpore
991 1841 1042 1862 suo
1066 1833 1103 1861 ci-

250 1880 342 1915 bavit,
364 1880 562 1917 pretiosissimo
584 1880 717 1917 sanguine
739 1888 790 1909 suo
811 1880 934 1917 potavit;
956 1880 1022 1917 quia
1040 1888 1105 1917 pro-

251 1931 312 1965 pter
334 1930 361 1956 te
382 1927 571 1964 colaphizatus
592 1930 649 1961 est,
676 1931 830 1965 consputus
855 1930 882 1956 et
908 1927 1018 1956 derisus
1046 1931 1103 1962 est,

250 1975 406 2012 flagellatus
427 1977 486 2009 est;
509 1974 575 2011 quia
596 1976 710 2012 propter
725 1977 751 2003 te
766 1974 921 2003 crucifixus
937 1978 991 2009 est,
1007 1975 1103 2004 vulne—

251 2025 330 2051 ratus
351 2025 408 2056 est,
429 2024 519 2050 morte
547 2021 709 2058 turpissima
737 2024 765 2050 et
792 2021 966 2050 amarissima
996 2021 1103 2051 occisus

314 2225 322 2238 ¹
339 2225 401 2248 Libr.
420 2226 453 2248 Ill.
472 2226 572 2248 Sentent.
590 2231 610 2248 c.
627 2225 650 2248 7.
667 2231 691 2247 n.
708 2226 735 2253 5,
757 2225 796 2248 ubi
819 2228 894 2248 textus
916 2226 1034 2254 originalis
1055 2226 1105 2249 sint

251 2271 293 2293 pro
310 2266 367 2287 suut
384 2267 406 2287 et
423 2264 477 2287 clei-a
495 2271 537 2292 pro
555 2264 626 2287 dura.
643 2277 675 2281 —
687 2265 782 2287 InserIus
794 2268 847 2293 post
859 2265 889 2288 Et
900 2264 1039 2288 huiusmodi
1050 2265 1100 2288 Vat.

250 2310 303 2326 cum
321 2303 438 2326 nonnullis
454 2304 523 2326 codd.
541 2304 596 2331 legit
613 2303 763 2334 lacrymosae
778 2303 931 2334 coyicationes
942 2304 1102 2328 meditationis

250 2342 332 2366 debent
349 2348 398 2365 esse
411 2342 568 2372 principium.

314 2381 322 2394 ²
341 2382 407 2404 Vers.
426 2382 452 2404 2:
470 2381 573 2404 Orationi
590 2381 675 2405 instate
692 2384 734 2404 etc.
753 2395 783 2398 --
801 2382 913 2410 Superius
934 2389 962 2405 ex
983 2382 1026 2405 BC
1049 2389 1103 2411 sup-

250 2421 366 2449 plevimus
383 2421 405 2444 et
421 2420 500 2443 adhuc
516 2420 671 2450 recipiendis,-
690 2427 732 2449 pro
749 2420 871 2444 consuluit
886 2421 904 2443 D
915 2422 956 2444 EF
973 2421 1083 2445 consulit.

314 2458 323 2472 ³
340 2460 411 2487 Epist.
429 2459 466 2482 4l.
484 2459 549 2488 (alias
566 2460 614 2489 77.)
632 2466 654 2482 n.
672 2460 694 2482 4.

314 2498 324 2511 ⁴
340 2498 385 2522 Cir.
403 2505 473 2527 supra
492 2505 545 2527 pag.
564 2499 590 2527 6,
607 2501 660 2521 nota
680 2499 699 2521 4.
717 2501 740 2521 et
756 2505 810 2527 pag.
829 2499 870 2528 41,
892 2502 947 2522 nota
963 2499 985 2522 7.
1004 2499 1026 2522 in
1048 2500 1101 2522 tine.

251 2551 280 2554 -—
298 2538 394 2560 Inferius
411 2538 460 2560 loco
474 2544 521 2568 pro
538 2539 559 2561 te
573 2544 668 2568 pauper
686 2537 753 2561 BCF
766 2539 867 2568 propter
884 2539 905 2561 te
920 2544 1021 2568 pauper.

313 2576 322 2589 ⁵
340 2577 391 2599 Vat.
408 2583 461 2600 cum
480 2577 595 2600 nonnullis
612 2577 680 2599 codd.
698 2576 791 2600 derisus
808 2578 830 2601 et
844 2576 981 2606 flagellatus
993 2579 1039 2606 est,
1051 2577 1101 2601 vul-

249 2617 349 2639 neratus
366 2616 536 2646 etcrucifioeus
553 2617 599 2644 est,
620 2617 722 2639 mortem
744 2616 911 2646 turpissimam
933 2617 954 2640 et
975 2616 1101 2640 amarissi-

250 2661 316 2678 mam
332 2655 453 2678 sustinuit.
618 2664 634 2668 *-

313 2694 323 2707 ⁶
340 2696 414 2717 Serm.
431 2695 470 2717 51.
486 2695 508 2717 in
526 2695 591 2718 Cant.
607 2702 628 2718 n.
647 2695 674 2723 6;
691 2696 731 2718 cfr.
748 2701 820 2724 supra
837 2702 892 2724 pag.
911 2696 952 2723 40,
970 2698 1023 2719 nota
1035 2697 1057 2719 6.
1069 2709 1100 2713 —

250 2734 362 2761 Superius
384 2740 426 2762 pro
451 2733 515 2757 Talis
537 2733 675 2764 grat-mrum
697 2734 758 2757 actio
782 2734 821 2763 (ita
838 2735 889 2763 BC)
910 2735 961 2757 Vat.
977 2735 1020 2758 Est
1037 2734 1099 2758 euim

250 2772 388 2802 =oratiarum
405 2772 478 2800 actio,
500 2773 586 2796 omisso
603 2773 704 2796 subinde
721 2776 774 2801 post
791 2773 856 2797 utilis
873 2773 947 2796 verbo
964 2775 1005 2798 est.

314 2811 322 2823 ⁷
340 2812 370 2834 lla
388 2811 430 2834 BC
441 2813 471 2839 D,
489 2812 541 2835 Vat..
555 2814 683 2842 precatur,
703 2818 764 2841 quae
781 2813 849 2835 etiam
868 2812 967 2835 subinde
983 2819 1026 2841 pro
1044 2812 1099 2836 diri-

250 2851 324 2880 qalur
340 2853 362 2872 et
379 2850 511 2874 retineatur
530 2852 568 2880 (ita
585 2852 602 2873 B
612 2851 663 2881 CF)
680 2851 798 2874 substituit
814 2850 904 2881 dirigat
920 2854 942 2874 et
958 2853 1063 2875 maneat.

313 2888 322 2902 ³
339 2890 421 2913 Psalm.
440 2890 498 2918 418,
518 2890 570 2914 145.
586 2903 619 2908 -
635 2891 714 2913 Glossa
732 2890 754 2913 in
772 2891 834 2913 hunc
857 2891 933 2913 locum
955 2893 989 2914 est
1012 2890 1100 2914 interli-

249 2928 330 2952 nearis
347 2929 409 2957 apud
427 2930 560 2957 Lyranum:
578 2930 640 2952 Mens
656 2929 731 2952 divisa
749 2935 795 2952 non
808 2930 923 2957 impetrat.
936 2929 981 2952 Ct'r.
993 2931 1099 2958 August„

249 2968 352 2990 Enarrat.
370 2968 393 2990 in
411 2968 446 2990 Ps.
468 2968 517 2990 1118.
536 2969 609 2991 Sei-m.
627 2969 664 2991 29.
682 2975 705 2990 n.
723 2969 731 2990 ¹¹
746 2976 752 2990 z
769 2969 808 2991 Est
824 2971 901 2991 autem
916 2968 1009 2991 clamor
1020 2968 1099 2992 cordis

249 3012 335 3035 magna
353 3007 500 3034 cogitationis
518 3007 625 3034 intentio,
637 3013 698 3036 quae
710 3013 764 3030 cum
776 3011 811 3030 est
821 3007 844 3030 in
857 3007 972 3036 oratione,
985 3013 1098 3035 magnum

591 207 787 236 OPUSCULUM
809 207 851 235 V1.
874 207 917 235 DE
940 206 1163 235 PERFECTIONE
1184 207 1282 236 VITAE
1303 208 1347 236 AD
1369 208 1527 237 SORORES.
1549 208 1617 237 CAP.
1640 209 1671 238 V.

1160 288 1202 314 est
1229 289 1256 314 et
1284 286 1323 315 sic
1351 289 1378 315 te
1406 286 1562 321 redemit⁵;
1585 287 1651 324 quia
1671 287 1812 324 sepultus,
1835 288 2009 322 resurrexit,

1159 332 1193 361 ad
1215 333 1304 362 caelos
1325 334 1463 368 ascendit,
1486 334 1620 370 Spiritum
1648 337 1774 362 sanctum
1802 334 1876 363 dedit
1897 337 1924 363 et
1945 335 2010 372 quia

1160 380 1208 409 tibi
1230 383 1258 409 et
1278 381 1409 409 omnibus
1430 381 1488 410 suis
1516 381 1610 410 electis
1639 389 1756 418 regnum
1781 381 1922 410 caelorum
1943 381 2009 410 dare

1160 427 1295 464 promisit.
1318 443 1354 448 -
1377 427 1449 456 Talis
1470 427 1623 464 gratiarum
1639 427 1710 456 actio
1724 435 1810 464 supra
1827 428 1940 457 modum
1955 428 2009 457 uti-
2027 436 2114 457 umnec,

1160 474 1193 503 lis
1214 477 1255 503 est
1276 474 1304 502 in
1325 474 1465 508 oratione,
1488 482 1538 503 nec
1559 474 1618 503 sine
1639 482 1671 503 ea
1691 474 1784 511 aliqua
1808 477 1898 511 potest
1918 475 2010 504 valere

1159 520 1256 549 oratio.
1279 521 1347 549 Nam
1374 520 1587 557 «ingratitudo,
1615 523 1648 549 ut
1674 520 1740 549 dicit
1768 521 1865 550 beatus
1893 521 2011 550 Bernar-

1159 566 1212 596 dus
1223 567 1248 601 ⁶,
1263 570 1305 596 est
1319 570 1419 596 ventus
1440 575 1538 601 urens,
1553 567 1697 596 exsiccans
1711 568 1814 597 fontem
1829 568 1950 605 pietatis,
1966 576 2011 597 ro-

1161 622 1219 643 rem
1242 614 1448 643 misericordiae
1470 616 1497 642 et
1518 614 1623 643 fluenta
1643 614 1747 651 gratiae
1763 627 1789 643 ».

1239 661 1266 689 4.
1288 661 1430 695 Tertium,
1453 661 1526 698 quod
1548 661 1582 689 ad
1604 661 1800 698 perfectionem
1816 662 1948 691 orationis
1962 670 2010 691 ne-

1160 708 1280 737 cessario
1301 708 1473 745 requiritur,
1496 711 1552 742 est,
1575 711 1606 737 ut
1626 708 1736 737 animus
1757 712 1823 738 tuus
1837 708 1913 737 nihil
1926 709 2010 738 aliud

1160 755 1191 783 in
1213 755 1345 783 oratioue
1366 755 1468 792 coyilet
1499 758 1609 792 praeter
1637 755 1663 783 id
1692 756 1798 790 solum,
1820 756 1894 793 quod
1915 764 2011 793 preca-

1161 802 1199 831 ris
1211 802 1230 830 ⁷.
1254 802 1338 830 Valde
1359 802 1431 830 enim
1454 802 1584 831 indecens
1604 805 1661 837 est,
1684 805 1715 831 ut
1736 803 1799 839 quis
1820 811 1884 831 cum
1899 803 1955 832 Deo
1971 804 2012 833 lo-

1161 852 1265 886 quatur
1293 856 1341 877 ore
1370 851 1397 877 et
1422 848 1496 877 aliud
1522 849 1672 877 meditetur
1694 849 1792 883 corde,
1813 853 1845 878 ut
1865 849 2011 879 dimidium

1161 903 1208 924 cor
1229 895 1366 932 dirigatur
1388 895 1416 924 in
1437 896 1562 930 caelum,
1584 899 1612 924 et
1632 895 1775 925 dimidium
1804 896 1958 925 retineatur
1983 897 2012 926 in

1161 945 1255 976 terra;
1277 945 1304 971 et
1326 942 1387 971 talis
1407 942 1496 970 oratio
1512 950 1655 979 nunquam
1675 943 1827 972 exauditur
1848 951 1864 972 a
1885 943 2010 972 Domino.

1161 989 1236 1017 Unde
1267 997 1352 1025 super
1384 989 1430 1017 illo
1462 989 1547 1017 verbo
1580 989 1717 1017 Psalmis:
1742 989 1878 1019 Clamavi
1901 990 1933 1019 iu
1955 994 2010 1019 toto

1161 1036 1246 1064 corde
1267 1044 1346 1069 meo;
1368 1036 1480 1064 exaudi
1498 1044 1553 1070 me,
1569 1036 1691 1065 Domine
1698 1047 1708 1070 ;
1722 1037 1788 1065 dicit
1805 1037 1914 1066 Glossa:
1939 1049 1952 1062 α
1967 1037 2012 1066 Di—

1161 1083 1252 1111 visum
1274 1091 1321 1111 cor
1344 1091 1398 1111 non
1427 1083 1599 1120 impetrat».
1622 1084 1708 1112 Debet
1735 1084 1808 1113 enim
1834 1084 1938 1113 famula
1965 1085 2012 1114 Dei

1161 1132 1286 1166 tempore
1307 1130 1439 1159 orationis
1466 1138 1514 1158 cor
1546 1138 1630 1159 suum
1655 1131 1689 1159 ab
1715 1131 1844 1160 omnibus
1864 1131 2012 1161 exteriori-

1160 1176 1214 1205 bus
1235 1177 1325 1211 curis,
1348 1177 1382 1205 ab
1397 1177 1527 1206 omnibus
1541 1177 1688 1206 mundanis
1704 1178 1860 1213 desideriis,
1875 1178 1910 1207 ab
1924 1179 2012 1207 omni-

1160 1223 1214 1252 bus
1236 1223 1394 1252 carnalibus
1416 1223 1558 1253 amoribus
1577 1232 1708 1253 revocare
1729 1225 1762 1253 ad
1784 1225 1918 1254 interiora
1931 1229 1958 1254 et
1973 1226 2012 1254 illi

1161 1269 1210 1298 soli
1232 1270 1259 1298 in
1282 1273 1339 1298 toto
1360 1270 1443 1299 corde
1465 1274 1492 1299 et
1514 1274 1570 1299 tota
1590 1274 1683 1300 mente
1704 1272 1862 1306 intendere,
1879 1272 1914 1301 ad
1928 1280 2013 1309 quem

1161 1325 1241 1346 suam
1263 1317 1415 1346 orationem
1438 1317 1540 1355 dirigit.
1565 1318 1595 1346 Et
1617 1318 1669 1347 hoc
1690 1319 1831 1347 consuluit
1854 1319 1904 1348 tibi
1926 1320 2012 1356 Spon-

1161 1372 1209 1393 sus
1235 1367 1301 1393 tuus
1330 1365 1405 1393 Iesus
1431 1365 1458 1393 in
1484 1365 1669 1402 Evangelio&
1691 1365 1803 1395 dicens:
1832 1367 1875 1394 Tu
1897 1370 2011 1401 autem,

1161 1419 1229 1440 cum
1251 1412 1401 1446 oraveris,
1423 1412 1504 1440 imra-
1525 1412 1557 1440 in
1574 1412 1742 1441 cubiculum
1758 1417 1858 1447 tuum,
1873 1416 1898 1441 et
1912 1413 2012 1442 clauso

1161 1458 1249 1492 ostio,
1272 1467 1327 1487 ora
1354 1459 1475 1487 Patrem
1505 1463 1598 1487 tuum.
1621 1460 1698 1488 Tunc
1729 1460 1896 1489 cubiculum
1918 1469 1947 1489 es
1967 1460 2013 1489 in-

1159 1513 1279 1542 ²ares-sa,
1302 1506 1412 1542 quando
1433 1514 1529 1535 omnes
1550 1506 1738 1543 cogitationes,
1757 1507 1849 1536 omnia
1863 1507 2011 1542 desideria,

1161 1560 1256 1581 omnes
1276 1552 1434 1581 affectiones
1455 1556 1518 1582 tuas
1538 1552 1566 1581 in
1588 1556 1726 1582 secretum
1748 1554 1838 1583 cordis
1867 1554 1907 1583 tui
1932 1562 2012 1583 revo-

1161 1599 1247 1633 casti;
1270 1602 1337 1628 tunc
1358 1599 1494 1628 clausisti
1513 1600 1621 1628 ostium
1643 1603 1743 1634 tuum,
1766 1600 1876 1638 quando
1898 1601 1937 1630 sic
1951 1601 2012 1630 dili-

1160 1648 1258 1682 genter
1279 1653 1326 1674 cor
1348 1648 1429 1674 tuum
1444 1646 1581 1681 custodis,
1599 1650 1631 1675 ut
1652 1655 1701 1684 per
1722 1648 1813 1676 nullas
1834 1648 2012 1685 cogitationes

1161 1695 1223 1721 tuas
1238 1692 1426 1729 phantasticas
1442 1693 1529 1729 possis
1544 1693 1571 1721 in
1585 1693 1730 1723 devotione
1751 1694 1887 1731 impediri.
1914 1706 1928 1720 <1
1943 1694 2012 1724 Ora-

1161 1739 1199 1768 tio
1220 1739 1309 1774 enim‚
1331 1742 1363 1768 ut
1383 1739 1449 1768 dicit
1462 1740 1632 1777 Augustinus
1645 1741 1680 1775 ¹⁰,
1695 1744 1737 1770 est
1752 1742 1895 1770 conversio
1911 1742 2012 1771 mentis

1162 1786 1189 1814 in
1210 1786 1315 1821 Deum,
1336 1794 1387 1823 per
1408 1787 1485 1823 pium
1506 1790 1534 1816 et
1554 1787 1689 1816 humilem
1710 1788 1839 1817 affectum
1855 1800 1882 1817 ι».

1241 1835 1267 1862 5.
1291 1834 1388 1868 Audi,
1410 1842 1426 1862 0
1447 1834 1605 1864 beatissima
1629 1838 1734 1870 mater,
1765 1836 1845 1871 audi,
1868 1845 1884 1865 o
1907 1836 2012 1866 famula

1161 1880 1222 1909 Iesu
1243 1880 1362 1915 Christi,
1384 1884 1408 1909 ec
1430 1881 1541 1910 inclina
1557 1890 1661 1911 aurem
1677 1886 1760 1911 tuam
1780 1883 1820 1912 ad
1840 1883 1929 1912 verba
1950 1884 2012 1913 oris

1160 1927 1218 1956 mei
1226 1928 1257 1955 ¹¹.
1272 1927 1331 1956 Noli
1346 1927 1411 1962 falli,
1426 1928 1482 1957 noli
1497 1928 1594 1965 decipi,
1606 1937 1660 1957 non
1675 1929 1785 1958 amittas
1801 1938 1932 1967 magnum
1947 1933 2012 1960 tuae

1160 1974 1293 2003 orationis
1313 1974 1454 2009 fructum,
1475 1983 1530 2004 non
1552 1976 1651 2012 perdas
1677 1976 1854 2011 suavitatem,
1877 1985 1931 2006 non
1951 1977 2012 2006 fru-

1160 2022 1259 2050 streris
1279 2021 1439 2056 dulcedine,
1461 2030 1546 2060 quam
1574 2023 1602 2051 in
1630 2023 1755 2052 oratione
1782 2024 1897 2053 haurire
1918 2024 2010 2054 debesa

1159 2226 1267 2254 exprimit
1283 2226 1436 2249 desiderantis
1453 2228 1475 2250 et
1493 2226 1591 2255 petentis
1608 2228 1729 2256 affectum,
1747 2230 1772 2250 ut
1793 2234 1839 2250 non
1856 2228 1965 2257 desperet
1980 2230 2009 2251 ef-

1159 2267 1251 2288 fectum.
1269 2266 1335 2288 Tunc
1352 2272 1422 2294 porro
1443 2265 1468 2288 in
1489 2267 1536 2289 toto
1558 2265 1628 2289 corde
1654 2266 1788 2295 clamatur,
1805 2267 1899 2296 quando
1917 2268 2010 2290 aliunde

1158 2311 1203 2327 non
1221 2304 1342 2332 cogitatur.
1362 2305 1429 2327 Tales
1445 2305 1560 2328 orationes
1577 2311 1643 2328 rarae
1658 2308 1711 2328 sunt
1723 2306 1812 2335 multis,
1824 2306 1920 2330 crebrae
1931 2309 2009 2330 autem

1158 2344 1251 2372 paucis,
1269 2350 1350 2366 omnes
1367 2351 1424 2367 vero
1441 2348 1519 2367 utrum
1537 2345 1647 2374 cuiquam
1664 2346 1742 2368 nescio
1759 2349 1803 2369 etc.
1820 2347 1842 2369 ln
1861 2347 1939 2369 Glossa
1957 2349 2010 2375 post

1158 2383 1272 2413 impetrat
1288 2384 1340 2406 Vat.
1356 2387 1435 2407 contra
1454 2383 1496 2406 BC
1507 2384 1549 2406 DF
1566 2387 1588 2407 et
1605 2387 1692 2407 textum
1709 2385 1845 2413 originalem
1864 2385 1929 2408 addit
1946 2385 2010 2415 quod

1155 2422 1221 2452 petit.

1222 2460 1232 2473 ⁹
1248 2462 1325 2484 Matth.
1343 2462 1369 2488 6,
1387 2462 1414 2489 6,
1431 2468 1502 2491 quem
1520 2462 1596 2485 locum
1613 2463 1722 2491 August,
1740 2463 1763 2486 ll.
1783 2463 1812 2486 de
1830 2464 1903 2486 Serm.
1917 2464 2009 2487 Domini

1158 2500 1181 2522 in
1198 2503 1288 2528 monte,
1306 2507 1326 2523 e.
1344 2501 1365 2523 3.
1383 2507 1406 2523 n.
1425 2501 1465 2529 11,
1490 2501 1519 2523 ita
1542 2502 1649 2530 exponit:
1673 2502 1737 2530 Quae
1761 2505 1814 2525 sunt
1835 2502 1877 2525 ista
1899 2502 2009 2526 cubicula

1158 2539 1200 2561 nisi
1212 2539 1262 2567 ipsa
1275 2539 1359 2566 corda,
1371 2545 1431 2568 quae
1442 2540 1465 2562 in
1477 2540 1567 2562 Psalmo
1580 2539 1617 2569 [4,
1634 2540 1667 2570 5.]
1685 2541 1753 2563 etiam
1771 2541 1941 2569 significantur,
1954 2548 2008 2565 cum

1158 2578 1255 2601 dicitur:
1274 2579 1341 2607 Quae
1358 2578 1435 2602 dicitis
1453 2579 1478 2602 in
1495 2579 1605 2602 cordibus
1622 2579 1706 2603 vestris
1717 2579 1775 2603 etin
1792 2579 1907 2604 cubilibus
1924 2580 2008 2604 vestris

1158 2617 1348 2647 compungimini
1355 2620 1391 2641 ?...
1408 2619 1492 2641 Parum
1509 2621 1544 2641 est
1560 2619 1645 2642 intrare
1662 2619 1685 2641 in
1702 2619 1820 2647 cubicula,
1832 2620 1852 2642 si
1863 2619 1951 2643 ostium
1967 2626 2006 2648 pa-

1158 2659 1203 2679 teat
1219 2657 1370 2685 importunis,
1387 2664 1428 2686 per
1445 2658 1510 2686 quod
1526 2658 1610 2680 ostium
1629 2664 1655 2681 ea
1673 2664 1733 2687 quae
1750 2659 1805 2681 soris
1819 2661 1883 2686 sunt,
1899 2659 2008 2687 improbe

1157 2701 1183 2718 se
1199 2695 1342 2724 immergunt
1363 2699 1386 2719 et
1408 2696 1515 2719 interiora
1540 2699 1616 2719 nostra
1639 2700 1774 2725 appetunt...
1793 2696 1958 2720 Glaudendum
1974 2699 2008 2721 est

1157 2740 1214 2762 ergo
1232 2734 1332 2763 ostium,
1351 2735 1372 2758 id
1395 2738 1429 2758 est
1451 2736 1535 2758 carnali
1556 2736 1633 2759 sensui
1655 2737 1810 2759 resistendum
1828 2739 1875 2764 est,
1892 2740 1917 2760 ut
1933 2737 2007 2760 oratio

1157 2774 1282 2802 spiritualis
1299 2774 1412 2803 dirigatur
1429 2775 1458 2797 ad
1476 2776 1580 2803 Patrem,
1597 2781 1658 2804 quae
1674 2776 1699 2798 fit
1716 2776 1738 2798 in
1757 2776 1843 2799 intimis
1860 2777 1949 2805 cordis,
1967 2776 2007 2800 ubi

1157 2815 1236 2835 oratur
1253 2813 1318 2835 Pater
1341 2812 1366 2836 in
1387 2812 1532 2837 abscondito.
1550 2827 1579 2830 -
1597 2814 1710 2842 Superius
1730 2821 1773 2843 pro
1799 2814 1920 2838 consuluit
1935 2815 2005 2837 DEF

1157 2851 1266 2875 consulit.
1284 2852 1379 2875 Inferius
1396 2859 1438 2881 pro
1456 2852 1481 2876 in
1497 2854 1615 2876 secretum
1632 2853 1671 2882 (ita
1689 2853 1741 2883 BC)
1761 2854 1811 2876 Vat.
1829 2853 1853 2877 in
1869 2855 1967 2877 secreto.

1220 2889 1240 2903 ¹⁰
1257 2890 1319 2913 Libr.
1335 2892 1365 2914 de
1383 2892 1468 2920 Spiritu
1486 2894 1508 2914 et
1524 2892 1602 2914 anima
1620 2892 1687 2922 (inter
1704 2898 1775 2920 opera
1792 2892 1914 2922 August),
1931 2899 1950 2915 c.
1968 2893 2006 2915 50.

1219 2928 1238 2941 ¹¹
1256 2930 1340 2952 Psalm.
1358 2930 1400 2957 44,
1421 2931 1460 2959 11,
1478 2929 1517 2952 ubi
1535 2932 1613 2953 tamen
1629 2931 1741 2953 omittitur
1757 2930 1790 2954 ad
1805 2930 1878 2954 verba
1889 2930 1938 2954 oris
1949 2930 2003 2960 mei,

1156 2968 1186 2991 de
1202 2974 1250 2997 quo
1266 2970 1307 2991 cfr.
1325 2970 1360 2991 Ps.
1377 2969 1419 2998 77,
1438 2969 1463 2991 l:
1481 2969 1587 2992 lnclinate
1608 2975 1688 2992 aurem
1710 2973 1812 2992 vestram
1830 2970 1852 2992 in
1869 2969 1942 2992 verba
1959 2970 2006 2992 oris

1156 3013 1210 3030 mei.

2038 671 2102 694 Quoad
2112 676 2127 700 tu

2027 694 2073 713 tium
2091 697 2126 722 rej-

2027 717 2075 736 ritur
2093 723 2126 742 pn.

2027 743 2057 759 cta
2079 746 2126 763 rem-

2027 764 2125 787 ctiointei.

2028 1844 2118 1863 Exhortat
