2133 3317
548 206 744 235 OPUSCULUM
763 206 806 234 Xl.
826 206 988 235 APOLOGIA
1008 206 1189 236 PAUPERUM.
1210 206 1278 235 CAP.
1299 207 1330 236 X.

77 286 149 324 quod
163 285 342 322 praescriptio
351 307 358 319 ,
371 284 444 313 sicut
457 291 494 313 ex
508 283 692 320 praeallegato
710 290 814 312 canone
827 285 914 319 patet,

76 333 110 362 ab
128 332 217 361 edicto
237 331 393 368 principum
422 330 507 359 trabit
527 330 677 367 originem,
702 329 854 366 approbato
875 329 916 357 ni-

77 378 224 408 hilominus
245 385 293 414 per
315 376 414 406 summi
431 376 567 405 Pontificis
581 376 781 404 auctoritatem.
798 375 851 404 Hoc
866 383 915 404 au-

77 427 130 453 tem
150 423 307 452 declaratur
327 423 466 460 patentius
479 422 567 451 Causa
582 422 739 456 undecima,
754 421 915 458 quaestione

76 470 186 507 prima1
206 477 242 498 ex
263 469 355 498 verbis
375 469 509 498 Ambrosii
530 471 627 497 contra
647 468 834 496 Auxentium:
860 478 873 492 α
888 467 914 496 Si

76 516 211 545 tributum
232 515 384 552 imperator
405 515 487 552 petit,
508 523 562 543 non
584 522 733 551 negamus,
751 514 809 551 agri
825 514 915 542 Eccle—

77 561 131 590 siae
151 561 258 590 solvant
279 561 415 589 tributum
429 572 457 589 ν.
490 560 541 590 Sed
561 561 609 598 qui
629 560 664 589 ad
686 560 822 588 tributum
850 560 915 588 Cae-

76 609 144 637 saris
165 612 275 637 tenetur
296 607 401 636 ratione
429 607 623 644 praediorum,
651 607 763 643 praedia
788 606 835 634 illa
861 614 915 635 non

75 657 130 683 tam
150 654 242 683 divino
264 654 325 683 iure
350 654 470 691 possidet
496 662 580 690 quam
609 653 747 687 humano,
776 653 916 681 Salvatore

77 703 156 734 teste,
171 700 218 737 qui
233 700 272 729 ait
282 700 309 728 ²:
325 700 442 729 Reddite
456 708 530 738 quae
544 704 614 728 sant
630 699 766 728 Caesaris
782 698 915 732 Caesari,

75 750 100 776 et
118 755 193 785 qaae
212 750 282 775 sunt
302 747 355 775 Dei
372 747 438 775 Deo.
458 746 596 783 Amplius,
610 746 784 775 distinctione
798 746 915 775 octava⁸

75 802 112 822 ex
132 793 224 822 verbis
243 793 387 830 Augustini
408 800 493 829 super
514 793 659 822 loannem:
685 804 698 817 «
714 794 774 829 Quo
794 793 856 821 iure
870 792 916 821 de-

76 839 162 869 fendis
182 839 260 868 villas
281 839 431 873 Ecclesiae,
446 839 544 867 divino
559 847 594 867 an
609 838 760 868 humano?
774 839 916 867 Divinum

75 887 120 915 ius
139 886 168 914 in
188 886 288 914 divinis
312 885 463 922 Scripturis
487 885 622 919 habetur,
644 884 809 914 humanum
829 885 856 913 in
878 885 916 914 le-

75 933 155 970 gibus
175 940 281 970 regum.
303 932 378 961 Unde
398 933 525 969 quisquis
545 932 665 969 possidet
685 932 760 969 quod
781 931 915 969 possidet,

75 987 166 1008 nonne
185 979 247 1008 iure
268 979 412 1007 humano?
441 979 507 1007 Nam
535 979 596 1007 iure
616 978 708 1007 divino
731 978 849 1007 Domini
876 983 916 1007 est

77 1029 156 1054 terra
183 1028 208 1054 et
231 1025 380 1062 plenitudo
407 1025 470 1054 eius
484 1037 511 1053 n.
541 1025 610 1054 Haec
637 1025 814 1061 Augustinus.
843 1024 915 1053 Idem

76 1079 187 1109 quoque
202 1072 314 1100 homilia
328 1075 407 1100 sexta
417 1074 430 1089 4
445 1080 529 1109 super
545 1072 686 1100 loannem:
706 1083 720 1096 «
734 1071 792 1100 Noli
806 1071 915 1100 dicere:

76 1117 146 1154 Quid
172 1118 240 1146 mibi
267 1121 294 1147 et
322 1119 401 1155 regi?
430 1118 501 1155 Quid
521 1126 588 1155 ergo
610 1118 658 1146 tibi
680 1121 707 1146 et
728 1118 916 1154 possessioni?

75 1164 126 1193 Per
145 1164 208 1193 iura
228 1165 301 1194 enim
326 1173 422 1202 regum
451 1165 627 1202 possidentur
655 1165 848 1202 possessiones.
872 1165 916 1193 Di-

76 1211 160 1240 xisti:
187 1211 259 1248 Quid
279 1212 347 1240 mihi
367 1215 394 1241 et
416 1213 498 1249 regi?
525 1213 583 1241 Noli
612 1212 703 1241 dicere
730 1212 917 1249 possessiones

76 1260 152 1292 tuas,
174 1258 239 1295 quia
253 1258 311 1295 ipsa
325 1259 387 1287 iura
401 1259 523 1288 humana
540 1259 719 1293 renuntiasti,
734 1259 836 1295 quibus
855 1266 916 1295 pos-

77 1304 201 1333 sidentur
221 1305 406 1341 possessiones
419 1317 446 1334 n.
462 1322 499 1326 —
514 1306 585 1342 Quid
605 1306 649 1334 bis
664 1305 765 1334 clarius
786 1305 837 1333 dici
858 1307 916 1341 pot-

76 1354 117 1380 est
135 1351 170 1380 ad
193 1351 408 1385 ostendendum,
431 1351 504 1388 quod
527 1351 643 1380 Ecclesia
664 1351 826 1387 temporalia
846 1351 917 1379 bona

77 1397 210 1426 veraciter
231 1397 350 1434 possidet
370 1397 432 1426 iure
452 1397 544 1426 divino
565 1398 668 1434 pariter
689 1401 716 1426 et
737 1397 881 1426 humano?

157 1443 201 1473 13.
224 1444 342 1478 Verum,
364 1443 429 1480 quia
450 1445 519 1473 sacri
542 1444 664 1472 Canones
685 1447 827 1479 asserunt,
843 1443 917 1480 quod

2 1500 68 1524 muru
78 1498 110 1519 ea
122 1498 193 1527 quae
207 1490 364 1519 offeruntur
385 1490 519 1525 ecclesiis,
534 1491 649 1519 Domino
663 1494 875 1524 consecrantur,
890 1493 917 1518 et

0 1523 60 1548 [naum

9 1552 67 1566 Imm

0 1570 66 1590 laninas.

0 1867 62 1887 Prima.

78 1537 151 1574 quod
161 1545 258 1566 eorum
272 1537 425 1566 dominium
440 1545 494 1565 non
505 1537 606 1565 debent
620 1537 670 1565 sibi
686 1537 805 1565 ministri
820 1544 917 1565 earum

77 1583 244 1621 proprietate
258 1583 406 1612 damnabili
421 1584 577 1617 vindicare,
592 1586 620 1612 et
639 1583 713 1620 quod
734 1583 806 1612 bona
820 1583 917 1612 huius-

78 1630 148 1659 modi
177 1630 263 1667 magis
289 1633 355 1659 sunt
382 1630 509 1659 caelestia
536 1638 619 1667 quam
648 1630 802 1663 mundana,
831 1630 917 1666 magis

76 1676 232 1705 communia
253 1684 337 1713 quam
358 1676 506 1713 privata⁵;
528 1676 604 1710 ideo,
623 1678 655 1705 ut
676 1676 765 1704 omnis
780 1675 917 1705 contradi-

77 1722 174 1751 ctionis
194 1725 221 1751 et
241 1723 390 1752 dubietatis
410 1723 497 1759 caligo
512 1723 625 1751 tollatur
639 1723 673 1751 de
691 1723 796 1757 medio,
818 1723 916 1751 intelli-

77 1768 196 1805 gendum
216 1772 274 1803 est,
294 1769 370 1806 quod
389 1769 567 1806 quadruplex
589 1773 630 1798 est
651 1769 845 1806 temporalium
873 1777 917 1798 re—

78 1823 140 1843 rum
163 1815 364 1850 communitas,
385 1823 421 1844 ex
442 1815 617 1852 quadruplici
647 1816 708 1844 iure
735 1823 858 1844 manans.
880 1832 916 1836 —

78 1861 166 1890 Prima
187 1870 307 1899 namque
328 1863 512 1891 communitas
532 1865 586 1896 est,
602 1870 672 1899 quae
687 1865 780 1890 manat
799 1870 836 1891 ex
856 1862 917 1891 iure

43 1940 50 1944 ,
78 1909 253 1937 necessitatis
277 1912 415 1943 naturae,
442 1917 499 1946 qua
520 1909 566 1943 fit,
589 1912 619 1938 ut
639 1909 728 1937 omnis
749 1916 794 1937 res
815 1909 848 1937 ad
869 1917 918 1937 na-

79 1957 157 1984 turae
178 1955 405 1984 sustentationem
420 1955 532 1990 idonea,
547 1958 805 1992 quantumcumque
820 1955 855 1984 sit
868 1955 917 1984 ali-

78 2001 124 2030 cui
144 2009 276 2038 personae
288 2002 299 2018 ⁶
320 2002 512 2039 appropriata,
533 2002 607 2031 illius
627 2002 691 2036 fiat,
706 2002 754 2038 qui
769 2009 801 2030 ea
814 2002 917 2038 indiget

77 2048 238 2077 necessitate
257 2052 395 2077 extrema.
411 2049 442 2077 Et
457 2049 522 2078 huic
536 2048 726 2077 communitati
746 2049 917 2077 renunciare

76 2102 133 2123 non
147 2099 187 2123 est
203 2095 353 2131 possibile,
367 2103 419 2132 pro
432 2103 465 2124 eo
479 2095 554 2132 quod
568 2099 661 2124 manat
674 2103 710 2124 ex
725 2095 786 2124 iure
803 2098 916 2124 natura-

78 2140 138 2169 liter
159 2141 262 2170 inserto
282 2142 402 2176 homini,
418 2142 482 2179 quia
500 2142 548 2170 Dei
570 2145 610 2170 est
632 2142 721 2178 imago
742 2145 769 2170 et
789 2144 917 2170 creatura

77 2186 242 2224 dignissima,
254 2190 367 2225 propter
381 2196 463 2225 quam
480 2191 545 2217 sunt
558 2188 650 2217 omnia
664 2188 802 2216 mundana
816 2191 915 2216 creata.

1753 207 1810 237 309

1052 284 1095 312 14.
1117 284 1242 313 Secunda
1262 284 1444 313 communitas
1471 288 1528 319 est,
1557 293 1629 322 quae
1653 287 1747 313 manat
1773 292 1810 314 ex

970 330 1033 359 iure
1053 330 1188 358 caritatis
1208 330 1377 368 fraternae,
1399 339 1454 368 qua
1474 331 1520 366 fit,
1542 334 1573 360 ut
1594 332 1686 360 omnia
1699 332 1754 360 sint
1768 332 1812 360 iu—

971 379 1094 411 storum,
1116 380 1143 405 et
1164 377 1359 406 communione
1380 377 1498 415 quadam
1519 378 1641 407 caritatis
1658 386 1731 415 quae
1745 381 1811 407 sunt

971 423 1083 459 propria
1099 423 1273 459 singulorum
1288 423 1355 452 fiant
1369 424 1565 453 universorum
1581 424 1752 458 communia,
1768 432 1810 453 se-

970 468 1093 496 cundum
1116 469 1182 497 illud
1204 470 1321 506 Apostoli
1336 470 1370 498 ad
1384 470 1539 499 Corinthios
1551 471 1577 498 ⁷:
1594 471 1701 499 Omnia
1716 473 1812 499 vestra

971 518 1047 542 sum.
1061 515 1099 543 De
1110 523 1165 551 qua
1176 516 1344 552 Augustinus
1359 524 1443 553 super
1458 517 1585 546 Ioannem
1596 517 1708 545 bomilia
1722 520 1811 551 sexta,

972 561 1088 597 loquens
1108 564 1204 590 contra
1225 562 1379 591 haereticos
1400 563 1573 592 Donatistas:
1593 575 1607 588 <x
1623 563 1755 597 Veniant,
1770 563 1812 592 in—

971 607 1047 644 quit,
1068 607 1102 636 ad
1123 608 1284 637 catholicam
1309 609 1454 638 Ecclesiam
1476 613 1503 638 et
1530 610 1672 639 nobiscum
1695 610 1812 638 babeant

972 662 1026 682 non
1048 654 1137 683 solum
1160 658 1279 690 terram,
1301 656 1347 684 sed
1367 664 1431 684 eum
1446 656 1498 694 qui
1510 656 1578 693 feeit
1591 656 1703 685 eaelum
1717 660 1742 685 et
1757 660 1812 685 ter-

972 709 1041 729 ram
1056 712 1081 729 ι».
1104 701 1135 729 Et
1157 701 1221 730 huic
1242 702 1432 730 communitati
1453 702 1623 731 renuntiare
1637 706 1678 731 est
1692 702 1808 731 omnino

972 747 1120 781 illicitum,
1141 748 1207 784 quia
1228 751 1319 776 manat
1340 756 1376 776 ex
1397 749 1459 777 iure
1479 749 1612 777 divinitus
1632 749 1739 783 infuso,
1762 757 1811 785 per

972 793 1046 830 quod
1067 797 1108 822 est
1122 795 1214 822 unitas
1235 795 1262 822 in
1283 794 1430 828 columba,
1446 795 1472 824 id
1487 798 1529 824 est
1548 795 1575 824 in
1597 795 1746 824 universali
1763 795 1811 824 Ec—

972 840 1069 874 clesia,
1090 848 1106 868 a
1127 848 1182 877 qua
1202 841 1314 877 quidem
1336 842 1441 870 unitate
1462 850 1494 870 ac
1507 842 1701 870 communione
1715 841 1809 871 nullus

971 889 1061 922 potest
1081 886 1236 921 discedere,
1258 890 1366 916 servata
1386 887 1478 916 divina
1492 888 1566 925 lege,
1581 895 1652 925 quae
1668 890 1724 916 tota
1738 895 1812 916 com-

972 932 1064 968 pletur
1085 932 1112 961 in
1134 933 1254 962 caritate.

1054 980 1096 1007 15.
1119 980 1211 1008 TertIa
1232 983 1273 1009 est
1291 981 1488 1015 communitas,
1507 988 1578 1017 quae
1592 983 1685 1009 manat
1699 988 1735 1009 ex
1750 981 1811 1010 iure

973 1025 1120 1053 civilitatis
1140 1027 1325 1060 mundanae,
1347 1035 1402 1063 qua
1424 1027 1470 1061 fit,
1485 1029 1516 1055 ut
1531 1027 1614 1055 unius
1629 1027 1752 1063 imperii,
1768 1034 1812 1056 re-

972 1071 1017 1108 gni
1041 1072 1082 1100 vel
1103 1072 1220 1101 civitatis
1241 1081 1297 1101 una
1317 1073 1363 1102 fiat
1385 1073 1550 1110 respublica,
1572 1074 1615 1103 vel
1630 1074 1713 1102 unius
1727 1074 1812 1102 socie-

973 1118 1048 1152 tatis,
1070 1121 1101 1147 ut
1122 1123 1308 1148 mercatorum
1328 1120 1371 1148 vel
1392 1123 1591 1157 pugnatorum,
1607 1128 1751 1149 commune
1766 1120 1813 1149 fiat

973 1164 1082 1193 lucrum
1104 1165 1147 1194 vel
1167 1165 1337 1200 damnumss,
1360 1167 1403 1195 vel
1424 1167 1507 1195 unius
1535 1166 1667 1195 indivisae
1694 1166 1812 1196 familiae

973 1219 1029 1239 una
1050 1211 1084 1239 sit
1098 1212 1251 1241 communis
1266 1212 1411 1241 hereditas.
1434 1213 1465 1241 Et
1480 1213 1545 1242 huic
1563 1213 1752 1241 communitati
1767 1221 1812 1241 re-

972 1258 1112 1286 nuntiare
1125 1262 1167 1287 est
1180 1258 1213 1286 de
1230 1258 1413 1296 perfectionis
1434 1259 1614 1296 euanyelieae
1634 1260 1812 1293 necessitate,

973 1304 1038 1341 quia
1060 1305 1120 1333 talis
1141 1305 1322 1334 communitas
1350 1306 1521 1342 personalem
1550 1305 1665 1334 includit
1689 1305 1813 1342 proprie-

974 1354 1073 1385 tatem,
1094 1359 1165 1388 quae
1186 1355 1278 1380 manat
1299 1360 1335 1380 ex
1356 1352 1418 1381 iure
1432 1352 1593 1381 humanitus
1613 1352 1752 1386 instituto,
1767 1352 1812 1380 cui

972 1398 1055 1426 etiam
1077 1405 1186 1426 annexa
1207 1401 1272 1426 sunt
1293 1405 1364 1435 quae
1384 1398 1589 1427 occasionaliter
1607 1398 1742 1427 inducunt
1761 1398 1812 1427 dif-

973 1444 1124 1472 ficultatem
1148 1444 1181 1472 ad
1209 1444 1312 1472 bonum
1334 1448 1361 1473 et
1388 1444 1551 1481 pronitatem
1580 1445 1613 1473 ad
1634 1445 1753 1479 malum,
1781 1452 1813 1473 ac

972 1498 1022 1526 per
1045 1491 1096 1519 hoc
1118 1490 1275 1527 perfectioni
1297 1492 1468 1528 evangelicae
1488 1492 1678 1520 adversantur.
1702 1492 1732 1520 Et
1753 1491 1813 1520 ideo

973 1537 1080 1566 animae
1101 1540 1210 1566 sanctae
1232 1537 1388 1566 huiusmodi
1414 1538 1547 1567 suadetur
1568 1537 1705 1572 dimissio,
1733 1541 1765 1566 ut
1785 1538 1813 1566 in

974 1583 1101 1612 Psalmo⁹
1116 1584 1233 1612 dicitur:
1256 1584 1350 1618 Audi,
1364 1585 1442 1621 fitia,
1460 1588 1485 1613 et
1505 1585 1569 1613 vide
1582 1588 1607 1613 et
1627 1585 1738 1613 inclina
1758 1593 1813 1613 au—

973 1639 1033 1658 rem
1056 1634 1139 1659 tuam
1159 1634 1183 1659 et
1205 1631 1367 1660 obliviscere
1385 1631 1527 1668 populum
1543 1635 1624 1660 tuum
1646 1635 1671 1660 et
1694 1632 1814 1660 domum

970 1677 1068 1714 patris
1090 1677 1140 1705 tui.

1054 1724 1097 1752 16.
1119 1724 1223 1760 Quarta
1240 1724 1422 1753 communitas
1436 1727 1489 1758 est,
1503 1732 1575 1761 quae
1589 1726 1681 1753 manat
1699 1732 1736 1753 ex
1750 1724 1812 1753 iure

972 1770 1129 1798 dotationis
1147 1770 1279 1799 ecelesiae
1291 1771 1323 1804 ¹⁰,
1345 1779 1401 1807 qua
1422 1771 1464 1805 fit,
1485 1774 1516 1799 ut
1536 1771 1628 1799 omnia
1642 1771 1725 1805 bona,
1741 1777 1812 1807 quae

973 1816 1155 1845 conferuntur
1169 1817 1303 1851 ecclesiis,
1322 1817 1438 1845 Domino
1457 1817 1618 1846 dedicentur
1633 1817 1666 1845 ad
1687 1824 1811 1846 commu-

972 1871 1036 1892 nem
1057 1863 1282 1891 sustentationem
1304 1863 1494 1892 ministrorum
1517 1871 1632 1892 suorum
1655 1866 1682 1892 et
1709 1871 1812 1900 paupe-

973 1918 1047 1938 rum.
1070 1909 1101 1938 Et
1122 1910 1188 1938 haec
1214 1910 1397 1938 communitas
1418 1912 1459 1938 est
1486 1910 1513 1938 in
1535 1909 1664 1938 omnibus
1691 1909 1812 1938 ecclesiis

973 1955 1122 1992 collegiatis
1143 1955 1309 1984 habentibus
1329 1955 1521 1992 possessiones.
1543 1956 1574 1984 Et
1601 1956 1666 1984 huic
1687 1963 1811 1984 commu-

972 2002 1050 2031 nitati
1072 2002 1243 2030 renuntiare
1263 2011 1321 2030 non
1341 2006 1382 2030 est
1399 2001 1570 2039 perfectioni
1597 2003 1812 2037 necessarium,

973 2048 1039 2085 quia
1059 2049 1145 2077 teneri
1162 2051 1251 2085 potest
1271 2049 1347 2077 salva
1361 2048 1542 2085 perfectione,
1563 2048 1634 2077 sicut
1654 2051 1769 2085 apparet
1782 2048 1811 2078 in

973 2095 1102 2131 praelatis
1123 2098 1149 2123 et
1171 2095 1311 2132 Religiosis
1332 2094 1459 2132 perfectis
1479 2098 1506 2123 et
1527 2095 1643 2129 sanctis,
1665 2094 1731 2132 quia
1752 2095 1813 2124 talis

973 2141 1156 2170 communitas
1176 2148 1212 2170 ex
1227 2141 1288 2170 iure
1309 2144 1403 2170 manat
1415 2141 1547 2170 divinitus
1567 2140 1705 2175 ordinato,
1726 2144 1759 2169 ut
1778 2141 1812 2169 de

974 2187 1066 2216 altari
1081 2188 1158 2216 vivat
1172 2187 1225 2225 qui
1237 2188 1330 2216 altari
1350 2187 1471 2216 deservit
1484 2188 1516 2221 ¹¹,
1537 2190 1564 2216 et
1578 2187 1631 2216 illis
1652 2187 1706 2216 sint
1720 2187 1811 2216 omnia

138 2319 145 2332 ¹
164 2320 218 2343 Can.
236 2320 278 2348 27,
295 2321 335 2349 qui
351 2325 442 2343 sumtus
459 2325 493 2343 est
508 2327 536 2344 ex
553 2320 667 2344 Ambrosii
689 2322 763 2344 Serm.
779 2325 856 2344 contra
875 2322 917 2344 Au-

76 2359 175 2381 xentium
194 2359 222 2381 de
239 2358 338 2381 basilicis
355 2359 472 2382 tradendis
493 2360 526 2387 (in
551 2360 622 2388 Epist.
646 2360 684 2382 ⁶21.
701 2366 722 2382 n.
742 2360 796 2389 33.).
814 2360 856 2382 Pro
873 2360 917 2383 sol·

76 2398 132 2420 vam
147 2403 220 2420 canon
238 2400 260 2420 et
276 2397 411 2420 Ambrosius
426 2397 528 2421 solenni.

137 2435 146 2449 ²
163 2437 239 2459 matth.
256 2437 298 2465 22,
315 2437 353 2459 21.

138 2473 147 2487 ³
163 2474 219 2497 Can.
237 2475 263 2502 1;
281 2481 307 2497 ex
324 2476 433 2503 August„
458 2476 482 2498 in
499 2476 558 2498 loan.
577 2476 664 2503 iix-ang.
684 2478 711 2498 tr.
728 2476 749 2498 6.
767 2482 790 2498 n.
808 2476 846 2498 25.
862 2476 917 2498 Alle-

77 2515 143 2541 gatur
159 2513 195 2536 Ps.
211 2514 254 2540 23,
272 2514 293 2536 1.

137 2551 147 2564 ⁴
165 2552 188 2574 ln
205 2552 264 2575 loan.
282 2553 370 2581 evang.
387 2555 415 2575 tr.
433 2553 454 2575 6.
469 2559 492 2575 n.
519 2553 556 2575 26.
580 2552 654 2575 Codd.
671 2552 740 2576 BCG
757 2553 865 2575 omittunt
880 2552 917 2575 Di-

76 2589 156 2613 xisti...
170 2591 344 2619 possessiones,
369 2590 408 2613 ubi
434 2591 531 2614 vocibus
556 2591 607 2621 ipsa
632 2591 688 2615 iura
708 2594 781 2614 textus
800 2591 917 2619 originalis

77 2628 182 2656 praefigit
198 2628 243 2657 ad,
260 2630 301 2658 qui
317 2629 402 2652 deinde
418 2629 455 2653 ius
473 2629 579 2653 divinum
598 2630 710 2653 Ecclesiae
726 2630 850 2653 catholicae
867 2636 918 2652 con—

77 2669 110 2689 tra
127 2667 255 2690 Donatistas
272 2671 339 2696 urget
354 2672 377 2691 et
393 2669 508 2691 defendit:
534 2670 578 2691 Sed
597 2669 626 2691 de
643 2669 722 2691 divino
739 2669 788 2691 iure
804 2674 862 2696 ago,
878 2668 916 2690 ait.

77 2705 136 2733 Ergo
153 2707 300 2734 Evangelium
319 2707 453 2735 recitemus,
469 2707 604 2735 videamus,
621 2713 744 2736 quousque
763 2707 860 2729 Ecclesia
883 2713 917 2729 ca-

77 2744 157 2766 tholica
181 2744 264 2767 Christi
285 2747 331 2774 est,
357 2751 427 2774 super
448 2752 518 2775 quem
541 2746 603 2768 venit
619 2745 739 2773 columba,
759 2751 819 2773 quae
839 2745 917 2767 docuit

77 2782 149 2813 [loen.
167 2785 187 2812 t,
205 2783 270 2814 33.]:
288 2784 331 2808 Hie
347 2786 382 2808 est
397 2784 440 2814 qui
449 2784 561 2814 baptizat.
574 2785 696 2813 Quomodo
708 2790 765 2812 ergo
777 2784 826 2806 iure
837 2784 916 2806 divino

77 2823 193 2850 possideat
208 2823 248 2852 qui
265 2823 333 2846 dicit:
350 2824 399 2851 Ego
415 2822 518 2851 baptizo,
534 2829 588 2846 cum
604 2823 666 2846 dicat
681 2822 804 2845 columba:
823 2822 866 2846 Hic
883 2824 917 2846 est

78 2860 120 2890 qui
128 2860 240 2891 baptizat,
252 2867 305 2884 cum
317 2862 379 2885 dicat
388 2863 505 2890 Scriptura
517 2862 594 2892 [Cant.
606 2863 629 2889 6,
641 2861 688 2891 8.]:
701 2862 754 2884 Una
763 2863 796 2885 est
807 2860 916 2885 columba

77 2905 142 2927 ma,
158 2906 208 2923 una
219 2902 254 2923 est
262 2900 349 2923 matris
365 2906 423 2924 suae
431 2902 442 2924 .⁷
453 2901 530 2929 Quare
540 2900 640 2923 laniastis
651 2899 806 2923 columbam...
817 2899 917 2922 Veniant

78 2938 107 2960 ad
123 2939 271 2966 catholicam,
288 2941 310 2961 et
326 2938 447 2961 nobiscum
464 2938 582 2961 habebunt
600 2945 645 2961 non
665 2939 738 2961 solum
757 2941 852 2965 terram,
874 2938 915 2961 sed

78 2977 145 2999 etiam
162 2977 224 3000 illum
242 2977 285 3007 qai
298 2977 353 3007 fecit
368 2977 461 3001 caelum
477 2979 499 3001 et
514 2979 604 3001 terram
622 2978 665 3007 [Ps.
684 2977 741 3004 113,
760 2976 814 3006 15.].

1035 2320 1045 2334 ⁵
1062 2321 1107 2344 Csr.
1117 2320 1143 2343 C.
1158 2320 1263 2343 Vt'demes
1275 2320 1332 2349 (16.)
1344 2319 1412 2342 Caus.
1424 2321 1461 2342 12.
1477 2326 1501 2349 q.
1520 2320 1540 2342 1.
1556 2322 1579 2342 et
1595 2326 1619 2349 q.
1635 2321 1656 2342 2,
1675 2326 1716 2348 per
1733 2323 1811 2343 totam.

973 2372 1003 2376 -—
1020 2360 1131 2387 Superius
1148 2362 1199 2387 post
1214 2360 1387 2382 consecramur
1403 2358 1456 2380 edd.
1473 2359 1552 2386 legunt
1568 2360 1589 2382 et
1606 2358 1669 2388 quod
1679 2365 1763 2382 eurum
1774 2358 1812 2382 do-

973 2398 1074 2421 minium
1090 2404 1137 2421 von
1154 2397 1251 2425 habent,
1271 2397 1344 2427 iyitur
1361 2396 1466 2420 minzstri
1481 2403 1565 2420 earum
1582 2403 1609 2420 ea
1617 2397 1763 2426 proprietate
1774 2397 1813 2420 da-

972 2436 1073 2460 mnabili
1088 2436 1208 2459 vindicant
1223 2435 1270 2465 [ed.
1289 2436 1297 2458 1
1318 2434 1459 2464 vindicareL
1484 2442 1545 2464 quae
1564 2436 1632 2458 etiam
1649 2435 1748 2458 subinde
1769 2442 1812 2464 pro

973 2474 1096 2498 mundana
1114 2474 1152 2503 (ita
1172 2474 1222 2503 BC)
1240 2474 1380 2496 substituunt
1396 2473 1510 2497 humana.

1035 2512 1044 2525 ⁸
1061 2513 1117 2536 Cod.
1134 2514 1151 2535 B
1167 2512 1316 2542 possessioni.
1333 2513 1427 2535 inferius
1444 2518 1488 2540 pro
1502 2512 1646 2536 natm-aliter
1663 2512 1680 2535 C
1696 2512 1812 2536 naturali.

1036 2551 1044 2565 ⁷
1062 2552 1131 2580 Epist.
1147 2553 1162 2574 l.
1179 2558 1200 2574 c.
1217 2552 1244 2579 3,
1263 2552 1299 2574 22.
1315 2563 1348 2568 —
1364 2551 1478 2574 Sententia
1494 2552 1590 2579 August.
1608 2551 1705 2574 habetur
1716 2552 1741 2574 in
1752 2552 1813 2575 ioan.

973 2591 1059 2618 Evang.
1078 2594 1105 2612 tr.
1122 2590 1144 2612 6.
1161 2596 1184 2612 n.
1201 2591 1246 2618 26,
1264 2591 1305 2612 cir.
1321 2596 1392 2618 supra
1408 2592 1460 2612 nota
1479 2589 1499 2612 t.
1517 2590 1541 2612 in
1557 2590 1614 2617 fine,
1626 2589 1666 2612 ubi
1681 2590 1749 2612 etiam
1763 2596 1812 2619 seq.

973 2629 1100 2657 propositio
1112 2628 1248 2651 insinuatur.
1257 2629 1372 2656 Allegatur
1383 2629 1417 2650 ΡΞ.
1428 2623 1479 2657 113,
1492 2628 1526 2650 15.
1536 2640 1563 2645 „-
1577 2628 1688 2656 Superius
1699 2635 1741 2657 pio
1752 2635 1813 2658 quac

972 2669 1028 2691 sunt
1044 2667 1144 2697 propria
1161 2668 1179 2689 G
1193 2673 1237 2696 pei·
1255 2673 1327 2696 quam
1343 2667 1436 2695 omnia,
1454 2673 1514 2696 quae
1529 2669 1597 2695 sunt,
1615 2668 1671 2690 sunt
1684 2674 1792 2697 propria.

1035 2705 1044 2718 Β
1061 2706 1117 2729 Cod.
1135 2707 1151 2728 B
1168 2707 1190 2729 et
1206 2705 1329 2728 damnum.

1035 2743 1045 2757 ⁹
1062 2745 1145 2767 Psalm.
1162 2744 1204 2773 44,
1221 2745 1259 2766 11.
1277 2743 1321 2767 Cir.
1332 2750 1402 2772 supra
1420 2749 1440 2766 c.
1458 2744 1479 2766 3.
1496 2750 1519 2766 n.
1537 2743 1615 2771 15-17,
1627 2743 1668 2767 ubi
1685 2744 1714 2767 de
1731 2744 1812 2773 triplici

972 2783 1107 2813 difficultate
1123 2783 1206 2811 agitur.

1035 2821 1054 2834 ¹⁰
1071 2822 1143 2844 Codd.
1161 2822 1206 2844 DG
1223 2820 1356 2845 dontttwtiis
1372 2820 1490 2845 ecclesiae.

1035 2860 1053 2873 ¹¹
1072 2860 1140 2888 Epist.
1159 2861 1173 2882 1.
1190 2859 1241 2883 Cor.
1259 2860 1283 2888 9,
1302 2860 1339 2882 13.
1355 2872 1386 2876 ——
1402 2859 1506 2883 Subinde
1523 2859 1644 2888 respicitur
1660 2859 1709 2883 Act.
1727 2860 1752 2888 4,
1770 2861 1810 2883 32:

972 2899 1121 2922 Multitudinis
1136 2901 1213 2921 autem
1234 2898 1378 2921 credentium
1395 2901 1444 2921 erat
1459 2904 1500 2921 cor
1514 2904 1589 2921 unum
1609 2900 1632 2921 et
1648 2899 1724 2922 anima
1742 2905 1813 2922 una...

971 2941 1036 2960 erant
1051 2938 1094 2960 illis
1110 2938 1186 2960 omnia
1203 2938 1343 2960 communia.
1360 2938 1403 2960 Pro
1419 2937 1504 2967 quibus
1521 2939 1555 2961 est
1571 2943 1612 2961 cor
1629 2943 1706 2962 unum
1721 2939 1740 2961 G
1757 2944 1814 2969 quo-

971 2983 1027 3000 rum
1044 2978 1077 3000 est
1093 2983 1135 3000 cor
1151 2982 1235 3000 unam.
1252 2976 1297 3000 Cn·-
1313 2982 1385 3005 supra
1402 2983 1422 3000 c.
1437 2978 1460 3000 8.
1477 2983 1498 2999 n.
1517 2977 1554 3000 21.
1571 2983 1619 3007 seq.

1827 292 1921 311 Secunda.

1828 990 1897 1010 Tertia.

1828 1733 1905 1757 Quarta.
