2133 3317
104 1300 235 1320 Continuatur.

115 2074 153 2093 Alii
170 2077 232 2094 textus

111 2098 235 2122 explicantur.

255 224 311 253 226

255 303 357 332 alienis,
377 303 419 327 sed
447 302 476 327 de
505 302 556 326 tuis
584 301 701 330 floribus,
721 301 800 325 dulcis
828 301 896 325 Iesu.
921 300 985 325 Veni
1003 308 1062 332 ergo
1082 301 1108 325 et

255 352 360 377 agnosce
379 345 453 369 flores
472 345 542 373 tuos,
562 344 686 375 requiesce
704 344 731 368 in
759 343 850 368 lectulo
874 343 925 368 tuis
944 343 1048 368 fioribus
1066 344 1106 368 ad-

255 388 352 413 ornato.
372 388 418 412 His
437 394 496 419 ergo
514 387 618 411 floribus
638 386 702 417 petit
720 394 735 411 a
755 387 826 411 sociis
846 386 949 417 Sponsi,
963 387 995 412 ab
1008 394 1107 412 annun—

257 431 390 456 tiatoribus
419 430 488 455 verbi
516 430 572 458 Dei,
593 437 618 454 se
646 436 739 460 sponsa
766 429 860 459 fulciri3
881 430 961 455 sciens
982 430 1106 461 profecto,

255 474 315 505 quid
334 474 438 498 virtutis
456 472 580 502 habeant,
600 472 698 504 qualem
712 472 842 504 affectum,
856 473 978 504 quantum
992 473 1105 498 effectum

256 516 390 548 operentur
408 517 433 540 in
452 516 508 547 ipsa
527 515 592 540 tales
611 515 684 540 flores
704 516 766 547 ipsi,
787 523 832 547 per
850 516 980 541 ministros
993 516 1063 541 verbi
1075 516 1107 541 ad

254 559 397 584 memoriam
416 558 538 588 revocati3
559 558 682 589 quantum
706 559 788 590 ipsam
816 559 842 584 in
870 559 1053 585 tentationibus
1081 560 1106 585 et

254 602 371 634 periculis
390 601 531 633 praesentis
556 601 624 626 vitae
649 601 806 634 confortent,
826 603 949 634 quantum
968 603 999 628 ad
1019 610 1107 634 super-

254 653 300 670 nae
320 645 417 676 patriae
436 645 587 670 desiderium
605 645 750 670 accendant.
769 646 794 670 N
797 653 822 670 00
836 646 933 676 dubito,
948 647 1012 678 quin·
1021 647 1105 671 eadem

254 688 342 719 Sponsi
362 695 454 718 sponsa
473 688 499 712 in
526 687 628 713 hortum
655 688 801 713 sanctarum
820 688 1007 720 Scripturarum
1026 696 1106 720 quan-

253 731 331 762 doque
350 731 426 756 fuerit
444 730 601 760 introducta,
622 731 664 755 ubi
684 731 770 762 procul
790 731 863 756 dubio
890 731 991 763 limium
1008 733 1076 757 vitae
1086 733 1105 764 ¹,

253 774 330 799 vitem
349 781 434 798 veram
454 774 562 803 invenit,
582 774 651 799 cuius
670 774 788 799 alacriter
806 774 917 799 fructum
930 775 1105 806 apprehendit,

253 817 356 842 volvens
375 817 401 841 in
420 816 502 841 mente
522 824 568 841 sua
587 817 612 841 et
637 817 768 842 revolvens
794 817 819 842 et
846 817 948 842 intuens
972 817 1106 849 diligenter

252 867 280 884 ac
300 859 491 891 perspicaciter,
511 860 609 891 qualem
629 868 657 885 ex
680 860 768 885 ardore
796 860 879 885 dilecti
905 861 957 890 sui,
983 861 1057 886 immo
1076 869 1105 886 ex

252 903 307 934 ipso
326 903 415 928 dilecto
435 903 511 928 fuerit
530 903 640 928 fructum
659 904 803 934 consecuta,
824 904 951 935 sensitque
969 904 1106 929 infallibili-

252 946 303 975 ter,
323 947 445 978 quantum
465 947 557 972 amoris
576 947 598 971 ei
617 947 719 977 debeat,
739 947 863 978 quantum
886 947 918 972 ad
937 947 1020 972 omnia
1039 948 1105 978 peri-

252 990 308 1015 cula
328 990 474 1015 sustinenda
493 990 581 1016 merito
601 990 689 1015 debeat
708 991 857 1020 confortari,
875 990 979 1022 gustato
992 991 1084 1022 spiritu
1095 991 1104 1005 ²

252 1033 464 1063 fructuosissimo,
483 1041 555 1065 quem
578 1041 606 1058 ex
624 1034 712 1059 arbore
726 1034 777 1058 tam
792 1034 882 1059 dilecta
895 1034 1013 1065 suscepit.
1026 1034 1106 1065 Optat

252 1083 325 1107 ergo,
346 1076 392 1101 sibi
406 1077 505 1108 saepius
519 1077 551 1101 ad
563 1077 707 1102 memoriam
720 1078 831 1102 revocari
850 1077 895 1102 hos
914 1076 988 1102 fiores
1001 1077 1026 1102 et
1038 1077 1105 1102 hunc

251 1119 375 1149 fructum,
395 1121 453 1151 quia
472 1120 497 1145 et
524 1120 575 1145 illis
594 1119 697 1151 fulciri,
726 1128 756 1145 ne
782 1120 867 1150 cadat,
887 1120 912 1145 et
930 1120 970 1145 his
992 1121 1103 1152 stipari,

251 1169 281 1187 ne
301 1163 384 1193 aliquo
404 1163 475 1188 modo
494 1163 638 1193 moveatur,
659 1163 759 1193 exorat,
778 1164 897 1188 nimirum
925 1164 1019 1193 sciens,
1045 1163 1104 1195 quid

252 1206 343 1231 virium
362 1206 472 1231 habeant
491 1206 516 1231 et
534 1207 635 1232 illorum
654 1207 713 1232 odor
733 1207 758 1232 et
776 1207 851 1232 huius
870 1214 953 1238 sapor.

324 1249 384 1273 168.
404 1249 474 1278 Quod
493 1250 576 1274 autem
596 1250 681 1274 addit:
710 1250 778 1282 Quia
797 1257 883 1275 amore
903 1250 1024 1282 lanqueo,
1045 1250 1104 1281 quid

252 1292 304 1322 est,
324 1293 373 1317 11151
392 1293 457 1324 quod
477 1300 580 1324 sponsa,
601 1293 720 1318 desiderio
741 1301 864 1324 supernae
882 1293 979 1325 patriae
992 1300 1103 1323 accensa,

252 1335 396 1360 dilationem
422 1335 568 1360 diuturnam
596 1343 645 1360 non
674 1336 801 1367 patienter
826 1336 970 1367 exspectat?
988 1336 1059 1361 Unde
1078 1337 1103 1361 in

252 1379 334 1404 eodem
346 1380 368 1403 3:
388 1378 478 1403 Filiae
498 1379 659 1410 Jerusalem,
678 1380 796 1404 uuffliate
817 1379 920 1410 dilecto,
941 1380 1004 1410 quia
1017 1386 1104 1404 amore

252 1422 371 1453 lanyuco.
391 1421 451 1451 Quis
471 1422 509 1447 est
528 1429 598 1447 amor
616 1423 663 1447 iste
683 1422 735 1447 tam
754 1423 853 1447 validus
872 1422 897 1447 et
909 1423 1056 1454 languorem
1068 1423 1104 1447 in-

251 1465 361 1490 ducens?
379 1465 501 1496 Nnnquid
520 1472 570 1490 non
583 1465 622 1490 est
634 1466 681 1490 iste
703 1473 788 1495 amor,
808 1466 836 1490 (10
850 1473 898 1497 quo
917 1466 1039 1497 scriptum
1053 1466 1103 1490 est:

251 1508 342 1533 Fortis
370 1509 407 1533 est
428 1510 457 1533 ut
488 1516 559 1533 mors
583 1508 705 1533 dilectio?
725 1509 812 1538 Qualis
841 1509 880 1533 est
898 1509 949 1534 ista
967 1509 1103 1539 fortitudo,

250 1558 313 1582 quae
332 1551 506 1576 infirmitatem
526 1551 639 1576 inducit?
658 1552 836 1583 Respondeant
863 1552 901 1577 illi
925 1552 967 1583 qui
995 1552 1021 1576 in
1039 1552 1103 1577 libro

250 1595 416 1625 experientiae
436 1594 510 1619 huius
529 1595 683 1626 quaestionis
702 1595 851 1620 solutionem
871 1595 1046 1626 perlegerunt,
1065 1602 1104 1620 eac-

245 1638 403 1669 perientiae,
424 1638 482 1662 dixi.
502 1638 535 1662 Et
554 1645 630 1669 quare
649 1646 698 1663 non
716 1639 871 1669 sapientiae,
891 1639 972 1668 illius,
992 1639 1102 1670 inquam,

251 1680 401 1712 sapientiae,
422 1688 484 1712 qnae
504 1688 518 1705 a
538 1688 627 1712 sapore
655 1681 721 1706 dicta
750 1681 826 1706 est⁴1³
845 1682 892 1711 Qui
911 1689 969 1713 ergo
994 1682 1021 1706 in
1039 1682 1103 1707 libro

252 1724 390 1755 sapientiae
409 1724 539 1755 legerunt,
558 1725 584 1749 id
603 1724 648 1754 est,
669 1725 711 1756 qui
731 1732 844 1756 saporem
860 1724 989 1750 internum
1008 1725 1104 1756 experti

251 1766 324 1795 sunt,
344 1767 428 1792 dicant
448 1768 472 1791 et
493 1767 597 1792 doceant
615 1775 672 1797 nos,
692 1768 748 1799 quis
768 1768 801 1792 sit
821 1768 868 1792 iste
887 1775 965 1797 amor,
979 1768 1032 1799 qui,
1046 1775 1102 1793 cum

249 1810 283 1834 sit
301 1809 378 1840 fortis
396 1811 426 1834 ut
446 1818 529 1841 mors,
550 1810 610 1836 facit
627 1811 742 1836 amantes
760 1811 880 1842 languere
899 1819 977 1842 usque
996 1811 1028 1836 ad
1041 1818 1103 1836 mor—

250 1853 314 1883 tem,
335 1854 393 1885 quia
412 1854 438 1878 in
457 1853 539 1878 morte*
555 1853 630 1879 huius
649 1855 771 1886 corporis,
786 1855 811 1879 et
830 1861 879 1879 non
892 1854 951 1879 ante
970 1854 1102 1879 sanantur.

250 1895 361 1920 Possunt
380 1896 478 1927 quidem
509 1896 586 1921 medio
612 1896 735 1928 tempore,
759 1897 817 1922 dum
841 1897 922 1922 adhuc
940 1897 966 1922 in
984 1896 1031 1922 1130
1049 1896 1103 1921 vita

251 1938 365 1968 mortali,
386 1939 437 1963 sive
457 1940 482 1964 in
502 1939 549 1964 hac
568 1939 648 1964 morte
667 1940 739 1964 vitali
758 1939 866 1972 degunt,
886 1940 969 1965 dilecti
982 1940 1103 1965 desidera-

251 1981 308 2006 bilis
328 1981 353 2006 et
372 1982 507 2007 desiderati
537 1982 640 2008 fioribus
667 1984 692 2007 et
716 1983 840 2008 fructibus
859 1983 995 2013 consolari,
1015 1983 1103 2008 satiari

250 2032 300 2050 non
320 2025 439 2056 possunt,
460 2026 537 2051 donec
555 2026 640 2051 veniat
659 2026 724 2056 dies,
738 2034 811 2058 (100111
831 2034 887 2052 00111
900 2026 1047 2058 Propheta⁵
1061 2027 1103 2052 de-

252 2067 364 2092 siderant
383 2067 504 2093 dicentes:
525 2067 661 2099 Satiabor,
681 2076 738 2093 cum
758 2070 911 2100 alaparuerit
933 2069 1021 2101 ylorz‘a
1041 2071 1087 2094 tua
1094 2078 1102 2100 ,-

251 2110 277 2136 et
295 2111 321 2135 in
340 2111 388 2136 alio
416 2111 480 2136 loco:
501 2110 664 2142 Aclimplcbis
692 2118 731 2136 me
758 2112 919 2136 iucunditate
943 2119 1000 2137 cum
1028 2112 1102 2137 vultu

252 2155 311 2184 tuo,·
331 2153 508 2179 delectationes
527 2155 556 2178 iu
574 2154 677 2179 dextera
695 2156 742 2179 tua
759 2161 840 2186 usque
858 2155 887 2180 iu
905 2154 990 2185 finem.
1004 2155 1040 2180 De
1053 2162 1102 2187 qua

251 2196 357 2222 dextera
384 2197 447 2221 alias
476 2197 583 2228 legitur:
611 2197 700 2222 Laeva
727 2198 782 2222 eius
806 2198 853 2222 sub
882 2198 964 2229 capite
988 2205 1058 2229 meo,
1078 2199 1103 2223 et

251 2239 356 2264 dextera
375 2239 448 2264 illius
468 2240 659 2270 (amplexabitur
676 2247 724 2265 me.
744 2240 777 2265 Et
796 2240 864 2270 vide,
885 2248 959 2272 quam
972 2241 1033 2266 bene
1051 2240 1102 2265 ista

251 2282 390 2308 auctoritas
409 2290 465 2308 cum
492 2283 661 2314 superioribus
685 2283 829 2313 concordet,
849 2284 879 2308 ut
901 2284 1001 2308 «laeva
1019 2284 1103 2309 dilecti

251 2326 394 2357 appelletur
413 2326 550 2351 recordatio
568 2326 637 2351 illius
656 2326 785 2356 caritatis,
806 2334 855 2358 qua
873 2327 944 2352 nulla
958 2328 1036 2352 maior
1055 2328 1101 2357 est,

251 2369 316 2400 quod
334 2369 444 2394 animam
469 2376 539 2394 503111
568 2369 652 2400 posuit
680 2377 725 2401 pro
745 2370 831 2394 amicis
850 2369 933 2400 suis⁶;
952 2370 979 2395 in
997 2371 1101 2395 deoetcra

250 2419 308 2437 vero
328 2412 401 2437 beata
420 2412 465 2437 Dei
484 2412 558 2441 visio,
578 2420 652 2444 quam
672 2412 787 2443 promisit
806 2413 891 2437 amicis
910 2413 975 2442 suis,
995 2413 1021 2438 et
1038 2420 1102 2445 gau-

251 2455 317 2480 dium
337 2455 365 2480 de
385 2455 528 2487 praesentia
556 2455 706 2480 Maiestatis.
729 2456 819 2481 Merito
844 2456 888 2480 1113
908 2456 953 2481 Dei
971 2456 996 2481 et
1015 2456 1101 2481 deifica

314 2620 321 2633 ¹
340 2621 470 2649 Respicitur
488 2622 544 2644 Gen.
562 2623 588 2648 2,
606 2622 627 2644 9.
646 2621 695 2651 (cfr.
715 2623 781 2644 Prov.
795 2622 821 2650 3,
838 2622 881 2651 18.)
899 2625 921 2645 et
937 2622 1023 2645 deinde
1040 2624 1102 2646 10311.

252 2652 294 2680 45,
313 2653 323 2696 ὲ
334 2653 404 2707 :CEglo
415 2659 474 2714 Eup}
491 2653 544 2707 vitis
561 2659 624 2675 vera.

359 2690 372 2706 ο
393 2701 397 2706 .
460 2690 505 2707 rue
517 2691 540 2707 u.

314 2714 323 2727 ³
341 2715 395 2743 Cap.
414 2716 440 2743 5,
458 2717 480 2738 8.
497 2719 519 2738 01
536 2716 630 2738 inferius
648 2716 676 2743 8,
692 2716 712 2737 6.

312 2746 322 2758 ⁴¹
339 2746 384 2769 err.
401 2750 457 2769 [0111.
475 2748 507 2769 111.
525 2753 579 2775 pag.
596 2747 655 2776 773,
672 2751 727 2770 nota
745 2748 767 2770 5.

314 2776 323 2789 ⁵
340 2778 422 2801 Psalm.
436 2778 477 2806 46,
491 2778 528 2806 45,
539 2781 674 2807 postquem
688 2779 729 2807 15,
742 2779 779 2801 44.
791 2781 814 2801 et
825 2778 888 2802 Cant.
901 2780 923 2806 2,
935 2779 956 2801 6.
968 2780 1017 2809 (cfr.
1026 2780 1047 2807 8,
1060 2779 1100 2809 3.).

314 2807 323 2821 ⁸
341 2809 401 2832 loan.
420 2810 462 2836 Ἰ15,
482 2810 524 2832 13:
543 2810 651 2833 Maiorem
669 2811 712 2833 hac
729 2810 875 2833 dilectionem
893 2817 962 2834 nerno
979 2810 1061 2839 hahet,
1076 2813 1101 2833 ut

251 2839 351 2862 annnam
369 2847 434 2863 suam
452 2844 524 2869 ponat
540 2842 593 2870 quis
610 2848 652 2870 pro
669 2842 750 2864 amicis
766 2842 822 2865 suis.

315 2870 323 2884 ⁷
341 2872 372 2894 lta
388 2872 407 2894 A
423 2879 477 2895 cum
494 2875 556 2896 textu
574 2873 692 2901 originali3
710 2874 768 2896 Bon.
785 2879 839 2895 cum
856 2873 894 2896 ed.
912 2874 920 2895 4
942 2872 1042 2897 dilectio.

315 2901 324 2914 Β
341 2903 423 2927 psalm.
442 2903 484 2932 56,
502 2905 523 2926 2.
540 2916 572 2920 —
589 2904 701 2932 Superius
717 2911 760 2933 pro
778 2904 949 2928 memoriabilis
965 2904 1008 2928 illa
1020 2904 1060 2933 (ita
1072 2904 1099 2933 A)

251 2933 307 2956 Bon.
325 2940 377 2956 cum
396 2935 433 2957 ed.
452 2935 460 2957 4
482 2935 620 2959 memoralis
642 2935 691 2964 illa,
709 2939 784 2958 textus
809 2936 927 2964 originalis
950 2935 1100 2959 admirabilis

251 2963 293 2987 illa
311 2967 452 2989 memorata.

315 2995 324 3008 ⁰
341 2998 394 3024 Sap.
412 2998 440 3024 9,
459 2998 495 3020 45.
514 2998 544 3020 lta
561 2998 682 3025 Bernard.‚
700 2998 730 3021 de
746 2998 869 3026 Diligendo
886 2999 947 3026 Deo,
962 3004 982 3021 0.
994 2998 1049 3020 4.11.
1063 2998 1100 3020 42.

250 3033 299 3056 seq.
317 3040 348 3044 —
365 3029 477 3056 Superius
494 3035 536 3057 pro
553 3029 638 3052 mentis
654 3035 713 3052 suae
735 3029 900 3058 intentionem,
921 3036 951 3052 ne
973 3029 1099 3053 inclinetur

695 223 893 251 OPUSCULUM
914 222 945 250 X.
968 223 1054 251 VITlS
1075 223 1226 251 MYSTICA.
1248 224 1510 254 ADDITAMENTUM
1532 226 1574 254 Vl.

1164 302 1238 331 visio,
1257 302 1302 327 illa
1320 302 1419 328 divinae
1438 304 1594 335 praesentiae
1612 306 1803 331 inaestimabilis
1822 306 1953 333 delectatio
1964 311 1972 324 ⁷
1990 309 2015 334 in

1163 344 1267 369 dextera
1285 345 1436 376 deputatur,
1455 347 1484 372 de
1503 355 1552 379 qua
1570 348 1596 373 et
1614 348 1795 374 delectabiliter
1813 350 1925 375 canitur:
1943 351 2015 376 Dele-

1164 387 1287 413 ctationes
1305 388 1334 413 111
1352 389 1457 414 dextera
1475 391 1520 415 tua
1538 398 1619 422 usque
1638 392 1666 416 iu
1684 391 1770 422 finem.
1789 392 1879 418 Merito
1897 394 1923 418 in
1943 393 2014 419 laeva

1165 431 1341 456 memoriabilis
1360 432 1404 457 illa
1424 433 1449 457 et
1467 441 1564 465 semper
1582 435 1742 460 memoranda
1755 435 1853 461 dilectio
1866 436 2014 467 collocatur;

1165 473 1205 502 ut,
1224 473 1303 498 donec
1322 475 1440 500 trauseat
1457 475 1586 506 iniquitas
1595 479 1614 508 8,
1633 484 1708 508 super
1727 484 1780 502 eam
1807 485 1900 509 sponsa
1918 486 2014 504 recum-

1164 516 1209 541 bat
1227 516 1252 541 et
1271 517 1419 548 requiescat.
1438 518 1528 544 Merito
1555 519 1634 550 igitur
1662 520 1735 545 laeva
1754 521 1844 552 Sponsi
1863 522 1909 546 sub
1931 523 2015 553 capite

1164 566 1285 590 sponsae,
1305 567 1381 591 super
1400 567 1475 592 quam
1500 561 1615 586 videlicet
1642 563 1719 593 caput
1743 570 1816 588 suum
1835 564 1957 589 reclinata
1976 572 2015 590 su-

1164 602 1272 632 stentet,
1292 602 1317 627 id
1339 602 1378 627 est
1397 603 1488 628 mentis
1507 611 1566 628 5030
1584 604 1761 635 intentionem,
1780 613 1811 630 ne
1836 606 1971 632 inclinetur
1989 607 2015 632 et

1163 645 1309 670 incurvetur
1327 646 1353 670 in
1372 646 1484 671 carnalia
1510 647 1536 671 et
1563 648 1701 673 saecularia,
1728 649 1862 679 desideria,
1882 650 1941 681 quia
1960 657 2015 675 cor-

1158 696 1224 720 pus,
1245 689 1314 720 quod
1333 690 1525 721 corrumpitur,
1545 692 1673 722 ayyravat
1699 693 1830 725 animam,
1854 694 1878 718 et
1896 693 2016 725 deprimit

1164 732 1266 756 terrena
1292 732 1449 758 inhabitatio
1477 740 1580 758 sensum
1603 734 1688 759 multa
1715 736 1924 766 coyttantemm.
1944 736 2016 762 Idem

1162 781 1221 806 ergo
1232 781 1276 805 per
1286 775 1362 805 flores
1375 775 1400 799 et
1413 774 1528 804 fructum
1541 776 1642 802 nostrae
1652 777 1719 807 vitis,
1730 777 1755 802 et
1768 785 1812 809 per
1826 779 1924 804 laevam
1935 780 2015 810 ipsius

1162 817 1262 848 Sponsi,
1282 818 1412 849 languoris
1430 819 1515 843 autem
1533 819 1632 845 sanatio
1650 827 1694 851 per
1714 820 1846 846 dexteram
1863 821 1998 853 figuratur.

1234 860 1293 885 169.
1312 861 1361 886 Per
1379 861 1425 886 hos
1444 869 1503 893 ergo
1521 861 1595 887 flores
1614 862 1639 887 et
1657 862 1767 888 fructum
1780 864 1839 888 vitis
1851 864 1953 890 nostrae
1965 872 2015 890 non
2029 872 2128 895 Continui.

1162 903 1253 934 petunt
1272 911 1297 929 se
1315 902 1406 933 fulciri
1424 912 1469 929 nec
1486 912 1502 929 3
1522 905 1593 930 laeva
1611 905 1695 930 dilecti
1713 906 1855 938 gloriantur
1874 914 1900 932 se
1919 908 2015 932 susten-

1161 946 1211 971 tari
1236 947 1278 978 qui
1298 954 1367 978 spem
1387 947 1412 972 et
1430 947 1545 972 fiduciam
1565 955 1636 972 suam
1660 949 1686 973 in
1715 949 1789 974 rebus
1811 949 1909 975 caducis
1927 957 2016 981 posue—

1161 989 1222 1014 runt
1235 988 1262 1020 ¹⁰,
1283 990 1325 1015 sed
1344 990 1388 1015 illa
1407 990 1508 1015 tantum
1527 991 1625 1021 anima,
1645 999 1708 1023 quae
1726 992 1797 1017 modo
1817 1000 1862 1024 pro
1884 1000 1967 1018 amore
1990 993 2016 1018 et

1161 1032 1282 1058 desiderio
1301 1033 1384 1058 dilecti
1403 1034 1574 1065 corporalibus
1596 1035 1621 1059 et
1640 1035 1774 1060 mundanis
1796 1036 1915 1067 languet,
1940 1036 2015 1062 immo

1161 1076 1186 1101 et
1204 1076 1326 1105 moritur,
1346 1077 1384 1101 cui
1404 1077 1429 1101 et
1447 1077 1538 1102 dicitur
1551 1079 1582 1102 ¹1:
1606 1078 1676 1110 Quae
1695 1080 1733 1103 est
1749 1079 1801 1103 ista
1820 1086 1884 1110 quae
1901 1079 2017 1104 ascendit

1161 1119 1190 1144 de
1210 1119 1320 1151 deserto,
1341 1119 1439 1145 deliciis
1453 1120 1577 1152 affluens,
1591 1121 1685 1146 'innixa
1696 1129 1775 1153 super
1788 1122 1907 1147 dilectum
1919 1122 2015 1147 suum?

1160 1162 1201 1187 De
1219 1162 1315 1187 deserto
1338 1163 1430 1194 quippe
1455 1163 1530 1188 huius
1554 1164 1640 1189 mundi
1664 1165 1777 1189 ascendit
1795 1172 1858 1196 quae
1876 1172 1918 1190 cor
1942 1173 2015 1190 suum

1160 1212 1216 1230 cum
1235 1205 1306 1230 corde
1319 1205 1402 1230 dilecti
1420 1207 1506 1231 media
1525 1207 1632 1232 caritate
1646 1205 1665 1220 ¹²
1684 1208 1828 1239 connexuit,
1848 1215 1973 1239 quaerens
1985 1215 2015 1233 ea

1162 1255 1227 1279 quae
1245 1256 1351 1273 sursum
1369 1250 1444 1280 suut,
1462 1256 1514 1274 nou
1533 1257 1599 1280 quae
1617 1257 1695 1281 super
1714 1252 1820 1275 terram.
1840 1250 1910 1276 Unde
1930 1251 1955 1276 et
1973 1251 2016 1276 de-

1161 1292 1225 1317 liciis
1243 1292 1368 1317 virtutum
1387 1292 1480 1322 affluit,
1501 1293 1622 1324 tanquam
1646 1294 1774 1325 unguento
1799 1294 1910 1319 delibuta
1934 1294 2016 1319 diver-

1162 1342 1246 1360 sorum
1265 1335 1418 1365 aromatum,
1439 1343 1501 1367 quae
1514 1336 1543 1361 de
1556 1336 1640 1361 dilecti
1653 1337 1768 1368 paradiso
1782 1338 1896 1369 collegit,
1910 1344 2015 1369 sequens

1161 1386 1216 1403 eum
1236 1379 1278 1409 qui
1297 1386 1342 1409 pro
1362 1386 1390 1403 ea
1403 1386 1507 1410 passus,
1522 1386 1595 1404 suum
1608 1379 1655 1411 ipsi
1669 1380 1771 1411 reliquit
1783 1380 1932 1412 exemplum.
1944 1380 2015 1405 Unde

1161 1421 1186 1446 et
1205 1421 1265 1446 bene
1285 1421 1389 1446 dicitur:
1410 1422 1509 1447 Imiioea
1527 1429 1605 1453 super
1624 1422 1746 1448 dilectum
1764 1430 1853 1454 suum,
1873 1430 1923 1448 non
1940 1431 2015 1455 super

1161 1464 1299 1494 hominem,
1319 1465 1378 1496 quia
1395 1465 1547 1491 maledictus
1566 1465 1656 1497 homo,
1676 1466 1722 1497 qui
1739 1466 1846 1496 confidit
1866 1467 1895 1491 iu
1915 1466 2015 1491 homine

1161 1509 1185 1532 et
1199 1508 1277 1538 ponit
1294 1514 1398 1532 caruem
1419 1508 1553 1533 brachium
1571 1516 1648 1534 suum
1661 1508 1697 1539 ¹⁸,·
1715 1516 1760 1534 nec
1772 1516 1848 1540 super
1860 1509 1958 1541 aliquas
1974 1517 2014 1535 res

1160 1550 1288 1580 terrenas,
1309 1558 1372 1582 quae
1392 1551 1476 1576 omnia
1495 1551 1624 1582 reputavit
1642 1552 1719 1582 quasi
1736 1553 1863 1584 stercora,
1890 1553 1920 1577 ut
1941 1551 2014 1580 Chri-

1160 1595 1229 1619 stum
1249 1593 1421 1624 lucrifaceret.
1441 1594 1509 1619 Talis
1528 1602 1586 1626 ergo
1605 1595 1702 1625 anima,
1722 1602 1785 1626 quae
1803 1602 1870 1620 nunc
1894 1603 1910 1620 a
1927 1595 2014 1626 laeva,

1160 1645 1175 1662 3
1194 1637 1298 1663 floribus
1321 1637 1346 1662 et
1374 1645 1389 1662 a
1413 1637 1498 1662 fructu
1522 1637 1582 1662 vitis
1607 1645 1693 1668 verae,
1720 1638 1809 1669 Sponsi
1834 1639 1872 1663 sui
1896 1638 2013 1669 fulcitur,

1161 1688 1223 1712 quae
1243 1681 1314 1706 modo
1333 1688 1393 1712 prae
1413 1688 1496 1706 amore
1515 1681 1584 1706 illius
1606 1681 1711 1713 languet
1735 1689 1813 1713 05(100
1838 1682 1869 1706 3(1
1893 1682 2012 1712 mortem,

1160 1724 1243 1749 dicens
1262 1731 1317 1749 cum
1336 1724 1382 1749 Iob
1395 1724 1428 1748 ¹⁴:
1448 1724 1604 1756 Desperavi,
1624 1732 1788 1756 nequaquam
1806 1725 1861 1750 iam
1883 1725 1957 1750 ultra
1980 1725 2014 1750 vi-

1159 1775 1234 1798 vam;
1253 1767 1324 1798 talis,
1344 1768 1460 1799 inquam,
1480 1767 1611 1799 posthaec
1623 1775 1639 1792 a
1651 1768 1741 1799 Sponsi
1753 1768 1897 1793 dulcissima
1913 1768 2014 1793 dextera

1160 1810 1320 1836 ineffabiliter
1339 1811 1477 1842 amplexari
1502 1810 1527 1835 et
1546 1810 1630 1836 fructu
1648 1811 1764 1836 aeternae
1785 1811 1948 1836 iucunditatis
1966 1819 2014 1837 me-

1159 1854 1256 1879 rebitur
1284 1854 1386 1884 satiari,
1414 1854 1536 1885 languore
1563 1861 1613 1879 non
1641 1854 1744 1884 sanato,
1773 1854 1815 1879 sed
1843 1854 2014 1886 augmentato.

1160 1897 1296 1922 Sanabitur
1315 1897 1380 1921 enim
1399 1897 1507 1928 languor
1525 1897 1691 1922 intolerabilis
1718 1897 1833 1922 desiderii
1856 1897 1883 1922 in
1908 1897 2015 1928 perfrui-

1161 1939 1228 1965 tione
1247 1939 1425 1964 iucundissima
1444 1939 1529 1964 dilecti
1548 1939 1694 1970 desiderati;
1713 1939 1859 1965 nontamen
1873 1939 2012 1970 auferetur,

1160 1983 1235 2008 immo
1245 1983 1378 2015 augebitur
1388 1983 1452 2008 idem
1466 1983 1626 2013 desiderium,
1641 1983 1683 2008 sed
1696 1982 1757 2008 tunc
1769 1990 1819 2008 non
1829 1983 1877 2008 erit
1887 1983 2014 2015 lauquor,

1160 2026 1203 2051 sed
1222 2026 1337 2057 depulsio
1355 2025 1473 2057 fastidii,
1492 2033 1547 2051 cum
1568 2026 1711 2051 desiderans
1723 2026 1866 2057 plenissime
1879 2026 2014 2051 satiabitur

1159 2069 1310 2099 desiderato,
1330 2069 1355 2094 et
1374 2068 1483 2093 satiatus
1501 2069 1527 2093 in
1547 2068 1665 2094 satietate
1677 2068 1756 2094 discet
1768 2069 1907 2094 desiderare
1925 2069 2013 2094 mutua

1159 2113 1184 2137 et
1202 2112 1383 2137 interminabili
1402 2112 1427 2136 et
1446 2111 1614 2143 inexplicabili
1631 2112 1805 2143 generatione,
1824 2112 1944 2137 desiderio
1971 2120 2014 2144 ge-

1158 2155 1263 2181 nerante
1283 2154 1437 2185 satietatem,
1457 2154 1482 2180 et
1501 2154 1618 2180 satietate
1631 2155 1779 2180 desiderium
1795 2155 1908 2187 pariente
1921 2157 1949 2179 ²⁶.
1968 2155 2014 2181 Sed

1159 2199 1208 2223 iam
1228 2198 1384 2223 revertamur
1402 2197 1434 2222 ad
1453 2205 1536 2222 uvam.

1231 2240 1291 2265 170.
1310 2240 1358 2265 Est
1376 2240 1479 2265 tertium
1498 2247 1606 2272 granum
1623 2241 1650 2265 in
1668 2240 1741 2266 botro
1765 2240 1943 2272 redemptionis
1966 2248 2012 2266 110-

1159 2284 1226 2309 strae
1254 2284 1376 2309 dominica
1403 2284 1574 2315 resurrectio,
1603 2291 1666 2315 quae
1688 2283 1811 2315 quantum
1832 2283 1949 2309 habuerit
1967 2284 2013 2309 ha-

1158 2327 1264 2359 beatque
1288 2327 1439 2356 dulcedinis,
1459 2327 1514 2358 quis
1539 2326 1660 2358 explicet?
1678 2326 1761 2352 Ponat
1779 2327 1883 2359 aliquis,
1909 2327 1931 2352 si
1958 2327 2013 2359 quis

1159 2371 1243 2396 tamen
1262 2370 1358 2402 potest,
1377 2371 1404 2395 in
1422 2370 1494 2395 corde
1514 2377 1558 2395 suo
1572 2370 1770 2401 magnitudinem
1783 2370 1932 2396 ineffabilem
1944 2371 2013 2396 111105

1158 2413 1316 2438 beatissimae
1336 2412 1361 2437 et
1379 2413 1540 2437 tristissimae
1569 2413 1707 2444 passionis3
1733 2413 1830 2443 videat,
1856 2413 1950 2444 quanto
1974 2413 2013 2438 de-

1159 2456 1310 2488 sperationis
1329 2462 1439 2481 moerore
1458 2456 1503 2480 illa
1522 2455 1668 2481 dilectorum
1694 2456 1762 2487 passi
1786 2455 1845 2481 boni
1863 2455 1922 2481 Iesu
1939 2456 2013 2481 corda

1159 2624 1181 2645 et
1197 2622 1336 2645 incurvetur
1355 2621 1394 2651 (ita
1412 2624 1485 2644 textus
1502 2621 1630 2650 originalis)
1644 2621 1699 2643 alias
1710 2620 1795 2644 mentis
1807 2626 1866 2643 suae
1883 2620 2011 2644 intentione

1159 2654 1313 2681 incurvetur,
1333 2659 1362 2676 ne
1379 2652 1515 2676 inclinetur.

1222 2684 1243 2698 ¹⁰
1260 2686 1290 2707 lta
1307 2685 1338 2713 A;
1356 2685 1412 2707 Bon.
1430 2690 1484 2707 cum
1502 2684 1538 2706 ed.
1557 2684 1583 2706 41
1601 2684 1643 2706 Per
1660 2684 1703 2706 hos
1717 2689 1774 2711 ergo
1786 2684 1855 2706 flores
1871 2685 1894 2705 et
1910 2684 2011 2706 fructum

1158 2716 1212 2739 vitis
1228 2719 1321 2739 nostrae
1338 2718 1421 2744 petunt
1437 2722 1462 2738 se
1479 2715 1553 2738 fulciri
1577 2721 1619 2737 nec
1641 2715 1714 2737 aliena
1737 2714 1859 2737 dilectione
1883 2715 2011 2742 gloriantur

1159 2754 1183 2770 se
1200 2748 1325 2771 sustentari
1346 2748 1386 2777 qui
1403 2753 1470 2776 spem
1487 2749 1510 2770 et
1526 2746 1636 2769 fiduciam
1654 2752 1721 2769 suam
1738 2753 1783 2769 non
1806 2746 1828 2768 in
1846 2745 1917 2769 rebus
1943 2746 2011 2769 cadu-

1159 2780 1192 2802 cis
1208 2782 1344 2808 posuerunt.

1222 2810 1240 2823 11

1222 2841 1242 2854 ¹2
1259 2810 1324 2864 ἓξὲξ.
1341 2811 1368 2869 {J
1386 2810 1424 2864 150.
1441 2841 1483 2864 Ed.
1503 2841 1512 2863 4
1533 2843 1555 2863 et
1572 2841 1627 2863 Bon.
1644 2839 1670 2863 in
1686 2846 1714 2863 ea
1727 2839 1836 2863 caritate.
1851 2851 1883 2856 —
1902 2839 2010 2869 Sequitur

1159 2873 1207 2896 col.
1221 2873 1361 2932 132’12i.⁵1‘=³‘”l',
1379 2904 1401 2927 5.
1418 2916 1449 2920 -
1465 2903 1570 2926 subinde
1586 2903 1698 2931 anegatur
1713 2903 1770 2925 Phil.
1789 2903 1815 2937 3,
1833 2902 1855 2924 8.

1222 2934 1242 2948 ¹⁴¹
1259 2935 1315 2963 Cap.
1333 2936 1360 2963 7,
1379 2935 1416 2957 46.
1441 2947 1472 2951 -
1496 2935 1593 2957 Inferius
1609 2940 1653 2963 pro
1677 2940 1693 2957 a
1718 2933 1805 2964 Sponsz
1828 2933 1867 2962 (ita
1884 2934 1912 2962 Α)
1935 2933 1972 2956 ed.
1996 2934 2004 2955 4

1158 2972 1259 2996 sponsa,
1272 2967 1330 2989 Bon.
1347 2965 1447 2996 Sponsi,
1460 2966 1500 2995 qui
1517 2966 1586 2988 etiam
1601 2972 1644 2994 pro
1660 2966 1814 2995 augmentato
1831 2964 1923 2988 exhibet
1939 2966 2009 2987 aucto

1159 2997 1209 3021 eius
1227 2997 1351 3021 desiderio.

1222 3028 1242 3041 ¹⁵
1258 3029 1304 3052 Crr.
1321 3035 1392 3057 supra
1409 3035 1464 3057 pag.
1482 3028 1525 3056 59,
1542 3031 1597 3051 nota
1613 3028 1635 3051 7.

2041 2248 2068 2267 De
2081 2253 2111 2275 gra

2056 2274 2109 2291 terno
