2133 3317
226 245 280 274 686

477 284 535 306 BAR

274 324 463 346 an’rnotomaus
479 335 510 339 —
522 323 633 351 puerulus
645 322 741 351 quidam
753 328 795 350 per

228 363 252 385 S..
268 363 414 385 Franciscum
433 369 448 384 a
461 362 542 384 mortis
558 362 661 390 perleulo
684 361 795 384 liberatur

226 402 271 425 554
290 402 304 425 5
320 415 353 418 —
368 404 446 429 postea
475 403 547 423 tactus
564 404 599 423 est:
623 401 703 423 Frater
723 401 796 423 Minor

227 440 280 464 ibid,

274 492 307 496 —
323 480 381 502 civis
398 479 522 502 Caietanus
539 479 607 501 etiam
625 485 667 507 per
684 480 795 502 Sanctum

228 525 239 541 a
258 523 332 541 morte
350 518 460 541 liberatur
478 518 523 541 554
542 519 554 540 8

275 559 406 580 Bait-motus
422 570 453 574 ·—
470 558 500 580 de
517 557 624 586 Eugubio
637 564 677 586 per
690 558 716 579 S.
729 558 796 580 Fran-

228 597 315 619 ciscum
333 596 363 619 ab
380 597 512 619 infirmitate
530 596 640 619 liberatur
656 597 703 618 560
719 597 732 618 2

276 637 429 658 Bnnummuus
446 648 476 653 —
493 638 574 664 portus
592 636 638 658 555
656 636 665 657 1

274 676 347 698 ΒΑΞΑΝ
365 687 396 692 —-
413 675 459 697 Filii
472 675 556 698 Ruben
574 679 596 698 et
608 675 704 698 dimidia
722 674 797 697 tribus

227 715 331 737 Manasse
343 715 457 742 petierunt
472 717 556 737 terram
570 715 644 737 Basan
656 714 762 743 accipere
774 715 796 737 iu

228 754 400 782 possessionem
417 754 459 777 3511
481 754 497 776 b

275 794 373 816 Risimus
398 805 429 810 --
457 793 578 816 monachis
606 792 705 816 inhibuit
730 799 796 816 esum

228 832 333 855 carnium
352 832 397 855 258
416 833 429 855 2

274 873 399 895 Beni-trum
427 885 459 889 —
484 875 518 895 est
546 872 597 894 finis
626 872 798 895 desideriorum

227 911 331 934 omnium
351 912 380 934 85
399 911 427 933 48
446 924 475 927 —
494 914 527 934 est
544 914 616 934 status
633 911 738 934 omnium
757 911 797 934 bo-

226 957 310 973 norum
327 951 509 979 congregatione
522 952 636 979 perfectus
653 949 709 973 ibid.
725 963 756 967 —
773 951 796 973 ln

226 990 302 1012 Beatis
318 996 360 1018 per
377 996 482 1012 amorem
500 993 534 1013 est
551 990 628 1012 omnis
645 989 699 1012 boni
723 989 796 1012 abuu—

227 1029 304 1051 dantia
321 1029 335 1051 7
357 1029 386 1051 16·
402 1042 432 1045 -
449 1030 513 1052 Beati
529 1029 553 1051 in¹
564 1029 637 1057 patria
656 1029 797 1057 perveniunt

226 1068 259 1091 ad
273 1068 400 1091 ultimatam
414 1069 578 1096 perfectionem
597 1068 641 1090 249
661 1069 689 1090 118

274 1120 306 1124 -
323 1108 450 1130 Duodecim
463 1111 516 1130 sunt
533 1107 619 1136 gaudia
631 1108 753 1130 Beatorum
767 1108 796 1130 58

227 1147 249 1169 5.
266 1153 320 1176 sqq.
343 1160 374 1163 —
400 1148 523 1170 Beatorum
549 1148 634 1170 chorus
660 1147 746 1175 duplex
763 1151 797 1169 est

226 1186 256 1209 ib.
273 1186 287 1208 7
305 1199 336 1203 —
354 1188 376 1209 ln
400 1187 508 1214 paradiso
528 1187 704 1215 estffastigium
729 1187 797 1209 totius

226 1226 327 1254 gloriae,
339 1227 501 1254 spectaculum·
510 1226 586 1248 omnis
598 1226 707 1254 laeti-tiae,
720 1232 797 1254 prom-

226 1266 343 1293 ptuarium
362 1265 440 1288 omnis
456 1265 588 1293 opulentiae
610 1266 634 1287 13
654 1265 666 1287 4
691 1278 721 1281 -
740 1265 798 1287 Gau-

226 1305 290 1327 dium
309 1305 432 1327 Beatorum
451 1307 485 1327 est
501 1304 657 1327 inenarrabile
672 1305 701 1327 60
721 1305 749 1327 13
766 1317 797 1321 -—

226 1344 288 1367 Beati
316 1344 338 1366 in
368 1344 441 1372 gloria
465 1343 551 1367 habent
577 1344 690 1372 triplicem
718 1344 797 1367 dotem

231 1384 251 1405 ll
276 1385 283 1405 l

273 1435 304 1440 —
332 1424 460 1445 Perfectum
486 1423 601 1451 gaudium
625 1423 747 1445 Beatorum
775 1423 797 1445 in

227 1463 274 1485 Deo
293 1463 395 1485 consistit
413 1463 441 1485 64
467 1463 505 1485 23.
532 1462 561 1484 65
582 1463 612 1485 25
630 1475 660 1478 —
678 1463 742 1485 Beati
767 1462 797 1485 ab

227 1502 312 1524 aeterni
330 1502 385 1524 solis
406 1502 531 1530 splendore
553 1508 578 1524 se
595 1508 715 1531 nunquam
742 1508 796 1530 pos-
816 1530 818 1533 ι

227 1544 281 1564 sunt
298 1545 404 1564 avertere
421 1542 450 1564 58
466 1541 480 1563 5

273 1593 304 1596 —
322 1581 454 1608 Pei-cipiunt
471 1581 570 1609 speciale
587 1581 700 1608 gaudium
719 1581 748 1603 de
765 1581 797 1602 Vi-

226 1620 289 1643 sione
307 1620 331 1642 B.
350 1620 378 1642 M.
397 1620 427 1642 V.
437 1620 467 1643 65
485 1620 514 1642 26
532 1632 564 1637 --
580 1623 602 1643 et
614 1620 645 1642 de
655 1620 745 1643 visione
757 1621 797 1643 hu-

226 1659 342 1681 manitatis
359 1658 441 1682 Christi
464 1660 492 1682 66
511 1659 540 1681 27
558 1672 588 1676 -—
605 1659 686 1682 xident
708 1659 797 1682 clarita-

226 1702 273 1721 tem
290 1698 372 1721 Christi
391 1699 486 1721 interius
507 1701 529 1721 et
545 1699 644 1721 exterius
671 1699 698 1721 8t
719 1699 749 1721 35
765 1710 797 1715 —
816 1714 817 1717 ,

227 1737 330 1761 Christus
351 1739 432 1760 Beatos
450 1738 502 1760 fecit
522 1739 633 1760 concives
652 1738 797 1766 Angelorum

227 1780 249 1800 et
266 1778 406 1800 domesticos
424 1778 466 1800 Dei
482 1778 513 1799 82
525 1777 553 1800 37
571 1790 602 1794 -
614 1777 727 1800 Caelestes
744 1783 795 1800 con-

226 1817 297 1840 vivae
313 1817 459 1846 potabuntur
473 1819 574 1840 torrente
588 1817 713 1846 voluptatis
729 1817 797 1839 laeta-

226 1856 305 1880 bunda
324 1856 445 1885 ebrietate,
463 1857 505 1886 qui
516 1857 622 1885 procedit
638 1863 650 1879 a
668 1856 758 1880 Christo
771 1859 796 1879 ut

227 1897 289 1919 sonte
307 1896 336 1918 85
355 1896 384 1919 47

274 1949 306 1953 -
330 1937 353 1958 ln
381 1936 468 1964 nuptiis
496 1936 557 1964 Agrii
584 1936 651 1958 dulce
679 1935 797 1958 resonabit

226 1975 400 2004 epithalamium
418 1979 441 1998 et
457 1976 551 1998 Alleluia
570 1975 701 1998 cantabitur
719 1975 748 1997 34.
766 1975 796 1997 44

227 2028 257 2031 —
274 2016 386 2038 intrantes
407 2021 462 2037 cum·
484 2015 574 2043 Sponso
592 2015 621 2037 ad
647 2014 743 2043 nuptias
761 2020 798 2037 se-

226 2054 315 2077 debunt
334 2055 356 2076 in
374 2061 431 2082 pace
454 2057 476 2077 et
495 2054 576 2083 requie
598 2053 652 2077 ibid.
677 2066 712 2071 —--
734 2054 795 2076 Beati

226 2100 307 2117 omnes
324 2097 421 2122 regnant
437 2100 491 2116 cum
510 2093 599 2116 Christo
617 2092 646 2116 ib.
666 2093 694 2116 45

274 2146 306 2149 —
321 2134 407 2156 alentes
424 2134 549 2156 Beatorum⁴
564 2132 594 2155 ab
616 2133 709 2161 Angelis
726 2133 797 2155 caele-

226 2172 300 2195 stibus
317 2173 409 2200 gaudiis
421 2175 546 2200 pascuntur
564 2173 589 2194 61
613 2172 641 2194 17
657 2184 690 2189 -
711 2173 796 2194 Eorum

227 2212 340 2240 gaudium
361 2212 391 2234 de
409 2211 553 2234 heatitudine
575 2211 668 2239 propria
695 2210 749 2234 ibid.
765 2223 796 2228 —

228 2251 300 2280 Quale
318 2251 346 2273 sit
358 2251 470 2279 gaudium
483 2251 607 2273 Beatorum
620 2250 650 2273 de
667 2251 741 2278 gloria
751 2250 797 2273 ani-

227 2296 318 2313 marum
337 2290 366 2312 63
382 2290 414 2312 20

275 2342 307 2346 —
331 2330 435 2351 Perfecta
458 2331 492 2351 est
518 2329 600 2351 caritas
624 2329 748 2351 Beatorum
774 2331 796 2351 et

227 2369 339 2397 gaudium
357 2374 484 2391 commune
501 2368 534 2390 60
551 2369 586 2391 131
604 2368 629 2390 61
661 2368 698 2391 15.
718 2368 748 2390 62
767 2369 795 2390 18

225 2421 257 2425 -
269 2409 353 2431 Eorum
367 2408 483 2436 gaudium*
494 2407 523 2430 de
536 2407 680 2430 beant-udine-
689 2408 794 2430 omnium

226 2448 351 2470 electorum
370 2447 399 2469 67
418 2447 446 2469 27
458 2459 490 2464 -
502 2447 588 2469 Mentes
604 2447 729 2469 Beatorum
746 2453 758 2469 a
771 2453 796 2469 se

226 2487 327 2509 invicem
343 2487 455 2515 gaudium
468 2487 571 2514 speciale
584 2486 701 2514 accipiunt
719 2486 747 2508 62
767 2486 795 2508 18

226 2538 257 2542 -
274 2527 397 2549 Beatorum
416 2526 514 2554 fercula,
531 2525 618 2555 quibus
635 2526 691 2548 alios
716 2525 796 2548 laetifi-

227 2568 291 2593 cant,
309 2568 362 2588 sunt
378 2565 489 2588 virtutum
508 2571 579 2593 opera
598 2564 652 2588 ibid.

276 2617 306 2621 —
324 2606 345 2627 ln
364 2607 423 2627 statu
441 2605 529 2632 patriae
541 2611 601 2627 unus
618 2604 683 2626 alteri
699 2610 795 2632 praepo-

226 2644 289 2666 nitur
307 2644 351 2666 249
370 2644 398 2665 18

275 2696 304 2699 -
323 2683 375 2705 Loci
401 2683 537 2711 speciositas
560 2683 660 2711 speciale
681 2682 794 2710 gaudium

229 2722 293 2744 affert
310 2722 384 2744 Beatis
402 2722 430 2744 59
450 2722 478 2744 10

275 2774 306 2778 -
324 2761 384 2783 Beati
402 2761 525 2784 dilatantur
537 2761 560 2783 in
572 2762 673 2789 perfecta
690 2761 796 2789 specula-

228 2801 290 2823 tione
302 2801 406 2823 omnium
425 2803 583 2823 creaturarum
599 2800 628 2823 65
641 2800 672 2822 25
682 2812 714 2816 -
726 2800 795 2822 Electi

229 2840 408 2862 considerabunt
420 2842 536 2862 tormenta*
545 2840 711 2862 damnatorum
723 2839 755 2861 34
766 2839 795 2862 43

274 2891 305 2895 —
322 2879 445 2907 quomode·
455 2879 544 2907 gratias
555 2881 624 2907 agant
635 2879 687 2901 Deo·
701 2878 795 2907 prothe-

228 2917 316 2940 neficiis
333 2918 434 2946 acceptis
452 2918 482 2940 58
499 2918 514 2940 7

276 2970 304 2972 —
324 2957 425 2980 Societas
436 2958 560 2980 Beatorum
578 2963 648 2986 super
665 2957 742 2980 omnia
761 2959 795 2980 esti

229 2995 384 3018 desideranda
395 2996 424 3018 57
438 2996 451 3018 4
463 3008 493 3013 —
502 2997 537 3019 Ad
550 2999 634 3019 statum
646 2996 795 3019 beatitudinis

225 3034 302 3057 nullus
314 3035 420 3062 pervenit
436 3035 479 3057 nisi
497 3041 541 3063 per
555 3036 660 3058 ultimam
678 3036 796 3058 resolutio-

926 244 1027 273 INDEX
1047 244 1297 273 ALPHABETICUS.

829 328 883 345 nem
903 322 925 344 in
944 323 1030 345 fontem
1053 325 1077 345 et
1100 322 1213 350 originem
1230 323 1336 345 omnium
1358 322 1396 345 bo-

829 368 912 384 norum
932 361 961 383 85
980 361 1007 383 48
1021 374 1051 378 —
1063 361 1098 383 Ad
1110 361 1277 384 beatitudinem
1292 367 1334 390 per
1351 368 1398 384 me-

828 400 871 423 rita
888 401 1023 429 pervenitur
1043 401 1070 422 12
1089 401 1097 422 1

874 440 1002 468 —incipit
1030 440 1051 462 in
1078 441 1213 468 paupertate
1239 440 1285 462 299
1312 439 1340 461 17
1368 452 1399 455 -

828 479 892 501 Beati
910 485 1025 507 pauperes
1042 482 1064 501 et
1080 479 1266 507 persecutionem
1284 479 1397 506 patientes

814 516 957 541 'secundum
977 518 1127 546 Evangelium
1147 518 1192 540 235
1209 518 1222 540 2

876 569 908 574 --
924 558 1005 580 Anima
1023 557 1178 585 beatificatur,
1195 558 1296 585 perfecte
1308 557 1398 585 adeptis

829 602 897 625 pace,
915 597 1011 619 veritate
1028 599 1050 619 et
1062 597 1156 619 caritate
1173 597 1187 619 3
1208 597 1213 617 1
1232 608 1263 613 -·
1276 596 1397 619 Doctrinae

830 636 978 664 evangelicae
990 636 1060 658 factor
1072 635 1190 658 studiosus
1202 641 1257 658 vere
1271 635 1353 658 beatus
1364 638 1398 658 est

834 674 875 697 107
895 675 902 696 1

876 727 907 730 —-
924 714 1047 736 Beatorum
1073 714 1265 742 triumphantium
1288 713 1398 742 suffragia

830 753 951 781 diligenter
970 753 1114 781 imploranda
1137 754 1150 775 8
1169 754 1181 776 3
1199 765 1230 770 -
1247 753 1309 776 Beati
1332 756 1398 776 orant

829 793 920 821 probis
934 798 994 821 quos
1006 793 1028 815 iu
1045 793 1144 815 Domino
1156 795 1307 820 amaverunt,
1319 795 1341 815 et
1354 798 1396 820 pro

829 832 865 854 his
882 832 921 861 qui
940 838 979 854 eos
991 832 1110 860 invocant,
1124 835 1147 854 ut
1165 838 1176 854 a
1189 833 1250 854 malo
1267 834 1398 859 serventur,

830 877 842 894 a
859 871 1024 894 tentationibus
1045 871 1182 899 liberentur,
1204 871 1233 893 ab
1250 877 1329 894 errore
1350 877 1398 894 cor-

829 911 935 939 rigantur
951 913 974 933 et
985 910 1018 933 eis
1035 911 1101 933 citius
1118 911 1260 933 associentur
1278 911 1323 932 500
1342 911 1355 933 5
1368 923 1398 926 -—

829 950 927 979 qualiter
944 953 1010 973 orent
1024 949 1078 973 ibid.

880 989 935 1012 Vide
945 996 966 1013 v.
974 989 1080 1017 Caelum,
1087 996 1109 1013 v.
1117 989 1238 1013 Gaudium
1247 991 1270 1012 et
1278 995 1300 1012 v.
1308 988 1398 1012 Sancti.

879 1030 978 1051 BEAme
994 1041 1025 1045 —
1038 1029 1153 1057 quaedam
1171 1035 1185 1051 a
1197 1029 1299 1057 periculo
1316 1031 1398 1057 partus

830 1075 871 1097 per
888 1069 910 1091 S.
928 1068 1079 1091 Fraueiscum
1095 1068 1204 1090 liberatur
1224 1068 1269 1090 558
1287 1069 1303 1090 2

878 1108 1016 1131 ΒΕΝΕιῇιοτωε
1025 1120 1055 1124 -
1064 1114 1092 1130 ex
1103 1107 1231 1130 humilitate
1243 1107 1398 1130 sacerdotium

831 1148 889 1176 fugit
906 1147 950 1170 426
970 1148 982 1169 3

876 1199 910 1204 -—-
925 1187 1017 1215 qualem
1036 1186 1151 1214 Regulam*
1161 1186 1264 1208 imitatus
1281 1186 1310 1208 sit
1327 1186 1371 1208 399
1386 1186 1399 1207 8

830 1239 860 1243 -
881 1226 941 1255 Quid
967 1227 1024 1248 haec
1049 1226 1131 1253 regula
1155 1225 1295 1248 determinet
1320 1225 1399 1254 quoad

830 1265 990 1294 possessiones
1007 1264 1061 1288 ibid.
1079 1278 1109 1280 —
1126 1265 1187 1287 sanis
1208 1265 1327 1287 monachis
1351 1270 1400 1287 car-

830 1305 895 1327 nium
913 1304 1081 1327 comestionem
1099 1304 1216 1326 interdixit
1233 1304 1278 1326 258
1297 1305 1311 1326 2

878 1357 909 1360 -
926 1344 1008 1366 Sancta
1026 1346 1060 1366 est
1077 1343 1174 1366 vivendi
1189 1344 1273 1371 forma,
1291 1349 1362 1372 quam
1377 1343 1399 1365 S.

830 1383 969 1406 Benedictus
986 1383 1082 1405 instituit
1099 1383 1144 1405 400
1163 1383 1175 1404 8
1193 1395 1224 1399 --
1242 1383 1312 1405 Suam
1325 1383 1400 1411 Regu-

830 1423 875 1445 lam
893 1423 988 1451 quidam
1007 1422 1030 1444 in
1048 1422 1136 1450 nigris,
1150 1422 1249 1451 quidam·
1264 1422 1287 1444 in
1304 1421 1363 1444 albis
1386 1428 1398 1444 a

831 1463 899 1490 longe
917 1462 1034 1484 imitantur
1051 1461 1106 1484 ibid.

878 1502 966 1524 Battum
981 1513 1012 1517 —-
1029 1501 1185 1523 Perfectorum
1199 1504 1233 1524 est
1250 1503 1343 1523 satanae
1355 1500 1400 1523 bel-

829 1542 856 1564 lis
874 1541 997 1563 victoriose
1016 1541 1123 1563 resistere
1141 1541 1185 1563 258
1203 1541 1216 1563 3

877 1581 994 1602 Bsussrrcm
1013 1593 1043 1596 -—
1060 1580 1124 1608 Quae
1149 1580 1194 1602 sint
1213 1579 1341 1608 praecipua>
1362 1579 1399 1602 be-

829 1620 911 1642 neficia
924 1621 965 1643 Dei
977 1626 1033 1648 erga
1045 1620 1163 1642 hominem
1179 1619 1222 1641 Γ118
1236 1619 1248 1641 3
1262 1631 1293 1635 -
1309 1619 1399 1648 Quanta

829 1660 875 1682 sint
891 1661 947 1682 haec
960 1659 1072 1682 beneficia
1093 1659 1138 1681 4-99
1156 1665 1170 1681 a

829 1741 886 1766 ctat,
904 1739 966 1768 quod
985 1738 1047 1761 Deus
1070 1738 1134 1760 dedit
1159 1740 1232 1760 totum
1250 1738 1398 1764 universum,

829 1778 910 1800 Filium
928 1780 951 1800 et
967 1778 1078 1806 Spiritum
1099 1778 1122 1800 S.
1143 1778 1155 1799 6
1179 1778 1208 1799 13
1226 1789 1257 1793 -
1274 1776 1400 1799 commissa

829 1820 934 1845 spectant
955 1817 985 1839 ad
1008 1817 1205 1845 complementum
1227 1818 1336 1844 naturae,
1361 1816 1400 1838 vel'

829 1857 859 1879 ad
877 1856 1017 1879 adiutorium
1036 1856 1136 1885 gratiae,
1154 1856 1190 1878 vel
1210 1856 1239 1878 ad
1257 1856 1346 1878 donum
1363 1862 1398 1878 su-

829 1895 1027 1924 perabundantiae
1044 1895 1073 1919 ib.
1092 1896 1116 1917 11

876 1947 908 1952 -
930 1935 1119 1958 Consideratione
1143 1935 1311 1957 beneficiorum
1336 1941 1398 1957 com-

834 2014 856 2036 ll
877 2027 908 2030 —
924 2015 998 2037 Homo
1016 2020 1041 2036 se
1058 2014 1122 2036 omni
1139 2013 1255 2036 beneficio
1273 2014 1400 2041 indignum·

829 2056 938 2082 reputare
954 2053 1024 2076 debet
1041 2053 1085 2076 497
1104 2053 1119 2075 b

830 2132 858 2155 da
877 2135 930 2155 sunt
948 2133 991 2155 150
1011 2132 1039 2154 14

877 2184 908 2188 -
925 2172 1002 2194 omnia
1014 2171 1128 2200 prosequi>
1138 2171 1254 2193 debemus
1270 2171 1399 2199 gratiarum

829 2211 920 2233 actione
937 2217 963 2233 ac
980 2211 1048 2233 laude
1065 2211 1144 2233 divina
1163 2211 1170 2232 ri
1178 2211 1207 2232 50
1225 2210 1253 2232 114
1265 2222 1296 2226 -
1308 2210 1398 2238 Quanto

830 2251 916 2273 maiora
930 2252 983 2272 sunt
998 2249 1117 2276 beneficia,
1134 2251 1196 2272 tanto
1214 2251 1316 2277 oportet,
1333 2249 1396 2278 quod

829 2290 875 2312 sint
892 2289 991 2311 maiores
1008 2289 1096 2317 gratiae
1120 2288 1166 2310 499
1185 2294 1199 2310 a⁴
1218 2301 1248 2304 -—
1270 2288 1397 2311 Admiratio

830 2328 999 2352 beneficiorum
1009 2328 1079 2351 debet
1091 2334 1143 2351 esse
1153 2328 1176 2350 in
1193 2328 1335 2356 gratitudine
1347 2334 1400 2356 pro-

829 2371 880 2397 pter
897 2368 1039 2391 creationem
1056 2367 1090 2390 de
1103 2367 1173 2390 nih-ilo
1192 2368 1221 2390 15
1240 2368 1253 2389 9

877 2420 907 2424 -
924 2407 964 2430 Dei
982 2407 1041 2429 mira
1058 2409 1111 2429 sunt
1128 2409 1150 2429 et
1167 2406 1355 2434 inaestimabilia,
1376 2409 1398 2429 et

829 2447 853 2469 in
868 2447 949 2469 talium
960 2446 1113 2469 meditatione·
1123 2446 1252 2469 admodum
1267 2446 1344 2468 anima
1361 2446 1397 2469 de-

829 2485 868 2509 bet
884 2492 935 2509 esse
960 2486 1007 2508 Deo
1034 2489 1099 2514 grata
1126 2486 1139 2507 6
1165 2486 1193 2507 13
1216 2497 1249 2502 —
1265 2486 1308 2508 Pro
1330 2485 1398 2508 donis

829 2525 1058 2554 superabundantiae
1075 2525 1190 2548 debemus
1207 2525 1254 2548 Deo
1272 2525 1396 2547 maximam

830 2564 1015 2587 benevolentiam
1036 2565 1049 2586 9
1067 2565 1081 2586 7

877 2616 908 2620 -
926 2605 1020 2632 Propter
1046 2603 1211 2626 beneficiorum
1237 2603 1356 2626 utilitatem
1375 2604 1396 2626 in

830 2643 971 2671 gratitudine
988 2645 1022 2666 est
1034 2643 1151 2671 vigilantia
1163 2649 1289 2671 exsurgens
1304 2643 1332 2665 ad
1345 2649 1397 2665 can-

829 2682 913 2710 ticum,
930 2685 1026 2710 propter
1037 2683 1154 2705 donorum
1171 2682 1336 2710 pretiositatem
1354 2683 1397 2704 lae-

830 2722 876 2744 titia
895 2722 1009 2744 exsultans
1027 2722 1055 2744 ad
1073 2721 1184 2748 iubilum,
1208 2724 1303 2750 propter
1321 2721 1397 2744 dantis

829 2760 988 2783 liberalitatem
1001 2761 1162 2783 benevolentia
1180 2761 1292 2784 accedens
1309 2761 1340 2783 ad
1351 2767 1397 2783 am-

829 2801 922 2828 plexum
939 2801 967 2822 16
990 2801 1017 2822 10

876 2853 906 2856 -—
924 2840 968 2862 Pro
985 2839 1105 2862 beneficiis⁴
1126 2840 1165 2862 Dei
1188 2839 1233 2862 iam
1254 2839 1357 2867 receptis
1375 2842 1397 2862 et

829 2879 906 2901 adhue
922 2879 1061 2907 recipiendis
1077 2884 1171 2907 semper
1194 2879 1279 2907 gratias
1298 2878 1397 2901 reddere

829 2918 944 2941 debemus
971 2919 1016 2940 118
1038 2919 1060 2940 3.
1086 2918 1133 2940 449⁴
1149 2918 1161 2940 6
1179 2930 1214 2935 -
1228 2918 1396 2941 Beneficiorum

830 2958 869 2980 Dei
887 2963 1005 2980 memores
1021 2957 1089 2980 certis
1100 2957 1163 2980 horis
1174 2963 1217 2985 pro
1234 2957 1270 2980 his
1281 2957 1396 2980 laudando

829 2999 852 3019 etl
867 2997 956 3019 orando
974 2997 1062 3025 gratias
1076 2996 1160 3024 iugiter
1176 2997 1262 3019 referre
1284 2995 1397 3019 debemus

830 3035 875 3058 149
894 3036 906 3057 6

1694 284 1746 307 BES

1478 336 1506 339 —
1525 330 1570 345 non
1588 323 1662 346 solum
1681 323 1710 346 ad
1722 323 1820 351 amicos,
1832 330 1915 347 verum
1928 326 1996 348 etiam

1431 362 1460 385 ad
1482 362 1587 385 inimicos
1612 362 1754 390 benignitate
1777 363 1881 391 largiflua
1906 367 1999 392 proten-1

1430 401 1506 424 denda
1523 404 1577 424 sunt
1594 401 1639 424 246
1657 402 1670 423 6

1477 452 1508 457 —-
1524 440 1585 463 Vere
1596 441 1719 464 caritativis
1731 441 1836 464 solatium
1850 444 1884 464 est
1895 443 1997 465 reconci-

1431 479 1480 501 liari
1492 479 1605 502 beneficio
1618 480 1663 502 326
1676 481 1704 502 28
1715 493 1745 497 -
1754 481 1874 503 Gratitudo
1887 481 1998 509 accipien-

1430 518 1459 540 tis
1471 517 1611 541 beneficium*
1627 518 1768 542 benefactori
1784 520 1889 542 conciliat
1907 521 1951 543 325
1968 521 1996 543 28

1478 569 1509 573 -
1536 557 1652 580 Christum
1680 559 1814 587 suscipienti
1844 559 1865 581 in
1894 566 2001 588 paupere·

1431 596 1484 625 plus
1501 599 1631 624 praestatur
1648 603 1674 620 ex
1692 598 1787 625 merito,
1804 605 1876 627 quam
1889 602 1997 627 suscepto

1431 637 1547 658 confertur
1565 642 1591 659 ex
1609 636 1670 659 dono
1688 637 1732 659 328
1752 637 1786 659 35

1478 687 1509 692 —-
1526 676 1583 704 Quis
1600 682 1644 698 non
1663 677 1735 704 possit
1753 677 1828 699 valide
1845 676 1935 706 absque
1951 678 1997 700 dis-

1431 714 1565 742 pensatione
1590 715 1710 744 acquirere
1732 714 1871 738 beneficium
1893 716 1996 739 ecclesia-

1431 754 1514 776 sticum
1533 754 1576 776 358
1595 760 1608 776 a

1480 793 1632 815 Beneventum
1649 806 1680 810 —
1697 793 1737 816 551
1761 794 1768 815 1

1479 833 1646 855 ΒεΝΕνοιΕΝτιΑ
1664 846 1694 849 w
1713 836 1746 855 est
1764 833 1787 855 in
1805 833 1944 861 gratitudine
1961 840 2000 857 ac*

1432 872 1517 894 cedens
1534 872 1564 894 ad
1586 873 1719 900 amplexum
1742 875 1838 901 propter
1854 873 1930 896 dantis
1945 872 1998 896 libe-

1432 911 1544 934 ralitatem
1567 912 1591 933 16
1611 911 1639 933 10

1479 963 1512 967 -
1527 950 1571 973 Cor
1597 950 1667 973 debet
1691 951 1782 973 dila-tari
1806 951 1836 973 ad
1859 950 1998 974 benevolen-

1432 990 1487 1012 tiam
1506 990 1519 1011 9
1538 990 1551 1012 4
1569 1003 1597 1006 -
1616 991 1639 1012 In
1657 989 1815 1012 benevolentia
1834 997 1874 1013 cor
1891 991 1997 1013 dilatatur

1433 1029 1483 1052 sive
1500 1029 1641 1057 extenditur,
1659 1029 1762 1058 aperitur
1779 1032 1801 1052 et
1818 1030 1944 1052 effunditur
1957 1031 1969 1052 9
1981 1030 1995 1052 7

1480 1081 1510 1085 —-
1527 1068 1607 1090 Anima
1626 1068 1757 1091 habilitatur
1769 1069 1799 1091 ad
1811 1068 1997 1092 benevolentiam

1434 1114 1475 1136 per
1493 1108 1612 1130 dulcorem
1631 1107 1779 1136 benignitatis
1797 1108 1810 1130 5
1828 1109 1841 1130 9
1854 1121 1887 1124 —-
1902 1108 1945 1131 Cor
1962 1109 1997 1131 di-

1433 1148 1515 1170 latatur
1532 1148 1561 1170 ad
1579 1147 1763 1170 benevolentiam
1780 1148 1921 1170 attendendo
1937 1147 1999 1170 beni-

1434 1187 1544 1215 gnitatem
1557 1187 1660 1209 divinam
1673 1189 1695 1209 et
1706 1187 1867 1215 indignitatem
1880 1193 1948 1210 suam*
1959 1187 1972 1209 9
1984 1187 1998 1209 5

1481 1239 1511 1243 —
1533 1226 1721 1249 Benevolentiam
1750 1232 1859 1254 magnam
1885 1226 2001 1249 debemus

1435 1266 1481 1288 Deo
1491 1265 1600 1288 exhibere
1611 1264 1794 1288 consideratione
1806 1265 1949 1294 indignitatis
1961 1272 2003 1289 no-

1433 1308 1505 1332 strae,
1523 1305 1635 1327 maiorem
1661 1305 1844 1327 consideratione
1862 1305 2002 1333 magnitudi-

1433 1344 1470 1367 nis
1486 1344 1586 1372 gratiae,
1604 1345 1728 1366 maximam
1750 1345 1937 1367 consideratione·
1959 1345 1999 1367 im-

1434 1384 1560 1406 mensitatis
1577 1390 1633 1406 suae
1658 1384 1831 1406 misericordiae
1848 1384 1861 1406 9
1879 1384 1892 1406 7
1910 1396 1941 1400 —
1958 1384 2000 1406 ne*

1433 1423 1588 1446 nevolentiam
1614 1429 1725 1451 magnam
1752 1424 1798 1445 Deo
1824 1423 1939 1446 debemus
1955 1429 1997 1451 pro

1433 1463 1574 1490 commissis,
1592 1462 1704 1485 maiorem
1731 1468 1773 1491 pro
1799 1462 1915 1490 dimissis,
1931 1463 2001 1485 maxi-

1433 1508 1496 1524 mam
1521 1508 1563 1530 pro
1589 1502 1710 1530 promissis
1735 1501 1789 1525 ibid.
1807 1514 1840 1518 —
1860 1502 2000 1525 Benevolen-

1419 1542 1488 1564 iiam
1506 1547 1615 1569 magnam
1638 1541 1752 1564 debemus
1775 1542 1822 1564 Deo
1841 1547 1883 1569 pro
1900 1542 1999 1570 comple-

1419 1581 1517 1607 ]mentis
1533 1583 1641 1609 naturae,
1659 1580 1771 1603 maiorem
1797 1586 1840 1608 pro
1857 1580 1998 1604 indumentis

1418 1612 1533 1648 ³gratiae,
1552 1620 1675 1642 maximam
1702 1626 1744 1648 pro
1767 1620 1834 1642 donis
1857 1619 1999 1648 superabun-

1419 1653 1420 1690 ᾗ
1432 1659 1477 1682 tiae
1494 1658 1549 1682 ibid‘.

875 1712 907 1716 —
923 1699 958 1722 Ad
984 1699 1072 1721 donum
1097 1698 1325 1726 superabundantiae
1349 1704 1400 1726 spe·
1419 1698 1420 1701 ’

1479 1699 1611 1722 ΒεκισκιτΛε
1627 1712 1660 1716 -
1675 1702 1709 1722 est
1726 1699 1820 1728 quidam
1847 1699 1929 1722 dulcor
1954 1699 1999 1722 ani-

1419 1745 1484 1761 ¹mae
1501 1739 1626 1761 excludens
1642 1744 1735 1761 omnem
1752 1738 1880 1768 nequitiam
1898 1741 1920 1761 et
1937 1738 2002 1761 liabi—

1431 1778 1498 1800 litans
1515 1778 1616 1800 animam
1634 1778 1665 1800 ad·
1688 1778 1886 1805 benevolentiam,
1904 1778 1998 1800 toleran-

1433 1818 1487 1839 tiam
1505 1820 1527 1840 et
1544 1817 1656 1840 internam
1673 1817 1781 1840 laetitiam
1800 1818 1813 1840 5
1831 1817 1844 1839 9

1480 1869 1511 1873 —
1527 1857 1567 1879 Dei
1584 1857 1729 1879 iustificantis
1752 1856 1876 1885 diligenter
1893 1856 1998 1879 conside-

1418 1897 1505 1919 randa
1522 1899 1556 1919 est
1574 1896 1601 1918 41-
1622 1896 1645 1918 41
1668 1909 1700 1912 ——
1722 1896 1804 1918 divina
1819 1896 1959 1919 attendenda
1977 1898 1999 1918 et

1418 1931 1589 1964 'comparanda
1606 1936 1736 1964 indignitati
1753 1935 1863 1964 propriae
1879 1936 1892 1957 9
1911 1935 1925 1957 5

830 1975 954 1997 missorum
972 1974 1080 1997 dilatatur
1102 1974 1181 1997 radius
1205 1974 1367 2002 intelligentiae
1384 1975 1400 1996 6
1418 1999 1419 2005 ἵ

1479 1988 1510 1991 -
1527 1975 1610 1998 Christi
1623 1977 1684 1997 tanto
1696 1975 1770 1997 maior
1782 1975 1917 2002 ostenditur,
1929 1980 2001 2004 quan·-

1433 2017 1454 2037 to
1472 2021 1515 2043 pro
1532 2014 1600 2037 nobis
1618 2014 1725 2043 graviora
1743 2017 1765 2037 et
1790 2013 1915 2037 abiectiora
1932 2014 2001 2037 susti*—

1418 2053 1481 2079 lnuit
1500 2055 1543 2077 123
1562 2054 1578 2076 9-

877 2106 909 2110 -—
925 2093 1003 2115 omnia
1015 2099 1028 2116 a
1040 2093 1091 2115 Deo
1099 2092 1207 2121 augenda
1219 2095 1241 2115 et
1258 2098 1398 2115 conservan-
1418 2121 1419 2127 ἵ

1479 2106 1509 2110 -
1526 2093 1655 2116 exhibenda
1672 2095 1707 2116 est
1732 2099 1777 2115 non
1803 2093 1879 2116 solum
1905 2093 1997 2120 amicis,

1432 2139 1514 2155 verum
1540 2132 1609 2155 etiam
1630 2132 1729 2154 inimicis
1753 2132 1798 2154 246
1817 2132 1830 2154 6
1849 2145 1878 2148 —
1903 2132 1998 2154 Studen-

1431 2172 1487 2194 dum
1505 2171 1536 2194 ad
1558 2171 1692 2194 habendum
1718 2171 1822 2193 habitum
1849 2171 1998 2199 benignitatis

1431 2211 1461 2234 ad
1478 2211 1621 2239 proximum,
1639 2211 1766 2233 imitatione
1790 2210 1873 2233 Christi
1899 2210 1998 2233 libentis-

1417 2250 1490 2273 :sime
1506 2250 1613 2279 patientis
1631 2250 1661 2272 Ι1-3
1678 2250 1690 2272 3
1716 2263 1751 2265 -»
1772 2249 1923 2278 Benignitatis
1947 2255 2001 2272 con»

1431 2290 1551 2312 descensio
1568 2290 1698 2317 configurat
1714 2289 1743 2311 ad
1770 2288 1887 2312 Christum
1905 2288 1950 2311 325
1967 2289 1998 2311 28

1478 2341 1509 2346 —
1526 2331 1605 2351 contra
1617 2328 1744 2357 nequitiam
1758 2328 1868 2351 rectificat
1879 2328 1997 2351 stimulum

1431 2368 1584 2391 conscientiae
1601 2368 1616 2390 5
1633 2368 1646 2389 8

1478 2420 1509 2423 —
1531 2409 1565 2430 est
1588 2407 1717 2435 praecipuev
1739 2406 1869 2429 necessaria
1895 2406 1997 2434 praelato

1432 2446 1480 2469 146
1494 2446 1523 2469 17

1479 2487 1611 2509 Bennxnnus
1629 2499 1657 2502 —
1675 2486 1698 2508 S.
1723 2485 1836 2508 Francisci
1860 2485 1999 2513 primogeni-

1431 2529 1468 2548 tus
1493 2531 1544 2548 esse
1566 2525 1650 2547 meruit
1675 2528 1720 2547 tam
1744 2525 1864 2553 prioritate
1886 2524 1997 2552 temporis

1431 2571 1502 2594 quam
1519 2564 1643 2593 privilegio
1661 2564 1787 2586 sanctitatis
1805 2564 1849 2586 510
1868 2564 1881 2585 3

1478 2605 1626 2627 BenTnArnus
1642 2616 1672 2620 —
1689 2606 1768 2625 contra
1786 2602 1886 2625 libellum
1905 2603 1998 2625 damna-

1431 2646 1480 2666 tum
1497 2643 1603 2666 Gulielmi
1628 2643 1768 2670 opusculum
1794 2642 1913 2671 quoddam
1937 2647 1998 2664 com-

1431 2683 1521 2711 posuit,
1539 2682 1666 2705 defendens
1678 2682 1823 2710 paupertatis
1839 2681 1937 2704 eximiae
1948 2686 1998 2709 per-

1432 2722 1554 2745 fectionem
1572 2721 1616 2743 235
1635 2722 1648 2743 3

1477 2773 1507 2777 -
1525 2767 1537 2783 a
1555 2761 1610 2783 falso
1628 2760 1724 2782 crimine
1741 2759 1872 2785 defenditur
1890 2759 1935 2781 260
1954 2759 1981 2781 10

1478 2801 1572 2823 Bas-rme
1590 2812 1620 2815 —
1636 2799 1779 2821 irrationales
1796 2799 1895 2821 multum
1919 2798 1998 2821 sitiant

1430 2840 1568 2868 sanguinem
1585 2839 1687 2861 hominis
1705 2839 1744 2860 181
1768 2838 1782 2860 4

1478 2892 1507 2894 -
1525 2879 1567 2901 Per
1584 2878 1681 2905 bestias,
1699 2884 1759 2906 quae
1777 2880 1864 2900 tantum
1877 2882 1937 2906 quae
1949 2882 1997 2899 car-

1430 2918 1466 2940 nis
1490 2920 1542 2940 sunt
1564 2920 1705 2946 sequuntur,
1729 2917 1837 2945 voluptas
1864 2916 1997 2944 designatur

1435 2957 1475 2979 198
1493 2957 1523 2979 70
1541 2969 1573 2974 -
1588 2957 1689 2980 Gloriam
1706 2956 1747 2978 Dei
1765 2958 1856 2978 mutant
1880 2955 1903 2977 in
1921 2954 1996 2977 simili-

1431 2996 1538 3019 tudinem*
1553 2995 1692 3022 bestiarum,
1709 2995 1749 3024 qui
1772 2995 1832 3017 bona
1858 3000 1931 3022 opera¹
1953 2999 1995 3021 pro

1431 3036 1506 3058 carnis
1523 3035 1640 3064 implenda
1657 3035 1775 3063 voluptate
1792 3034 1877 3057 faciunt
1894 3031 1949 3056 ibid..
