2133 3317
0 1571 75 1591 undum.

328 231 524 260 OPUSCULUM
544 230 610 258 XVI.
635 228 806 258 EXPOSlTIO
827 229 929 258 SUPER
950 229 1104 258 REGULAM
1124 229 1278 258 FRATRUM
1298 229 1460 258 MlNORUM.
1482 229 1550 258 CAP.
1573 230 1603 258 V.

94 309 292 343 humilitatem,
324 308 456 337 custodia
489 310 582 336 autem
615 307 781 344 vigilantiam
817 307 938 335 insinuat

94 355 273 393 pastoralem,
305 362 339 383 ne
369 357 483 391 propter
514 353 698 381 humilitatem
729 352 767 381 sic
801 352 938 381 diminua-

94 406 140 432 tur
170 401 320 430 auctoritas
350 404 377 429 et
408 400 579 437 evigilanda,
607 402 638 428 ut
666 399 837 436 periclitetur
858 398 939 427 Ordi-

93 449 136 478 nis
155 447 305 484 disciplina.
327 446 403 476 Unde
431 446 514 475 Isaiae
535 445 666 483 vigesimo
688 446 816 482 prin101:
843 445 938 482 Super

93 494 255 524 custodiam
282 501 377 522 meam
404 501 454 530 eyo
481 501 563 526 sum,
594 496 677 520 stans
705 492 770 520 totis
797 491 937 520 noctibus.

94 542 207 578 Propter
224 540 298 577 quod
312 542 340 569 et
354 539 411 576 ipse
426 539 548 568 Minister
562 539 698 576 generalis
712 542 809 567 eustos
824 538 939 567 inferius

93 588 121 617 in
135 587 237 624 Regula
248 587 259 603 ²³
277 586 440 623 appellatur.
456 586 503 614 Hic
517 588 610 614 autem
631 585 741 614 nomine
755 585 883 613 custodis
898 585 938 612 in-

93 634 255 670 telliguntur
269 633 350 662 etiam
366 632 524 666 Guardiani,
539 632 587 669 qui
603 632 704 661 hahent
719 632 868 660 custodiae
888 631 939 659 im-

70 698 78 702 -
93 680 208 709 mediate
222 679 363 709 intendere
375 679 513 716 pastorali.
527 694 563 699 —
576 679 635 707 istis
649 687 715 715 ergo
730 681 836 707 tantum
851 678 938 714 impo-

72 721 79 725 “
93 726 168 756 nitur
189 734 257 755 cura
277 725 417 762 praedicta
437 725 552 754 sollicita
572 729 686 762 propter
700 725 771 759 duo,
787 724 890 753 scilicet
907 727 938 753 ut

92 773 186 802 nullus
207 772 250 801 sui
271 772 380 808 ipsius⁸
402 772 437 800 sit
457 771 609 805 sollicitus;
632 774 659 800 et
679 771 744 808 quia
771 770 938 807 dispensatio

92 823 133 849 est
153 819 307 848 necessaria
335 818 488 847 secundum
516 821 604 847 status
631 818 738 851 varios,
759 817 793 846 de
815 826 870 854 qua
891 817 938 845 ad-

92 866 147 895 dit:
164 865 329 894 Secundam
343 865 407 893 toea
421 868 446 893 et
460 868 591 902 tempora
605 868 630 893 et
644 863 776 902 frz'yictas
790 864 937 901 reyiones,

69 913 167 941 ..sieut
187 912 352 940 necessitati
380 911 507 940 viderint
537 911 678 948 expedire.
702 927 737 931 —
761 911 841 939 [uxta
872 919 938 947 ergo

94 960 143 988 has
164 958 340 987 necessitates
361 966 473 987 necesse
500 961 542 986 est
571 958 755 995 dispensative
783 961 938 994 temperare

92 1006 228 1043 rigorem;
250 1005 325 1042 quod
346 1008 596 1041 temperamentum
618 1013 633 1033 a
661 1005 726 1034 solis
753 1005 884 1033 Ministris
911 1009 938 1034 et

92 1052 271 1086 Custodibus‚
293 1052 320 1080 in
335 1052 438 1089 quibus
452 1051 600 1080 Guardiani
619 1051 822 1088 intelliguntur,
837 1051 938 1080 dehere

92 1099 151 1129 fieri
173 1099 218 1128 hic
238 1099 362 1127 docetur.
380 1099 420 1127 Eo
434 1107 547 1135 semper
560 1098 657 1132 salvo,
673 1103 721 1132 ut,
736 1098 813 1127 sicut
827 1098 938 1126 (lictum

92 1149 149 1180 est,
170 1146 308 1174 denarios
329 1145 373 1174 vel
389 1145 548 1182 pecuniam
568 1154 627 1173 non
648 1145 799 1182 recipiant.
824 1145 876 1173 lloc
898 1145 938 1173 id-

92 1193 165 1222 cireo
187 1193 314 1229 replicat,
337 1200 371 1221 ne
393 1200 443 1228 pro
465 1192 550 1220 ullius
565 1192 735 1220 necessitatis
753 1192 876 1228 periculo
891 1199 938 1220 su-

92 1240 220 1274 stineant,
240 1239 397 1268 labefactari
428 1238 540 1267 Ordinis
570 1238 736 1275 puritatem,
758 1239 862 1272 sciens,
888 1247 938 1275 per

93 1285 276 1322 receptionem
299 1285 394 1313 talium
416 1285 468 1313 sub
489 1285 557 1313 falso
588 1288 737 1321 praetextu
768 1285 938 1314 necessitatis

93 1333 187 1370 plures
208 1332 234 1360 in
257 1332 331 1360 clero
346 1335 372 1360 et
387 1332 509 1360 elaustro
524 1331 580 1360 Deo
595 1334 622 1360 et
637 1331 796 1360 hominibus
812 1332 936 1365 viluisse,

92 1387 124 1408 eo
138 1379 211 1416 quod
227 1378 316 1407 radix
332 1378 511 1416 iniquitatis,
527 1378 694 1412 Antiochus,
709 1378 757 1414 qui
773 1378 937 1414 interpreta-

93 1429 139 1454 tur
158 1425 305 1453 silentium
324 1424 528 1461 paupertatis,
552 1425 685 1460 templum
712 1424 758 1452 Dei
787 1424 888 1460 legitur
910 1424 936 1452 in

92 1471 320 1501 Machabaeorum
341 1471 480 1500 historia4
508 1470 681 1508 profanasse,
703 1473 730 1499 et
758 1470 936 1499 contenebre-

93 1521 184 1547 scente
205 1517 296 1546 studio
316 1517 464 1554 sapientiae
485 1517 564 1554 quasi
586 1517 658 1550 sole,
681 1517 745 1545 luna
767 1517 895 1546 scientiae
911 1520 938 1546 et

92 1564 174 1594 studii
206 1564 234 1593 in
265 1564 426 1601 sanguinem
457 1567 498 1592 est
526 1564 726 1592 commutata5.
748 1579 786 1583 —
807 1564 876 1592 Haec
896 1566 938 1592 est

92 1611 172 1640 radix
193 1611 341 1647 sapientiae
362 1611 442 1639 beato
463 1611 606 1639 Francisco
626 1610 759 1639 divinitus
786 1610 935 1646 inspirata,

92 1666 143 1692 ne,
164 1658 296 1694 vepribus
316 1661 343 1686 et
364 1657 450 1694 spinis
471 1665 540 1693 pene
565 1657 592 1685 in
622 1657 752 1685 universa
781 1660 855 1686 terra
878 1657 938 1685 exi-

93 1704 244 1738 stentibus,
261 1707 356 1732 terror
368 1704 528 1740 spinarum
549 1708 574 1732 et
593 1703 727 1740 veprium
742 1703 838 1731 veniat
857 1703 937 1732 horto

93 1758 158 1785 su0‚
180 1750 246 1787 quia
266 1750 299 1779 de
320 1750 406 1787 spinis
428 1758 498 1779 uvae
519 1750 631 1779 minime
652 1750 820 1787 colliguntur
831 1750 851 1778 ⁶.

382 1840 587 1872 (CAPITULUM
605 1840 648 1872 V.)

369 1926 407 1951 Di:
425 1933 492 1951 nono
510 1933 659 1950 neormam.

163 2011 267 2037 Fratres
279 2012 330 2041 illi,
350 2012 439 2043 quibus
451 2012 561 2043 gratiam
579 2012 646 2036 dedit
659 2012 779 2037 Dominus
794 2011 936 2042 laborandi,

93 2055 208 2080 laborent
225 2054 332 2080 fideliter
350 2055 375 2079 et
387 2055 488 2085 devote,
508 2055 544 2079 ita
563 2055 640 2086 quod,
655 2055 755 2079 excluso
769 2055 827 2084 otio,
840 2055 937 2079 animae

94 2098 202 2128 inimico,
217 2098 317 2123 sanetae
330 2098 449 2124 orationis
462 2098 487 2123 et
500 2098 637 2123 devotionis
657 2098 772 2129 spiritum
786 2105 835 2123 non
848 2098 939 2122 exstin-

157 2235 166 2248 ¹
185 2236 250 2258 Vers.
267 2236 288 2258 8.
306 2236 345 2257 csr.
364 2236 419 2258 intra
433 2242 452 2258 c.
466 2236 501 2257 10.
515 2242 536 2257 n.
550 2235 571 2257 5.
589 2248 620 2252 —
636 2236 748 2264 Superius
765 2243 808 2264 pro
825 2235 941 2259 diminua-

96 2275 135 2297 tur
152 2277 174 2296 et
190 2273 338 2303 ez-iqaantm,
355 2275 382 2297 ut
399 2274 449 2297 vat.
467 2274 600 2297 [limittatur
618 2278 640 2296 et
656 2274 831 2304 eviqitnntitim,
848 2282 883 2297 ne.

158 2312 167 2325 ²
185 2313 240 2341 Cap.
258 2314 284 2340 8,
302 2313 341 2335 ubi
359 2313 449 2340 dicitur,
466 2314 542 2342 quod,
560 2314 577 2335 si
596 2314 694 2336 Minister
711 2314 739 2336 sit
757 2315 896 2336 insufficiens
909 2315 939 2337 ad

96 2352 228 2378 servitium,
245 2352 399 2374 Provinciales
416 2356 438 2374 et
454 2352 566 2375 Custodes
588 2356 706 2375 teneantur
727 2361 737 2373 α
749 2353 819 2375 alium
836 2353 879 2376 sibi
900 2354 940 2375 eli-

97 2397 151 2419 gere
167 2391 189 2413 in
207 2390 331 2413 Custodem
344 2400 367 2413 ι.
383 2403 414 2407 -—
430 2390 477 2413 Csr.
494 2391 609 2419 Expositio
626 2395 726 2420 quatuor
743 2393 903 2419 magistrorum
916 2393 940 2414 in

96 2435 115 2451 c.
133 2429 159 2452 4:
176 2430 268 2452 Ministri
286 2433 308 2451 et
324 2429 437 2452 Custodes
454 2429 539 2452 debent
555 2430 673 2452 sollicitam
698 2436 777 2452 curam
801 2437 881 2458 gerere
895 2437 939 2459 pei·

95 2467 273 2495 auctoritatem,
291 2468 327 2490 alii
345 2474 400 2490 vero
419 2474 477 2494 non,
494 2468 534 2490 sed
553 2467 638 2490 debent
660 2469 779 2491 sollicitam
803 2475 882 2491 curam
900 2475 939 2496 ge-

96 2513 146 2529 rere
161 2513 204 2536 pei·
221 2507 401 2530 ministerium...
420 2507 544 2529 GuardIani
562 2514 618 2529 vero
635 2507 792 2535 intelliguntur
809 2508 867 2530 sicut
880 2508 940 2530 Mini-

97 2546 136 2568 stri
152 2549 174 2568 et
190 2545 314 2573 Custodes,
331 2546 385 2574 quia
403 2546 435 2568 sie
451 2545 555 2568 solebant
571 2546 677 2574 primitus
695 2546 815 2568 nominari.

159 2584 168 2597 ³
185 2585 213 2607 lta
232 2587 262 2612 tJ';
280 2585 315 2607 aiii
333 2585 401 2608 codd.
418 2589 441 2608 et
457 2585 510 2607 edd.
527 2584 610 2607 nultus
627 2585 677 2607 sine
695 2585 759 2614 ipsis.

158 2622 168 2636 ⁴
185 2623 244 2646 Libr.
263 2624 276 2645 1.
294 2630 313 2646 c.
335 2625 356 2652 1,
377 2625 415 2646 ll:
433 2625 457 2646 Et
475 2624 529 2647 exiit
545 2630 572 2646 ex
589 2624 621 2646 eis
638 2624 701 2647 radix
719 2625 846 2652 peccatrix,
864 2625 938 2647 Antio·

97 2663 154 2684 chus
171 2666 226 2690 etc.;
244 2669 266 2685 v.
284 2664 321 2685 23.
338 2669 399 2691 seq:
417 2664 442 2685 Et
458 2663 550 2685 intravit
568 2664 589 2686 in
602 2663 804 2686 sanctificationem
818 2662 938 2692 [templum

98 2700 200 2730 lewich]
217 2707 270 2723 cum
287 2701 395 2729 superbia
413 2704 435 2724 et
451 2702 539 2729 accepit
556 2702 625 2724 altare
647 2708 742 2724 aureum
766 2704 808 2723 etc.
835 2702 938 2729 llieron.,

98 2739 127 2761 de
145 2739 256 2761 Nominib.
274 2739 378 2762 liebraic.
396 2740 425 2762 de
444 2740 512 2768 Epist.
531 2740 590 2762 Pauli
608 2740 637 2762 ad
657 2740 759 2762 Galatas:
778 2739 939 2767 Antiochiam,

98 2779 237 2806 paupertatis
252 2778 375 2800 silentium.
399 2778 443 2801 Cl‘r.
461 2779 560 2805 Bonav.,
582 2778 712 2801 Comment.
730 2779 751 2801 in
768 2779 822 2800 Luc.
845 2779 882 2806 14,
901 2780 939 2801 33.

99 2822 121 2838 n.
139 2817 180 2838 66:
198 2817 223 2839 Et
240 2817 292 2839 ideo
309 2817 446 2845 Antiochus,
463 2817 502 2846 qui
522 2817 681 2845 interpretatur
697 2816 818 2840 silentium
840 2823 940 2846 puaper-

99 2854 164 2883 tatt's,
181 2854 294 2878 subvertit
310 2856 457 2878 fundamenta
477 2856 609 2882 ierusalem,
626 2856 678 2884 quia
698 2862 742 2878 non
761 2859 835 2883 potest
846 2862 896 2879 esse
909 2856 940 2878 tli-

99 2893 200 2921 scipulus
217 2894 326 2922 pauperis
342 2894 448 2917 Crucissxi
465 2895 503 2923 qui
521 2895 640 2917 consilium
654 2895 795 2922 paupertatis
806 2895 938 2917 contemnit.

161 2931 170 2944 ⁶
187 2933 258 2960 Apoc.
271 2934 292 2960 fi,
306 2933 333 2955 ⁴2
342 2940 348 2955 ι
357 2933 394 2956 Sol
405 2934 476 2956 sactus
485 2933 593 2961 estniger
611 2936 719 2962 tanquam
732 2939 813 2956 saccus
828 2933 939 2960 cilicinus,

97 2974 121 2993 et
132 2971 183 2993 luna
196 2974 240 2994 tota
253 2972 309 2993 tacta
326 2975 360 2994 est
376 2972 435 2994 sicut
450 2972 552 2999 sanguis.
570 2972 613 2994 Csr.
627 2972 697 2994 Eccle.
714 2973 747 2999 ¹2,
760 2973 786 3000 2;
799 2972 840 2994 loel
854 2973 879 2998 2,
892 2973 930 2995 31.

161 3008 170 3021 ⁶
188 3010 264 3032 matth.
281 3010 308 3038 7,
326 3011 366 3032 16:
384 3010 490 3039 Nonquia
509 3011 620 3038 colligunt
637 3011 666 3033 de
683 3010 755 3038 spinis
773 3017 842 3037 uvas,
859 3013 898 3033 aut
910 3011 939 3033 de

1782 230 1838 258 419

994 307 1088 338 guam,
1107 308 1146 332 cui
1159 307 1249 333 debent
1267 307 1349 333 cetera
1362 307 1509 339 temporalia,
1528 308 1659 333 deservire.
1676 307 1712 333 De
1731 307 1840 332 mercede

993 357 1051 375 vero
1070 350 1163 375 laboris
1189 358 1233 381 pro
1253 358 1278 375 se
1297 350 1322 375 et
1341 351 1392 375 suis
1420 350 1543 376 fratribus
1568 351 1679 382 corporis
1699 351 1838 375 necessaria

994 393 1116 424 recipiant
1134 393 1234 424 praeter
1258 393 1372 418 denarios
1396 394 1435 418 vel
1460 394 1606 425 pecuniam3
1626 393 1652 418 et
1674 393 1721 419 hoe
1738 393 1840 418 humili-

994 434 1046 465 ter,
1066 435 1130 460 sieut
1158 435 1226 461 decet
1251 443 1336 461 servos
1362 436 1407 461 Dei
1431 436 1457 461 et
1484 436 1643 468 paupertatis
1668 436 1839 461 sanctissimae

995 478 1139 503 sectatores.

1327 560 1507 589 EXPOSlTlO.

1078 649 1099 676 l.
1123 649 1244 677 Fratres
1265 649 1323 684 itti,
1339 649 1444 687 quihus
1458 650 1534 678 (ledit
1551 649 1693 678 Dominus
1705 650 1839 687 ¹qratiam

995 694 1159 723 laborandi.
1182 695 1244 724 Post
1264 696 1410 724 exclusum
1433 696 1588 732 periculum
1611 696 1703 725 Izidae
1724 697 1768 725 hic
1789 705 1839 725 ex-

995 741 1081 770 cludit
1101 742 1256 778 periculum
1277 742 1427 779 religionis
1447 742 1547 779 fictae,
1569 751 1603 772 ne
1625 751 1723 780 sponsa
1738 743 1840 772 Christi

994 796 1093 824 panem
1116 789 1242 817 comedat
1262 789 1349 817 otiosa
1361 789 1380 817 ⁷.
1404 790 1494 817 Primo
1516 788 1661 826 informat
1682 790 1768 818 labori
1791 790 1840 818 ha—

994 834 1063 863 biles
1083 835 1123 863 ad
1144 835 1280 863 laborem.
1304 836 1428 864 Secundo
1449 836 1547 864 subdit
1569 836 1726 865 laborandi
1745 837 1840 873 tripti-

994 890 1054 909 cem
1075 882 1235 916 rationem,
1258 882 1310 910 ibi:
1333 883 1379 910 Ita
1399 882 1491 920 quod,
1513 882 1628 911 excluso
1650 883 1714 911 otio.

1073 928 1124 956 Pro
1146 928 1235 964 primo
1256 929 1337 957 dicit:
1361 930 1483 957 Fratres
1504 929 1562 962 itti,
1579 938 1632 957 non
1648 929 1713 958 dicit
1728 938 1838 963 omneS,

994 974 1041 1003 sed
1064 974 1107 1003 illi
1126 975 1231 1012 quibas
1249 975 1382 1012 yratiani
1404 975 1481 1003 dedit
1504 976 1645 1004 Dominus
1673 976 1838 1005 laborandi.

994 1020 1022 1049 ln
1044 1021 1096 1049 hac
1115 1022 1218 1058 qratia
1239 1021 1359 1058 intellige
1381 1022 1454 1051 vires
1475 1022 1599 1058 corporis
1614 1025 1639 1050 et
1655 1022 1780 1051 habitum
1796 1031 1840 1050 ar-

995 1067 1029 1095 tis
1040 1067 1206 1104 acquisitum
1222 1075 1253 1096 ac
1268 1068 1437 1097 habilitatem
1450 1068 1531 1097 etiam
1543 1071 1630 1097 artem
1643 1068 1804 1105 acquirendi
1816 1069 1840 1103 ⁸3

994 1113 1123 1142 laborent
1143 1113 1274 1151 fideliter,
1296 1117 1424 1151 respectu
1439 1115 1480 1143 sui
1497 1117 1524 1143 et
1538 1115 1675 1151 proximi,
1690 1119 1715 1143 et
1729 1116 1840 1150 denote,

994 1164 1122 1196 respectu
1144 1161 1209 1194 Dei,
1230 1164 1262 1189 ut
1283 1161 1386 1189 scilicet
1408 1161 1485 1190 labor
1506 1161 1564 1198 ipse
1592 1161 1618 1189 in
1647 1161 1694 1190 Dei
1724 1162 1838 1199 gloriam

993 1207 1137 1244 dirigatur.
1161 1208 1198 1236 De
1220 1208 1373 1236 cuiusmodi
1395 1211 1487 1237 autem
1510 1208 1612 1237 laboris
1626 1216 1727 1245 genere
1743 1209 1839 1246 loqua-

994 1256 1049 1288 tur,
1072 1257 1145 1291 patet
1167 1262 1203 1283 ex
1225 1255 1379 1283 rationibus
1400 1255 1517 1289 laboris,
1534 1263 1604 1292 quae
1620 1258 1685 1284 sunt
1700 1258 1771 1290 tres,
1786 1256 1838 1284 sci-

994 1300 1056 1329 licet
1083 1300 1210 1329 exclusio
1238 1301 1410 1334 otiositatis,
1440 1301 1634 1338 inflammatio
1665 1302 1839 1336 devotionis,

993 1347 1107 1384 adeptio
1129 1347 1210 1376 etiam
1231 1348 1452 1376 sustentationis
1480 1348 1650 1376 necessariae
1679 1349 1838 1385 corporalis.

993 1394 1085 1422 Voluit
1106 1402 1172 1431 ergo
1191 1398 1302 1423 sanctus
1317 1395 1478 1423 Franciscus
1493 1402 1617 1429 sumine,
1633 1395 1775 1423 Fratribus
1790 1395 1840 1423 im-

994 1441 1056 1477 poni
1078 1441 1259 1475 exercitium,
1281 1441 1354 1478 quod
1377 1441 1573 1478 perfectissime
1595 1442 1718 1470 excludit
1740 1442 1840 1476 otium,

993 1487 1067 1523 quod
1089 1495 1197 1516 summe
1218 1488 1307 1516 nutrit
1327 1487 1479 1516 devotionis
1494 1488 1637 1522 affectum,
1653 1489 1727 1526 quod
1743 1489 1836 1517 lauda-

994 1532 1082 1561 biliori
1106 1533 1187 1561 modo
1208 1533 1317 1570 corpori
1348 1534 1501 1562 necessarIa
1529 1534 1729 1563 subministrat.
1753 1535 1840 1564 Labor

993 1583 1085 1608 autem
1110 1580 1290 1617 corporatis,
1319 1581 1368 1609 etsi
1398 1581 1528 1609 excludat
1555 1581 1642 1610 otium
1665 1590 1680 1610 a
1702 1590 1839 1619 corpore,

994 1629 1085 1655 tamen
1117 1635 1167 1663 pro
1200 1629 1276 1655 tanto
1304 1627 1344 1655 ad
1371 1627 1518 1656 modicum
1540 1627 1620 1656 utitis
1641 1631 1681 1656 est
1692 1628 1713 1662 ⁹,
1736 1628 1800 1665 quia
1822 1637 1838 1657 a

994 1673 1078 1701 eorde
1099 1673 1194 1702 sordes
1215 1676 1242 1702 et
1262 1674 1349 1702 otium
1373 1682 1426 1702 non
1448 1674 1587 1709 excludit,
1610 1675 1681 1703 sicut
1709 1678 1783 1711 patet
1810 1675 1838 1704 in

993 1719 1174 1753 mechanicis,
1197 1720 1244 1757 qui
1266 1720 1338 1748 inter
1360 1720 1467 1749 labores
1489 1721 1577 1749 solent
1591 1721 1766 1758 turpissimos
1781 1729 1839 1750 ser-

993 1774 1088 1795 mones
1109 1769 1245 1795 eructare.
1261 1767 1387 1795 Studium
1402 1770 1495 1795 autem
1509 1767 1670 1804 sapientiae
1685 1776 1732 1796 cor
1748 1768 1838 1805 ipsum

993 1815 1125 1849 occupat;
1143 1813 1354 1841 Proverbiorum
1371 1813 1502 1850 vigesimo
1517 1814 1598 1842 tertio
1611 1814 1645 1842 ¹⁰:
1662 1814 1783 1848 Praebe,
1797 1814 1842 1850 fili

993 1859 1052 1893 mi,
1074 1868 1124 1888 cor
1146 1863 1228 1888 tuum
1251 1859 1340 1893 milzi;
1361 1863 1388 1888 et
1410 1860 1562 1897 Sapientiae
1581 1864 1692 1889 octavo:
1715 1861 1840 1889 Labores

993 1905 1082 1934 liuius
1103 1914 1230 1943 maqnas
1250 1905 1354 1935 liabent
1375 1907 1504 1935 virtutes.

1071 1954 1097 1981 2.
1114 1953 1175 1981 Ideo
1189 1953 1270 1982 dicit:
1285 1954 1329 1981 lta
1343 1953 1429 1991 quod,
1441 1953 1557 1982 excluso
1572 1954 1638 1988 otio,
1651 1955 1768 1983 animae
1783 1955 1839 1984 ini-

993 1999 1086 2033 mico‚·
1103 2000 1281 2029 Ecclesiastici
1298 2000 1438 2037 trigesimo
1460 2001 1541 2029 tertio
1553 2002 1592 2029 ¹¹:
1611 2001 1732 2030 Multam
1754 2002 1839 2031 mati-

994 2047 1066 2075 tiam
1078 2047 1176 2076 (locuit
1187 2047 1326 2076 otiositas.
1337 2065 1375 2068 —
1385 2048 1461 2082 Item,
1473 2048 1550 2077 labor
1562 2048 1620 2085 ipse
1632 2049 1779 2085 sapientiae
1791 2057 1841 2078 ex-

994 2093 1059 2122 citat
1074 2101 1198 2122 summae
1209 2094 1361 2123 devotionis
1373 2095 1517 2129 affectum3
1531 2095 1683 2132 Sapientiae
1698 2098 1794 2124 octavo
1803 2095 1840 2124 ¹²:

997 2235 1085 2258 tribulis
1103 2236 1175 2258 licus?
1194 2236 1242 2258 lsai.
1259 2236 1285 2263 7,
1303 2236 1340 2258 24.
1357 2242 1419 2264 serp:
1437 2236 1525 2264 Vepres
1541 2236 1601 2258 enim
1614 2240 1636 2258 et
1647 2237 1728 2264 spinae
1740 2240 1805 2259 erum
1817 2237 1838 2259 in

997 2275 1104 2297 universa
1122 2278 1204 2297 terra...
1217 2281 1263 2296 non
1276 2274 1352 2297 veniet
1364 2274 1416 2297 illuc
1429 2277 1500 2297 terror
1512 2275 1629 2303 spinarum
1643 2278 1665 2297 et
1677 2276 1782 2303 veprium
1795 2279 1838 2298 etc.

1060 2313 1068 2325 ⁷
1086 2314 1152 2336 Prov.
1170 2314 1195 2335 31
1207 2331 1212 2340 ,
1230 2314 1271 2335 27:
1290 2314 1314 2335 Et
1332 2320 1416 2341 panem
1434 2314 1506 2335 otiosa
1524 2320 1570 2336 non
1587 2314 1694 2336 comedit.
1712 2314 1757 2336 Cir.
1770 2321 1840 2342 supra

996 2359 1016 2374 c.
1034 2352 1054 2374 4.
1072 2359 1094 2374 n.
1116 2353 1134 2374 l.
1150 2364 1180 2369 —
1199 2352 1309 2380 Superius
1327 2355 1379 2380 post
1396 2352 1468 2375 Iudae
1486 2353 1503 2374 D
1520 2353 1584 2375 addit
1592 2359 1639 2382 pro
1648 2353 1750 2381 pecunia
1763 2353 1841 2376 Domi-

996 2396 1054 2413 num
1072 2390 1199 2418 trudentis,
1218 2391 1268 2413 Vat.
1286 2391 1369 2413 omittit
1384 2391 1466 2421 fictae,
1484 2398 1543 2419 quae
1560 2392 1629 2413 etiam
1646 2392 1740 2413 interius
1752 2398 1795 2420 pro
1808 2392 1840 2415 ta-

997 2428 1050 2452 bori
1065 2429 1154 2452 habites
1171 2429 1288 2451 substituit
1305 2429 1454 2452 taborabiles.

1059 2467 1067 2480 ⁸
1086 2468 1199 2495 Expositio
1225 2471 1324 2496 quatuor
1350 2469 1509 2495 magistrorum
1536 2469 1558 2490 in
1576 2475 1595 2491 c.
1613 2469 1640 2491 5:
1659 2468 1768 2492 Gratiam
1785 2476 1841 2492 vero

997 2506 1124 2529 laborandi
1139 2507 1194 2529 dicit
1210 2511 1295 2533 artem,
1313 2507 1348 2529 vel
1366 2507 1513 2529 idoneitatem
1526 2513 1608 2536 ,qnam
1621 2507 1717 2536 quilibet
1728 2508 1791 2530 velut
1802 2508 1841 2530 do—

996 2551 1051 2567 num
1070 2545 1141 2573 gratis
1157 2545 1236 2567 datum
1256 2545 1324 2568 habet
1341 2552 1352 2567 a
1371 2546 1424 2569 Deo.

1059 2583 1068 2596 ⁰
1085 2584 1155 2612 Epist.
1174 2585 1187 2606 l.
1207 2584 1266 2606 Tim.
1284 2584 1310 2611 4,
1328 2585 1353 2606 8:
1372 2584 1428 2607 Nam
1446 2584 1571 2612 corporalis
1589 2585 1719 2607 exercitatio
1737 2585 1766 2608 ad
1790 2592 1842 2608 mo-

997 2623 1073 2645 dicum
1093 2623 1152 2645 utilis
1169 2626 1215 2650 est,
1233 2623 1306 2651 pietas
1324 2626 1399 2645 antem
1418 2623 1447 2645 ad
1464 2624 1539 2645 omnia
1559 2624 1618 2646 utilis
1634 2627 1668 2646 est
1685 2627 1727 2647 etc.

1060 2661 1079 2674 ¹⁰
1098 2662 1162 2684 Vers.
1179 2663 1221 2689 26,
1239 2664 1290 2690 post
1307 2668 1376 2691 quein
1395 2663 1447 2690 Sap.
1466 2663 1492 2689 8,
1508 2662 1531 2685 7.

1059 2700 1077 2713 ¹¹
1097 2701 1162 2723 Vers.
1179 2702 1220 2729 29,
1237 2701 1273 2723 cui
1292 2701 1341 2724 Vat.
1359 2704 1437 2723 contra
1455 2701 1525 2724 ACG
1538 2704 1560 2724 et
1574 2702 1610 2724 cd.
1627 2702 1632 2723 l
1648 2701 1779 2729 subiungit:
1792 2703 1840 2725 Hie-

996 2746 1107 2767 ronymus
1124 2740 1153 2762 ad
1170 2740 1317 2762 Eustochium
1328 2739 1372 2769 [?]:
1397 2740 1486 2762 Tenens
1508 2740 1650 2767 firmissime,
1676 2741 1740 2769 quod
1765 2741 1840 2764 omnis

996 2778 1197 2806 concupiscentiae
1214 2782 1235 2801 et
1253 2779 1411 2801 immunditiae
1429 2783 1450 2801 et
1467 2779 1553 2807 peccati
1573 2783 1644 2802 mater
1661 2782 1695 2802 est
1712 2780 1822 2803 otiositas.

1059 2815 1078 2829 ¹²
1089 2817 1153 2839 Vers.
1162 2817 1197 2839 17.
1206 2823 1266 2845 seq.:
1277 2818 1436 2840 immortalitas
1442 2821 1475 2840 est
1482 2818 1504 2840 in
1511 2818 1647 2846 cognatione
1653 2819 1778 2846 sapientiae
1784 2822 1839 2846 etc-,3

996 2857 1046 2879 Vat.
1059 2862 1112 2879 cum
1125 2856 1156 2878 D:
1169 2856 1344 2879 immortalitatis
1356 2859 1428 2879 mater
1439 2859 1473 2879 est
1486 2857 1507 2879 in
1516 2857 1654 2885 cogitatione
1665 2858 1774 2886 sapientia
1784 2861 1839 2885 ete.;

996 2898 1074 2917 nostra
1091 2895 1157 2917 lectio
1174 2898 1208 2917 est
1224 2895 1292 2918 codd.
1309 2894 1380 2918 ACG
1398 2898 1420 2917 et
1437 2895 1473 2918 ed.
1495 2897 1516 2923 l,
1534 2895 1619 2924 quibus
1637 2897 1748 2919 consentit
1772 2897 1840 2924 Lyra-

995 2940 1050 2961 nus;
1068 2935 1108 2956 cir.
1126 2934 1223 2960 Bonam,
1240 2933 1368 2957 Commeat.
1386 2934 1408 2956 in
1426 2935 1479 2962 Sap.
1498 2935 1524 2963 8,
1546 2935 1583 2957 17:
1603 2935 1738 2958 immortalis
1760 2939 1794 2958 est
1817 2936 1838 2958 in

995 2972 1133 2999 cogitatione
1149 2973 1274 3000 sapientiae
1292 2975 1346 3001 etc.,
1363 2976 1385 2995 et
1401 2973 1469 2997 Card.
1486 2974 1557 3001 Hug.,
1575 2974 1597 2997 in
1615 2975 1674 2997 hunc
1692 2975 1746 3002 loe,
1764 2974 1803 2998 ubi
1817 2975 1839 2997 in

996 3011 1100 3038 margine
1117 3014 1193 3033 nostra
1211 3011 1276 3034 lectio
1293 3014 1422 3035 annotatur.

1858 793 1935 812 Divisio.

1869 936 1920 955 Pars.
1932 937 1947 958 l,
1958 936 1986 955 iu-

1857 960 1944 978 soi-matio
1961 960 1986 978 ad

1857 983 1947 1002 laborem.

1859 1261 1947 1280 Rationes
1960 1261 1978 1280 ³.

1910 1961 1955 1979 Pars
1969 1961 1987 1983 2,

1854 1987 1891 2004 ires
1902 1985 1988 2004 laboran-

1854 2009 1873 2027 di
1904 2009 1987 2028 rationes

1855 2033 1971 2056 praedictae.
