2133 3317
291 223 391 251 LXVlll

288 301 512 331 calumpniatorem.
530 302 626 325 Summi
643 301 795 331 Leuislatoris
813 304 856 323 etc.
880 302 966 324 Desinit
988 303 1025 324 sol.
1044 302 1081 324 87.
1099 309 1135 324 v.:

288 350 316 371 ut
331 348 425 371 solcum
442 349 532 378 faceret
547 355 562 371 a
576 347 771 378 persequentibus
788 347 896 370 animam
913 354 1000 370 meam.

351 398 365 424 ‘gj
382 398 403 418 2.
421 395 556 426 Opuseulum
572 395 623 418 XII.
640 394 744 424 Epistola
766 394 792 417 de
815 394 891 417 tribus
913 393 1085 424 quaestionibus
1109 394 1137 417 ad

289 442 426 472 magistrum
443 442 618 465 innominatum.

352 491 500 518 Supertluum
518 493 553 512 est
574 490 732 518 quaestionem
750 489 880 515 instituere,
899 495 953 511 num
977 490 1020 511 1100
1036 494 1137 516 opuscu-

288 538 348 564 lum,
366 537 429 566 quod
448 537 541 564 incipit:
566 545 576 556 <1
590 537 731 558 innominato
754 536 866 564 magistro
883 536 990 563 spiritum
1012 535 1138 563 intelligen-

288 585 331 607 tiae
344 593 354 604 n
380 586 433 611 etc.,
451 584 481 606 sit
497 583 625 611 legitimum
639 584 815 605 Bonaventurae
839 584 959 610 scriptum.
982 582 1060 604 Nullus
1075 582 1137 604 enim

288 633 323 654 vir
351 632 455 654 cruditus
481 631 509 653 de
537 632 581 653 1100
607 637 709 659 unquam
737 630 864 657 dubitavit,
890 636 932 652 nec
958 630 1007 658 ipse
1032 629 1138 652 Oudinus

288 679 345 705 (loc.
364 679 384 701 in
403 678 416 706 Β,
434 677 581 706 praecedenti
594 678 648 706 t·il..).
667 678 712 699 lam
726 678 773 699 sola
791 677 898 699 codicum
911 676 1035 699 auctoritas
1052 676 1081 699 ad
1095 677 1138 698 1100

288 725 436 754 probandum
455 725 582 751 sufficeret,
600 724 722 746 coniuncta
740 730 793 746 cum
812 724 889 746 indole
906 723 996 751 operis,
1013 723 1138 745 01101ῐο101-

288 774 316 796 30
335 773 426 795 codices
444 773 500 794 inl'rn
520 773 603 794 relatos
620 772 641 793 in
661 771 774 793 111111111111
793 771 938 793 desideretur
957 777 1041 793 nomen
1059 773 1138 793 aucto-

287 820 331 847 ris,
348 820 389 842 sed
413 820 434 841 in
457 820 498 846 26,
521 825 621 848 quorum
649 818 712 840 multi
736 821 800 841 sunt-
815 818 882 840 valde
905 818 1005 846 antiqui,
1032 817 1139 846 explicite

287 868 447 889 Bonaxcntnra
479 866 612 888 nominetur
642 868 730 888 auctor.
755 878 786 882 —
811 866 844 887 De
871 865 993 887 occasione
1020 864 1137 887 scribendi

288 916 346 937 hanc
365 914 488 941 Epistolam
511 913 568 935 ratio
586 912 690 935 redditur
707 912 731 934 in
748 912 799 940 ipso
822 912 935 939 opusculo
958 914 980 933 et
1002 910 1137 939 praesertim

287 963 328 984 ct‘r.
346 967 401 989 pag.
419 961 472 987 332,
490 962 542 982 nota
562 960 587 987 l,
606 960 627 981 in
646 965 691 987 qua
710 962 787 981 tamen
804 958 941 986 corrigenda
959 960 1013 980 sunt
1030 957 1101 979 verba
1116 957 1139 979 li-

287 1014 344 1030 neae
362 1008 386 1034 8,
404 1008 467 1036 quod
486 1007 537 1029 cod.
555 1007 570 1028 L
588 1006 617 1028 sit
637 1014 647 1026 α
660 1006 764 1028 oninium
782 1006 879 1028 aliorum
902 1005 1017 1034 antiquior
1033 1013 1043 1025 »
1055 1022 1060 1031 ‚
1083 1004 1137 1033 quia

287 1060 368 1077 revera
387 1057 421 1076 est
438 1054 523 1076 saeculi
542 1054 592 1075 XV.
611 1054 728 1075 Praeterea
749 1055 829 1075 notatu
852 1052 949 1080 dignum
973 1054 1007 1074 est
1029 1052 1052 1074 id
1074 1051 1138 1080 quod

287 1107 340 1129 pag.
360 1101 412 1129 336,
431 1103 482 1123 nota
501 1101 522 1122 6.
540 1107 566 1123 ex
584 1100 620 1122 illo
639 1100 719 1122 codice
736 1100 877 1128 exscriptum
896 1102 938 1122 est.

569 1193 706 1224 Elenchus
726 1193 856 1223 codicum.

328 1289 346 1312 1.
365 1288 456 1312 Codices
473 1295 487 1311 a.
503 1288 567 1311 nobis
585 1295 634 1311 cum
652 1288 721 1311 textu
737 1287 866 1311 Vaticanae
883 1286 992 1310 editionis
1009 1286 1098 1310 collati.

355 1384 373 1405 1.
392 1383 476 1406 Assisii
492 1383 515 1405 in
528 1382 635 1410 Umbria,
654 1382 793 1405 bibliotheca
811 1382 970 1405 Comniunalis
985 1381 1049 1409 (olim
1067 1381 1139 1403 sancti

288 1431 429 1459 Francisci),
447 1430 499 1453 eod.
518 1431 569 1452 111.
589 1430 687 1452 membr.
705 1430 728 1452 in
746 1430 782 1452 12.
793 1436 853 1452 saec.
866 1430 926 1451 XlV.
938 1442 968 1445 —
980 1429 1079 1457 Epistola
1089 1435 1138 1451 san-

288 1479 316 1501 cti
334 1479 511 1500 Bonaventurac
529 1477 608 1505 incipit
626 1480 677 1505 post
694 1477 735 1499 alia
754 1483 825 1504 opera
842 1483 895 1499 cnm
913 1476 1017 1505 sequenti
1030 1475 1137 1498 rubrica:

288 1524 431 1555 Responsiva
449 1531 522 1554 super
539 1524 683 1554 quibusdam
695 1524 804 1547 articulis
820 1523 908 1553 requie.
922 1523 1073 1546 Innonzinato
1090 1529 1139 1545 ma-

287 1573 362 1602 qistro
374 1576 416 1595 etc.
430 1573 516 1594 Desinit
528 1572 619 1594 verbis:
637 1573 657 1595 el
668 1571 690 1595 si
706 1573 726 1595 le
743 1571 875 1599 vocaverit,
893 1577 942 1594 non
959 1576 1061 1594 recuses.
1085 1570 1138 1593 Vale

287 1620 311 1643 in
330 1620 438 1643 Domino.
456 1621 537 1642 Amen.
549 1631 580 1636 —
596 1620 612 1641 Α
630 1619 699 1642 nobis
710 1619 814 1647 signatur
830 1619 903 1641 littera
920 1619 948 1640 li.

351 1668 371 1689 2.
390 1668 513 1696 Auyustae
533 1666 699 1694 Treuirorum,
719 1665 856 1688 bibliotheca
881 1665 985 1693 Publica,
1009 1665 1062 1687 rod.
1084 1665 1139 1687 776.

289 1720 407 1743 progress.
426 1714 494 1736 1268.
512 1713 607 1736 miscell.
625 1713 646 1735 in
666 1714 686 1735 8.
704 1719 763 1735 saec.
783 1713 834 1735 XV.
852 1725 882 1729 -·-
900 1713 946 1735 Fol.
964 1712 1002 1734 81.
1019 1719 1037 1734 r.
1055 1714 1089 1734 est
1106 1718 1138 1734 se-

288 1767 363 1790 quens
380 1760 488 1782 rubrica:
508 1759 592 1789 Incipit
613 1759 724 1782 domiuus
741 1759 911 1782 Bonaveutura
937 1758 968 1782 ad
993 1758 1139 1789 maqistrum

288 1806 471 1830 innominatum.
491 1806 577 1829 Desinit
595 1807 632 1829 tol.
650 1806 688 1828 St.
706 1813 740 1828 v.:
758 1807 779 1829 et
795 1807 818 1829 si
834 1805 953 1829 vocaverit
965 1807 996 1833 Ie,
1009 1812 1056 1828 non
1073 1811 1138 1828 rccu-

290 1860 335 1878 ses.
355 1854 411 1877 Vale
429 1854 453 1877 iu
471 1853 572 1877 Domino
591 1854 650 1876 Iesu.
668 1852 781 1883 Eoeplicu.
799 1853 861 1881 Sign.
880 1853 905 1875 G.

362 1902 383 1923 3.
411 1900 559 1928 Florentiae,
1081 1899 1138 1921 Plut.

288 1949 382 1971 XXVII.
400 1948 461 1970 Doxt.
481 1948 533 1970 cod.
551 1948 578 1974 9,
595 1947 624 1970 de
642 1954 688 1976 quo
710 1947 778 1969 locuti
796 1953 878 1969 sumus
895 1953 965 1975 supra
983 1953 1037 1975 pag.
1055 1947 1137 1974 LXVl,

588 1899 726 1922 b1bli0theca
760 1900 861 1922 Mediceo
868 1912 877 1915 -
885 1899 1036 1922 Laurentiana
1045 1917 1050 1927 ‚

288 2002 311 2018 n.
337 1997 358 2017 2.
383 2007 414 2011 —-
441 1995 531 2017 initium
558 1995 627 2016 huius
652 1997 686 2016 est
711 2000 767 2022 pag.
789 1994 818 2016 59
844 2000 898 2016 cum
924 1993 1031 2016 rubrica:
1054 1993 1139 2022 Incipit

287 2044 408 2074 quoddam
426 2043 568 2073 opusculum
585 2043 670 2073 fratris
684 2043 862 2071 Bonaventure,
880 2042 999 2072 qeneralis
1015 2042 1138 2066 Miuorum

288 2091 405 2114 Fratrum
422 2090 449 2113 (Ie
466 2090 625 2113 declaratione
642 2089 795 2120 quorundam
813 2089 974 2113 articulorum
995 2089 1078 2119 reaule
1094 2089 1138 2112 Mi-

288 2144 377 2160 notum
394 2138 518 2160 Fratrum.
537 2137 687 2160 Inuominato
705 2136 822 2166 mayistro
840 2140 882 2159 etc..
901 2137 987 2159 Desinit
1003 2143 1058 2164 pag.
1083 2138 1137 2159 122:

287 2191 335 2207 uon
364 2190 464 2207 recuses.
492 2183 597 2213 E-vplicit
624 2183 754 2206 teliminatio
778 2189 891 2207 errorum
915 2183 1028 2213 nitigyistri
1052 2185 1138 2207 contra

290 2231 406 2261 Reyetlam
429 2230 490 2254 beati
511 2230 646 2258 Fraucisci,
672 2230 773 2253 Domino
796 2230 953 2260 respondente
974 2237 1019 2260 per
1040 2237 1138 2254 serrum

287 2285 361 2302 suum
384 2278 592 2306 Bouuveutiuum,
611 2277 652 2307 qui
671 2279 727 2301 tuuc
746 2277 811 2300 rea-it
833 2277 951 2300 I'arisz‘us.
970 2278 1017 2300 Deo
1037 2277 1137 2307 oratius.

287 2326 350 2353 Sign.
363 2326 388 2347 B.

352 2373 372 2395 4.
391 2372 490 2401 Ibidem,
510 2373 565 2395 rint.
584 2373 668 2395 XXXl.
685 2373 734 2395 Sin.
751 2373 803 2395 cod.
821 2373 843 2395 3.
860 2372 959 2395 membr.
979 2372 1001 2394 in
1022 2373 1059 2395 sol.
1077 2378 1137 2395 saec.

288 2420 349 2442 XIV.
369 2423 421 2448 post
440 2420 594 2442 medietatem.
606 2432 636 2436 —
648 2420 696 2441 Hoc
713 2419 852 2447 opusculum
870 2419 970 2441 occurrit
987 2419 1024 2441 tol.
1040 2419 1089 2441 195.
1106 2425 1137 2446 r.,

288 2468 417 2496 praemisso
440 2467 520 2490 titulo:
544 2466 580 2490 Ad
604 2466 781 2490 innominatum
807 2466 960 2496 moyistrum.
986 2466 1136 2489 quominato

287 2514 404 2543 mouisti-o
421 2514 498 2543 frater
511 2514 680 2537 Bouurentura
696 2513 809 2543 spiritum
826 2516 868 2536 etc.
885 2514 970 2536 Desinit
987 2514 1022 2536 tol.
1037 2514 1090 2536 196.
1101 2520 1136 2536 v.:

288 2562 309 2583 et
325 2560 347 2583 si
362 2560 493 2589 voccwertt,
511 2567 560 2584 non
577 2567 678 2584 recuses.
696 2560 751 2583 Vale
768 2561 790 2583 in
809 2561 917 2584 Domino.
933 2562 1016 2584 Anien.
1033 2561 1096 2589 Sign.
1112 2561 1136 2584 C.

352 2608 513 2631 5.]11ωιασΙιιϊ
536 2608 558 2630 in
585 2609 693 2635 Bavaria,
718 2608 857 2631 bibliotheca
884 2609 966 2637 Regia,
992 2608 1043 2631 cod.
1067 2609 1137 2631 8090,

288 2657 360 2678 chart.
378 2656 399 2678 in
420 2656 441 2677 1.
461 2661 520 2678 saec.
540 2656 590 2678 XV.
608 2658 659 2678 ante
677 2656 832 2678 medictatem.
845 2668 875 2672 —
887 2656 935 2678 Hoc
952 2656 1091 2684 opusculum
1105 2656 1137 2678 in-

287 2702 344 2730 cipit
361 2703 399 2724 sol.
417 2702 453 2724 [12.
471 2708 502 2730 r.7
521 2702 647 2730 praemissa
665 2702 769 2730 sequenti
787 2701 895 2724 rubrica:
913 2702 1000 2725 Frater
1017 2702 1137 2725 Bouaueu-

288 2750 344 2771 ειη-(1
363 2750 447 2771 contra
465 2748 582 2778 quosdam
610 2748 708 2778 regyulae
731 2748 885 2771 detractores.
910 2748 1061 2771 Inuomiuato
1086 2754 1137 2770 ma-

288 2796 363 2825 aistro
380 2798 421 2818 etc.
442 2796 527 2818 Desinit
544 2797 581 2818 sol.
600 2796 635 2818 4-9.
656 2802 690 2818 v.:
708 2797 729 2819 et
745 2795 766 2819 si
783 2797 803 2819 te
822 2795 949 2824 vocaverit,
970 2802 1019 2819 nou
1035 2801 1137 2819 recuses.

288 2844 372 2866 Amen.
390 2842 497 2872 Explicit
514 2842 643 2866 eliminatio
661 2849 776 2866 errorum
787 2842 900 2872 maslislri
916 2842 1041 2866 cuiusdam
1053 2844 1138 2866 eontra

288 2889 404 2919 Requlam
417 2888 478 2912 beuti
489 2889 620 2917 Francis-ci,
635 2889 733 2912 Domino
746 2888 891 2917 concedente,
900 2895 945 2918 per
957 2895 1054 2912 servum
1065 2895 1137 2912 suum

288 2936 391 2965 fratrem
410 2937 605 2959 Bonaueuturam
623 2936 765 2966 composita,
784 2936 826 2966 qui
842 2938 898 2959 tunc
915 2936 980 2959 rescit
996 2936 1106 2959 Parisius
1117 2937 1138 2959 et

288 2984 368 3012 postea
380 2983 459 3012 sactus
469 2984 503 3006 est
512 2982 619 3007 lilinisler
632 2983 750 3013 gyeueralis
762 2983 875 3013 septimus
886 2991 902 3008 a
911 2983 1030 3013 principio
1041 2982 1137 3006 Ordinis

996 224 1241 253 PROLEGOMENA
1262 224 1290 253 C.
1314 225 1343 253 ll.

1194 302 1315 326 Illinorum
1326 304 1350 326 et
1360 303 1438 327 decem
1450 306 1473 327 et
1488 305 1538 327 octo
1551 304 1621 327 divtis
1637 304 1768 327 salubriter
1784 305 1874 334 prefuit
1885 306 1907 328 ct
1923 305 2042 329 ministra-

1193 349 1225 372 vit
1239 349 1324 373 Ordini
1340 352 1361 373 et
1370 352 1452 380 postea
1469 352 1503 374 est
1514 351 1592 381 fuctus
1609 351 1741 375 cardinalis
1754 353 1777 375 et
1789 351 1920 381 episcopus.
1938 352 2001 380 Sign.
2015 353 2041 375 D.

1257 396 1278 418 6.
1297 396 1396 425 Ibidem,
1413 398 1465 420 cod.
1483 397 1569 420 23446.
1586 398 1686 420 membr.
1703 399 1725 420 in
1743 399 1764 420 8.
1781 404 1843 421 saec.
1858 398 1917 420 XlV.
1935 399 2041 421 ineuntis.

1195 455 1223 458 —
1242 443 1323 470 incipit
1338 445 1477 471 opusculum
1497 445 1534 467 sol.
1555 445 1604 467 133.
1617 452 1639 467 v.
1657 446 1707 467 sine
1725 446 1769 467 ullo
1793 446 1871 467 titulo:
1890 445 2041 469 Inuominato

1193 489 1310 519 mouisti-o
1327 493 1369 512 etc.
1388 491 1473 513 Desinit
1492 492 1528 514 sol.
1548 492 1600 514 t37.
1617 498 1635 514 r.
1653 498 1705 514 cuni
1724 492 1858 515 additione:
1876 492 1980 521 Emplicit
2002 492 2041 515 eli-

1193 535 1292 559 minatio
1315 542 1428 560 errorum
1453 537 1565 567 maqistri
1585 538 1730 561 innominati
1748 541 1832 562 contra
1848 539 1964 568 Requtam
1982 539 2044 562 beati

1194 582 1331 610 Francisci,
1344 583 1446 606 Domino
1463 584 1617 613 respondente
1633 591 1675 614 per
1692 592 1789 608 servum
1806 592 1878 608 suum
1896 586 2042 609 Bonaventu-

1193 636 1256 652 ram.
1268 643 1299 646 —-
1317 630 1398 653 Cessat
1413 630 1509 660 pictura
1526 631 1605 654 divino
1622 632 1732 662 dogmate
1746 639 1810 662 pura
1828 646 1859 650 —
1876 639 1951 663 quam
1967 633 2042 656 Bona-

1195 679 1295 700 veutura
1314 677 1422 707 dapiuoeit
1437 684 1486 701 non
1502 678 1552 701 sine
1569 684 1637 702 cura.
1654 680 1719 708 Sign.
1737 681 1761 702 E.

1257 725 1280 747 7.
1297 724 1396 753 Ibidem,
1414 725 1467 747 cod.
1490 726 1579 754 23595,
1602 726 1655 748 011111
1677 726 1809 749 Conventus
1833 727 1905 750 sancti
1927 727 2042 750 Francisci

1196 772 1341 800 Assisiensis,
1359 773 1458 795 membr.
1476 773 1497 795 in
1516 773 1538 795 8.
1559 778 1620 795 saec.
1642 773 1698 795 Xlll.
1723 774 1832 796 exeuntis.
1850 786 1880 790 —
1897 774 1945 796 Fol.
1962 773 2000 796 51».
2024 780 2042 796 r.

1195 826 1278 842 manus
1295 820 1347 842 aevi
1365 820 1500 848 posterioris
1521 820 1635 847 opusculo
1660 821 1779 848 praemisit
1803 820 1938 843 rubricam:
1959 820 2044 850 Incipit

1195 866 1294 896 epistola
1305 867 1390 896 fratris
1404 867 1582 895 Bouauenture,·
1597 873 1670 896 quam
1687 867 1750 890 misit
1762 867 1858 891 cuidam
1875 867 1991 897 maqistro
2003 873 2043 890 su-

1192 919 1237 943 per
1255 913 1332 936 dubiis
1349 913 1419 936 motis
1437 913 1466 936 ab
1488 913 1538 943 ipso
1561 913 1587 936 iu
1604 914 1694 943 Requla
1716 913 1778 937 beuti
1800 914 1930 937 Francisei.
1956 914 2043 937 Desinit

1196 961 1232 982 sol.
1250 960 1288 983 55.
1300 966 1334 982 r.:
1352 966 1400 983 uon
1418 966 1518 983 recuses.
1542 960 1597 983 Vale
1614 960 1638 983 iu
1655 960 1763 983 Domino.
1783 962 1865 984 Amen.
1883 961 1946 989 Sign.
1964 962 1987 984 F.

1259 1008 1280 1029 8.
1297 1006 1410 1035 Parisiis,
1429 1006 1567 1030 bibliotheca
1586 1008 1736 1034 lllazzarinea,
1754 1008 1805 1031 cod.
1825 1009 1892 1030 1129.
1911 1008 2009 1031 membr.
2021 1008 2044 1031 in

1196 1054 1217 1077 4.
1234 1061 1294 1077 saec.
1314 1054 1365 1077 XV.
1382 1067 1413 1070 —
1430 1055 1476 1076 Fol.
1494 1055 1530 1076 89.
1548 1061 1567 1077 r.
1585 1055 1685 1077 occurrit
1700 1054 1792 1077 rubrica
1806 1055 1874 1077 huius
1891 1055 1995 1083 opusculi
2008 1056 2043 1078 his

1195 1101 1289 1124 verbis:
1312 1101 1464 1125 Devotissimi
1487 1101 1590 1125 doctoris
1615 1101 1706 1125 domini
1729 1102 1895 1125 Bonaventure
1919 1101 1951 1125 ad
1972 1108 2044 1132 quen-

1195 1149 1250 1172 dam
1268 1149 1414 1178 maaistrum
1432 1148 1592 1172 Parisiensem
1609 1149 1706 1178 epistola
1725 1149 1752 1172 [le
1769 1149 1912 1179 quibusdam
1933 1149 2042 1173 articulis

1195 1195 1282 1226 Requle
1299 1196 1417 1219 Fratrum
1439 1195 1569 1219 Minormn.
1594 1196 1679 1218 Desinit
1696 1197 1732 1218 sol.
1750 1196 1787 1218 93.
1809 1203 1844 1218 v.:
1867 1196 1923 1219 Vale
1944 1195 1969 1219 iu
1986 1197 2041 1219 Xto.

1195 1245 1278 1267 Amen.
1296 1244 1326 1265 Ex
1344 1244 1387 1265 1100
1404 1243 1456 1265 cod.
1474 1246 1549 1265 sumta
1567 1246 1602 1265 est
1618 1243 1724 1271 specialis
1738 1243 1825 1266 additio
1844 1249 1897 1271 pag.
1914 1243 1972 1271 336,
1990 1246 2043 1266 nota

1195 1292 1217 1313 6.
1237 1290 1306 1313 huius
1323 1290 1457 1312 voluminis.
1474 1290 1538 1318 Sign.
1556 1290 1579 1312 L.

1258 1338 1280 1359 9.
1307 1337 1406 1365 Romae,
1432 1336 1571 1359 bibliotheca
1596 1337 1668 1359 sancti
1694 1336 1773 1359 isidori
1798 1336 1965 1365 Hibernorum,
1991 1337 2043 1359 cod.

1196 1385 1266 1408 modo
1284 1385 1306 1407 5.
1318 1391 1378 1407 saec.
1392 1385 1451 1407 XVl.
1463 1397 1494 1401 —
1511 1385 1654 1413 Opuscnlum
1672 1387 1706 1406 est
1718 1384 1756 1407 sol.
1770 1384 1807 1407 5l.
1823 1391 1846 1407 v.
1863 1384 1907 1407 sub
1920 1384 1996 1407 titulo:
2009 1385 2045 1407 In-

1195 1432 1250 1462 cipit
1267 1431 1396 1455 declaratio
1406 1431 1483 1455 saucti
1495 1432 1660 1454 Bonaceuture
1671 1437 1744 1461 super
1757 1430 1832 1454 tribus
1841 1431 1938 1460 punctis
1949 1431 2044 1460 Reyule.

1196 1479 1348 1503 Iunominato
1365 1478 1482 1508 maffl'slro
1500 1481 1542 1501 etc.
1562 1479 1648 1501 Desinit
1665 1479 1702 1501 sol.
1720 1479 1757 1501 58.
1776 1481 1800 1501 ut
1817 1479 1839 1500 in
1857 1479 1931 1501 editis.
1944 1478 2009 1506 Sign.
2028 1479 2043 1501 Ι.

1263 1527 1295 1548 10.
1314 1525 1414 1553 Ibidem,
1432 1526 1484 1547 cod.
1502 1526 1541 1548 77.
1558 1526 1629 1548 chart.
1647 1531 1706 1548 suec.
1726 1526 1777 1547 XV.
1793 1538 1824 1541 —
1841 1525 1889 1548 Fol.
1909 1526 1962 1547 221.
1984 1531 2002 1547 r.
2019 1525 2043 1547 in

1195 1574 1317 1602 superiore
1334 1573 1441 1601 margine
1452 1573 1548 1601 legitur:
1563 1572 1739 1596 Declarationes
1752 1572 1813 1595 beuti
1828 1573 1995 1596 Bonaventure
2006 1578 2044 1596 su-

1193 1628 1238 1651 per
1255 1622 1302 1644 tres
1319 1620 1435 1644 articulos
1454 1620 1547 1650 Regale.
1565 1620 1663 1643 Primus
1680 1619 1808 1643 articulus.
1827 1619 1977 1643 Iunominato
1995 1625 2044 1642 ma-

1195 1667 1271 1697 qis-tro
1289 1671 1331 1690 etc.
1349 1667 1436 1690 Desinit
1448 1668 1485 1689 sol.
1497 1667 1551 1689 221.
1568 1672 1604 1689 v.:
1617 1673 1663 1690 non
1681 1673 1783 1690 recuses.
1800 1666 1855 1690 Vale
1872 1666 1897 1690 iu
1909 1666 2010 1690 Domino
2022 1668 2045 1689 et

1196 1720 1240 1737 ora
1255 1720 1302 1744 pro
1320 1720 1364 1736 me.
1384 1713 1489 1743 Explicit
1503 1713 1615 1743 apologa'a
1632 1715 1675 1737 etc.
1693 1714 1757 1741 sign.
1774 1714 1801 1736 111.

1261 1762 1298 1783 11.
1316 1760 1416 1789 Ibidem,
1442 1761 1495 1783 cod.
1521 1761 1557 1783 45.
1583 1762 1654 1783 chart.
1675 1767 1735 1783 saec.
1758 1760 1810 1783 XV.
1827 1773 1857 1777 —
1874 1761 1921 1783 Fol.
1946 1760 1983 1782 55.
2009 1766 2042 1782 r.:

1198 1808 1308 1838 Epistola.
1320 1808 1406 1838 fratris
1428 1809 1595 1831 Bouaztenture
1617 1807 1736 1837 yeueralis
1753 1807 1870 1835 illinisti-i,
1889 1813 1961 1837 quam
1981 1806 2046 1830 misit

1195 1854 1291 1878 cuidam
1313 1854 1430 1885 magistro
1447 1861 1519 1884 super
1537 1853 1613 1877 dubiis
1635 1854 1704 1877 motis
1721 1853 1813 1884 abipso
1835 1853 1860 1876 in.
1877 1853 1966 1883 Requla
1984 1853 2046 1877 beati

1195 1901 1327 1925 Francisci.
1345 1902 1432 1924 Desinit
1455 1902 1493 1924 tol.
1511 1902 1547 1924 58.
1566 1908 1597 1924 r.:
1614 1907 1663 1924 nou
1680 1907 1782 1925 recuses.
1808 1900 1864 1924 Vale
1890 1901 1914 1924 in
1936 1900 2043 1924 Domino.

1197 1950 1278 1972 Amen.
1296 1949 1359 1977 Sign.
1378 1949 1403 1971 V.

1263 1997 1296 2018 12.
1314 1995 1415 2024 Ibidem,
1436 1996 1488 2018 cod.
1511 1996 1548 2018 84.
1566 1997 1659 2019 miscell.
1686 1996 1708 2018 in
1736 1997 1769 2019 12.
1795 2002 1855 2019 saec.
1881 1996 1932 2018 XV.
1949 2008 1980 2012 —
1996 1996 2044 2018 Fol.

1195 2043 1249 2065 362,
1261 2049 1285 2065 v.
1297 2045 1330 2065 est
1347 2043 1439 2065 rubrica
1453 2043 1521 2065 huius
1533 2043 1638 2071 opusculi
1651 2043 1686 2065 his
1698 2043 1789 2066 verbis:
1807 2043 1910 2066 Sanctus
1925 2043 2045 2066 Bonaven-

1195 2091 1251 2112 tura
1264 2095 1337 2119 super
1350 2089 1426 2112 tribus
1435 2089 1532 2119 punctis
1544 2089 1631 2119 Reaule
1646 2089 1794 2113 iunominato
1816 2089 1941 2119 muyistro.
1957 2090 2045 2112 Desinit

1195 2136 1231 2158 tol.
1250 2136 1303 2158 369.
1321 2143 1356 2158 v.:
1374 2142 1423 2159 nou
1438 2142 1541 2159 recuses.
1562 2136 1617 2159 Vale
1634 2136 1658 2159 in
1678 2136 1785 2160 Domino.
1801 2137 1883 2160 Amen.
1903 2137 1966 2165 Sign.
1982 2137 2008 2160 O.

1259 2184 1296 2205 13.
1314 2183 1413 2212 Ibidem,
1427 2183 1564 2206 bibliotheca
1577 2184 1631 2206 olim
1644 2184 1776 2212 Principum
1789 2184 1980 2212 Burghesiorum,
1992 2185 2043 2207 cod.

1194 2231 1247 2253 271.
1266 2230 1364 2253 membr.
1377 2231 1400 2253 in
1413 2232 1435 2253 8.
1446 2237 1507 2253 saec.
1519 2231 1579 2253 XIV.
1592 2244 1622 2248 —
1634 2232 1695 2254 Haec
1712 2232 1809 2260 epistola
1826 2232 1907 2260 incipit
1922 2232 1959 2254 tol.
1970 2232 2009 2255 55.
2020 2238 2044 2254 v.

1194 2279 1244 2301 sine
1261 2279 1305 2301 ulla
1323 2278 1415 2301 rubrica
1434 2285 1475 2307 per
1494 2278 1577 2301 verba:
1595 2279 1747 2302 Innominato
1765 2279 1881 2309 mauistro
1898 2282 1941 2302 etc.
1958 2279 2045 2302 Desinit

1195 2327 1232 2348 sol.
1250 2326 1287 2348 57.
1305 2333 1343 2348 v..-
1359 2326 1381 2349 si
1397 2327 1418 2349 te
1434 2326 1566 2354 vocaverit,
1584 2332 1633 2349 uon
1649 2332 1752 2349 recuses.
1771 2327 1835 2354 Sign.
1853 2327 1880 2349 H.

1259 2373 1295 2395 ll.
1319 2372 1490 2403 Wolfenbutae,
1517 2373 1654 2396 bibliotheca
1682 2374 1785 2401 Ducalis,
1813 2374 1865 2396 cod.
1890 2374 1963 2396 Helm.
1990 2374 2042 2396 680.

1194 2421 1267 2442 chart.
1285 2420 1308 2442 in
1327 2420 1348 2442 4.
1365 2426 1425 2442 saec.
1444 2420 1495 2443 XV.
1512 2433 1542 2436 —
1559 2421 1606 2442 Hoc
1631 2421 1770 2448 opusculum
1791 2420 1871 2448 incipit
1888 2421 1925 2443 sol.
1950 2421 2003 2443 116.
2024 2427 2042 2443 1.

1193 2473 1246 2489 011111
1260 2468 1303 2489 hac
1314 2466 1419 2489 rubrica:
1428 2466 1545 2490 Dominus
1555 2467 1725 2489 Houauentura
1738 2466 1869 2490 cardinalis
1881 2468 1966 2490 coulra
1975 2473 2042 2497 quos-

1193 2514 1249 2537 dam
1267 2514 1353 2544 Ileyztle
1377 2514 1529 2537 detractores.
1556 2515 1642 2537 Desinit
1668 2515 1704 2537 sol.
1724 2515 1776 2537 120.
1801 2521 1839 2537 v.:
1865 2520 1914 2538 nou
1937 2521 2040 2538 recuses.

1194 2563 1280 2589 Amen,
1292 2567 1345 2584 cum
1358 2561 1440 2583 eadem
1453 2561 1583 2584 additione:
1600 2561 1704 2591 Eaeplicit
1716 2561 1845 2584 elimiualio
1860 2567 1974 2585 errorum
1985 2564 2040 2589 etc.⁵

1192 2615 1253 2638 quae
1271 2608 1369 2631 habetur
1387 2609 1410 2630 in
1427 2609 1479 2631 cod.
1496 2615 1518 2630 n.
1537 2608 1558 2630 5.
1577 2608 1640 2636 Sign.
1659 2610 1684 2631 Α.

1257 2656 1338 2684 Quoad
1357 2656 1490 2678 relationem
1500 2673 1506 2682 ‚
1519 2662 1590 2684 qnam
1608 2656 1630 2678 hi
1642 2656 1735 2678 codices
1748 2656 1821 2678 collati
1839 2656 1896 2678 inter
1908 2662 1933 2678 se
1945 2655 2042 2683 habent,

1193 2710 1240 2725 non
1258 2703 1377 2731 potuimus
1394 2703 1537 2730 distinguere
1559 2705 1700 2725 constantem
1720 2703 1857 2725 familiarum
1877 2703 2042 2730 differentiam

1193 2753 1293 2772 attamen
1311 2750 1356 2772 iam
1375 2756 1401 2772 ex
1423 2750 1579 2778 descriptione
1595 2750 1703 2772 codicum
1729 2753 1838 2778 apparet,
1860 2750 1882 2772 in
1899 2750 1970 2772 rebus
1987 2750 2043 2772 acci-

1193 2797 1325 2819 dentalibus
1347 2798 1425 2825 plures
1443 2797 1518 2825 magis
1541 2798 1597 2820 inter
1615 2804 1639 2820 se
1651 2798 1789 2825 convenire,
1808 2800 1832 2820 ut
1843 2804 1869 2820 ex
1884 2797 1967 2819 eodem
1981 2798 2043 2819 tonte

1193 2843 1316 2866 videantur
1333 2849 1384 2865 esse
1400 2843 1504 2865 derivati.
1523 2843 1629 2866 Ceterum
1648 2845 1695 2865 tere
1712 2849 1793 2866 omnes
1813 2844 1835 2865 in
1858 2843 1914 2866 locis
1936 2843 2043 2871 plurimis

1193 2896 1253 2919 quos
1271 2890 1425 2917 mutavimus,
1442 2890 1565 2913 discedunt
1576 2890 1606 2913 ab
1623 2891 1690 2913 editis
1708 2894 1730 2913 et
1746 2891 1768 2913 in
1789 2890 1859 2913 rebus
1876 2890 1970 2913 minutis
1992 2896 2042 2912 sen-

1193 2943 1245 2959 sum
1259 2943 1303 2959 non
1315 2936 1465 2959 alterantibus
1481 2936 1595 2959 insolitam
1611 2936 1723 2965 praebent
1735 2937 1904 2960 multitudinem
1916 2937 2041 2959 lectionum

1194 2983 1333 3006 variantium
1356 2984 1405 3012 (cfr.
1422 2990 1476 3012 pag.
1494 2984 1553 3011 331,
1570 2987 1624 3007 nota
1643 2985 1661 3006 l.
1678 2985 1700 3006 in
1719 2984 1781 3013 fine).

1766 3042 1776 3051 n
