2133 3317
111 299 243 327 Nonnamantis

136 328 219 342 mlsel'la-

157 537 244 556 Pei-secte

111 561 193 580 amantis
202 561 245 579 hea-

112 585 180 603 titudo.

113 1194 177 1213 Verba
192 1193 246 1212 Pauli

121 1223 163 1237 cum
188 1217 246 1240 expli-

120 1242 194 1260 catione
201 1241 247 1260 Gre-

121 1265 176 1289 gorii.

133 1926 243 1950 Despicieu-

113 1950 149 1969 dus
156 1952 184 1970 est
191 1955 243 1969 mun-

113 1974 155 1993 dus.

260 214 298 243 [14

256 292 393 321 virtutum
409 291 513 320 obtinet
528 289 714 326 principatum
726 300 752 316 ».
769 304 806 309 ——
821 287 843 315 O
858 295 942 324 quam
961 287 1045 316 miser
1060 290 1110 321 est,

257 339 337 369 cuius
358 339 467 368 animus
489 345 533 366 res
555 335 721 372 temporales
736 343 785 372 per
807 342 930 363 amorem
952 334 1111 370 complecti-

257 390 317 421 tur,
346 393 418 423 quae
443 392 535 413 «cum
565 383 659 411 labore
687 382 889 419 acquiruntur,
919 389 985 410 cum
1010 381 1111 410 timore

258 433 447 471 possidentur,
471 438 533 460 cum
556 430 651 458 dolore
672 429 862 457 amittuntur¹
878 430 904 457 »1

336 480 382 508 [16.
405 478 457 507 Sed
482 489 495 502 ι(
511 478 609 505 beatus
631 479 674 505 est
695 476 742 513 qui
764 478 839 504 amat
859 477 901 509 te,
929 475 1062 509 Domine,
1083 477 1111 503 et

256 527 400 557 inimicum
423 528 538 563 propter
569 527 596 552 te
621 527 648 552 et
669 523 789 552 amicum
822 523 849 551 in
871 526 917 557 te,
940 522 1016 551 solus
1037 522 1110 551 enim

257 574 367 604 nullum
388 580 484 602 carum
503 570 604 599 amittit
625 570 671 599 0111
692 578 788 599 01111105
808 570 836 598 in
858 572 886 598 te
907 569 964 598 cari
982 572 1056 598 sunt.
1073 570 1110 598 Te

257 630 324 651 vero
345 628 426 649 nemo
454 618 567 652 amittit,
589 618 641 646 nisi
664 618 712 655 qui
741 621 768 646 te
788 617 918 651 dimittit,
940 616 988 654 qui
1016 619 1110 645 autem

257 672 284 697 te
298 666 411 696 dimittit
425 673 481 703 quo
496 665 559 699 ibit,
574 664 626 693 nisi
649 672 665 692 a
679 667 705 692 te
721 663 828 700 placido
842 663 877 692 ad
894 666 921 692 te
935 663 1038 692 iratum
1050 664 1061 679 2
1073 675 1087 689 »
1099 666 1109 691 2

257 714 440 752 Augustinus:
461 724 474 737 ct
486 712 577 741 Minus
595 714 622 740 te
636 714 710 739 amat
724 711 772 748 11111
788 710 893 748 aliquid
914 713 1007 739 tecum
1023 713 1109 745 amat,

257 761 333 799 quod
350 762 465 797 propter
486 762 513 788 te
541 767 596 787 non
617 761 700 786 amat.
723 757 746 786 Ο
765 758 879 792 caritas,
907 765 979 794 quae
1000 765 1110 794 semper

257 808 338 837 ardes
352 810 379 836 et
400 814 544 843 nunquam
559 805 765 842 exstingueris;
788 804 901 839 caritas,
920 804 995 833 Deus
1016 812 1109 838 1110115,

257 855 375 884 accende
395 862 453 888 me,
468 856 500 882 ut
521 853 676 882 contineam
698 860 714 881 a
731 852 955 889 concupiscentia
976 852 1080 886 carnis,
1095 860 1111 880 a

258 901 481 939 concupiscentia
502 901 649 929 oculorum
666 903 693 929 et
707 900 857 928 ambitione
878 899 1019 928 saeculi».
1035 898 1111 928 Unde

258 949 409 987 Gregorius
427 949 454 977 iu
470 948 620 977 Moralibus
631 948 655 975 ³:
682 959 696 972 α
708 948 796 984 Quam
817 947 884 976 felix
900 950 927 976 et
948 955 1032 984 quam
1047 946 1111 975 bea-

258 1000 304 1025 tus
325 999 379 1030 est,
401 995 449 1032 qui
478 995 506 1023 in
528 994 586 1023 solo
607 994 779 1023 aeternitatis
800 994 937 1023 desiderio
964 1001 1014 1031 per
1036 1001 1111 1022 amo-

258 1051 318 1073 rem
340 1043 448 1080 figitur,
470 1043 518 1079 qui
543 1049 593 1070 nec
615 1042 799 1078 prosperitate
821 1041 966 1070 extollitur
992 1048 1043 1070 1100
1064 1040 1111 1069 ad-

258 1090 389 1120 versitate
414 1093 577 1127 quassatur,
606 1092 633 1118 et
653 1088 720 1117 dum
749 1089 818 1117 nihil
847 1088 931 1117 habet
952 1088 980 1117 in
1008 1088 1112 1116 mundo

258 1138 331 1175 quod
354 1138 461 1175 diligat,
483 1137 552 1166 nihil
567 1137 651 1166 estin
665 1136 783 1171 mundo,
798 1136 872 1173 quod
895 1136 1110 1173 pertimescat».

259 1203 297 1206 —-
312 1186 413 1214 Paulus
428 1185 454 1213 in
471 1185 591 1222 Epistola
601 1186 626 1213 4:
651 1184 771 1213 Caritas
783 1184 900 1221 patiens
916 1187 970 1218 est,
987 1183 1112 1221 1101119110

259 1237 313 1267 est,
334 1241 393 1262 11011
414 1232 595 1266 carnidatur,
616 1240 676 1260 non
693 1231 828 1268 inflatur,
850 1240 909 1259 non
931 1231 993 1268 0911
1011 1239 1112 1268 perpe-

258 1289 341 1315 ram,
362 1289 422 1308 non
446 1283 486 1308 est
517 1279 691 1313 ambitiosa,
714 1287 772 1307 non
804 1278 921 1317 quaerit
951 1287 1026 1316 qaae
1053 1286 1112 1306 sna

259 1331 341 1362 sant,
363 1336 422 1355 non
437 1326 594 1360 irritatur,
616 1335 674 1355 non
689 1326 797 1363 0091101
813 1326 942 1360 malum,
963 1334 1023 1354 non
1036 1334 1112 1363 9011-

259 1375 304 1403 1101
317 1383 407 1411 saper
422 1373 592 1412 iniquitate,
608 1372 772 1410 0011901111οῐ
785 1376 884 1401 01110111
895 1372 1020 1401 veritati.
1034 1372 1113 1409 Quod

259 1421 410 1459 Gregorius
431 1421 459 1450 in
481 1421 650 1450 Moralibus⁵
675 1420 790 1457 exponit
814 1420 927 1449 dicens:
961 1431 976 1445 «
990 1420 1112 1449 Patiens

819 209 1017 238 OPUSCULUM
1039 208 1068 237 ll.
1091 208 1323 245 SOLILOQUIUM.
1346 209 1414 237 CAP.
1437 209 1465 238 ll.

1169 287 1272 324 quippe
1293 291 1333 315 est
1347 287 1472 322 caritas,
1487 288 1553 325 quia
1567 288 1642 317 illata
1664 289 1736 317 [nala
1756 289 1958 325 aequanimiter
1980 292 2019 317 to-

1168 335 1247 363 lerat.
1271 334 1404 372 Beniyna
1425 338 1480 369 est,
1495 335 1561 372 quia
1581 343 1633 372 pro
1650 335 1730 364 malis
1750 335 1823 364 bona
1841 336 1953 373 largiter
1968 336 2020 364 mi-

1168 381 1276 410 nistrat.
1294 381 1358 409 Non
1377 381 1561 416 aemulatur,
1576 382 1642 419 quia
1662 390 1712 419 per
1727 382 1793 416 hoc,
1808 382 1883 419 quod
1897 382 1924 410 in
1940 390 2019 419 prae-

1168 429 1238 458 senti
1260 429 1364 457 mundo
1382 428 1452 457 nihil
1473 429 1589 466 appetit,
1611 429 1735 458 invidere
1749 429 1868 458 terrenis
1887 429 2020 458 successi-

1167 475 1221 504 bus
1236 475 1331 504 nescit.
1351 474 1417 503 Non
1434 474 1570 512 inflatur,
1585 475 1664 512 quia,
1679 483 1742 504 cum
1759 475 1917 512 praemium
1931 478 2020 504 aeter-

1168 530 1219 551 nae
1241 522 1434 551 retributionis
1454 522 1539 550 anxia
1559 522 1713 556 desiderat,
1734 522 1769 551 de
1792 522 1870 550 bonis
1892 530 1920 551 se
1942 525 2019 551 exte-

1169 569 1291 598 rioribus
1312 578 1367 598 non
1388 570 1502 598 exaltat.
1525 569 1590 597 Non
1605 569 1668 606 0911
1680 577 1854 606 perperam,
1870 569 1949 606 quia,
1964 578 2020 606 quo

1168 625 1197 645 se
1219 617 1246 645 in
1268 617 1358 645 solnm
1387 617 1434 645 Dei
1457 624 1488 645 ac
1516 616 1638 653 proximi
1660 624 1784 644 amorem
1804 615 1913 650 dilatat,
1939 616 2020 653 quid-

1167 664 1235 701 quid
1256 672 1272 692 a
1293 663 1460 692 rectitudine
1481 663 1620 700 discrepat
1640 662 1757 700 ignorat.
1780 662 1846 691 Non
1866 666 1907 691 est
1927 662 2020 691 ambi-

1168 711 1257 745 tiosa,
1279 711 1358 748 quia,
1380 719 1436 748 quo
1451 710 1581 739 ardenter
1602 710 1678 739 intus
1699 709 1734 738 ad
1748 718 1799 738 sua
1820 710 1931 747 satagit,
1953 710 2020 739 foris

1168 758 1327 787 nullatenus
1348 758 1437 786 aliena
1452 757 1630 794 concupiscit.
1653 756 1719 785 Non
1740 757 1857 795 qaaerit
1874 765 1949 794 qaae
1963 765 2021 786 sua

1167 809 1253 840 sant,
1282 805 1348 842 quia
1375 808 1493 839 cuncta,
1522 812 1594 842 quae
1625 804 1670 833 hic
1695 804 1855 833 transitorie
1882 803 2019 840 possidet,

1168 853 1245 882 velut
1265 853 1354 882 aliena
1375 853 1504 890 negligit,
1523 860 1587 881 cum
1602 851 1671 881 nihil
1686 859 1745 881 esse
1760 859 1844 880 suum
1858 852 2020 889 proprium,

1168 900 1220 929 nisi
1241 899 1316 937 quod
1344 907 1439 928 secum
1467 901 1640 936 permaneat,
1662 899 1794 935 agnoscit.
1825 897 1891 926 Non
1917 898 2021 926 irrita-

1169 951 1229 981 tur,
1251 947 1317 983 quia
1338 949 1365 975 et
1386 946 1496 975 iniuriis
1521 946 1659 980 lacessita,
1681 945 1716 974 ad
1736 945 1827 974 nullos
1848 953 1878 974 50
1905 945 2019 974 ultionis

1168 997 1262 1023 motus
1293 994 1412 1027 excitat,
1444 993 1511 1022 dum
1532 1001 1583 1030 pro
1616 992 1722 1030 magnis
1752 992 1895 1021 laboribus
1916 992 2021 1020 maiora

1170 1044 1230 1078 post
1251 1041 1374 1078 praemia
1395 1043 1547 1077 exspectat.
1570 1039 1635 1068 Non
1657 1039 1765 1077 0091101
1786 1039 1916 1073 1110111111,
1939 1039 2020 1075 quia,

1170 1089 1197 1117 in
1228 1096 1323 1117 amore
1353 1087 1504 1116 munditiae
1526 1090 1647 1116 mentem
1675 1086 1808 1120 solidans,
1840 1086 1907 1114 dum
1938 1094 2020 1115 omne

1169 1135 1264 1164 odium
1287 1134 1419 1163 radicitus
1440 1134 1526 1168 eruit,
1548 1133 1654 1163 versari
1676 1134 1704 1162 in
1719 1133 1810 1162 animo
1832 1133 1906 1170 quod
1928 1132 2020 1170 inqui-

1170 1185 1217 1211 nat
1232 1182 1327 1211 nescit.
1350 1180 1415 1210 Non
1429 1181 1539 1218 90110101
1558 1189 1648 1218 saper
1672 1179 1840 1218 iniquitate,
1866 1179 1944 1216 quia,
1964 1188 2020 1216 quo

1170 1230 1228 1258 5013
1248 1229 1394 1258 dilectione
1415 1236 1482 1265 erga
1502 1235 1599 1256 omnes
1620 1227 1723 1262 inhiat,
1745 1235 1796 1256 nec
1811 1227 1845 1256 de
1866 1226 2021 1264 perditione

1169 1276 1377 1306 adversantium
1408 1275 1539 1304 exsultat.
1568 1274 1737 1311 Conyauclet
1767 1277 1865 1302 0010111
1886 1272 2020 1306 veritati,

1170 1325 1236 1362 quia
1257 1327 1365 1353 ceteros
1388 1323 1521 1360 diligens,
1542 1330 1592 1359 per
1614 1322 1667 1350 hoc
1691 1321 1767 1359 quod
1788 1323 1897 1349 rectum
1918 1323 1972 1354 est,
1993 1320 2022 1348 in

1170 1372 1230 1400 aliis
1252 1370 1398 1408 conspicit,
1420 1369 1500 1407 quasi
1521 1369 1554 1398 de
1575 1371 1725 1406 augmento
1746 1367 1853 1405 proprii
1881 1366 2022 1404 profectus

1171 1418 1352 1448 hilarescit».
1375 1417 1445 1446 Haec
1466 1415 1617 1453 Gregorius
1637 1415 1665 1443 in
1687 1414 1845 1443 Moralibus.

1035 1547 1197 1576 Carmonem
1219 1546 1247 1574 Il.

324 1659 472 1696 Quomodo
501 1659 605 1688 anima
623 1667 677 1696 per
698 1659 821 1688 mentale
845 1659 1015 1687 0100101110111
1038 1658 1116 1687 (lebet
1137 1657 1260 1686 radium
1282 1655 1533 1693 contemplationis
1554 1658 1717 1683 convertere
1739 1654 1779 1682 acl
1800 1653 1962 1688 exteriora,

384 1713 592 1748 1110091103001,
608 1719 699 1749 qnam
714 1709 861 1739 instabilis
875 1710 915 1738 sit
928 1709 1085 1738 mundana
1099 1708 1258 1746 opulentia,
1271 1716 1361 1746 qaam
1376 1706 1528 1735 111111οὸ1118
1542 1705 1699 1734 mundana
1716 1704 1891 1739 excellentia,

757 1765 783 1789 01
803 1769 893 1799 qnam
915 1760 1093 1789 miserabilis
1114 1759 1271 1788 nntntlana
1293 1757 1521 1796 magnificentia.

341 1875 365 1902 l.
380 1874 466 1902 Hono.
489 1873 625 1902 Converte
640 1872 738 1909 igitur,
760 1881 776 1901 o
790 1872 895 1906 anima,
914 1880 989 1901 nunc
1004 1872 1113 1900 radium

260 1919 499 1957 contemplationis
520 1919 555 1948 ad
575 1928 607 1948 ea
632 1927 703 1956 quae
736 1922 801 1948 sunt
822 1919 909 1947 1111010
931 1923 978 1953 te,
992 1919 1045 1947 hoc
1073 1921 1115 1947 est

259 1968 293 1997 ad
314 1967 452 1996 mundum
468 1967 552 1996 istum
574 1966 746 2001 sensibilem,
768 1969 800 1995 ut
821 1966 913 2003 ipsum
941 1968 968 1995 et
989 1973 1021 1994 ea
1042 1974 1114 2003 quae

260 2018 325 2044 sunt
346 2015 373 2043 in
396 2015 468 2052 ipso,
490 2014 638 2051 despicias,
660 2017 686 2043 01
708 2022 740 2043 eo
767 2014 910 2050 despecto,
937 2013 1057 2050 amplius
1086 2013 1113 2041 in

260 2070 355 2092 amore
377 2062 474 2099 Sponsi
496 2062 662 2091 inardescas.
685 2062 775 2090 Minus
797 2061 870 2090 enim
892 2068 958 2089 eum
979 2068 1068 2094 amas,
1091 2060 1113 2088 si

259 2110 365 2147 aliquid
385 2118 449 2138 cum
470 2117 503 2138 eo
524 2109 647 2146 appetis,
669 2108 744 2146 quod
773 2111 888 2145 propter
910 2108 1002 2144 ipsum
1031 2110 1058 2136 et
1085 2107 1113 2135 in

260 2157 320 2193 ipso
341 2164 396 2185 non
417 2156 515 2193 diligas
526 2156 546 2184 ⁶.
581 2167 595 2181 «
609 2156 696 2184 Tanto
717 2155 806 2189 enim,
829 2154 982 2183 secundum
1012 2153 1114 2191 Grego-

260 2204 347 2238 rium,
376 2204 495 2241 quisque
523 2203 558 2232 ab
587 2203 633 2231 illo
659 2210 781 2240 superno
809 2210 904 2231 amore
926 2201 1112 2238 disiungitur,

260 2253 364 2288 quanto
385 2250 501 2280 inferius
522 2250 675 2279 delectatur
690 2260 718 2285 »ς
740 2252 768 2279 et
781 2249 864 2278 citius
884 2249 919 2277 ad
937 2249 1026 2277 Deum
1048 2256 1113 2277 con-

260 2298 380 2327 vertitur
401 2298 448 2335 11111
471 2306 525 2326 non
547 2297 631 2326 habet
645 2297 673 2326 in
688 2297 741 2326 hoc
755 2297 878 2331 saeculo,
900 2296 974 2325 unde
995 2295 1113 2325 delecte-

324 2431 332 2444 1
351 2432 472 2459 Bernard.,
490 2433 564 2455 Serm.
578 2432 617 2455 42.
627 2432 656 2455 de
669 2432 782 2459 Diversis,
795 2439 817 2454 11.
831 2432 852 2454 3.
870 2432 915 2454 Csr.
930 2432 1004 2454 Serm.
1016 2432 1046 2454 de
1057 2431 1113 2455 Con-

262 2471 368 2494 versione
386 2471 416 2494 ad
432 2471 538 2500 clericos,
556 2478 575 2494 e.
594 2473 617 2494 8.
640 2478 662 2494 n.
682 2471 718 2494 lt.
736 2474 758 2494 et
781 2472 810 2494 do
826 2471 949 2499 Diligendo
972 2471 1019 2493 Deo
1046 2471 1113 2499 (inter

261 2516 332 2537 opera
349 2511 456 2539 August.)
474 2517 495 2533 c.
513 2511 550 2532 16.
568 2510 590 2532 111
608 2510 661 2533 sine.

325 2549 333 2561 ²
351 2550 460 2577 August„
479 2550 515 2572 tv.
539 2550 642 2572 consess.
659 2556 679 2572 c.
698 2550 719 2572 9.
743 2556 764 2572 n.
783 2550 819 2572 ¹¹4.
838 2549 896 2572 lbid.
921 2550 950 2572 X.
969 2556 988 2572 e.
1007 2550 1044 2571 29.
1061 2555 1111 2578 seq.

262 2595 285 2611 n.
303 2588 339 2611 40.
357 2595 406 2617 seq.
424 2588 522 2611 habetur
544 2595 593 2618 seq.
611 2589 685 2616 locus,
704 2590 727 2611 in
744 2595 791 2618 quo
814 2592 867 2617 post
884 2587 985 2612 accende
1001 2594 1038 2611 mc
1061 2589 1113 2610 Vat.

262 2634 315 2650 cum
333 2631 394 2651 textu
412 2628 517 2656 originali
530 2629 691 2657 prosequitur:
710 2628 786 2656 Iubes,
806 2631 830 2651 ut
841 2635 918 2651 amem
935 2631 957 2651 te
974 2627 1060 2658 [textus
1071 2628 1113 2650 ori·

262 2668 356 2695 ginalis:
375 2667 550 2690 Continentiam
561 2667 647 2697 iubes}
663 2668 700 2690 Da
712 2667 776 2697 quod
792 2666 869 2695 iubes,
888 2668 911 2690 et
926 2666 979 2689 iube
996 2665 1060 2696 quod
1070 2665 1114 2689 vis.

264 2705 329 2729 Iubes
342 2708 403 2729 certe
415 2706 478 2736 quod
490 2706 623 2729 contineam
636 2709 678 2729 etc.
691 2706 822 2735 Respicitur
836 2707 851 2728 l.
864 2707 924 2729 loan.
937 2707 962 2733 2,
980 2706 1020 2728 46:
1032 2705 1113 2733 Omne,

265 2745 328 2774 quod
346 2748 380 2768 est
396 2746 418 2767 in
436 2746 532 2774 mundo,
550 2746 736 2774 concupiscentia
749 2746 824 2768 carnis
841 2748 876 2768 est
892 2748 935 2768 ete.
946 2758 977 2761 —-
990 2745 1042 2767 Vat.
1059 2751 1113 2767 cum

263 2785 379 2807 nonnullis
395 2785 477 2811 codd,
489 2788 514 2807 ut
531 2786 605 2813 Bllil,
624 2785 661 2807 hic
678 2785 761 2807 iterum
778 2786 862 2813 allegat
874 2784 1008 2813 Hieronymi
1024 2786 1115 2807 senten-

262 2824 318 2846 tiam
343 2824 389 2846 iam
414 2830 485 2852 supra
510 2830 565 2852 pag.
591 2824 632 2852 43,
658 2826 712 2846 nota
731 2825 752 2846 2.
770 2824 881 2852 positam:
901 2824 940 2846 «O
958 2825 1029 2846 homo
1054 2829 1114 2845 ame-

263 2869 316 2886 mus
332 2862 486 2886 Christum...
503 2863 596 2886 difficile
608 2872 630 2891 ι),
647 2866 670 2886 et
686 2864 741 2886 dein
752 2863 915 2892 prosequitur:
932 2863 1017 2886 Homo.
1033 2862 1051 2885 O
1068 2862 1115 2884 ani-

263 2909 313 2930 ma,
331 2902 390 2929 iam,
408 2905 432 2925 ut
457 2902 541 2930 video,
561 2903 719 2931 recognoscis,
743 2909 815 2932 quam
833 2903 883 2926 felix
901 2906 924 2925 et
940 2909 1011 2932 quain
1033 2902 1114 2924 beatus

263 2944 309 2970 est,
327 2942 366 2971 qui
385 2942 406 2964 in
424 2942 472 2964 solo
490 2945 533 2964 etc.
552 2942 618 2969 (Edd.
635 2942 777 2971 antiquiores
797 2948 851 2965 cum
869 2944 1005 2970 praenotata
1031 2947 1115 2970 propo-

263 2981 346 3004 sitione
363 2981 476 3010 incipiunt
492 2987 543 3009 cap.
562 2981 603 3010 ⁴2.).

326 3020 335 3033 ³
352 3020 414 3044 Libr.
432 3021 461 3044 X.
480 3027 499 3043 c.
518 3021 555 3043 21.
573 3027 594 3043 n.
613 3021 650 3043 39.

1172 1875 1227 1900 tur.
1265 1871 1414 1900 «Cunctae
1444 1870 1529 1907 igitur
1555 1871 1700 1898 creaturae
1730 1868 1779 1897 tibi
1812 1868 1959 1903 vilescant,
1991 1871 2023 1897 ut

1171 1919 1285 1947 Creator
1307 1921 1373 1947 tuus
1401 1918 1477 1946 solus
1501 1917 1528 1946 in
1557 1916 1641 1945 corde
1668 1916 1849 1945 dulcescat».
1879 1916 1948 1944 Haec
1969 1916 2022 1944 Au-

1171 1965 1300 2002 gustinus
1312 1965 1331 1993 ⁷.

1563 2067 1628 2101 §t

1324 2160 1354 2183 De
1371 2159 1461 2190 triplici
1477 2166 1553 2182 rerum
1569 2158 1736 2182 mundanarum
1752 2157 1868 2181 vanitate.

1250 2248 1276 2276 Ξ).
1298 2247 1383 2276 Volve
1414 2246 1499 2284 igitur
1530 2253 1639 2283 semper
1670 2248 1697 2274 et
1725 2245 1849 2279 revolve,
1878 2253 1932 2273 non
1963 2247 2023 2273 tan-

1170 2298 1230 2324 tum
1251 2302 1288 2323 ex
1309 2294 1423 2328 auditis,
1445 2293 1493 2322 sed
1514 2293 1598 2323 etiam
1618 2300 1655 2322 ex
1676 2292 1813 2330 expertis,
1834 2300 1889 2321 non
1914 2294 2022 2320 tantum

1232 2429 1243 2443 ⁴¹
1259 2431 1330 2458 Epist.
1348 2431 1364 2452 Ι.
1380 2429 1433 2452 Cor.
1451 2429 1492 2457 13,
1511 2428 1559 2451 4—6.

1234 2469 1243 2481 ⁵
1260 2469 1323 2492 Libr.
1341 2470 1371 2491 X.
1389 2475 1409 2491 e.
1426 2469 1448 2491 6.
1465 2475 1487 2490 n.
1507 2468 1543 2489 10.
1561 2467 1626 2490 Circa
1644 2467 1714 2489 finem
1731 2473 1774 2494 pro
1790 2465 1884 2489 versari
1900 2465 1925 2489 111
1941 2465 2022 2489 animo

1170 2511 1244 2531 textus
1261 2508 1380 2536 originalis
1397 2513 1494 2530 versare
1512 2506 1537 2529 111
1558 2505 1648 2534 animo,
1666 2508 1688 2528 et
1705 2511 1748 2533 pro
1766 2511 1812 2534 quo
1829 2504 1882 2528 sola
1899 2504 2020 2528 dilectione

1170 2548 1239 2570 codd.
1256 2553 1311 2570 cam
1327 2546 1379 2569 sola
1401 2545 1529 2569 dilectione.
1551 2545 1692 2568 Auctoritate
1708 2544 1857 2567 ACDEFL
1881 2547 1927 2566 tam
1944 2544 2020 2571 Pauli,

1170 2593 1242 2615 quam
1258 2586 1364 2614 Gregorii
1376 2585 1513 2608 sententiam
1526 2585 1548 2607 in
1559 2584 1611 2606 Vat.
1629 2584 1740 2606 omissam
1753 2584 1775 2606 in
1793 2586 1878 2606 textum
1891 2583 2022 2611 recepimus

1170 2628 1193 2648 et
1209 2625 1241 2647 510
1259 2625 1328 2648 [inem
1346 2631 1398 2652 cap.
1419 2625 1436 2646 1.
1454 2623 1617 2652 imposuimus.

1232 2663 1242 2676 ⁶
1259 2663 1422 2691 Respiciuntur
1439 2662 1511 2685 verba
1529 2662 1628 2690 August.
1639 2667 1710 2690 supra
1725 2667 1745 2684 c.
1764 2661 1784 2683 1.
1803 2667 1824 2683 n.
1843 2661 1879 2683 46.
1897 2661 1984 2689 posita,
1997 2663 2021 2683 ut

1170 2705 1280 2726 annotant
1297 2703 1366 2725 etiam
1384 2703 1439 2730 DE,
1461 2702 1501 2731 qui
1519 2704 1572 2730 post
1593 2701 1673 2725 Minus
1698 2700 1760 2724 enim
1778 2700 1868 2723 addunt
1891 2699 2022 2723 secundum

1171 2742 1342 2772 Auqzcstinam.
1356 2755 1388 2758 —
1400 2742 1517 2764 Sententia
1529 2741 1634 2769 Gregorii
1651 2740 1750 2763 habetur
1767 2741 1790 2763 ll.
1803 2740 1886 2762 Homil.
1898 2740 1922 2762 in
1933 2740 2020 2767 Evang.

1171 2783 1250 2805 homil.
1269 2783 1306 2805 30.
1329 2788 1350 2804 n.
1368 2783 1390 2804 2.
1407 2794 1439 2798 —
1457 2781 1552 2804 inferius
1574 2783 1626 2808 post
1642 2779 1704 2803 unde
1727 2779 1854 2803 delectetur
1871 2779 1935 2806 Vnt„
1952 2779 2022 2801 refra-

1172 2821 1282 2850 gantibus
1299 2823 1316 2844 A
1327 2821 1343 2844 C
1353 2822 1371 2844 D
1381 2821 1421 2844 EF
1431 2822 1459 2849 L,
1476 2821 1553 2843 addit:
1570 2821 1597 2842 Et
1612 2820 1742 2842 secundum
1754 2819 1859 2841 Glossam
1877 2819 1901 2841 in
1918 2818 2022 2841 Exodum

1172 2861 1232 2891 [scil.
1249 2860 1401 2883 ordinariam
1419 2860 1443 2882 in
1464 2860 1536 2882 Exod.
1552 2860 1594 2886 35,
1612 2859 1650 2886 21,
1672 2865 1701 2881 ex
1716 2859 1826 2886 Gregor.‚
1844 2857 1920 2881 XXX.
1942 2857 2021 2879 llloral.

1172 2907 1193 2923 c.
1213 2900 1234 2922 6.
1257 2906 1282 2922 n.
1299 2899 1359 2928 24.],
1381 2908 1391 2919 ει
1404 2901 1466 2921 tanto
1489 2899 1542 2928 quis
1558 2898 1588 2921 ab
1611 2898 1744 2920 interiorum
1768 2903 1848 2919 amore
1870 2896 2021 2924 disiungitur,

1172 2942 1259 2969 quanto
1276 2939 1307 2961 ad
1324 2939 1371 2961 sola
1388 2941 1481 2960 aeterna
1498 2938 1598 2960 amanda
1615 2937 1750 2960 sublevatur
1761 2945 1787 2959 ι».

1235 2977 1244 2991 ⁷
1262 2979 1365 3000 Enarrat.
1383 2977 1418 3000 lV.
1445 2977 1469 2999 in
1491 2978 1527 3000 Ps.
1545 2978 1582 3000 30.
1599 2983 1669 3000 serm.
1695 2977 1719 2999 3.
1734 2983 1756 2999 n.
1775 2977 1800 2998 8:
1820 2976 1917 2998 Vilescat
1941 2977 2022 3002 totum,

1172 3018 1288 3048 quidquid
1305 3020 1396 3047 praeter
1414 3017 1487 3039 Deum
1505 3019 1540 3039 est
1557 3017 1606 3046 (cfr.
1624 3019 1680 3040 tom.
1698 3017 1721 3039 ll.
1739 3022 1794 3044 pag.
1816 3015 1874 3042 884,
1896 3017 1949 3037 nola
1967 3014 2022 3043 v13.).
