2133 3317
504 217 703 247 OPUSCULUM
723 216 813 245 XXIV.
835 216 985 245 LEGENDA
1005 215 1109 245 MINOR
1131 215 1245 244 SANCTI
1264 215 1437 245 FRANCISCI.

0 258 2 278 i

0 289 32 335 J*
102 298 190 328 maius
220 297 264 326 his
293 296 422 325 omnibus
442 299 498 330 est,
520 295 604 324 vitam
631 294 798 323 incolumem
825 293 942 323 letaliter

4 344 238 397 ffitnffluciatis.
266 344 333 372 Nam
363 345 396 371 ut
425 342 459 371 de
486 341 614 378 pluribus
641 340 702 369 eius
726 340 858 377 prodigiis
885 340 941 369 duo

53 375 78 394 ω’
101 390 234 429 quaedam
254 389 428 426 anticipando
448 388 531 417 simul
550 391 577 417 et
598 387 808 424 perstringendo
822 394 941 415 comme-

100 444 221 470 morem,
249 444 312 465 cum
340 435 414 472 apud
445 434 558 463 Ilerdam
572 435 581 451 1
604 434 646 462 vir
676 433 804 471 quidam,
827 433 940 461 loannes

100 483 225 517 nomine,
247 482 326 511 beato
347 481 490 510 Francisco
504 480 635 514 devotus,
650 480 718 508 adeo
738 487 800 508 sero
821 479 940 516 quodam

100 531 196 560 fuisset
217 530 364 558 vulnerum
393 528 536 557 atrocitate
563 527 705 561 concisus,
726 530 758 555 ut
779 527 828 555 vix
848 526 942 555 crede-

0 542 3 605 i
100 580 179 606 retur
209 575 422 613 supervicturus
453 575 480 603 in
511 574 678 608 crastinum3
707 576 857 610 apparente
888 572 940 601 sibi

0 610 3 663 Ι
100 622 263 652 mirabiliter
294 622 373 650 Patre
397 621 568 650 sanctissimo
589 623 616 649 et
643 620 760 649 vulnera
788 619 834 648 illa
855 619 940 648 sacris

0 667 2 696 Ι
100 669 228 699 manibus
248 668 437 705 contingente,
470 668 539 696 hora
569 667 663 696 eadem
692 666 731 695 sic
752 666 875 702 integrae
896 674 939 695 so-

0 703 4 843 1
99 715 190 753 spitati
212 715 336 744 redditus
357 717 413 748 est,
434 717 467 742 ut
490 713 643 742 mirabilem
664 713 755 741 crucis
776 712 936 749 signiferum

0 1105 3 1116 ⁴

0 1693 4 1708 1

99 762 171 792 0111111
193 761 369 791 veneratione
389 761 580 798 dignissimum
602 759 692 788 omnis
713 759 758 787 illa
779 759 854 795 regio
875 767 939 795 pro-

97 904 236 932 momento
256 901 388 938 temporis
415 908 490 929 nunc
515 900 600 937 plagis
614 899 747 928 laniatum
762 899 938 933 saevissimis,

98 957 172 979 nunc
191 948 378 978 incolumitate
408 947 595 984 gaudentem?
617 946 684 983 Quis
705 946 764 975 sine
784 946 937 983 gratiarum

98 996 203 1026 actione
223 995 367 1024 recolere?
388 994 455 1031 Quis
485 994 604 1031 denique
632 993 690 1022 sine
717 992 861 1021 devotione
882 995 938 1021 tam

98 1043 187 1081 pium,
220 1042 376 1070 virtuosum
406 1041 637 1078 praeclarumque
666 1039 832 1068 miraculum
864 1039 936 1068 fideli

99 1090 185 1119 valeat
199 1092 291 1118 mente
311 1091 449 1125 pensare?

390 1181 482 1210 Lectio
503 1184 607 1209 octava
618 1180 637 1208 ⁸.

174 1275 252 1313 Apud
266 1275 429 1309 Potentiam,
449 1275 586 1303 civitatem
602 1274 727 1311 Apuliae,
742 1273 860 1302 clericus
880 1273 940 1310 qui-

96 1324 174 1357 dam,
196 1322 306 1351 nomine
327 1322 449 1358 Rogerus
460 1322 481 1354 4,
502 1329 565 1350 cum
593 1320 626 1349 de
653 1320 739 1349 sacris
759 1319 831 1348 beati
852 1319 939 1348 Patris

97 1369 270 1407 stigmatibus
290 1369 423 1405 cogitaret
443 1368 542 1402 inania,
564 1367 655 1396 subito
675 1367 727 1395 fuit
747 1366 774 1394 in
796 1374 880 1394 manu
903 1366 938 1396 si-

96 1417 183 1446 nistra
207 1416 260 1445 sub
290 1415 450 1444 chirotheca
479 1422 642 1451 percussus,
670 1421 702 1442 ac
733 1413 755 1441 si
785 1412 938 1449 prosilisset

96 1463 232 1501 spiculum
254 1462 287 1491 de
308 1462 421 1496 balista,
443 1462 502 1499 ipsa
522 1464 613 1489 tamen
639 1460 799 1489 chirotheca
823 1459 936 1487 omnino

95 1513 222 1539 manente
243 1509 351 1538 intacta.
373 1508 442 1537 Cum
463 1516 529 1537 vero
552 1515 601 1544 per
623 1507 748 1535 triduum
766 1506 937 1535 vehementis

95 1557 191 1586 fuisset
211 1556 314 1585 doloris
341 1555 482 1584 cruciatus
509 1555 605 1583 aculeo
626 1557 653 1582 et
674 1554 727 1582 iam
750 1556 840 1582 mente
861 1561 935 1582 com-

95 1607 215 1642 punctus
235 1604 346 1632 beatum
368 1602 509 1631 invocaret
539 1605 566 1630 et
591 1601 732 1630 adiuraret
760 1600 936 1629 Franciscum

95 1659 144 1689 per
175 1651 293 1689 gloriosa
320 1650 366 1678 illa
393 1649 443 1678 sibi
475 1649 603 1686 stigmata
631 1648 794 1682 subvenire;
820 1647 936 1676 salutem

98 810 237 839 clamaret.
259 808 326 845 Quis
353 808 426 837 enim
453 809 545 844 posset
565 806 624 835 sine
644 806 824 834 admiratione
840 807 850 822 2
875 813 940 834 con-

0 1709 7 1754 1
95 1698 184 1728 adeo⁵
205 1697 353 1735 perfectam
380 1696 515 1730 obtinuit,
538 1699 568 1725 ut
589 1695 679 1724 omnis
706 1695 783 1723 dolor
808 1693 936 1723 abscede-

98 855 204 893 spicere
234 855 373 884 hominem
404 862 459 882 non
493 853 617 890 ignotum
649 852 702 881 sub
733 852 828 881 eodem
859 851 939 889 quasi

0 1760 2 1774 l

95 1749 152 1780 ret,
174 1745 338 1782 nullumque
359 1746 515 1773 remaneret
534 1743 646 1771 omnino
660 1741 806 1778 vestigium
824 1748 938 1777 percus-

95 1800 185 1822 surae.
214 1791 255 1820 Ex
281 1799 337 1828 quo
368 1790 523 1819 luculenter
544 1792 673 1826 apparet,
699 1788 772 1825 quod
794 1795 872 1816 sacra
892 1787 938 1815 illa

96 1838 235 1876 signacula
255 1838 329 1866 illius
349 1837 463 1866 fuerunt
484 1837 617 1873 impressa
638 1835 759 1872 potentia
773 1837 800 1863 et
814 1833 938 1871 praedita

0 1851 7 1862 ν

96 2211 188 2246 dium,
209 2213 265 2240 tam
286 2210 428 2247 publicum
449 2218 532 2247 quam
555 2209 709 2246 privatum,
734 2208 808 2237 circa
821 2216 932 2237 crucem

97 2258 204 2287 Domini
226 2260 393 2286 versaretur.
415 2257 482 2285 Nam
513 2259 540 2285 et
567 2256 637 2285 mira
656 2255 876 2284 mansuetudinis
897 2255 936 2283 le-

97 2305 168 2334 nitas
187 2304 390 2341 austeritasque
411 2303 532 2337 vivendi,
555 2303 696 2332 humilitas
716 2302 762 2331 illa
783 2301 937 2339 profunda,

98 2351 250 2380 obedientia
271 2353 413 2388 prompta,
435 2352 584 2387 paupertas
614 2349 732 2383 eximia,
754 2349 864 2377 castitas
885 2348 937 2377 illi-

98 2398 176 2432 bata,
197 2405 291 2426 amara
321 2396 512 2434 compunctio,
544 2396 729 2432 lacrymarum
750 2395 938 2432 profluvium,

98 2444 185 2482 pietas
204 2445 357 2478 viscerosa,
378 2443 569 2472 aemulationis
596 2443 695 2476 ardor,
717 2442 841 2478 martyrii
863 2442 937 2471 desi-

98 2490 222 2525 derium,
243 2490 365 2519 caritatis
386 2497 532 2523 excessus,
555 2489 700 2526 multiplex
721 2488 840 2525 denique
863 2488 937 2516 chri-

99 2537 265 2566 stiformium
286 2537 476 2574 praerogativa
497 2536 650 2570 w‘rtutum‚
672 2535 738 2572 quid
758 2535 833 2563 aliud
855 2535 882 2563 in
904 2543 936 2563 eo

1785 216 1839 244 577

998 293 1183 330 praetendunt
1216 301 1300 330 quam
1331 293 1540 323 assimilationes
1570 293 1604 322 ad
1635 293 1776 322 Christum
1813 297 1839 323 et

998 339 1222 376 praeparationes
1252 339 1384 376 quasdam
1413 340 1446 368 ad
1477 341 1603 377 stigmata
1634 348 1713 369 sacra
1734 340 1839 377 ipsius?

999 385 1113 422 Propter
1134 385 1207 422 quod
1238 393 1254 413 a
1285 394 1336 414 sua
1356 387 1534 415 conversione
1565 390 1622 415 toto
1650 386 1737 423 ipsius
1767 386 1839 415 vitae

997 431 1117 460 decursu
1139 432 1289 468 praeclaris
1310 433 1401 461 crucis
1421 432 1521 461 Christi
1542 433 1677 462 adornato
1690 433 1838 470 mysteriis,

998 478 1107 507 tandem
1128 478 1162 506 ad
1182 482 1360 515 conspectum
1380 479 1506 508 sublimis
1537 480 1642 516 Seraph
1670 483 1698 509 et
1725 480 1838 509 humilis

997 524 1129 553 Crucifixi
1152 527 1226 553 totus
1247 525 1298 553 suit
1318 525 1345 553 in
1367 526 1440 554 visae
1461 526 1564 555 formae
1585 526 1702 563 effigiem
1722 527 1748 555 vi
1770 534 1838 564 qua-

997 571 1059 600 dam
1088 571 1213 600 deiformi
1242 574 1269 600 et
1297 572 1375 609 ignea
1406 573 1635 607 transformatus,
1657 573 1837 610 quemadmo-

996 618 1062 647 dum
1084 619 1203 647 attestati
1225 621 1290 647 sunt
1311 619 1358 655 qui
1380 619 1522 654 viderunt,
1544 621 1736 657 palpaverunt,
1758 628 1837 649 oscu-

997 665 1043 694 lati
1065 668 1130 694 sunt
1151 668 1187 700 et,
1209 665 1288 694 tactis
1315 667 1505 701 sacrosanctis,
1534 667 1573 695 sic
1593 666 1679 696 fnisse
1699 670 1727 696 et
1748 675 1776 695 se
1798 667 1837 695 vi-

996 711 1068 741 disse
1089 712 1225 746 iurantes,
1246 712 1439 741 abundantiori
1461 713 1625 743 certitudine
1646 714 1836 743 firmaverunt.

1254 806 1293 834 Dr:
1313 814 1450 834 mansu-U
1471 814 1576 836 MORTIS.

1294 899 1385 928 Lectio
1404 899 1507 936 prima
1517 899 1537 928 Β.

1074 991 1183 1020 Christo
1204 992 1289 1029 igitur
1310 992 1363 1020 iam
1385 992 1460 1021 cruci
1483 993 1525 1021 vir
1552 993 1600 1021 Dei
1629 993 1757 1022 confixus
1785 997 1837 1022 tam

995 1046 1078 1067 carne
1098 1046 1182 1075 quam
1204 1038 1320 1075 spiritu,
1342 1047 1395 1067 non
1417 1039 1506 1068 solum
1528 1039 1665 1076 seraphici
1682 1040 1783 1068 amoris
1798 1040 1837 1068 in-

995 1085 1091 1114 cendio
1112 1093 1224 1114 sursum
1245 1085 1379 1122 agebatur
1401 1086 1427 1114 in
1443 1086 1546 1120 Deum,
1562 1094 1660 1115 verum
1675 1086 1756 1115 etiam
1772 1094 1837 1123 prae

995 1131 1101 1159 fervido
1130 1131 1286 1160 animarum
1314 1132 1372 1160 zelo
1402 1132 1571 1166 transfixus,
1606 1140 1670 1161 cum
1701 1133 1837 1161 crucifixo

995 1178 1112 1207 Domino
1143 1178 1260 1207 salutem
1291 1179 1399 1208 sitiebat
1430 1180 1554 1208 omnium
1580 1180 1783 1208 salvandorum.
1806 1180 1837 1209 Et

994 1225 1059 1262 quia
1080 1228 1194 1262 propter
1214 1229 1407 1255 excrescentes
1435 1227 1462 1255 in
1488 1227 1604 1263 pedihus
1628 1227 1720 1256 clavos
1740 1227 1837 1256 ambu-

995 1271 1052 1300 lare
1074 1280 1127 1300 non
1149 1275 1265 1308 poterat,
1286 1272 1415 1307 faciebat,
1431 1280 1532 1310 corpus
1547 1276 1707 1302 emortuum
1730 1281 1779 1310 per
1800 1273 1838 1302 ci-

995 1318 1092 1347 vitates
1112 1321 1140 1347 et
1160 1319 1271 1347 castella
1292 1319 1478 1354 circumvehi,
1494 1323 1525 1348 ut
1542 1323 1673 1357 tanquam
1688 1320 1761 1349 alter
1777 1321 1837 1348 Αη-

994 1365 1074 1402 961113
1095 1365 1132 1393 ab
1154 1369 1221 1393 ortu
1240 1365 1310 1394 solis
1331 1366 1488 1394 ascendens
1500 1366 1510 1382 ⁹
1526 1374 1672 1395 servorum
1692 1366 1739 1395 Dei
1755 1366 1838 1395 corda

994 1412 1065 1448 ignis
1085 1412 1169 1440 divini
1201 1412 1312 1440 flamma
1343 1412 1537 1447 succenderem
1568 1413 1650 1450 pedes
1678 1421 1789 1450 quoque
1811 1413 1836 1441 in

995 1459 1065 1487 viam
1098 1459 1172 1496 pacis
1202 1459 1333 1496 dirigeret
1363 1459 1524 1497 frontesque
1553 1460 1676 1497 ipsorum
1708 1460 1755 1489 Dei
1784 1460 1837 1489 vivi

993 1505 1134 1543 signaculo
1169 1506 1350 1543 consignaret.
1382 1507 1525 1544 Flagrabat
1561 1515 1672 1544 quoque
1703 1507 1838 1536 desiderio

993 1560 1092 1589 magno
1113 1552 1146 1581 ad
1169 1553 1332 1582 humilitatis
1354 1553 1444 1582 redire
1466 1553 1633 1590 primordia,
1655 1557 1686 1582 ut
1708 1554 1835 1590 leprosis,

993 1599 1066 1628 sicut
1086 1608 1101 1628 a
1122 1600 1272 1637 principio,
1288 1600 1470 1634 ministraret,
1485 1608 1643 1637 corpusque
1654 1601 1679 1617 ¹⁰
1704 1601 1756 1629 iam
1772 1608 1838 1637 prae

994 1646 1088 1675 labore
1109 1647 1259 1684 collapsum
1282 1650 1424 1676 revocaret
1445 1647 1478 1675 ad
1500 1647 1644 1684 pristinam
1666 1648 1836 1677 servitutem.

1274 1741 1365 1769 Lectio
1385 1741 1514 1769 secunda
1527 1742 1558 1769 ¹¹.

1073 1834 1258 1870 Proponebat,
1280 1834 1389 1863 Christo
1410 1834 1493 1869 duce,
1523 1843 1551 1863 se
1583 1835 1721 1863 facturum
1743 1835 1836 1872 ingen-

995 1882 1041 1915 tia,
1062 1884 1089 1910 et
1109 1881 1298 1909 fatiscentibus
1321 1881 1464 1915 membris,
1486 1881 1586 1918 spiritu
1608 1881 1686 1910 sortis
1707 1885 1733 1911 et
1755 1882 1836 1911 fervi-

994 1928 1062 1962 dus,
1083 1936 1154 1956 novo
1176 1928 1304 1964 sperabat
1325 1928 1475 1957 certamine
1495 1928 1529 1957 de
1551 1929 1629 1957 hoste
1651 1929 1836 1966 triumphum.

995 1975 1064 2003 Sane
1085 1978 1116 2003 ut
1137 1974 1254 2011 parvulo
1281 1974 1382 2003 Christi
1404 1975 1533 2003 cumulus
1555 1975 1719 2004 meritorum
1746 1983 1838 2004 accre-

995 2024 1099 2055 sceret,
1120 2029 1191 2058 quae
1212 2021 1304 2049 omnia
1325 2029 1390 2050 vere
1411 2022 1542 2058 patientia
1567 2022 1688 2058 perfecta
1709 2030 1838 2051 consum-

995 2071 1052 2097 mat
1064 2069 1099 2102 ¹²;
1121 2068 1210 2104 coepit
1231 2068 1438 2096 infirmitatibus
1456 2068 1539 2097 variis
1561 2068 1687 2097 laborare
1701 2072 1757 2098 tam
1775 2077 1838 2106 gra-

995 2115 1079 2148 viter,
1100 2118 1132 2143 ut
1153 2114 1286 2143 dolorosis
1307 2114 1464 2151 passionum
1497 2115 1629 2144 molestiis
1650 2123 1700 2152 per
1728 2116 1836 2153 singula

996 2161 1120 2190 membra
1140 2161 1261 2195 diffusis,
1283 2161 1490 2198 consumtisque
1514 2162 1567 2190 iam
1593 2162 1736 2196 carnibus,
1758 2162 1836 2200 quasi

995 2209 1052 2237 sola
1072 2208 1144 2237 cutis
1163 2208 1272 2237 ossibus
1293 2208 1461 2237 cohaereret.
1490 2208 1615 2246 Cumque
1643 2209 1722 2238 duris
1742 2217 1837 2246 corpo-

995 2255 1034 2284 ris
1054 2258 1204 2292 angeretur
1228 2254 1386 2289 doloribus,
1414 2255 1541 2291 poenales
1568 2256 1628 2284 illas
1643 2255 1665 2272 13
1696 2256 1836 2293 angustias

995 2310 1049 2330 non
1067 2310 1193 2338 poenaS,
1215 2301 1261 2330 sed
1289 2310 1404 2330 sorores
1424 2311 1497 2331 suas
1518 2310 1577 2331 esse
1603 2302 1709 2331 dicebat
1734 2305 1837 2331 tantas-

995 2356 1049 2385 que
1070 2348 1097 2376 in
1120 2348 1242 2385 ipsarum
1264 2348 1408 2377 tolerantia
1429 2349 1499 2377 laeta
1520 2349 1635 2378 Domino
1651 2349 1744 2378 laudes
1766 2349 1837 2378 refe-

995 2395 1073 2423 rebat
1094 2398 1121 2423 et
1141 2395 1258 2431 gratias,
1280 2398 1311 2422 ut
1332 2395 1473 2424 videretur
1494 2395 1686 2424 assistentibus
1706 2395 1756 2424 sihi
1772 2396 1836 2424 Fra-

995 2441 1094 2475 tribus,
1115 2441 1189 2478 quod
1210 2449 1261 2477 pro
1281 2441 1442 2478 gloriatione
1463 2442 1583 2470 iucunda
1597 2444 1624 2470 et
1643 2442 1740 2470 humili
1755 2442 1834 2478 quasi

995 2488 1110 2516 Paulum
1131 2487 1285 2524 aspicerent
1304 2490 1332 2516 et
1352 2495 1403 2524 pro
1424 2488 1592 2524 vigoratione
1620 2488 1836 2525 imperturbabi-

995 2534 1028 2563 lis
1048 2534 1132 2562 animi
1153 2534 1272 2563 alterum
1293 2534 1339 2562 lob
1359 2534 1491 2563 viderent.

1 1017 3 1034 l

1 1038 3 1058 l

40 1327 75 1347 alio

3 1758 7 1786 l

96 1888 161 1914 sunt
182 1885 299 1918 virtute,
320 1884 400 1912 cuius
430 1886 472 1912 est
503 1883 618 1911 vulnera
643 1882 783 1918 infligere,
814 1881 934 1909 medelas

96 1932 210 1966 afferre,
232 1931 383 1960 obstinatos
403 1932 550 1967 percutere
581 1928 773 1966 contritasque
792 1936 902 1956 sanare
914 1927 934 1955 ⁶.

403 2022 494 2052 Lectio
515 2031 594 2051 nona
606 2022 625 2050 ⁷.

32 2108 35 2111 ’
173 2117 260 2155 Digne
280 2117 391 2154 quidem
412 2116 455 2145 vir
475 2116 526 2145 iste
546 2116 643 2145 beatus
664 2114 796 2152 singulari
816 2115 868 2143 hoc
883 2114 938 2151 pri-

33 2168 39 2173 '
62 2165 194 2202 tinvilegio
222 2163 368 2201 insignitus
395 2163 539 2200 apparuit,
572 2170 635 2191 cum
663 2170 743 2191 omne
770 2161 857 2198 ipsius
878 2165 936 2190 stu-

3 2585 7 2610 1

3 2611 7 2628 Ι

4 2689 7 2726 l

5 2730 7 2754 Ι

5 2796 7 2807 1

162 2768 168 2780 ¹
187 2769 241 2791 Sive
257 2768 338 2791 Lerida
356 2769 378 2790 in
395 2768 531 2791 Camlaunia.
550 2781 580 2784 —
597 2768 690 2790 Inferius
708 2774 749 2795 pro
766 2773 818 2789 sero
836 2767 939 2796 quodam

102 2807 139 2834 (ita
156 2808 174 2829 Α
184 2808 214 2834 Μ,
232 2807 317 2836 quibus
334 2808 445 2829 consentit
456 2808 575 2835 Legenda,
588 2808 630 2829 loc.
643 2807 688 2834 cit.)
702 2807 738 2828 ed.
750 2806 815 2835 ferro
827 2806 939 2835 quodam.

5 2826 7 2862 i
162 2845 171 2858 ²
188 2846 244 2869 Cod.
262 2847 280 2868 M
299 2846 380 2868 omittit
396 2846 446 2869 siue
461 2846 626 2868 admiratione.

5 2873 10 2924 {
163 2884 171 2897 τ’
189 2885 258 2912 ibid„
275 2886 316 2907 100.
334 2885 370 2907 cit.
389 2892 410 2907 n.
427 2886 449 2907 6.

163 2922 171 2936 ⁶
188 2924 217 2946 lta
235 2924 314 2951 codd.;
332 2924 367 2945 ed.
385 2930 400 2946 a
419 2924 471 2946 Deo.

163 2961 173 2975 ⁶
189 2963 242 2985 Luc.
262 2962 287 2989 4,
308 2963 348 2984 18:
367 2963 451 2984 sanare
476 2962 585 2984 contritos
610 2962 686 2984 corde.
711 2974 741 2978 --
763 2961 872 2989 Superius
897 2968 939 2989 pro

102 3001 199 3030 suerunt
216 3002 233 3023 Α
250 3001 345 3030 suerint.

193 3048 218 3071 S.
228 3048 317 3071 Hormo.
333 3061 364 3063 —
381 3048 448 3070 Toni.
461 3048 519 3070 X'lll.

682 2884 691 2896 ⁴¹
708 2883 764 2907 Cod.
781 2885 799 2906 M
818 2884 939 2913 Himerius.

1058 2766 1066 2778 ⁷
1084 2766 1151 2793 ibid„
1169 2767 1210 2788 loc.
1228 2766 1265 2788 cit.
1283 2773 1302 2787 11.
1325 2767 1342 2787 1.
1360 2770 1381 2788 «¹1
1399 2773 1418 2788 υ.
1439 2766 1472 2788 13.
1490 2773 1512 2788 11.
1530 2767 1550 2788 3.
1572 2767 1591 2787 8.
1615 2766 1647 2788 lo.

1057 2804 1066 2818 ⁸
1085 2805 1139 2827 lbid.
1157 2812 1176 2826 ‹·.
1199 2805 1230 2827 14.
1250 2811 1270 2826 n.
1293 2806 1308 2826 l.
1327 2817 1356 2820 ——
1373 2805 1429 2827 Cori.
1447 2805 1463 2826 A
1482 2805 1605 2832 praemittit
1624 2805 1727 2834 septam«
1745 2805 1786 2827 [lie.

1057 2843 1067 2856 ⁹
1084 2846 1155 2871 Apoc.
1173 2843 1201 2870 7,
1218 2845 1239 2866 2.

1059 2882 1077 2895 ¹⁰
1095 2882 1134 2904 lid.
1152 2888 1238 2911 corpus
1255 2888 1354 2911 quoque.

1060 2921 1075 2933 ¹¹
1096 2921 1151 2943 ibid.
1168 2928 1188 2943 r.
1207 2921 1242 2943 lsi.
1260 2928 1280 2943 ιι,
1304 2922 1320 2943 l.
1339 2922 1359 2942 ⁶2.

1060 2959 1077 2974 ¹²
1096 2961 1136 2982 lac.
1160 2961 1181 2987 Ι,
1199 2959 1224 2982 lt:
1242 2960 1347 2982 Patientia
1366 2963 1440 2982 :uiti-in
1459 2967 1517 2987 1111115
1536 2961 1661 2988 persei-tum
1681 2959 1757 2982 habet.

1060 2998 1078 3011 ¹³
1096 2999 1150 3021 Cod.
1169 2999 1188 3021 M
1206 2999 1288 3022 omittit
1306 2998 1366 3022 illas.

1712 3047 1740 3067 73

1876 392 1984 416 Mysterium

1856 417 1917 435 crucis
1930 417 1948 435 in
1957 418 1985 436 to-

1856 441 1874 457 ta
1881 439 1919 458 vita
1927 440 1984 458 Fran·

1855 462 1907 482 cisci.

1852 999 1920 1017 Fervet·
1928 1000 1947 1017 ot
1955 1003 1984 1018 ze-

1864 1022 1892 1040 lus
1900 1022 1970 1041 Sancti.

1877 1839 1948 1862 Spiritu

1853 1862 1971 1885 fortissimus,

1853 1886 1922 1912 morbis
1939 1891 1972 1909 op-

1865 1910 1958 1933 primitur.
