2133 3317
13 824 40 844 ido
48 828 88 848 pns-

0 858 1 866 1
14 848 86 876 ,111011011-

201 228 396 257 OPUSCULUM
417 228 481 257 XVI.
504 227 676 256 EXPOSlTlO
697 227 799 256 SUPER
821 228 974 257 REGULAM
995 229 1149 258 FRATRUM
1169 229 1330 258 MlNORUM.
1348 230 1569 259 CONFIRMATIO
1591 231 1747 260 REGULAE.
1788 232 1845 260 437

104 305 291 343 praeceptorie
306 305 436 342 obligare,
452 305 493 333 vel
509 313 628 341 quorum
645 305 826 341 transgressio
838 306 848 322 ¹
868 313 945 333 scan-

103 353 210 386 dalum,
226 352 269 380 vel
283 351 515 380 deordinationem
531 351 677 380 notabilem
693 354 852 388 generaret;
867 352 943 380 verbi

103 399 205 436 gratia,
227 406 290 427 cum
312 398 413 426 dicitnr
434 397 524 434 primo
545 398 679 434 capitulo:
697 398 758 427 Alii
772 399 894 427 Fratres
908 401 945 426 te-

103 448 228 474 neantur
249 445 355 473 Fratri
368 444 528 472 Francisco
543 448 568 472 et
581 444 644 472 eius
658 444 873 473 successoribus
887 443 946 472 obe-

103 492 183 525 dire;
204 494 293 528 patet,
315 491 388 528 quod
411 491 436 519 in
461 492 511 520 hoc
533 499 587 519 non
609 495 697 528 potest
718 491 792 519 Ordo
812 491 945 528 aliquate-

103 546 156 567 nus
175 538 342 575 dispensare.
364 538 406 566 Sic
428 538 508 566 etiam
531 541 627 566 octavo
648 538 784 574 capitulo,
806 538 853 566 ubi
878 537 946 566 dici-

103 589 165 614 tur:
191 584 326 613 Universi
345 585 470 613 Fratres
491 593 585 613 unum
612 585 646 613 [le
672 584 832 613 Fratribus
860 585 946 613 istius

104 631 260 669 Religionis
281 635 432 660 teneantur
453 640 565 668 semper
586 631 689 660 babere
709 631 872 669 yeneralem
893 631 945 659 Mi-

102 677 246 711 nistrum‚·
268 681 295 706 et
315 678 387 706 infra
407 678 502 707 eodem
524 678 659 715 capitulo:
682 678 846 706 Teneantur
859 686 946 715 prae-

102 724 173 753 dicti
193 726 330 759 Fratres,
352 725 459 763 quibus
479 725 573 753 electio
595 725 666 753 slata
687 729 744 759 est,
773 725 804 753 in
831 725 946 753 nomine

104 771 222 800 Domini
242 771 337 800 alium
357 771 415 800 sibi
435 771 537 808 eligere
558 772 589 800 in
611 771 781 805 Custodem,
804 774 830 800 et
858 771 897 799 sic
918 771 944 799 in

103 817 239 846 similibus
250 819 270 846 ².
293 835 329 838 ——
352 818 379 846 In
401 818 461 846 aliis
481 820 574 846 autem
590 818 746 851 nonnullis,
761 818 856 851 credo,
871 818 945 854 quod

102 864 176 893 Ordo
207 867 296 901 potest
322 865 481 901 dispensare
511 864 537 892 in
567 864 727 901 particulari
756 867 782 892 et
815 865 841 892 in
862 872 944 898 casu;

102 911 177 939 verbi
193 911 294 948 gratia,
309 919 371 940 cum
387 911 488 939 dicitur
504 911 585 939 tertio
600 911 735 947 capitulo:
752 911 816 939 Non
832 915 945 939 tenean-

102 960 152 986 tur
171 957 232 986 nisi
250 961 332 986 sexta
352 956 431 994 feria
462 958 609 991 ieiunare,
642 957 740 991 credo,
771 957 845 994 quod
876 957 946 986 citra

101 1004 271 1033 manifestam
290 1004 478 1033 necessitatem
501 1004 628 1033 subditus
649 1007 790 1033 teneretur
812 1004 944 1033 ieiunium

101 1051 222 1085 solvere,
245 1050 266 1079 si
288 1050 420 1088 Superior
442 1051 606 1087 imperaret,
629 1051 679 1079 nisi
702 1054 772 1079 esset
794 1051 893 1079 solutio
908 1051 945 1079 ie-

100 1097 168 1125 iunii
191 1097 216 1125 in
239 1097 397 1125 scandalum
419 1097 546 1125 aliorum.
569 1097 699 1125 Similiter
720 1097 841 1134 intelligo
856 1097 882 1125 in
899 1097 945 1125 illo

101 1144 186 1172 verbo
207 1144 314 1180 septimi
337 1143 465 1180 capituli:
488 1144 650 1172 Teueantnr
661 1144 810 1180 praedicti
824 1145 945 1172 Fratres

103 1191 144 1220 ad
164 1199 210 1219 eos
231 1199 400 1225 recurrere,
421 1194 449 1219 et
470 1191 496 1219 in
518 1191 684 1227 quibusdam
706 1191 781 1224 aliis;
811 1191 879 1219 nihil
905 1194 945 1220 ta-

101 1245 165 1267 men
187 1238 287 1266 borum
310 1241 400 1274 potest
421 1237 495 1266 Ordo
515 1237 680 1274 generaliter
702 1237 858 1266 immutare.

179 1284 206 1313 3.
229 1284 275 1313 Est
295 1284 375 1313 etiam
399 1284 511 1312 tertium
539 1292 642 1320 genus,
674 1284 721 1312 ubi
753 1292 803 1312 nec
834 1284 945 1312 additur

10 1343 42 1380 ,ιιι-ι
55 1343 84 1362 te·
97 1331 268 1369 praecipere
288 1338 339 1359 nec
360 1331 465 1364 teneri,
488 1330 559 1359 sicut
580 1334 654 1367 patet.
675 1331 701 1358 in
724 1330 844 1359 secundo
872 1330 945 1367 capi-

100 1378 159 1408 tulo
179 1378 205 1406 in
228 1378 430 1415 pertinentibus
451 1377 484 1406 ad
507 1378 689 1414 receptionem
706 1377 739 1405 ad
753 1377 884 1406 Ordinem
899 1385 946 1406 ve-

101 1425 252 1459 nientium,
275 1427 302 1453 et
323 1424 349 1453 in
372 1424 453 1453 tertio
474 1424 500 1452 in
517 1424 704 1460 spectantibus
719 1424 752 1452 ad
767 1424 891 1452 divinum
906 1423 945 1452 of-

101 1471 195 1500 ficium
217 1474 244 1500 et
265 1471 291 1500 in
312 1471 441 1508 pluribus
461 1471 521 1499 aliis
542 1474 753 1507 consequenter,
781 1470 829 1499 ubi
858 1471 946 1499 multa

101 1520 212 1547 exstant
233 1520 379 1554 praecepta
399 1525 435 1546 ex
450 1517 600 1546 intentione
616 1517 799 1550 mandatoris,
815 1517 861 1546 ubi
874 1517 884 1534 ³
900 1525 946 1546 eo-

101 1573 164 1594 rum
186 1564 367 1601 transgressio
388 1564 547 1593 scandalum
568 1567 595 1593 et
615 1563 849 1592 deordinationem
868 1567 946 1593 nota-

100 1611 182 1641 bilem
197 1614 350 1649 generaret.
367 1611 445 1640 Circa
459 1619 578 1648 quorum
594 1611 823 1648 dispensationem
840 1611 865 1640 in
882 1619 946 1648 par-

102 1659 209 1688 ticulari
221 1659 233 1675 4
255 1658 375 1695 intelligo
394 1658 481 1691 idem,
496 1658 570 1695 quod
585 1658 658 1686 circa
673 1661 819 1694 praecepta
832 1658 944 1686 secundi

101 1705 205 1735 ordinis
225 1708 267 1734 est
287 1705 474 1742 praedictum;
497 1705 568 1733 inter
589 1712 661 1741 quae
682 1705 763 1733 etiam
785 1705 852 1738 alia,
874 1712 945 1741 quae

102 1760 155 1780 non
178 1751 366 1789 praeceptorie
387 1751 565 1785 inseruntur3
587 1758 637 1779 nec
659 1751 685 1779 in
701 1751 811 1787 speciali
827 1751 945 1788 amplius

100 1799 215 1832 definio,
237 1798 288 1827 nisi
310 1801 342 1826 ut
362 1798 454 1826 omnia
475 1798 593 1834 Regulae
615 1798 699 1826 verba
727 1805 790 1826 cum
816 1806 946 1827 reveren-

101 1845 139 1874 tia
159 1845 342 1882 recipiantur,
357 1848 383 1874 et
398 1841 522 1881 ipsorum
545 1844 726 1881 transgressio
747 1845 857 1881 penitus
872 1845 946 1873 devi-

101 1895 192 1926 tetur,
214 1900 277 1921 cum
299 1895 406 1921 certum
430 1892 480 1926 sit,
503 1892 631 1928 Regulam
655 1900 705 1928 pro
726 1892 785 1928 lege
806 1891 880 1926 dari,
896 1900 945 1920 nec

100 1939 201 1976 aliquis
221 1947 237 1967 a
257 1939 316 1976 lege
337 1939 483 1973 avertitur,
511 1939 578 1975 quin
607 1938 641 1967 ad
672 1938 801 1967 tenebras
831 1946 946 1967 conver-

101 1987 176 2014 tatur
187 1985 208 2014 ὃ.

1218 307 1448 333 CONFIRMATIO
1467 309 1630 334 REGULAE.

1071 380 1143 405 Nulli
1161 388 1219 412 ergo
1239 382 1337 407 omnino
1356 382 1481 407 hominum
1498 383 1572 408 liceat
1590 383 1654 408 hanc
1673 384 1790 415 paginam
1805 391 1845 408 110-

1002 422 1069 446 strae
1088 422 1283 448 confirmationis
1301 424 1436 456 infringere
1460 425 1498 450 vel
1518 426 1539 450 ei
1558 433 1620 450 ausu
1639 426 1770 451 temerario
1792 434 1846 451 con-

1001 464 1086 489 traire.
1106 465 1130 489 Si
1149 466 1204 496 quis
1223 466 1306 491 autem
1319 467 1364 492 hoc
1383 468 1509 492 attentare
1523 469 1715 499 praesumserit,
1735 469 1846 500 indigna-

1002 507 1094 532 tionem
1113 508 1290 539 omnipotentis
1309 509 1353 534 Dei
1372 510 1398 535 et
1416 510 1544 535 beatorum
1564 511 1633 536 Petri
1652 511 1677 536 et
1694 511 1768 536 Pauli
1781 512 1845 543 Apo-

1002 550 1123 576 stolorum
1142 552 1194 576 eius
1213 559 1238 576 se
1257 553 1354 577 noverit
1372 553 1538 579 incursurum.

1074 593 1167 618 Datum
1187 594 1318 625 Laterani,
1337 596 1412 621 tertio
1431 597 1550 621 kalendas
1570 597 1724 627 Decembris,
1744 597 1846 623 Pontifi-

1001 636 1073 661 catus
1091 637 1172 662 nostri
1190 645 1255 663 anuo
1274 639 1369 663 octavo.

1117 709 1252 743 (Explicit
1270 712 1354 736 Bulla
1371 712 1487 737 Honorii
1504 713 1563 738 III.
1588 715 1612 738 et
1630 714 1732 746 Regula

1274 754 1403 779 Fratrum
1421 755 1581 789 Minorztm.)

1331 835 1512 864 EXPOSlTIO.

1083 913 1106 939 1.
1123 911 1204 940 Nulli
1217 921 1293 949 erqo.
1310 913 1378 941 Haec
1393 916 1434 942 est
1449 921 1513 950 pars
1528 914 1609 942 tertia
1622 915 1765 951 epistolae,
1780 916 1844 944 alia-

1002 966 1065 986 rum
1086 959 1243 987 conclusiva
1255 959 1275 993 8,
1297 959 1343 987 ubi
1365 959 1421 988 duo
1435 964 1500 988 sunt
1515 961 1660 995 notabilia,
1676 962 1779 991 scilicet
1794 963 1844 991 Re-

999 1004 1087 1041 gyulae
1107 1004 1247 1033 stabilitio
1268 1008 1295 1034 et
1316 1007 1453 1042 temporis
1473 1007 1683 1036 determinatio.

1080 1051 1130 1079 Pro
1151 1051 1240 1087 primo
1261 1051 1341 1080 dicit:
1364 1052 1446 1081 Nulli
1465 1061 1532 1089 erpo
1554 1054 1671 1082 omnino
1693 1053 1842 1083 bominum

1000 1097 1084 1126 liceat
1105 1096 1181 1126 lianc
1196 1099 1341 1135 payinam
1356 1103 1473 1127 nostrae
1488 1100 1720 1136 confirmationis
1735 1101 1843 1138 infrin-

1001 1152 1068 1181 9ere
1088 1144 1131 1172 vel
1151 1144 1177 1172 ei
1198 1153 1276 1172 ausu
1299 1146 1454 1173 temerario
1475 1146 1630 1174 contraire.
1653 1147 1732 1183 Quod
1755 1151 1845 1177 tamen

1001 1190 1105 1221 faciunt
1125 1191 1310 1225 detractores,
1335 1192 1463 1229 Regulam
1481 1193 1566 1229 ipsam
1582 1196 1609 1222 et
1624 1194 1742 1230 Regulae
1756 1194 1845 1223 decla-

1001 1237 1158 1266 rationem⁷
1181 1241 1208 1267 et
1229 1238 1355 1267 Fratrum
1384 1240 1618 1268 conversationem
1651 1240 1724 1269 trino
1749 1241 1845 1270 ordine

1000 1284 1123 1313 dentium
1146 1285 1306 1314 lacerantes.
1329 1286 1403 1314 Unde
1424 1289 1538 1315 caveant
1556 1287 1590 1315 ab
1605 1295 1636 1315 eo
1658 1287 1731 1324 quod
1753 1288 1846 1325 sequi-

1002 1334 1064 1360 tur:
1087 1331 1119 1360 Si
1138 1332 1204 1369 quis
1225 1336 1320 1360 autem
1337 1331 1389 1361 ltoe
1404 1336 1544 1362 attentare
1555 1335 1785 1370 praesumserit,
1801 1335 1845 1363 in-

1002 1378 1197 1415 dignationem
1220 1380 1420 1416 omnipotentis
1443 1380 1495 1408 Dei
1514 1384 1540 1409 et
1558 1380 1709 1410 beatorum
1725 1382 1807 1410 Petri
1820 1385 1845 1410 et

1004 1425 1095 1453 Pauli
1115 1425 1321 1462 Apostolorum
1342 1426 1405 1454 eius
1424 1435 1454 1455 se
1474 1427 1585 1456 nouerit
1606 1428 1810 1456 incursurum.

1081 1473 1106 1500 2.
1130 1472 1181 1500 Pro
1203 1475 1327 1509 tempore
1348 1473 1436 1501 addit:
1461 1474 1569 1502 Datum
1591 1475 1747 1509 Laterani,
1763 1475 1788 1503 id
1804 1478 1845 1504 est

1002 1518 1029 1547 iu
1051 1518 1114 1547 sede
1136 1519 1269 1555 imperiali
1291 1519 1392 1548 Christi
1422 1520 1523 1549 nomini
1556 1525 1730 1555 consecrata,
1763 1521 1844 1550 tertio

1003 1564 1143 1594 kalendas
1164 1565 1329 1594 Decembris
1340 1566 1362 1600 ὃ,
1383 1566 1427 1595 die
1448 1567 1552 1596 scilicet
1573 1568 1658 1596 sancti
1688 1568 1844 1602 Saturnini,

1002 1620 1072 1649 quae
1093 1615 1135 1640 est
1156 1613 1245 1648 prima
1266 1613 1470 1642 solemnitatum
1492 1614 1572 1648 anni,
1595 1614 1746 1643 secundum
1767 1623 1845 1644 revo-

1002 1658 1133 1687 lutionem
1150 1659 1260 1687 Romani
1277 1659 1375 1693 officii,
1390 1663 1421 1688 ut
1437 1663 1540 1696 pateat,
1557 1661 1626 1689 hanc
1642 1661 1771 1697 Regulam
1786 1669 1845 1690 esse

1002 1705 1188 1734 renovativam
1203 1706 1311 1742 gaudii,
1327 1707 1400 1743 quod
1415 1715 1514 1735 annus
1529 1707 1713 1745 beniisttitatis
1729 1708 1847 1737 Domini

1002 1752 1172 1787 introduxit3
1188 1760 1259 1789 quae
1274 1756 1315 1781 est
1330 1753 1411 1781 etiam
1429 1754 1524 1789 Vigilia
1539 1755 1624 1783 sancti
1641 1755 1762 1783 Andreae
1777 1755 1845 1791 Apo-

1002 1798 1079 1832 stoli,
1101 1801 1134 1827 ut
1154 1799 1241 1827 sciant
1261 1807 1371 1833 omnes,
1393 1799 1478 1828 huius
1500 1800 1617 1836 Regulae
1642 1800 1845 1830 observantiam

1002 1852 1061 1873 esse
1082 1845 1200 1881 vigiliam
1223 1846 1428 1882 praeambulam
1450 1846 1482 1875 ad
1510 1847 1640 1876 thronum
1670 1847 1844 1876 judiciarium

1002 1899 1065 1920 cum
1088 1891 1175 1928 gloria
1196 1892 1390 1928 possidendum
1402 1892 1421 1920 ⁹.
1444 1893 1638 1929 Pontificatus
1658 1894 1754 1922 nostri
1767 1903 1844 1923 anno

1003 1943 1118 1972 octavo,
1140 1941 1172 1967 ut
1191 1942 1287 1967 octava
1307 1939 1411 1976 gratiae
1425 1943 1452 1968 et
1466 1940 1569 1976 gloriae
1590 1941 1797 1970 commendetur
1810 1942 1843 1970 ¹⁰.

1002 1985 1094 2014 Amen.

164 2157 172 2170 ¹
190 2158 247 2181 Cod.
265 2158 283 2180 D
300 2157 449 2187 dispensatio.
473 2158 566 2180 interius
587 2164 629 2186 pro
653 2157 692 2181 Sit·
714 2157 782 2181 etiam
804 2159 820 2180 D
837 2161 859 2180 et
876 2158 912 2180 ed.
935 2159 939 2180 l

101 2196 163 2221 sicut
179 2197 257 2220 etiam.

164 2235 173 2249 ²
190 2235 262 2259 Codd.
281 2236 298 2258 A
310 2236 328 2258 G
346 2238 367 2258 et
384 2236 420 2258 ed.
439 2236 447 2257 l
469 2237 490 2258 et
506 2235 630 2258 similibus.

164 2275 173 2287 ³
191 2276 292 2302 Scilicet,
306 2274 360 2304 quia
379 2274 411 2297 ibi
425 2274 493 2297 alias.
507 2275 582 2297 secuti
595 2281 675 2297 sumus
688 2276 717 2302 D3
730 2276 766 2297 ed.
783 2276 788 2297 l
802 2277 878 2304 patet,
892 2274 944 2303 ubi,

101 2315 119 2337 G
135 2315 200 2343 patet
216 2313 271 2341 uisi,
290 2314 340 2335 Vnt.
353 2313 409 2339 nisi,
428 2320 487 2342 quae
505 2314 572 2335 etiam
585 2314 692 2342 superius
705 2320 746 2342 pro
758 2315 854 2337 exstant
865 2314 904 2341 (ita
917 2315 943 2342 A)

102 2352 218 2375 substituit
235 2353 322 2379 essent,
341 2352 378 2374 ed.
399 2354 404 2373 l
425 2354 502 2374 erunt.

163 2391 173 2404 ⁴
190 2391 262 2414 Codd.
281 2392 298 2413 A
311 2392 328 2412 G
346 2393 368 2413 et
384 2391 420 2413 ed.
439 2392 447 2412 l
473 2390 670 2420 dispensationem
688 2391 869 2420 particularem.
892 2392 946 2413 inse-

104 2431 152 2454 11115
169 2437 210 2459 pro
227 2430 289 2458 alia,
307 2436 368 2460 quae
384 2430 421 2452 ed.
441 2430 447 2452 1
469 2429 517 2452 alia
535 2430 664 2459 quaedam,
682 2430 768 2452 omisso
785 2430 883 2452 subinde
900 2430 948 2453 nisi

104 2470 177 2499 (quod
195 2470 263 2492 etiam
281 2471 298 2492 A
316 2469 399 2491 omittit
416 2472 437 2491 01
455 2476 497 2497 pro
514 2475 561 2497 quo
578 2470 596 2491 G
613 2469 729 2491 substituit
746 2469 839 2498 quain),
858 2470 876 2491 D
891 2470 946 2497 legit

103 2509 173 2532 etiam
191 2508 307 2538 quaedam
324 2507 372 2530 alia
391 2507 538 2534 tusa-untur,
556 2513 602 2530 non
620 2509 697 2530 tamen
712 2507 886 2537 praeceptor-ie,
903 2514 946 2530 nec

104 2547 128 2571 in
144 2547 241 2577 speciali
257 2551 298 2569 cte.

166 2586 175 2599 ⁶
191 2586 235 2609 Clr.
253 2586 375 2609 Clementis
388 2586 412 2608 V.
426 2585 551 2607 Declaratio
564 2585 635 2608 Eziri
645 2585 673 2608 (Ie
681 2585 810 2614 paradiso,
822 2592 842 2607 c.
858 2586 876 2607 l.
890 2592 911 2607 n.
924 2586 945 2607 3.

103 2631 164 2654 seq.‚
183 2625 221 2647 ubi
240 2625 268 2647 de
286 2625 313 2647 iis
329 2631 390 2653 qnae
407 2625 561 2653 aequipollent
579 2627 709 2652 praecepto.
725 2636 756 2641 -
772 2624 882 2652 Superius
894 2627 946 2652 post

101 2670 148 2693 pro
165 2663 214 2693 teye
231 2667 253 2686 01
269 2670 283 2686 a
301 2663 350 2692 leye
366 2665 383 2686 G
402 2664 465 2686 addit
482 2663 517 2686 rel
535 2663 593 2686 lia-e.

166 2702 175 2715 Β
192 2703 250 2725 Vide
268 2709 336 2730 supra
355 2703 522 2731 {inpositionem
549 2702 728 2724 confirmationis
753 2703 866 2729 ungulae,
883 2709 905 2724 n.
924 2703 944 2724 sl.

106 2742 170 2769 (pag.
188 2742 250 2767 391).

165 2779 173 2792 ⁷
193 2781 248 2802 (3011.
267 2780 284 2801 1)
301 2780 364 2802 addit
379 2779 498 2809 papalem.

166 2818 175 2831 ⁸
193 2820 214 2841 111
235 2823 266 2841 est
287 2820 314 2840 29
333 2819 401 2845 Nou,
419 2819 441 2840 in
458 2825 505 2846 ‹pio
522 2821 653 2840 recensetur
675 2818 809 2845 martyrium
829 2819 850 2840 S.
868 2819 945 2840 Satur-

105 2858 150 2880 nini
168 2861 190 2880 ct
208 2858 287 2885 Vigilia
307 2859 329 2879 S.
347 2858 451 2880 Andri-ae
469 2858 517 2880 (cfr.
537 2857 680 2884 lilarlyrolog.
698 2858 844 2884 Romanum)>
859 2857 944 2878 steni-d

105 2895 253 2919 cremonem.
270 2896 353 2924 episin,
371 2897 408 2918 tx.
426 2896 529 2922 lilitrnlis,
547 2897 640 2923 praelat.
659 2895 754 2923 (aigne,
774 2896 944 2923 11111101091111.

105 2938 159 2957 tom.
177 2936 230 2957 213.
248 2936 290 2957 rnl.
309 2935 376 2963 Ιιοέῐ);
398 2943 408 2955 α
421 2935 505 2962 Regula
525 2941 579 2957 xero
605 2935 634 2956 ile
659 2935 776 2956 Adventus
802 2934 863 2956 initio
889 2936 945 2956 linco

105 2977 150 2996 est:
167 2974 271 2996 Andreae
289 2975 343 2995 sesto
361 2974 512 3002 propinquior
530 2980 579 2995 csse
597 2976 723 3000 memento,
736 2974 771 2995 vul
783 2974 828 2995 sic:
841 2974 945 2996 Andreae

106 3013 161 3035 sesto
178 3019 339 3041 quaecumque
357 3012 508 3041 propinquior
525 3015 628 3035 exstat».
646 3012 702 3034 Cum
721 3012 826 3035 Adventu
840 3013 945 3040 incipitur

1002 2159 1022 2180 in
1035 2159 1152 2181 Breviario
1164 2159 1268 2180 Romano
1280 2159 1381 2181 osticium
1394 2159 1423 2181 de
1435 2159 1562 2187 Tempore,
1575 2162 1597 2181 et
1609 2166 1661 2181 cum
1674 2160 1757 2188 Vigilia
1770 2160 1791 2182 S.
1802 2160 1844 2183 An-

1001 2198 1070 2220 dreae
1083 2201 1104 2220 01
1116 2199 1171 2220 sesto
1184 2199 1207 2220 S.
1217 2198 1331 2220 Salui-uitii
1343 2198 1443 2220 officium
1457 2198 1576 2226 proprium
1589 2198 1618 2220 de
1630 2199 1725 2221 Sanctis.
1737 2199 1768 2221 Do
1780 2204 1843 2221 anuo

1002 2235 1149 2266 beuiynilalis
1166 2238 1206 2259 cfr.
1225 2237 1259 2258 Ps.
1278 2237 1319 2263 64,
1342 2237 1376 2259 ta.
1393 2249 1423 2253 —
1441 2237 1552 2264 Superius
1572 2238 1589 2259 G
1612 2240 1632 2259 et
1651 2238 1686 2260 ed.
1709 2239 1714 2259 l
1737 2238 1844 2259 omittunt

1001 2275 1026 2297 ici
1042 2276 1088 2302 est,
1106 2278 1127 2298 01
1144 2282 1186 2303 pro
1209 2275 1297 2298 Christi
1318 2275 1408 2298 nomini
1429 2276 1448 2298 D
1470 2279 1492 2298 et
1509 2277 1544 2298 ed.
1565 2277 1572 2298 l
1594 2276 1735 2299 substituunt
1757 2276 1845 2300 Christi

1000 2314 1101 2337 nomine.
1121 2314 1223 2337 Subinde
1240 2321 1282 2342 pro
1300 2314 1336 2337 die
1352 2314 1439 2337 scilieet
1456 2315 1507 2336 Vnt.
1524 2321 1646 2343 perperam
1665 2315 1700 2337 ilie
1718 2315 1807 2344 quinto.

1063 2352 1072 2365 ⁰
1090 2354 1165 2375 ltlaun.
1185 2354 1226 2381 lt),
1244 2354 1286 2375 28:
1305 2353 1376 2375 Amen
1394 2353 1445 2375 diro
1463 2353 1542 2380 vobis,
1559 2354 1623 2382 quod
1642 2360 1697 2381 vos,
1714 2354 1754 2382 qui
1771 2355 1843 2376 seculi

1001 2392 1054 2413 estis
1072 2398 1120 2419 1110,
1139 2393 1159 2414 111
1177 2393 1363 2419 regeneratione,
1380 2399 1432 2414 cum
1451 2393 1534 2414 sederit
1553 2393 1619 2414 Filius
1637 2393 1735 2415 hominis
1749 2393 1771 2415 111
1788 2393 1843 2415 sede

1002 2431 1126 2453 maiestatis
1143 2437 1211 2458 5000,
1229 2431 1338 2453 sedebitis
1356 2434 1377 2453 et
1394 2437 1436 2453 vos
1452 2437 1522 2458 super
1539 2431 1606 2453 sedes
1628 2432 1764 2460 duodecim,
1784 2432 1843 2454 iudi-

1002 2472 1078 2491 cantes
1096 2470 1218 2491 duodecim
1238 2469 1310 2492 trihus
1328 2470 1401 2491 lsrael.
1419 2482 1449 2486 —
1467 2470 1506 2492 Ed.
1528 2471 1532 2491 l
1552 2470 1732 2499 possidentium.

1064 2507 1083 2520 ¹⁰
1100 2509 1209 2536 August,
1227 2509 1327 2530 Enarrat.
1346 2508 1368 2530 111
1386 2509 1421 2530 Ρ5.
1438 2509 1458 2530 6.
1477 2515 1499 2530 u.
1517 2510 1543 2531 2:
1566 2509 1640 2531 Potest
1662 2509 1756 2538 quidem
1775 2510 1842 2532 etiam

1001 2548 1059 2570 nulla
1078 2554 1189 2569 annorum
1207 2548 1325 2569 temeraria
1343 2549 1505 2575 supputatione
1522 2547 1571 2569 dics
1592 2548 1669 2570 iudicii
1692 2549 1788 2571 octavus
1809 2549 1843 2570 in-

1002 2586 1082 2613 telligi,
1100 2586 1163 2614 quod
1181 2586 1225 2607 iam
1245 2588 1295 2613 post
1307 2586 1374 2608 finem
1387 2586 1454 2608 liuius
1466 2586 1563 2613 saer-uli,
1575 2589 1667 2613 accepta
1680 2589 1771 2608 aelerna
1783 2587 1841 2614 vita,

1003 2628 1056 2646 tunc
1073 2631 1118 2646 non
1136 2627 1202 2646 erunt
1219 2625 1308 2646 animae
1326 2625 1437 2646 iustorum
1456 2624 1567 2646 ohnoxiae
1584 2624 1739 2652 tcuiporibus;
1754 2628 1776 2647 et
1787 2632 1842 2654 quo-

1002 2663 1062 2684 niam
1081 2663 1157 2685 onmia
1176 2666 1278 2690 tempora
1292 2666 1379 2691 septem
1392 2663 1480 2685 (11010111
1494 2664 1588 2685 istorum
1601 2664 1734 2691 repetitione
1747 2665 1843 2687 volvun-

1001 2704 1045 2728 tur,
1062 2703 1159 2724 oc'tarus
1178 2703 1233 2723 sorte
1251 2702 1286 2723 ille
1303 2702 1377 2724 (111-1115
1394 2705 1439 2728 est,
1457 2702 1495 2730 qui
1513 2702 1646 2724 varietatem
1665 2703 1729 2724 istam
1749 2710 1792 2725 11011
1806 2704 1842 2725 lui-

1002 2740 1071 2762 bebit.
1089 2740 1132 2763 Clr.
1150 2747 1219 2768 supra
1238 2747 1290 2769 pag.
1310 2741 1366 2767 tos,
1385 2744 1435 2763 nuta
1454 2741 1475 2763 ὅ.
1493 2744 1515 2763 ct
1527 2742 1641 2768 Beda,de
1654 2742 1795 2770 Temporum
1809 2749 1842 2764 ra-

1001 2780 1074 2805 tione,
1091 2785 1109 2801 c..
1127 2780 1164 2801 71.
1182 2792 1211 2796 —
1229 2780 1300 2801 (Iodd.
1320 2780 1337 2801 l)
1349 2781 1366 2801 G
1384 2783 1406 2802 ct
1422 2780 1458 2802 ed.
1478 2781 1485 2802 l
1508 2781 1607 2802 addunt:
1620 2780 1724 2809 sarpta-it
1735 2780 1842 2803 (inclara-

1001 2818 1032 2841 tio
1051 2818 1079 2847 [(ἰ
1095 2818 1218 2847 arposilio]
1243 2819 1422 2841 [toriaeenlurat'
1445 2819 1490 2847 [011.
1515 2820 1522 2840 l
1545 2819 1640 2841 Domini
1660 2820 1842 2843 Bouareulurae

1002 2856 1026 2879 S.
1040 2857 1158 2879 Romanae
1175 2857 1291 2880 Ecclesiae
1308 2857 1449 2883 cardinalis,
1463 2859 1479 2879 G
1493 2858 1590 2885 scriptus
1609 2858 1667 2880 1158
1687 2859 1707 2880 111
1725 2858 1839 2887 Amiterga

1001 2895 1130 2918 sectandum
1143 2896 1343 2925 Bonarealuram]
1361 2903 1432 2926 super
1451 2897 1561 2925 [cenulam
1582 2897 1627 2920 FF.
1638 2897 1767 2921 illiimrum.
1785 2898 1841 2921 Curi.

1002 2935 1030 2956 B:
1050 2934 1151 2963 Est-plinii
1172 2935 1286 2963 annosam
1310 2935 1351 2958 Fr.
1371 2935 1466 2959 loannis
1483 2943 1555 2965 saper
1573 2936 1685 2965 lieffltlam
1706 2937 1753 2966 [cir.
1771 2944 1839 2965 supra

1002 2980 1054 3001 pag.
1073 2975 1128 3001 3lll,
1146 2977 1197 2995 nota
1220 2973 1257 3003 l.].

1862 967 1903 986 Duo
1919 968 1991 987 notabi-

1908 991 1940 1010 lia.

1863 1061 1889 1080 De
1902 1061 1962 1085 primo

1860 1480 1887 1499 Do
1899 1479 1989 1500 secundo.
