2133 3317
214 236 270 263 756

213 312 266 336 CAP.
283 314 316 336 111.
336 314 368 335 De
387 312 528 334 institutione
547 312 671 339 Religionis
688 314 710 334 et
727 311 896 340 approbatione
914 312 956 334 Re-

341 360 408 387 gulae
432 375 913 381 .............
954 363 1009 387 paq.
1020 357 1065 379 510

238 415 247 426 ιι
285 406 322 428 IV.
340 406 373 428 De
390 407 494 434 prosectu
512 405 605 427 Ordinis
622 405 667 427 sub
684 411 755 427 manu
773 405 848 433 ipsius
863 408 885 428 et
902 411 955 428 con-

949 468 954 474 .
988 460 998 472 ιι
1020 452 1065 474 513

238 508 249 520 ιι
287 500 315 522 V.
334 500 365 522 De
391 499 523 521 austeritate
548 499 621 526 vitae,
644 501 665 520 et
691 498 811 527 quomodo
836 501 955 521 creaturae

340 452 470 474 firmatione
488 452 590 479 Regulae
609 452 673 480 prius
690 450 833 479 approbatae
867 469 873 474 .
908 470 913 474 .

340 545 484 574 praebebant
501 546 523 568 ei
540 546 646 568 solatium
673 562 956 568 ........
990 552 1002 566 ιι
1021 545 1065 567 516

239 603 249 614 ιι
287 594 323 616 Vl.
341 594 374 616 De
392 594 520 616 humilitate
537 596 559 616 et
576 593 709 615 obedientia
727 595 749 615 et
767 592 797 615 de
818 593 956 615 condescen-

341 640 446 663 sionibus
463 640 548 663 divinis
564 639 608 662 sibi
627 640 690 662 tactis
707 640 737 662 ad
755 643 837 662 nutum
871 657 876 662 .
911 658 915 662 .
951 656 956 661 .
990 648 1000 659 ιι
1021 639 1066 661 519

239 697 249 709 ιι
287 688 333 710 Vll.
354 688 385 710 De
408 694 488 710 amore
511 687 655 716 paupertatis
680 689 702 709 et
727 687 785 709 mira
810 687 957 715 suppletione

341 735 473 757 defectuum
477 750 956 756 .............
989 742 1000 753 ιι
1021 733 1066 755 523

240 790 250 801 ιι
288 782 341 804 Vlll.
360 782 392 803 De
409 781 501 810 pietatis
518 782 614 808 affectu,
632 784 654 803 et
679 781 799 810 quomodo
817 781 905 803 rat10ne
922 787 957 803 ca-

342 829 415 851 rentia
433 828 574 851 videbantur
591 828 621 851 ad
638 828 716 856 ipsum
728 828 797 851 affici.
829 846 834 850 .
871 847 876 851 .
910 845 916 850 .
951 846 956 850 .
990 837 1001 849 ιι
1022 828 1067 850 526

238 884 249 895 ιι
287 875 323 897 tx.
343 875 373 897 De
392 877 482 897 fervore
499 875 599 897 caritatis
616 877 638 897 et
655 875 771 897 desiderio
788 875 893 902 martyrii
911 891 917 897 .
951 891 957 896 .
990 883 1000 894 ιι
1022 874 1068 897 530

239 931 250 942 ιι
288 922 315 944 X.
336 923 366 944 De
383 922 460 944 studio
478 925 500 944 ct
517 922 602 944 virtute
619 921 729 944 orationis
751 938 756 943 .
790 939 795 944 .
830 939 836 944 .
872 940 876 944 .
912 938 918 944 .
934 941 938 943 ,
952 938 957 943 ,
992 930 1002 941 ιι
1023 921 1068 943 533

240 978 251 989 ιι
288 969 325 991 Xl.
346 970 376 991 De
395 969 541 997 intelligentia
560 970 733 997 scripturarum
755 972 777 991 et
802 969 884 997 spiritu
908 975 959 997 pro-

343 1016 435 1044 pnetiae
472 1024 1002 1039 ...............
1023 1015 1069 1037 535

240 1072 251 1083 ιι
288 1063 334 1086 XII.
362 1064 393 1085 De
419 1063 520 1085 efficacia
550 1063 699 1091 praedicandi
728 1066 750 1086 et
774 1063 847 1091 gratia
875 1063 959 1085 sanita-

344 1113 391 1133 tum
396 1127 641 1133 .......
648 1118 651 1119 ’
675 1128 681 1133 .
715 1128 721 1133 .
754 1128 759 1133 .
794 1127 800 1133 .
833 1128 839 1133 .
873 1127 878 1132 .
913 1128 918 1132 .
953 1128 959 1133 .
992 1119 1003 1130 ιι
1024 1110 1069 1132 539

240 1166 251 1177 ιι
288 1157 342 1179 Xlll.
362 1158 393 1179 De
410 1157 559 1185 stigmatibus
577 1157 647 1179 saci-is
675 1165 1004 1179 .........
1024 1156 1069 1179 542

239 1213 250 1225 ιι
288 1205 349 1227 XIV.
367 1205 399 1227 De
417 1205 527 1233 patientia
545 1205 619 1233 ipsius
636 1208 658 1227 et
676 1205 771 1227 transitu
791 1205 879 1227 mortis.
914 1221 919 1227 .
953 1222 958 1227 .
993 1214 1002 1224 ιι
1024 1204 1070 1227 545

240 1261 251 1272 ιι
288 1253 340 1275 XV.
357 1253 389 1275 De
406 1252 580 1275 canonizatione
597 1255 619 1275 et
637 1252 782 1275 translatione
800 1252 881 1280 ipsius.
914 1267 920 1272 .
954 1269 959 1274 .
994 1260 1004 1272 ιι
1025 1252 1070 1274 547

938 232 1037 261 INDEX
1059 232 1248 262 GENERALIS.

1373 311 1494 335 Mil-acula
1512 311 1573 335 beati
1589 312 1720 336 Francisci.

1123 366 1136 394 (ἐς
1154 367 1169 388 1.
1187 367 1212 388 Et
1230 366 1305 394 primo
1323 366 1353 389 de
1370 366 1494 389 virtutibus
1511 373 1631 390 sacrorum
1649 367 1783 395 stigmatum
1818 384 1825 390 .
1862 368 1973 398 13119549

1124 421 1134 433 ιι
1156 414 1180 435 ll.
1198 414 1230 435 De
1248 413 1345 436 mortuis
1362 414 1477 436 suscitatis
1500 424 1908 437 ...........
1928 415 1969 438 55l

1124 467 1134 479 ιι
1156 459 1188 481 111.
1206 460 1239 481 De
1256 460 1291 482 his
1307 466 1367 489 quos
1384 466 1396 482 a
1412 460 1493 483 mortis
1510 461 1612 488 periculo
1629 461 1743 484 liberavit.
1777 478 1782 483 .
1816 478 1822 484 .
1856 479 1861 484 .
1896 470 1906 482 ιι
1929 462 1974 484 553

1124 513 1134 525 ιι
1156 506 1192 528 tv.
1211 506 1244 528 De
1260 507 1379 535 naufragis
1396 506 1498 530 liberatis
1500 517 1909 531 ............
1929 508 1975 530 555

1125 562 1136 573 ιι
1157 554 1184 575 V.
1202 553 1235 575 De
1252 552 1354 576 liberatis
1370 560 1382 576 a
1400 554 1499 576 vinculis
1516 558 1538 576 et
1554 554 1687 577 carceribus
1699 571 1864 578 .....
1897 564 1909 575 ιι
1929 556 1974 578 556

1126 607 1137 620 ιι
1156 600 1194 622 Vl.
1211 600 1243 622 Dc
1260 600 1362 623 lIberatis
1378 607 1391 622 a
1409 601 1511 629 periculo
1529 604 1609 629 partus
1621 611 1909 624 ........
1930 602 1974 625 558

1125 655 1136 666 ιι
1157 646 1203 669 Vll.
1221 647 1252 669 De
1269 647 1345 669 caecis
1362 647 1495 669 illuminatis
1502 657 1908 670 ...........
1928 648 1973 670 559

1126 702 1136 714 ιι
1157 693 1211 716 Vlll.
1229 694 1262 715 De
1278 693 1380 716 liberatis
1397 700 1410 716 a
1428 694 1498 716 variis
1516 693 1605 716 morbis
1623 710 1865 717 .......
1898 703 1910 714 ιι
1930 694 1975 716 560

1125 749 1135 760 ιι
1158 741 1195 763 IX.
1214 740 1245 762 De
1262 747 1308 763 non
1325 740 1505 763 observantibus
1523 742 1605 763 festum
1629 743 1651 763 et
1676 740 1866 764 inhonorantibus

1252 788 1362 810 Sanctum
1381 797 1909 810 ..............
1930 788 1971 810 561

1126 843 1136 855 ιι
1159 835 1188 857 X.
1205 835 1238 856 De
1255 834 1397 863 quibusdam
1410 834 1459 857 aliis
1471 835 1589 857 miraculis
1600 835 1754 857 diversimodi
1766 835 1867 863 generis.
1899 844 1910 855 n
1931 835 1976 858 562

1221 904 1319 928 OPUSC.
1337 904 1420 927 XXIV.
1438 905 1568 927 LEGENDA
1586 905 1674 928 ttttNOP.
1693 905 1715 927 S.
1732 905 1886 929 FRANCtSCt.

683 1370 911 1408 APPENDIX
937 1369 1164 1408 DUBIORUM
1189 1369 1512 1407 OPUSCULORUM.

399 1492 496 1515 OPUSC.
514 1493 530 1515 t.
549 1492 696 1515 SPECULUM
715 1492 895 1515 DISCIPLINAE.

218 1587 330 1614 Prologus
358 1603 919 1609 ...............
958 1592 1017 1616 pay.
1027 1586 1072 1608 583

218 1633 276 1656 PARS
294 1634 308 1656 l.
326 1633 416 1662 Primo,
434 1633 461 1657 de
476 1633 669 1663 praeparatoriis
686 1633 719 1656 ad
735 1633 885 1663 disciplinam
917 1651 923 1656 .
956 1651 961 1656 .
996 1642 1006 1654 ιι
1027 1633 1073 1655 584

219 1679 272 1703 ΟΑΡ.
292 1681 307 1703 Ι.
325 1681 356 1703 De
374 1681 494 1703 vetustatis
511 1681 657 1710 depositione
680 1690 1006 1704 .........
1042 1680 1074 1703 ib.

247 1737 258 1748 ιι
295 1729 318 1751 11.
335 1729 368 1751 De
385 1729 513 1751 constantia
532 1729 615 1751 mentis
626 1731 648 1750 et
660 1729 748 1751 cautela
766 1731 845 1750 contra
863 1728 964 1751 tentatio-

347 1782 387 1798 nes
404 1775 531 1798 diabolicas
559 1784 1008 1798 ............
1042 1774 1075 1798 ib.

244 1832 255 1845 ιι
290 1824 324 1846 111.
336 1824 459 1853 Quomodo
472 1824 599 1846 necessaria
612 1823 641 1846 sit
652 1823 681 1846 ad
691 1823 827 1851 disciplinae
838 1822 964 1851 susceptio-

348 1877 400 1893 nem
420 1871 537 1893 humilitas
561 1879 1008 1893 ............
1028 1871 1074 1893 585

244 1928 254 1939 ιι
292 1919 329 1941 lV.
348 1919 378 1941 De
396 1919 551 1947 captivatione
570 1919 678 1947 propriae
701 1919 825 1941 voluntatis
838 1927 1008 1940 ......
1043 1918 1073 1940 ib.

244 1974 256 1985 ιι
293 1965 321 1988 V.
338 1966 371 1988 De
388 1966 562 1993 praesumtione
580 1969 626 1988 tam
644 1965 666 1988 in
684 1972 708 1988 re
725 1971 796 1994 quam
810 1965 833 1987 in
845 1965 912 1993 signo
930 1965 962 1987 vi-

349 2013 418 2035 tanda
442 2021 1008 2035 ...............
1029 2012 1073 2034 587

246 2068 256 2080 ιι
297 2059 332 2081 Vl.
350 2059 382 2082 De
400 2059 455 2081 vitio
473 2059 637 2082 irreverentiae
655 2059 767 2087 rugiendo
800 2076 962 2082 .....
996 2068 1008 2080 ιι
1029 2059 1074 2082 589

222 2106 345 2134 Secundo,
364 2106 391 2130 de
408 2107 460 2136 ipsa
477 2106 602 2137 disciplina
638 2123 963 2129 .........
997 2115 1008 2127 ιι
1029 2106 1070 2128 591

223 2154 275 2177 Car.
293 2155 339 2176 Vlt.
356 2154 389 2176 De
406 2154 526 2182 disciplina
545 2155 567 2176 in
585 2154 686 2182 generali
720 2170 966 2177 .......
1000 2162 1010 2174 ιι
1044 2153 1074 2176 ib.

249 2210 259 2221 ιι
297 2201 352 2223 VlIl.
371 2201 402 2223 De
419 2201 539 2229 disciplina
551 2201 574 2224 in
586 2201 680 2229 speciali
693 2201 753 2224 circa
768 2201 895 2229 spiritualia
908 2201 964 2224 inter

351 2249 449 2276 Fratres,
466 2252 488 2271 et
506 2249 582 2277 primo
600 2252 706 2276 respectu
725 2249 847 2271 amotionis
864 2249 925 2271 mali.
959 2266 964 2270 .
998 2257 1010 2269 ιι
1043 2248 1074 2270 11).

248 2304 259 2315 ιι
295 2295 334 2317 tx.
352 2296 384 2317 De
402 2296 523 2323 disciplina
541 2296 601 2318 circa
619 2296 789 2318 consessionem
807 2295 922 2323 privatam
959 2313 964 2317 .
998 2304 1009 2315 ιι
1029 2295 1074 2317 592

247 2350 259 2362 ιι
296 2342 325 2364 X.
343 2342 375 2365 De
393 2342 513 2370 disciplina
531 2342 590 2365 circa
609 2343 777 2365 contessionem
796 2341 926 2370 publicam.
960 2360 964 2364 .
999 2351 1010 2361 ιι
1044 2341 1075 2364 11).

248 2398 259 2409 ιι
296 2390 334 2411 XI.
354 2390 385 2412 De
403 2389 523 2417 disciplina
541 2390 620 2418 quoad
638 2390 777 2417 positionem
795 2389 849 2412 boni
878 2406 884 2411 .
917 2406 922 2411 .
959 2408 963 2411 .
998 2398 1009 2409 ιι
1030 2389 1075 2411 593

247 2444 258 2456 ιι
295 2436 342 2458 XII.
360 2436 392 2458 De
414 2436 535 2464 disciplina
552 2436 612 2458 circa
630 2436 707 2458 cordis
725 2436 925 2463 informationem,
943 2439 965 2458 et

352 2483 428 2511 primo
445 2483 475 2505 de
496 2483 600 2505 oratione
602 2499 966 2505 ..........
999 2491 1009 2503 ιι
1044 2482 1075 2505 ib.

248 2538 258 2550 ιι
296 2530 353 2552 Xlll.
372 2531 402 2552 De
420 2530 542 2558 disciplina
560 2530 582 2552 in
599 2530 696 2552 lectione
722 2546 966 2552 .......
999 2538 1011 2550 ιι
1030 2529 1075 2552 594

247 2586 258 2597 ιι
295 2578 354 2600 XIV.
374 2578 406 2600 De
431 2578 551 2605 disciplina
575 2577 634 2600 circa
653 2577 759 2599 divinum
777 2577 884 2600 Officium
902 2577 965 2600 addi-

351 2624 465 2646 scendum
484 2640 963 2646 .............
998 2633 1009 2643 ιι
1030 2623 1076 2646 595

248 2681 258 2692 ιι
296 2672 346 2694 XV.
362 2672 394 2694 De
406 2672 526 2700 disciplina
538 2672 599 2694 circa
611 2671 718 2694 divinum
731 2671 839 2694 Officium
851 2671 874 2693 in
886 2672 965 2694 choro.
999 2680 1011 2691 ιι
1044 2671 1076 2694 ib.

249 2728 260 2739 ιι
297 2719 357 2741 XVI.
376 2719 407 2741 De
423 2719 544 2747 disciplina
568 2719 628 2741 circa
651 2718 758 2741 divinum
775 2718 882 2741 Officium
902 2720 965 2741 extra

351 2767 449 2789 chorum
478 2782 964 2788 .............
998 2774 1010 2786 ιι
1030 2765 1076 2788 597

249 2821 259 2833 ιι
297 2813 366 2835 XVII.
384 2813 416 2835 De
434 2813 554 2841 disciplina
571 2813 631 2835 circa
649 2813 726 2835 altaris
743 2812 896 2834 ministerium
919 2830 924 2834 .
959 2829 965 2834 .
998 2820 1008 2832 ιι
1031 2812 1076 2835 598

249 2868 260 2880 ιι
298 2860 376 2882 XVIII.
395 2860 426 2882 De
443 2860 562 2888 disciplina
581 2860 641 2882 circa
654 2866 680 2882 ea
692 2866 753 2889 quae
765 2859 795 2882 ad
807 2865 893 2888 corpus
904 2862 966 2882 sunt.
999 2868 1010 2879 ιι
1031 2859 1076 2881 600

249 2916 259 2927 ιι
298 2907 358 2931 XIX.
377 2908 409 2929 De
426 2907 545 2935 disciplina
563 2907 586 2929 in
604 2910 671 2935 gestu
684 2923 967 2930 ........
1001 2915 1012 2927 ιι
1045 2906 1077 2929 ib.

250 2963 260 2974 ιι
299 2954 352 2976 XX.
368 2954 401 2976 De
418 2954 540 2982 disciplina
558 2954 581 2976 in
598 2954 713 2976 locutione
730 2953 844 2976 servanda
881 2971 885 2976 .
921 2970 928 2976 .
960 2970 966 2975 .
999 2962 1011 2973 ιι
1031 2953 1072 2975 601

251 3010 261 3021 n
298 3001 361 3023 XXI.
382 3001 413 3023 De
430 3001 551 3029 disciplina
569 3001 590 3023 in
608 3000 750 3023 comestione
762 3009 1011 3023 .......
1031 3000 1076 3022 602

1127 968 1160 990 De
1177 968 1329 990 conversione
1347 955 1420 995 ipsius
1459 984 1867 990 ...........
1900 977 1910 989 ιι
1931 968 1977 990 565

1128 1015 1161 1037 De
1178 1015 1319 1037 institutione
1336 1015 1462 1042 Religionis
1479 1017 1501 1037 et
1518 1015 1619 1037 efficacia
1638 1014 1787 1043 praedicandi
1821 1031 1827 1037 .
1860 1031 1866 1037 .
1900 1024 1910 1035 ιι
1931 1015 1977 1037 567

1128 1062 1160 1084 De
1178 1062 1340 1090 praerogativa
1357 1062 1471 1083 virtutum
1505 1078 1867 1084 ..........
1900 1070 1912 1082 »
1932 1062 1977 1084 569

1129 1109 1160 1131 De
1177 1109 1253 1131 studio
1271 1108 1380 1130 orationis
1396 1110 1418 1130 et
1435 1108 1516 1136 spiritu
1535 1108 1670 1136 prophetiae
1704 1125 1867 1130 .....
1901 1117 1907 1129 ι
1932 1108 1974 1131 571

1129 1156 1161 1178 Dc
1178 1155 1308 1178 obedientia
1326 1158 1485 1178 creaturarum
1503 1159 1526 1178 et
1542 1155 1739 1178 condescensione
1751 1155 1828 1178 divina
1862 1172 1868 1178 .
1901 1164 1912 1176 ιι
1933 1155 1978 1178 573

1129 1203 1161 1226 De
1177 1203 1325 1232 stigmatibus
1342 1204 1413 1226 sacris
1426 1221 1866 1226 ............
1900 1212 1912 1225 ιι
1933 1204 1978 1226 575

1129 1252 1161 1273 De
1178 1251 1275 1274 transitu
1292 1251 1373 1273 mortis
1384 1268 1868 1274 .............
1901 1260 1911 1272 ιι
1932 1251 1977 1274 577

1129 1490 1181 1514 Cat).
1201 1491 1271 1514 XXII.
1288 1491 1320 1513 Dc
1338 1490 1458 1519 disciplina
1476 1491 1497 1513 in
1515 1497 1586 1519 opere
1601 1491 1710 1513 manuali.
1744 1509 1749 1513 .
1783 1508 1788 1513 .
1823 1509 1828 1513 .
1866 1497 1924 1521 pay.
1934 1492 1979 1514 604

1155 1547 1166 1559 ιι
1203 1539 1282 1561 XXlll.
1301 1539 1333 1560 De
1350 1538 1472 1566 disciplina
1490 1538 1512 1560 in
1530 1538 1620 1560 incessu
1629 1555 1869 1561 .......
1903 1547 1915 1559 ιι
1935 1539 1980 1561 606

1154 1595 1166 1606 ιι
1202 1586 1286 1609 XXIV.
1304 1586 1336 1608 De
1352 1586 1474 1614 disciplina
1492 1587 1513 1607 ln
1532 1589 1598 1614 gestu
1616 1584 1776 1608 membrorum
1787 1603 1793 1608 .
1826 1604 1831 1608 .
1865 1604 1870 1609 .
1904 1595 1914 1607 ιι
1948 1586 1981 1609 ib.

1154 1642 1164 1654 ιι
1202 1634 1277 1656 XXV.
1294 1633 1327 1655 De
1344 1633 1465 1661 disciplina
1482 1633 1542 1655 circa
1561 1632 1664 1655 habitum
1667 1642 1914 1656 ........
1935 1634 1980 1656 607

1154 1689 1164 1701 ιι
1202 1680 1285 1703 XXVI.
1304 1680 1336 1702 De
1352 1680 1475 1708 disciplina
1493 1679 1514 1702 in
1532 1679 1629 1702 officinis
1665 1688 1915 1702 ........
1936 1680 1980 1702 608

1155 1736 1166 1747 ιι
1203 1727 1295 1749 xxvn.
1312 1727 1344 1748 De
1361 1726 1484 1754 disciplina
1501 1726 1559 1748 inter
1570 1728 1703 1754 extraneos,
1715 1728 1738 1748 et
1749 1726 1824 1754 primo
1841 1726 1870 1749 de

1258 1774 1378 1802 disciplina
1397 1774 1418 1795 in
1436 1774 1489 1796 villa
1511 1783 1915 1796 ............
1936 1774 1980 1796 609

1156 1830 1167 1842 ιι
1203 1821 1305 1844 XXVIII.
1323 1821 1355 1844 De
1372 1821 1494 1849 disciplina
1513 1821 1535 1843 in
1552 1821 1632 1843 itinere
1668 1830 1916 1844 ........
1951 1820 1982 1843 ib.

1155 1878 1167 1889 ιι
1203 1869 1287 1891 XXIX.
1306 1869 1338 1891 De
1355 1868 1475 1897 disciplina
1494 1868 1515 1890 in
1533 1868 1635 1891 ecclesiis
1668 1877 1916 1891 .......
1936 1868 1981 1890 610

1156 1925 1166 1937 ιι
1203 1916 1279 1939 XXX.
1297 1916 1329 1938 De
1346 1916 1466 1944 disciplina
1485 1916 1508 1938 in
1527 1916 1627 1944 hospitio
1629 1932 1871 1938 .......
1905 1924 1915 1936 ιι
1936 1915 1977 1938 611

1154 1972 1165 1983 ιι
1203 1963 1289 1986 XXXI.
1310 1963 1341 1985 De
1358 1963 1479 1991 disciplina
1496 1963 1618 1985 locutionis
1628 1971 1915 1985 ........
1935 1962 1981 1985 612

1156 2019 1166 2031 ιι
1204 2011 1297 2033 XXXII.
1316 2011 1347 2033 De
1365 2010 1485 2039 disciplina
1502 2010 1524 2032 in
1541 2010 1683 2033 comestione
1707 2027 1712 2032 .
1747 2027 1752 2032 .
1786 2027 1791 2032 .
1826 2026 1832 2032 .
1865 2027 1871 2032 .
1904 2018 1915 2030 ιι
1936 2010 1980 2032 613

1132 2058 1196 2080 Plias.
1215 2058 1239 2080 11.
1256 2058 1289 2081 De
1306 2056 1414 2087 qemi-ali
1429 2056 1595 2080 eaehortatione
1628 2065 1916 2080 .........
1936 2056 1982 2078 615

1132 2104 1184 2128 Car.
1204 2105 1218 2127 l.
1237 2105 1269 2127 De
1286 2104 1431 2127 ordinatione
1448 2106 1555 2132 respectu
1578 2104 1618 2126 Dei
1630 2112 1916 2127 ........
1951 2102 1981 2124 ib.

1156 2160 1167 2171 ιι
1204 2152 1229 2173 11.
1247 2152 1278 2173 De
1295 2151 1439 2173 ordinatione
1457 2154 1563 2179 respectu
1580 2151 1617 2173 sui
1628 2158 1916 2173 ........
1936 2149 1981 2171 616

1157 2208 1168 2219 ιι
1203 2199 1237 2221 111.
1255 2199 1287 2221 De
1304 2198 1448 2221 ordinatione
1465 2201 1572 2226 respectu
1595 2198 1694 2226 proximi
1707 2206 1916 2220 ......
1936 2196 1981 2219 617

1156 2255 1167 2266 ιι
1204 2246 1241 2268 tv.
1259 2246 1291 2268 De
1308 2246 1411 2268 custodia
1429 2251 1507 2268 rerum
1510 2261 1871 2268 ..........
1904 2253 1916 2265 ιι
1936 2245 1981 2267 619

1155 2301 1165 2313 ιι
1203 2292 1232 2315 V.
1250 2293 1281 2314 De
1298 2292 1424 2315 differentia
1442 2298 1610 2314 conversorum
1629 2300 1916 2314 ........
1951 2290 1982 2313 ib.

1156 2349 1167 2360 ιι
1206 2340 1240 2362 VI.
1258 2340 1291 2362 De
1308 2340 1374 2362 novis
1391 2339 1500 2367 professis
1510 2355 1752 2361 .......
1783 2351 1792 2360 -.
1826 2355 1832 2361 .
1865 2355 1871 2360 .
1904 2346 1914 2358 ιι
1936 2338 1982 2360 620

1295 2417 1394 2440 OPUSC.
1414 2418 1436 2439 11.
1454 2416 1601 2440 SPECULUM
1619 2416 1821 2440 CONSCIENTIAE

1411 2479 1472 2495 AttAs
1488 2478 1599 2495 SPECULUM
1616 2478 1706 2494 mutan.

1134 2551 1281 2574 Prooemium
1313 2558 1917 2574 .................
1938 2549 1982 2571 623

1134 2597 1187 2622 CAP.
1205 2599 1219 2620 1.
1236 2598 1269 2621 De
1285 2598 1364 2620 radice
1381 2597 1505 2626 superbiae
1511 2605 1917 2620 ............
1937 2596 1982 2618 625

1154 2654 1165 2665 ιι
1202 2645 1225 2667 11.
1244 2645 1276 2667 De
1293 2645 1371 2667 radice
1388 2644 1589 2672 concupiscentiae
1605 2644 1726 2666 oculorum
1748 2660 1754 2665 .
1787 2660 1794 2666 .
1827 2660 1832 2665 .
1866 2660 1872 2665 .
1906 2651 1916 2663 ιι
1937 2643 1978 2665 631

1156 2701 1168 2712 ιι
1205 2692 1236 2715 111.
1255 2693 1286 2714 De
1303 2692 1381 2715 radice
1398 2692 1598 2720 concupiscentiae
1615 2691 1690 2714 carnis
1710 2708 1872 2714 .....
1905 2699 1916 2711 ιι
1937 2690 1982 2712 635

1134 2740 1245 2768 Epilogus
1259 2739 1430 2768 praedictorum
1434 2747 1917 2762 .............
1937 2737 1982 2760 643

1228 2826 1326 2849 OPUSC.
1344 2826 1377 2849 111.
1395 2826 1492 2849 ΞΠΜΜΑ
1513 2826 1549 2848 DE
1568 2825 1710 2848 GRADIBUS
1727 2824 1889 2847 VtRTUTUttt.

1134 2905 1247 2933 Prologus
1276 2912 1917 2927 ..................
1937 2902 1982 2925 646

1135 2951 1187 2975 CAP.
1205 2952 1220 2974 I.
1237 2951 1327 2974 Gradus
1344 2951 1443 2974 caritatis
1471 2959 1918 2974 .............
1952 2949 1983 2972 ib.

1160 3008 1171 3019 ιι
1206 2999 1232 3022 ll.
1250 2999 1341 3021 Gradus
1357 2998 1503 3021 obedientiae
1513 3006 1917 3021 ............
1937 2996 1981 3019 647
