2133 3317
148 2399 245 2418 Obiectum

117 2423 173 2450 huius
179 2424 246 2450 *medi-

118 2449 200 2465 tationis.

942 383 1251 421 OPUSGULUM
1275 384 1344 420 IV.

410 512 547 575 DE
588 511 1029 587 QUINQUE
1071 512 1873 579 FESTIVITATIBUS

962 667 1144 710 PUERI
1181 667 1321 711 IESU

1053 1154 1235 1184 PROLOGUS.

343 1242 411 1271 Cum
434 1242 586 1271 secundum
609 1241 734 1270 virorum
768 1241 968 1270 venerabilium
995 1250 1065 1279 quos
1086 1241 1114 1270 in

117 1294 250 1336 Rgssgffssffiff
264 1290 384 1319 Ecclesia
404 1290 452 1318 Dei
474 1289 568 1318 divina
594 1289 737 1318 irradiatio
758 1289 879 1325 amplius
899 1289 1059 1322 illustravit,
1088 1292 1115 1317 et

159 1346 210 1360 ΠΠΠΙ.

263 1337 388 1366 caelestis
408 1336 517 1365 devotio
532 1336 719 1365 abundantius
744 1335 926 1364 inflammavit
950 1335 1114 1364 sententiam

264 1387 291 1413 et
314 1384 468 1413 doctrinam
493 1383 582 1412 dulcis
606 1384 667 1412 Iesu
695 1383 845 1417 meditatio,
870 1383 954 1411 Verbi
979 1382 1114 1411 incarnati

264 1430 459 1468 contemplatio
487 1430 586 1459 devota
606 1430 733 1459 devotam
761 1433 882 1458 mentem
903 1437 988 1466 super
1012 1430 1064 1458 mel
1088 1432 1115 1458 et

264 1478 357 1507 omnia
387 1480 596 1515 unguentorum
627 1477 811 1514 fragrantium
842 1477 1021 1505 odoramenta
1051 1485 1115 1505 sua-

263 1525 326 1553 vius
346 1524 478 1559 delectat,
500 1524 609 1553 dulcius
631 1523 765 1558 inebriat,
787 1523 937 1560 perfectius
954 1524 1114 1552 consolatur

264 1575 291 1600 et
312 1564 574 1606 confortat13‘hinc
595 1574 652 1605 est,
682 1571 756 1608 quod
778 1578 842 1599 cum
863 1578 908 1599 me
929 1579 945 1599 a
973 1570 1114 1607 cogitatio-

263 1627 332 1648 num
346 1619 526 1648 incidentium
548 1618 672 1647 tumultu
694 1618 840 1655 paululum
863 1617 1066 1646 subtraxissem
1088 1620 1115 1646 et

262 1666 337 1695 intra
366 1666 562 1703 memetipsum
592 1666 692 1695 tacitus
720 1665 883 1702 cogitarem,
916 1665 984 1702 quid
1014 1665 1048 1694 de
1073 1664 1115 1693 di-

264 1714 328 1742 vina
357 1713 547 1742 incarnatione
575 1713 603 1741 in
625 1713 678 1741 hoc
700 1715 825 1749 tempore
857 1714 1057 1749 pertractarem
1086 1712 1114 1740 in

262 1764 367 1795 mente,
389 1760 463 1789 unde
491 1760 612 1797 aliquam
635 1759 850 1788 consolationem
876 1759 1049 1796 spiritualem
1071 1767 1115 1788 re-

263 1808 400 1844 ciperem,
422 1807 450 1835 in
472 1815 528 1844 qua
548 1807 668 1836 divinam
691 1806 865 1835 dulcedinem
886 1806 918 1834 in
940 1805 995 1834 liae
1017 1806 1114 1844 lacry-

262 1864 383 1883 marum
412 1855 486 1883 valle
500 1855 511 1871 2
539 1862 589 1891 per
618 1853 763 1891 speculum
786 1853 979 1890 degustarem,
1001 1856 1046 1887 ut,
1068 1853 1115 1882 illa

262 1902 467 1939 aliquantulum
481 1901 640 1938 degustata,
662 1900 842 1938 temporalem
858 1908 889 1929 ac
911 1900 1113 1937 phantasticam

263 1949 477 1978 consolationem
509 1948 660 1986 perfectius
694 1947 866 1977 fastidirem:
898 1947 994 1977 incidit
1026 1948 1113 1976 menti

262 2004 339 2026 meae
361 1996 508 2031 secretius,
531 1995 606 2033 quod
627 1995 720 2024 anima
740 1995 797 2024 Deo
817 1995 916 2024 devota
936 1994 1112 2024 benedictum

1171 1241 1219 1270 Dei
1251 1242 1339 1271 Patris
1360 1242 1484 1271 Verbum
1512 1246 1539 1272 et
1563 1243 1662 1271 Filium
1682 1243 1858 1281 unigenitum
1886 1244 2023 1274 mediante

1171 1289 1260 1325 gratia
1280 1289 1400 1326 Spiritus
1421 1289 1508 1318 sancti
1531 1289 1713 1327 spiritualiter
1734 1293 1828 1327 posset
1855 1291 1960 1320 virtute
1980 1291 2023 1320 Al-

1171 1336 1270 1364 tissimi
1291 1336 1452 1373 concipere,
1467 1344 1582 1373 parere,
1604 1337 1765 1372 nominare,
1781 1345 1844 1367 cum
1866 1338 1954 1368 beatis
1967 1339 2023 1368 Ma-

1171 1383 1213 1419 gis
1233 1391 1369 1420 quaerere
1394 1386 1421 1412 et
1441 1383 1557 1413 adorare
1579 1386 1606 1413 et
1627 1384 1739 1413 demum
1761 1384 1818 1413 Deo
1839 1385 1912 1414 Patri
1927 1393 2023 1415 secun-

1171 1430 1238 1459 dum
1259 1431 1358 1468 Legem
1373 1431 1458 1467 Moysi
1479 1431 1507 1459 in
1526 1432 1628 1468 templo
1646 1431 1763 1461 feliciter
1783 1435 1973 1469 praesentare,
1996 1435 2023 1462 et

1172 1477 1210 1506 sic
1235 1480 1367 1515 tanquam
1395 1486 1462 1507 vera
1493 1478 1661 1508 christianae
1689 1479 1830 1516 religionis
1861 1480 2022 1517 discipula³

1171 1524 1296 1561 quinque
1327 1524 1411 1559 festa,
1434 1532 1506 1561 quae
1537 1525 1571 1554 de
1601 1533 1690 1563 puero
1715 1526 1777 1554 Iesu
1797 1526 1853 1563 agit
1884 1527 2021 1562 Ecclesia,

1171 1575 1263 1600 mente
1284 1571 1382 1600 devota
1403 1580 1467 1600 cum
1488 1572 1563 1600 omni
1585 1573 1741 1601 reverentia
1759 1573 1849 1602 valeat
1870 1574 2020 1604 celebrare.

1171 1619 1258 1656 Igitur
1279 1618 1351 1648 sicut
1365 1619 1508 1647 humiliter
1530 1619 1658 1656 concepi,
1674 1620 1767 1649 verbis
1788 1620 1942 1650 humilibus
1957 1629 2021 1651 con-

1172 1666 1285 1702 scripsi,
1316 1666 1526 1695 concordantias
1546 1667 1744 1696 auctoritatum
1767 1667 1910 1697 brevitatis
1938 1677 2022 1698 causa

1172 1712 1354 1749 praetermisi.
1378 1713 1405 1741 In
1427 1721 1483 1750 quo
1505 1715 1625 1742 tractatu
1647 1713 1725 1743 brevi
1746 1717 1774 1743 et
1794 1715 1909 1749 humili,
1934 1715 1957 1744 si
1978 1716 2022 1745 vel

1172 1759 1311 1788 modicum
1332 1759 1485 1788 devotionis
1506 1759 1539 1789 ad
1560 1760 1752 1789 dulcissimum
1774 1761 1864 1790 Iesum
1892 1762 1955 1799 quis
1982 1763 2021 1792 le-

1171 1805 1260 1843 gendo
1295 1805 1432 1842 concipiat
1464 1806 1508 1835 vel
1546 1806 1722 1842 meditando;
1757 1807 1849 1844 ipsum
1887 1811 2020 1846 tanquam

1171 1853 1295 1882 omnium
1324 1853 1461 1882 bonorum
1483 1856 1641 1888 auctorem,
1669 1854 1773 1883 fontem
1796 1858 1823 1883 et
1850 1855 2019 1893 principium

1172 1900 1277 1935 laudet,
1292 1900 1429 1937 glorificet
1443 1903 1470 1929 et
1490 1900 1648 1935 benedicat3
1665 1901 1687 1930 si
1709 1909 1775 1930 vero
1789 1902 1871 1937 nihil,
1893 1903 1937 1931 vel
1950 1903 2020 1931 mihi

1170 1948 1263 1976 minus
1284 1947 1455 1976 sufficienter
1476 1950 1503 1976 et
1524 1947 1605 1984 digne
1630 1948 1778 1983 scribenti,
1799 1949 1843 1978 vel
1870 1949 1941 1978 forte
1968 1950 2020 1979 sibi

1170 1995 1263 2023 minus
1277 1994 1375 2023 devote
1396 1996 1424 2023 et
1438 1994 1581 2023 humiliter
1596 1994 1696 2032 legenti
1712 1995 1831 2032 imputet
1846 1999 1873 2025 et
1890 1996 2019 2026 ascribat.

1042 2118 1200 2146 FnsrwirAs
1221 2117 1239 2145 I.

481 2230 629 2267 Quomodo
650 2230 677 2258 F
678 2229 746 2258 ilius
770 2229 829 2263 Dei,
854 2227 988 2258 Christus
1009 2229 1091 2257 Iesus
1112 2236 1132 2257 α
1153 2232 1244 2257 mente
1265 2228 1367 2257 devota
1387 2228 1585 2265 spiritualiter
1606 2228 1800 2266 concipiatur.

344 2344 368 2371 1.
391 2342 483 2371 Primo
503 2342 601 2379 igitur,
623 2343 742 2378 purgato
767 2340 910 2369 intellectu
938 2339 1111 2369 contritionis

263 2390 389 2424 lavacro,
411 2393 439 2418 et
459 2389 631 2417 inflammato
652 2391 679 2417 et
703 2388 809 2417 elevato
836 2387 937 2416 affectu
958 2386 1112 2416 dilectionis

261 2437 382 2475 igniculo
393 2437 414 2471 4,
436 2436 518 2465 castis
545 2435 770 2464 meditationibus
792 2438 819 2463 et
839 2434 945 2463 devotis
970 2434 1111 2470 cogitatio-

261 2485 344 2513 nibus
365 2483 593 2521 pertractandum
608 2486 664 2517 est,
680 2483 800 2520 qualiter
814 2482 865 2511 iste
886 2481 1048 2511 benedictus
1063 2481 1111 2509 Dei

262 2531 358 2566 Filius,
380 2531 507 2560 Christus
525 2530 601 2559 lesus
622 2530 657 2559 sit
671 2538 687 2558 a
704 2529 803 2558 devota
816 2532 909 2558 mente
930 2528 1112 2566 spiritualiter

264 2579 478 2616 concipiendus.

1246 2339 1315 2368 Cum
1337 2339 1428 2368 anima
1455 2339 1554 2368 devota
1581 2340 1625 2369 vel
1663 2348 1711 2378 spe
1732 2340 1857 2369 caelestis
1881 2341 2018 2378 praemii,

1168 2387 1212 2415 vel
1227 2387 1327 2415 timore
1348 2387 1453 2415 aeterni
1469 2386 1609 2424 supplicii,
1631 2387 1675 2416 vel
1696 2387 1786 2416 taedio
1801 2388 1832 2417 iu
1846 2387 1902 2417 liac
1921 2388 2018 2427 laery-

1169 2442 1289 2462 marum
1311 2433 1407 2462 valle-²³
1428 2433 1534 2462 diutius
1559 2434 1746 2463 commorandi
1772 2438 1847 2463 mota
1867 2443 1899 2464 ac
1920 2435 2017 2464 stimu-

1168 2482 1238 2516 lata,
1259 2481 1338 2510 novis
1359 2481 1586 2518 inspirationibus
1607 2482 1748 2516 visitatur,
1770 2482 1872 2511 sanctis
1897 2482 2017 2511 affectio-

1168 2529 1251 2557 nibus
1272 2529 1471 2563 inssammatur,
1492 2528 1717 2558 meditationibus
1735 2529 1900 2558 caelestibus
1920 2530 2017 2558 anxia-

1169 2578 1229 2610 tur,
1244 2575 1354 2604 tandem
1377 2575 1490 2604 abiectis
1504 2578 1531 2604 et
1551 2575 1687 2613 despectis
1701 2576 1843 2605 veteribus
1864 2576 2017 2605 defectibus

328 2744 335 2756 ¹
354 2744 401 2767 Cl'r.
418 2745 532 2772 Anselm.‚
550 2744 649 2767 Meditat.
671 2744 711 2771 ¹23
730 2743 854 2770 bernai-d„
867 2744 941 2766 Serui.
954 2744 975 2765 rl.
988 2743 1010 2765 in
1028 2743 1112 2771 Epipli.

263 2783 369 2810 Domini,
386 2790 409 2806 n.
431 2784 448 2805 1.
465 2790 546 2812 seqq.;
565 2784 639 2806 Sei-in.
660 2784 697 2805 29.
715 2783 743 2805 de
760 2783 874 2810 Diversis,
892 2789 915 2805 n.
928 2784 950 2805 2.
964 2789 1042 2811 seqq.;
1056 2782 1111 2804 Tra-

264 2826 317 2845 ctat.
328 2825 397 2845 ascet.
411 2823 477 2851 (inter
489 2829 558 2851 opera
571 2823 682 2845 Bernardi
698 2825 798 2851 suntque
810 2822 924 2844 Gilleberti
937 2821 1036 2851 abbatis)
1049 2824 1076 2843 tr.
1089 2822 1111 2843 6.

263 2869 286 2885 n.
304 2863 326 2884 ss.
344 2868 409 2891 seqq.
425 2874 456 2878 —
473 2863 524 2885 Vat.
541 2861 641 2885 suarius
659 2862 763 2890 delectet,
782 2861 876 2885 dulcius
901 2861 1010 2889 inebriet,
1032 2861 1110 2890 parse-

263 2901 323 2925 etius
341 2900 475 2924 consoletur
493 2903 515 2924 et
530 2901 652 2931 confortet.
670 2902 694 2924 ln
712 2901 775 2924 initio
793 2907 836 2929 pro
857 2901 966 2924 virorum
991 2899 1111 2924 venerabi·-

264 2940 323 2963 lium
339 2940 357 2962 Α
367 2940 383 2961 Β
394 2939 409 2962 C
421 2940 438 2962 D
448 2941 464 2962 E
480 2939 590 2963 virorum
607 2939 793 2963 ltonorabiliimz.

326 2978 334 2991 2
352 2979 434 3001 Psaim.
452 2979 493 3007 83,
511 2980 532 3001 7.
550 2991 581 2995 —
599 2979 710 3007 Superius
735 2986 777 3007 pro
796 2980 974 3008 pertractarem
991 2978 1016 3001 in
1032 2980 1109 3002 mente

262 3019 279 3041 B
296 3020 471 3048 pertraclarcm
487 3019 570 3041 menta.
589 3018 691 3041 Subinde
708 3025 751 3046 pro
769 3020 795 3041 ut
812 3018 855 3041 illa
872 3019 890 3041 G
907 3020 928 3042 et
946 3018 995 3041 illa.

1233 2741 1241 2754 ³
1259 2742 1315 2765 Cod.
1333 2743 1351 2765 G
1370 2748 1425 2765 rei-a
1443 2741 1564 2771 reliyionis
1577 2741 1666 2765 Clu-isti
1676 2741 1801 2771 discipula.
1814 2742 1909 2764 Inferius
1920 2742 1936 2764 F
1951 2742 2016 2764 omit-

1169 2782 1194 2804 tit
1211 2781 1416 2805 concordantias...
1430 2780 1592 2810 praetermisi.

1231 2820 1240 2833 4
1258 2821 1303 2844 Csr.
1323 2827 1393 2849 supra
1412 2820 1554 2848 opusculum
1573 2821 1588 2842 l.
1606 2820 1635 2843 de
1653 2820 1746 2848 Triplici
1764 2820 1820 2847 Via,
1838 2826 1858 2842 c.
1880 2820 1896 2842 1.
1915 2826 1938 2842 n.
1951 2820 2015 2843 2-17.

1231 2859 1239 2872 ⁵
1257 2861 1338 2882 Psalm.
1357 2860 1399 2887 83,
1416 2860 1438 2882 7.
1456 2859 1502 2882 Cfr.
1519 2865 1589 2888 supra
1615 2860 1758 2887 Opusculum
1785 2860 1807 2881 11.
1834 2859 1926 2888 Soliloq.
1953 2865 1973 2882 e.
1993 2860 2015 2883 3.

1167 2906 1188 2922 n.
1211 2900 1245 2921 10.
1262 2899 1334 2922 verba
1351 2899 1461 2928 August,
1479 2899 1606 2921 secundum
1625 2905 1685 2927 quae
1702 2899 1771 2921 etiam
1795 2898 1872 2921 anima
1893 2899 1923 2921 ad
1940 2899 2015 2921 Deum

1166 2941 1286 2961 revertens
1302 2940 1368 2962 mola
1384 2938 1421 2961 vel
1437 2944 1478 2968 spe
1490 2938 1602 2968 praemii,
1623 2937 1660 2961 vel
1677 2937 1761 2961 timore
1777 2937 1889 2968 supplicii
1900 2938 1948 2961 vim
1961 2938 2014 2960 facit

1166 2978 1269 3006 pristinis
1287 2978 1408 3001 desideriis
1425 2980 1468 3000 etc.

2039 1527 2055 1546 N
2058 1527 2123 1547 otandu
