2133 3317
194 283 220 310 2.
243 281 270 309 In
292 281 379 309 Massa
400 280 484 309 sancti
509 280 579 309 Petri
595 279 702 308 cuidam
719 279 796 308 militi
813 280 822 296 ¹
845 279 962 308 debebat

13 338 100 362 fficiam.
116 328 247 367 pecuniae
268 327 448 364 quantitatem
478 327 665 363 pauperculus
693 326 813 363 quidam.
836 326 962 363 Cumque

116 383 182 413 prae
202 374 292 410 inopia
313 374 428 402 facultas
449 381 503 401 non
525 376 686 410 suppeteret
707 373 894 409 persolvendi,
917 381 961 401 ca-

116 426 180 460 ptus
199 421 307 450 debitor
328 428 344 448 a
365 420 450 448 milite
472 423 628 456 repetente,
652 420 776 449 misereri
799 420 848 448 sibi
865 420 962 448 orabat

116 468 289 505 suppliciter,
310 467 469 495 dilationem
494 474 631 503 quaerens
659 475 753 495 amore
778 467 849 495 beati
878 467 961 495 Fran—

115 515 186 544 cisci.
208 513 317 550 Sprevit
337 513 476 550 superbus
498 513 575 542 miles
591 521 686 550 preces
706 513 811 541 oblatas
825 516 852 541 et
870 513 959 541 Sancti

115 568 235 590 amorem
258 560 342 588 veluti
364 560 445 588 inane
473 559 539 596 quid
572 560 689 588 inaniter
718 559 867 596 vilipendit.
894 560 960 588 Nam

115 607 250 637 cervicose
275 606 459 643 respondens:
486 618 499 631 «
514 606 570 634 Tali
594 609 635 640 te,
657 607 710 640 ait,
733 607 791 634 loco
820 606 959 635 recludam

115 658 140 683 et
161 654 206 682 tali
230 653 370 682 recludam
386 654 396 668 ²
418 661 546 687 carcere,
568 653 641 690 quod
664 661 713 681 nec
735 653 896 681 Franciscus
911 660 961 681 nec

114 701 212 738 aliquis
240 703 266 728 te
294 701 396 737 poterit
421 700 552 728 adiuvare
572 712 597 728 ι).
625 700 751 728 Tentavit
779 699 851 736 quod
879 699 959 728 dixit.

114 748 257 777 Carcerem
278 746 418 775 adinvenit
439 747 607 780 obscurum,
624 747 649 774 iu
672 755 728 783 quo
743 746 882 774 bominem
904 746 961 774 vin-

115 794 235 824 culatum
257 794 381 822 coniecit.
405 793 488 822 Paulo
503 797 563 829 post
578 793 656 821 affuit
671 793 768 821 beatus
783 793 959 826 Franciscus,

113 845 140 871 et
159 841 246 870 fracto
267 848 378 869 carcere
400 840 546 876 ruptisque
562 839 755 876 compedibus,
771 840 895 868 illaesum
912 840 960 868 lio-

113 888 213 917 minem
235 887 349 916 reduxit
376 887 409 915 ad
432 886 551 923 propria.
580 887 622 915 Sic
648 886 780 915 fortitudo
808 886 959 919 Francisci,

113 935 224 964 militem
248 934 378 971 praedata
399 934 565 970 superbum,
588 933 743 970 captivum,
776 933 822 970 qui
852 941 880 961 se
909 933 959 961 sibi

113 982 282 1015 subiecerat,
313 981 438 1009 liberavit
463 989 478 1008 a
506 981 578 1009 malo
613 980 762 1017 militisque
792 979 960 1016 proterviam

114 1028 237 1057 mirando
258 1028 393 1056 miraculo
408 1027 418 1044 ³
441 1029 467 1055 in
490 1027 729 1056 mansuetudinem
752 1026 939 1057 commutavit.

191 1076 217 1104 3.
239 1075 367 1104 Albertus
388 1075 421 1103 de
442 1075 549 1108 Aretio,
571 1082 634 1103 611111
657 1075 683 1102 in
707 1074 823 1103 vinculis
840 1073 960 1102 arctIssi-

55 1128 61 1133 ·
91 1142 97 1148 .
112 1122 164 1151 mis
178 1123 190 1139 4
212 1125 353 1150 teneretur
369 1130 419 1158 pro
433 1121 532 1150 debitis
548 1121 648 1149 iniuste
664 1121 698 1149 ab
713 1129 745 1149 eo
760 1121 866 1158 petitIs‚
882 1128 960 1149 suam

113 1169 294 1198 innocentiam
317 1171 411 1197 sancto
432 1168 576 1197 Francisco
592 1168 734 1197 humiliter
749 1167 959 1196 commendavit.

112 1215 242 1245 Ordinem
264 1215 375 1252 quidem
397 1215 524 1244 Fratrum
551 1215 686 1243 Minorum
715 1215 868 1252 plurimum
900 1214 960 1243 dili-

112 1262 192 1300 gebat
212 1265 240 1291 et
260 1265 386 1291 sanctum
408 1262 582 1291 Franciscuin
606 1262 678 1290 inter
706 1263 819 1290 sanctos
850 1261 959 1298 speciali

113 1309 297 1339 venerabatur
318 1309 426 1338 affectu.
450 1309 526 1337 Dixit
547 1313 639 1337 autem
661 1309 782 1338 creditor
804 1316 872 1337 suus
894 1316 960 1337 voce

112 1356 285 1393 blasphema,
316 1356 390 1393 quod
419 1364 468 1385 nec
500 1356 661 1384 Franciscus
689 1363 738 1384 nec
767 1356 840 1384 Deus
869 1359 960 1391 posset

113 1411 175 1432 eun]
196 1402 230 1431 de
251 1403 309 1431 suis
331 1403 459 1431 manibus
480 1403 606 1431 liberare.
630 1403 740 1430 Factum
763 1404 804 1430 est
825 1402 918 1438 itaque
933 1401 960 1429 in

112 1450 204 1487 vigilia
223 1450 307 1479 sancti
331 1449 479 1483 Francisci,
501 1457 564 1478 cum
595 1449 703 1477 vinctus
723 1449 768 1477 ille
789 1448 857 1477 nihil
887 1456 959 1477 com-

112 1497 226 1531 edisset,
245 1497 291 1525 sed
313 1496 348 1525 ob
370 1496 458 1525 Sancti
480 1503 601 1524 amorem
624 1495 727 1524 victum
747 1503 829 1524 suum
851 1494 958 1523 cuidam

113 1543 254 1573 tribuisset
274 1551 376 1580 egeno,
397 1546 476 1571 nocte
497 1542 624 1571 veniente
644 1542 773 1579 apparuit
794 1542 818 1570 ei
837 1541 959 1578 vigilanti

113 1593 223 1620 sanctus
243 1590 413 1618 Franciscus.
436 1589 473 1618 Ad
494 1589 575 1618 cuius
603 1589 758 1626 ingressum
788 1589 898 1617 vincula
926 1588 960 1617 de

112 1637 228 1675 pedibus
249 1640 276 1666 et
297 1641 416 1665 catenae
436 1637 470 1665 (Ie
484 1636 623 1665 manibus
641 1636 806 1665 ceciderunt
819 1636 841 1670 ⁵,
863 1638 959 1672 sponte

112 1687 207 1721 aperta
227 1688 292 1713 sunt
312 1684 393 1718 ostia,
416 1683 596 1721 prosilierunt
614 1683 723 1712 tabulae
741 1683 774 1711 de
796 1683 911 1717 solari0,
933 1686 959 1711 et

114 1731 182 1760 liber
203 1731 334 1760 abscessit
356 1731 452 1764 homo,
474 1730 507 1759 ad
523 1730 636 1767 propria
650 1729 766 1758 rediens.
783 1729 908 1766 Implevit
923 1737 958 1758 ex

113 1780 179 1806 tunc
191 1780 295 1812 votum,
307 1777 432 1806 ieiunans
444 1777 563 1814 vigiliani
579 1776 650 1805 beati
671 1777 689 1804 F
691 1776 805 1805 rancisci
828 1779 855 1804 et
870 1784 958 1810 cereo,

112 1831 194 1861 quem
209 1823 351 1852 annuatim
366 1823 510 1852 consuevit
524 1823 634 1857 offerre,
647 1822 673 1851 in
689 1823 870 1851 accrescentis
881 1822 959 1851 devo-

113 1870 193 1899 tionis
211 1870 342 1899 indicium
359 1869 501 1898 annuatim
523 1878 607 1898 unam
630 1869 739 1898 unciam
762 1869 957 1906 superaddens.

189 1917 216 1946 lt.
239 1917 382 1946 Residente
403 1917 429 1945 in
452 1916 515 1945 sede
530 1916 601 1945 beati
617 1916 688 1944 Petri
703 1916 813 1944 domino
827 1916 959 1953 Gregorio

91 1972 199 1998 -nono,
221 1963 332 2001 quidam
356 1963 453 1992 Petrus
474 1963 584 1992 nomine
605 1962 639 1991 de
660 1962 769 1991 civitate
790 1962 870 1991 Alisia
884 1962 904 1996 ⁶,
926 1962 960 1991 de

113 2011 219 2040 haeresi
241 2013 400 2044 accusatus,
422 2010 521 2038 Romae
543 2012 640 2046 captus
667 2012 709 2038 est
729 2012 756 2038 et
780 2009 813 2038 de
832 2009 960 2038 mandato

110 2057 232 2087 eiusdem
254 2057 406 2091 Pontificis,
427 2056 460 2085 ad
475 2056 684 2085 custodiendum
700 2056 818 2085 traditus
832 2056 960 2093 episcopo

112 2104 264 2133 TiburtinO.
294 2104 380 2140 Quem
410 2103 462 2132 sub
491 2111 578 2140 poena
606 2103 781 2140 episcopatus
805 2103 958 2140 accipiens,

112 2150 289 2188 compedibus
310 2150 431 2187 alligavit
452 2150 628 2186 obscureque
649 2149 740 2186 ipsum
769 2157 896 2183 carcere,
924 2157 959 2178 ne

111 2200 203 2234 posset
222 2197 359 2234 effugere,
380 2196 444 2225 fecit
464 2195 583 2230 includi,
602 2204 710 2233 panem
731 2195 758 2224 ei
772 2195 913 2232 praebens
927 2196 959 2224 i‘n

108 2243 235 2281 pondere
255 2247 281 2272 et
301 2243 440 2280 poculum
472 2243 503 2271 in
533 2251 673 2271 mensura
690 2242 709 2270 ⁷.
741 2242 835 2279 Coepit
865 2245 957 2271 autem

112 2290 195 2320 homo
217 2290 262 2319 ille
292 2290 404 2319 beatum
433 2290 609 2318 Franciscum
637 2289 671 2318 ad
699 2289 741 2318 sui
771 2289 958 2319 miserendum

112 2337 206 2366 multis
227 2337 358 2374 precibus
378 2340 405 2365 et
432 2336 544 2365 fletibus
572 2336 715 2370 invocare,
744 2344 776 2364 eo
804 2336 878 2372 quod
909 2345 958 2365 au-

112 2384 209 2419 dierat,
230 2384 410 2413 solemnitatis
430 2383 491 2412 eius
511 2383 564 2411 iam
587 2383 682 2412 adesse
703 2383 830 2419 vigiliam.
848 2383 879 2411 Et
893 2391 958 2420 quo-

113 2430 185 2459 niam
213 2431 274 2460 fidei
304 2430 425 2467 puritate
453 2438 562 2459 omnem
599 2429 773 2458 abdicaverat
803 2429 958 2458 haereticae

443 202 644 231 OPUSCULUM
665 202 753 230 XXIII.
777 201 926 230 LEGENDA
949 202 1062 230 SANCTI
1083 202 1255 231 FRANCISCI.
1278 204 1440 233 MIRACULA
1463 206 1479 240 ᾖ
1502 205 1532 233 V.

1811 207 1868 235 557

1019 280 1162 317 pravitatis
1187 288 1311 309 errorem
1335 285 1447 319 totaque
1475 283 1565 311 cordis
1592 283 1736 312 devotione
1767 284 1867 313 adhae-

1019 330 1093 355 serat
1113 327 1272 356 fidelissimo
1293 328 1393 357 Christi
1416 337 1496 358 servo
1518 330 1676 363 Francisco,
1696 330 1866 359 interceden-

1020 373 1093 402 tibus
1115 374 1201 410 ipsius
1223 374 1343 408 meritis,
1365 383 1381 403 a
1402 375 1517 404 Domino
1544 377 1645 405 meruit
1665 377 1801 405 exaudiri.
1826 378 1866 405 ln-

1018 423 1107 449 stante
1127 420 1199 449 enim
1223 421 1275 449 iam
1298 424 1376 450 nocte
1398 430 1463 450 suae
1484 423 1654 457 festivitatis,
1677 424 1750 452 circa
1771 432 1867 461 crepu-

1018 467 1126 495 sculum
1143 467 1240 495 beatus
1261 468 1423 497 Franciscus
1446 469 1471 497 in
1494 477 1633 498 carcerem
1657 471 1805 499 miseratus
1819 471 1867 499 de-

1018 513 1122 541 scendit
1137 517 1164 542 et
1179 514 1256 542 illum
1272 522 1323 543 suo
1344 515 1454 544 nomine
1470 523 1583 550 vocaus,
1606 520 1636 545 ut
1652 517 1705 545 cito
1724 520 1865 554 surgeret,

1018 560 1170 597 imperavit.
1193 561 1245 597 Qui
1262 561 1360 590 timore
1376 563 1555 598 perterritus,
1578 564 1704 600 quisnam
1724 568 1809 598 esset,
1826 565 1867 593 iu-

1018 610 1174 644 terrogans,
1190 607 1300 636 beatum
1315 609 1489 637 Franciscum
1504 610 1599 638 adesse
1614 610 1727 639 audivit.
1740 611 1866 648 Cumque

1018 654 1120 682 virtute
1142 655 1314 691 praesentiae
1337 655 1387 683 viri
1404 656 1488 684 sancti
1506 656 1615 685 vincula
1631 658 1731 694 pedum
1748 649 1863 686 suorum

1017 701 1156 729 confracta
1188 702 1359 738 conspiceret
1387 702 1528 737 cecidisse,
1555 706 1582 731 et
1608 704 1715 733 tabulas
1747 704 1866 733 carceris

1017 747 1101 776 c—lavis
1129 748 1204 776 ultro
1232 748 1440 784 prosilientibus
1468 750 1586 786 aperiri,
1608 753 1635 779 et
1663 755 1790 787 apertum
1814 751 1866 779 iter

1017 793 1067 822 sibi
1090 794 1122 822 ad
1144 794 1304 823 exeundum
1323 796 1465 831 praeberi,
1488 797 1595 824 solutus
1618 800 1707 825 tamen
1723 801 1749 826 et
1770 798 1866 826 obstu-

1017 840 1140 877 pefactus
1162 841 1257 878 fugere
1279 842 1434 876 nesciebat,
1464 843 1510 871 sed
1532 843 1564 871 ad
1588 844 1696 872 ianuam
1727 845 1865 878 clamans,

1017 887 1144 916 custodes
1164 896 1259 916 omnes
1281 889 1442 924 perterruit.
1466 890 1516 925 Qui
1540 898 1603 918 cuni
1624 898 1687 918 eum
1718 891 1864 919 liberatum

1016 942 1032 962 a
1054 934 1170 962 vinculis
1191 935 1319 971 episcopo
1341 936 1527 970 nuntiassent,
1549 940 1610 973 post
1632 937 1800 966 intellectum
1821 946 1865 966 or-

1016 980 1108 1009 dinem
1130 981 1168 1009 161
1191 982 1224 1009 ad
1246 990 1385 1010 carcerem
1408 982 1531 1019 pontifex
1558 983 1674 1012 devotus
1695 985 1822 1018 accessit,
1838 988 1865 1013 et

1016 1027 1158 1056 manifeste
1181 1028 1373 1057 Deivirt.1·1teni
1397 1037 1580 1066 cognoscens,
1596 1030 1695 1059 ibidem
1718 1031 1864 1059 Dominum

1016 1074 1148 1103 adoravit.
1172 1075 1287 1103 Vincula
1305 1084 1417 1112 quoque
1438 1084 1530 1104 coram
1546 1077 1656 1105 domino
1679 1077 1747 1114 Papa
1763 1082 1789 1106 et
1805 1086 1865 1106 car-

1016 1121 1154 1150 dinalibus
1174 1121 1263 1150 delata
1284 1122 1412 1156 fuerunt,
1434 1123 1498 1159 qui,
1522 1123 1646 1152 videntes
1667 1124 1740 1160 quod
1762 1124 1863 1153 factum

1016 1168 1122 1202 fuerat,
1144 1168 1270 1197 admirati
1293 1169 1445 1205 plurimum
1468 1170 1674 1198 benedixerunt
1695 1171 1791 1199 Deum.

1096 1216 1121 1243 5.
1144 1215 1318 1244 Guidolottus
1344 1216 1377 1244 de
1398 1219 1493 1244 sancto
1520 1216 1703 1245 6611111111111113
1731 1218 1799 1246 falso
1820 1226 1865 1247 ac-

1017 1265 1129 1291 cusatus
1151 1262 1214 1296 fuit,
1237 1262 1309 1299 quod
1333 1271 1438 1292 veneno
1464 1263 1643 1292 interemerat
1665 1265 1802 1301 quendam
1826 1266 1865 1293 vi-

1017 1317 1079 1337 rum
1105 1312 1132 1338 et
1163 1309 1237 1346 quod
1258 1309 1353 1338 eodem
1375 1318 1476 1346 genere
1505 1311 1602 1339 mortis
1623 1311 1711 1339 filium
1739 1312 1863 1341 eiusdem

1017 1355 1068 1383 viri
1090 1359 1117 1384 et
1132 1356 1290 1384 universam
1307 1356 1367 1384 eius
1388 1356 1518 1384 familiam
1534 1360 1718 1393 proposuerat
1739 1366 1862 1387 enecare.

1016 1402 1118 1439 Captus
1140 1403 1254 1439 proinde
1275 1412 1290 1431 a
1312 1403 1468 1439 potestate⁹
1491 1407 1598 1438 terrae,
1620 1405 1789 1441 gravissimis
1807 1405 1864 1433 vin-

1016 1449 1086 1478 culis
1106 1452 1285 1486 aggravatus,
1309 1450 1334 1478 in
1358 1451 1429 1478 turri
1452 1451 1570 1487 quadam
1593 1452 1719 1479 reclusus
1740 1455 1789 1480 est.
1806 1452 1864 1489 lpse

1017 1504 1083 1524 vero
1104 1496 1233 1524 fiduciam
1256 1496 1360 1525 liabens
1382 1497 1408 1525 in
1434 1497 1561 1531 nomino,
1584 1506 1635 1534 pro
1657 1506 1707 1526 sua
1735 1498 1864 1527 innocen-

1017 1543 1066 1577 tia,
1088 1551 1171 1580 quam
1193 1543 1309 1577 sciebat,
1332 1552 1442 1572 causam
1469 1545 1605 1573 commisit
1626 1545 1697 1573 beati
1727 1546 1863 1575 Francisci

1016 1590 1168 1626 patrocinio
1182 1590 1388 1619 defendendam.
1413 1591 1590 1628 Excogitante
1610 1592 1694 1629 igitur
1716 1595 1862 1629 potestate,

1016 1636 1135 1673 qualiter
1156 1637 1279 1665 criminis
1310 1637 1408 1666 obiecti
1440 1638 1638 1667 confessionem
1671 1639 1782 1668 eliceret
1814 1647 1863 1676 per

1016 1686 1153 1712 tormenta
1171 1684 1356 1720 qualibusque
1368 1685 1392 1701 ¹⁰
1412 1685 1508 1721 poenis
1522 1685 1676 1714 consessum
1695 1686 1797 1715 faceret
1822 1687 1863 1715 in-

1016 1730 1116 1764 terire,
1139 1734 1218 1759 nocte
1246 1731 1304 1764 illa,
1334 1739 1396 1759 611111
1418 1740 1498 1760 mane
1526 1731 1558 1760 ad
1582 1733 1722 1761 cruciatus
1750 1733 1863 1762 deberet

1015 1777 1127 1811 adduci,
1150 1778 1235 1806 sancti
1257 1778 1393 1807 Francisci
1416 1779 1571 1815 praesentia
1598 1780 1705 1808 exstitit
1736 1780 1863 1809 visitatus

1016 1827 1042 1853 et
1064 1824 1198 1853 immenso
1221 1825 1333 1854 luminis
1354 1825 1461 1862 fulgore
1482 1834 1573 1863 usque
1601 1834 1681 1855 mane
1709 1827 1863 1855 circumda-

1016 1874 1062 1900 tus
1076 1871 1256 1908 repletusque
1277 1872 1377 1908 gaudio
1398 1875 1425 1900 et
1440 1872 1541 1901 fiducia
1562 1873 1663 1907 multa,
1685 1874 1862 1902 securitatem

1016 1917 1151 1946 evasionis
1165 1918 1278 1954 accepit.
1304 1918 1481 1947 Advenerunt
1503 1927 1583 1947 mane
1608 1922 1727 1948 tortores
1748 1922 1775 1948 et
1795 1920 1863 1949 edu—

1016 1967 1091 1993 ctum
1113 1964 1146 1992 de
1167 1972 1279 1993 carcere
1300 1965 1419 2002 equuleo
1441 1966 1659 2002 suspenderunt,
1681 1970 1862 2003 aggravantes

1016 2019 1100 2048 super
1121 2019 1185 2039 eum
1207 2012 1295 2040 multa
1324 2012 1445 2048 pondera
1466 2012 1542 2041 ferri.
1564 2013 1710 2050 Depositus
1731 2016 1772 2042 est
1800 2014 1862 2050 plu-

1015 2058 1070 2086 ries
1091 2060 1118 2086 et
1145 2058 1248 2086 iterum
1279 2058 1417 2093 elevatus,
1440 2062 1484 2093 111,
1516 2067 1604 2096 poena
1635 2068 1737 2096 poenae
1768 2068 1862 2089 succe-

1014 2104 1108 2138 dente,
1131 2104 1212 2133 citius
1226 2104 1260 2140 ad
1282 2104 1479 2134 confessionem
1495 2106 1619 2134 criminis
1640 2109 1793 2134 arceretur.
1810 2106 1861 2135 Sed

1015 2151 1114 2187 spiritu
1136 2150 1306 2180 innocentiae
1328 2151 1482 2180 laetabatur
1497 2152 1524 2180 in
1546 2152 1639 2186 vultu,
1661 2153 1765 2181 nullam
1788 2161 1861 2182 moe-

1015 2198 1115 2227 stitiam
1143 2198 1326 2234 praetendens
1354 2199 1381 2227 in
1404 2199 1506 2235 poenis.
1529 2199 1632 2228 Deinde
1663 2207 1795 2228 accensus
1820 2203 1861 2228 est

1015 2244 1085 2281 ignis
1106 2244 1159 2273 sub
1180 2244 1239 2281 ipso
1260 2253 1314 2273 non
1336 2245 1477 2280 modicus,
1500 2253 1549 2274 nec
1578 2249 1724 2283 propterea
1746 2247 1861 2283 capillus

1014 2295 1055 2320 est
1077 2292 1182 2326 laesus,
1204 2299 1266 2320 cum
1290 2294 1380 2321 tamen
1402 2293 1490 2330 capite
1505 2292 1672 2329 dependeret
1692 2293 1725 2321 ad
1748 2296 1859 2322 terram.

1014 2338 1132 2366 Tandem
1159 2338 1292 2367 bulliente
1313 2339 1373 2368 oleo
1401 2339 1582 2376 superfusus,
1604 2339 1707 2367 virtute
1736 2339 1859 2376 patroni,

1014 2384 1058 2413 6111
1081 2392 1109 2413 se
1131 2385 1306 2414 commiserat
1333 2385 1547 2420 defensandum,
1570 2386 1637 2414 haec
1666 2386 1757 2414 omnia
1778 2394 1860 2423 supe-

1014 2429 1086 2458 ravit
1106 2432 1133 2458 et
1154 2430 1192 2458 sic
1213 2430 1343 2459 dimissus
1365 2431 1434 2459 liber
1451 2432 1483 2465 ¹1,
1505 2431 1598 2460 salvus
1619 2432 1759 2461 abscessit.

176 2642 183 2655 ¹
201 2643 319 2671 Designari
338 2643 429 2665 videtur
446 2642 482 2666 vil·
494 2642 577 2665 nobilis
584 2651 593 2671 ,·
606 2643 646 2665 cfr.
657 2648 725 2670 supra
739 2648 792 2670 pag.
804 2642 857 2670 525,
869 2644 922 2664 nota
936 2643 957 2664 8.

175 2680 185 2694 ²
202 2681 260 2704 Edd.
276 2688 329 2704 cum
349 2688 394 2704 uno
411 2682 528 2710 alteroque
546 2682 596 2704 cod.
614 2680 750 2709 retrudant,
768 2681 831 2710 quod
849 2681 864 2703 L
875 2681 893 2703 M
919 2687 958 2704 su-

115 2721 192 2749 perius
209 2724 261 2750 post
278 2721 327 2745 loco
345 2721 487 2744 substituunt
503 2727 546 2749 pro
562 2720 692 2744 recludam.
711 2721 804 2743 lnserius
821 2726 863 2749 pro
879 2721 956 2750 fracto

116 2760 165 2782 Vat.
182 2766 234 2783 cum
252 2760 289 2783 ed.
308 2761 315 2782 l
338 2760 468 2790 confracto.

176 2798 185 2811 Β
203 2799 254 2822 Vat.
270 2799 414 2829 militemque
428 2801 569 2829 protervum
585 2798 728 2822 admirando
746 2798 872 2822 miraculo.

176 2837 185 2850 ⁴
203 2838 259 2861 Edd.
271 2837 435 2861 atrocissimis.
453 2837 507 2860 Dein
519 2838 537 2862 B
554 2837 705 2860 detineretur.
718 2836 775 2860 Cod.
787 2838 803 2859 E
815 2838 858 2860 hoc
872 2838 956 2859 factum

115 2876 203 2899 omittit.
467 2876 477 2889 ὅ
494 2877 542 2899 Act.
562 2877 601 2904 12,
618 2876 640 2898 7.
658 2876 719 2898 idem
736 2876 766 2898 de
783 2876 848 2898 Petro
866 2875 955 2898 dicitur.

176 2914 186 2928 ⁶
203 2916 317 2938 invenitur
334 2915 409 2939 Alisia
427 2915 522 2944 (Alysia)
540 2915 561 2937 in
578 2915 685 2942 Graecia,
702 2914 724 2936 in
747 2915 823 2942 Epiro.
843 2915 898 2937 Acta
916 2915 955 2937 SS.

116 2954 268 2977 verosimilius
284 2957 376 2983 putant,
393 2960 434 2982 per
451 2953 551 2977 Alisiam
571 2953 667 2977 indicari
684 2952 806 2980 Alexiam,
829 2953 884 2975 alias
906 2952 956 2976 Ale-

115 2991 187 3020 siam,
204 2993 286 3016 Gallice
303 2992 378 3020 Aliso,
395 2999 455 3022 quae
472 2999 533 3015 nunc
555 2993 620 3015 vicus
645 2992 791 3019 Burgundiae
815 2997 858 3015 est.
882 2991 955 3015 Codd.

1013 2643 1046 2665 Bl
1064 2642 1123 2665 bene
1140 2642 1281 2665 substituunt
1298 2642 1368 2673 Alifia
1392 2642 1487 2672 (Allifa,
1511 2643 1585 2665 italice
1602 2643 1670 2671 Aliso,
1695 2650 1755 2672 quae
1776 2647 1810 2666 est
1830 2645 1859 2666 ci-

1013 2682 1073 2704 vitas
1088 2682 1153 2710 regni
1172 2682 1311 2710 Neapolitani
1330 2682 1351 2704 in
1369 2682 1486 2710 provincia
1501 2682 1586 2704 Terrae
1599 2681 1712 2710 Laboris).
1724 2683 1857 2711 wadding.,

1012 2720 1053 2742 loc.
1071 2720 1116 2747 cit„
1133 2720 1163 2743 ad
1180 2726 1216 2743 an.
1235 2721 1308 2748 4228,
1325 2727 1346 2743 n.
1365 2721 1401 2743 45.
1420 2721 1475 2749 legit
1491 2720 1518 2744 de
1536 2720 1629 2744 civitate
1647 2721 1744 2744 Assisc'a.

1076 2758 1085 2771 ⁷
1102 2760 1182 2782 Ezech.
1201 2759 1226 2788 4,
1245 2760 1286 2782 46:
1303 2759 1428 2782 Comedent
1447 2766 1531 2787 panem
1549 2760 1569 2782 in
1588 2760 1691 2788 pondere
1708 2760 1763 2782 etin
1776 2761 1858 2783 sollici—

1012 2798 1093 2820 tudine
1108 2800 1130 2820 et
1147 2804 1231 2827 aquam
1249 2798 1271 2820 in
1288 2804 1396 2821 mensura
1413 2801 1435 2821 et
1452 2798 1473 2821 in
1490 2799 1596 2827 angustia
1613 2798 1699 2822 bibent.

1075 2835 1084 2848 ⁸
1102 2837 1125 2859 ln
1143 2837 1235 2859 Tuscia.

1075 2874 1084 2887 ⁰
1101 2875 1136 2898 Du
1153 2875 1241 2903 Gange,
1260 2876 1400 2898 Glossarium
1418 2878 1473 2898 etc.:
1486 2876 1604 2904 Potestas,
1622 2883 1672 2905 rex,
1685 2877 1805 2905 princepS‚
1817 2884 1856 2900 su-

1012 2920 1107 2942 premus
1124 2914 1166 2937 loci
1184 2915 1338 2943 magistratus.

1075 2952 1095 2965 ¹⁰
1112 2953 1162 2976 Vat.
1180 2953 1399 2984 qualibuscumque.
1416 2954 1510 2977 lnl‘erius
1527 2961 1569 2983 pro
1585 2954 1673 2985 accepit
1689 2956 1706 2977 L
1723 2955 1816 2985 recepit.

1075 2991 1092 3006 ¹¹
1110 2991 1165 3015 Cod.
1183 2993 1188 3014 Ι
1206 2993 1270 3016 addit
1286 2994 1314 3016 et.

1881 1224 1978 1248 Quintum.
