2133 3317
488 207 685 237 OPUSCULUM
705 208 792 236 XXIIl.
815 208 966 237 LEGENDA
986 209 1100 238 SANCTI
1121 210 1296 238 FRANCISCI.
1318 210 1387 239 CAP.
1409 211 1472 239 xlll.

110 284 264 322 splendidas
284 284 318 313 de
338 285 477 314 caelorum
499 285 666 314 sublimitate
681 285 855 314 descendere.
870 286 952 314 Cum-

110 338 164 368 que
186 331 279 359 volatu
300 331 446 359 celerrimo
466 331 637 367 pervenisset
651 330 684 359 ad
699 331 772 359 aeris
786 332 876 359 locum
892 332 953 360 viro

109 377 156 406 Dei
177 377 382 414 propinquum,
404 377 534 414 apparuit
554 377 626 405 inter
643 377 700 406 alas
714 378 818 414 effigies
834 378 952 407 hominis

109 424 252 457 crucifixi,
274 424 302 452 in
323 424 435 452 modum
456 424 548 452 crucis
570 432 668 453 manus
689 428 715 453 et
744 424 826 461 pedes
854 428 951 454 exten-

108 477 152 498 sos
172 469 299 498 habentis
319 472 346 498 et
367 469 443 498 cruci
464 470 572 499 affixos.
595 470 671 499 Duae
691 470 750 499 alae
770 479 854 507 super
869 474 952 508 caput

107 515 194 553 ipsius
213 516 402 550 elevabantur,
424 516 494 544 duae
509 516 540 544 ad
557 516 704 545 volandum
720 517 951 551 extendebantur,

107 562 177 591 duae
198 569 263 590 vero
285 565 373 590 totum
394 562 522 591 velabant
542 570 652 599 corpus.
674 563 728 591 Hoc
743 563 853 598 videus,
869 564 951 593 vehe-

107 611 213 636 menter
233 608 392 645 obstupuit,
414 609 591 645 mixtumque
613 616 739 638 moerore
757 609 887 646 gaudium
904 618 951 638 cor

105 655 166 683 eius
186 655 312 683 incurrit.
337 655 501 684 Laetabatur
516 655 628 692 quidem
643 656 670 684 in
686 656 807 692 gratioso
821 660 949 693 aspectu,

105 709 161 737 quo
181 709 197 729 a
217 701 327 730 Christo
348 701 400 730 sub
421 702 511 738 specie
532 702 636 738 Seraph
669 702 799 731 cernebat
830 710 858 731 se
887 711 950 731 con-

106 747 188 784 spici,
210 747 257 776 sed
285 748 377 777 crucis
407 748 502 777 affixio
533 749 696 785 compassivi
728 749 830 777 doloris
861 750 950 786 gladio

103 794 191 831 ipsius
204 794 324 823 animam
338 795 524 831 pertransibat
535 796 554 823 ¹.
577 795 771 824 Admirabatur
790 804 873 832 quam
889 797 950 833 plu-

104 841 207 869 rimum
228 841 255 869 in
278 845 332 870 tam
355 842 542 870 inscrutabilis
563 842 676 870 visionis
696 846 825 879 aspectu,
847 843 949 877 sciens,

105 888 178 925 quod
199 888 334 925 passionis
355 889 501 917 infirmitas
521 896 584 917 cum
607 889 813 918 immortalitate
835 890 949 926 spiritus

104 935 240 972 seraphici
261 935 420 964 nullatenus
440 936 608 964 conveniret.
630 936 767 964 Intellexit
789 936 897 965 tandem
912 944 948 965 ex

103 981 170 1015 hoc,
192 981 308 1010 Domino
329 982 483 1016 revelante,
505 982 579 1019 quod
604 982 664 1011 ideo
692 982 851 1011 huiusmodi
880 983 948 1012 visio

104 1027 142 1056 sic
162 1027 255 1056 divina
275 1027 447 1064 providentia
468 1028 526 1057 suis
540 1028 630 1057 fuerat
646 1031 820 1065 praesentata
834 1037 948 1066 conspe-

103 1074 208 1108 ctibus,
231 1077 261 1103 ut
281 1075 387 1103 amicus
408 1075 508 1103 Christi
531 1078 740 1112 praenosceret,
762 1083 791 1104 se
815 1084 869 1103 non
898 1084 948 1112 per

102 1121 269 1158 martyrium
289 1122 381 1150 carnis
392 1122 412 1155 2,
433 1122 481 1151 sed
502 1129 552 1158 per
571 1122 727 1151 incendium
744 1123 844 1151 mentis
858 1126 947 1151 totum

101 1167 130 1196 in
150 1168 251 1196 Christi
283 1168 412 1197 crucifixi
443 1168 651 1197 similitudinem
684 1169 945 1198 transformandum.

101 1214 251 1251 Disparens
272 1215 357 1252 igitur
379 1215 447 1244 visio
468 1215 622 1243 mirabilem
644 1215 671 1244 in
693 1215 775 1244 corde
796 1216 882 1252 ipsius
904 1224 947 1244 re-

101 1261 183 1298 liquit
203 1261 346 1295 ardorem,
368 1261 414 1290 sed
437 1264 464 1290 et
484 1262 510 1290 in
533 1269 616 1290 carne
636 1270 690 1290 non
717 1262 808 1290 minus
835 1262 946 1291 mirabi-

63 1314 67 1318 ·
102 1308 155 1337 lem
176 1308 318 1345 signorum
340 1308 480 1345 impressit
501 1308 628 1345 effigiem.
651 1308 746 1336 Statim
774 1316 894 1345 namque
918 1309 945 1337 in

79 1374 84 1379 -
101 1354 230 1383 manibus
251 1354 311 1383 eius
331 1357 359 1383 et
379 1354 496 1391 pedihus
525 1362 660 1391 apparere
691 1358 842 1391 coeperunt
870 1355 946 1391 signa

100 1401 258 1436 clavorum,
280 1402 512 1438 quemadmodum
534 1401 617 1438 paulo
637 1404 700 1430 ante
727 1401 755 1429 in
784 1401 873 1438 effigie
901 1402 946 1430 illa

99 1449 152 1477 viri
173 1448 302 1477 crucifixi
325 1452 517 1485 conspexerat.
540 1449 636 1476 Manus
663 1448 736 1477 enim
758 1452 785 1477 et
813 1448 896 1485 pedes
917 1449 944 1477 in

98 1494 158 1531 ipso
178 1494 268 1523 medio
288 1495 372 1523 clavis
393 1494 494 1523 confixi
507 1494 518 1511 ³
540 1494 713 1529 videbantur,
736 1495 879 1523 clavorum
900 1503 944 1523 ca-

99 1540 203 1577 pitibus
223 1541 250 1569 in
272 1541 396 1569 interiori
419 1544 498 1577 parte
519 1549 652 1569 manuum
678 1544 705 1569 et
732 1541 869 1578 superiori
898 1549 944 1578 pe-

99 1587 164 1616 dum
186 1587 399 1624 apparentibus,
420 1591 447 1616 et
475 1595 571 1616 eorum
600 1588 774 1616 acuminibus
801 1588 944 1617 existenti-

99 1634 153 1663 bus
174 1642 210 1663 ex
231 1634 362 1668 adverso;
384 1637 519 1671 erantque
540 1635 683 1663 clavorum
705 1635 794 1671 capita
815 1636 842 1663 in
858 1636 944 1664 mani-

99 1681 152 1710 bus
172 1684 199 1709 et
220 1681 337 1718 pedibus
358 1681 477 1710 rotunda
498 1685 525 1710 et
546 1681 639 1718 nigra,
662 1682 721 1718 ipsa
735 1690 801 1710 vero
815 1683 944 1711 acumina

99 1727 231 1764 oblonga,
252 1731 356 1756 retorta
376 1731 403 1756 et
424 1728 503 1764 quasi
525 1736 704 1764 repercussa,
733 1736 804 1765 quae
824 1728 858 1757 de
885 1729 944 1766 ipsa

99 1782 182 1803 carne
203 1774 345 1811 surgentia
366 1782 476 1803 carnem
499 1775 634 1811 reliquam
662 1775 841 1803 excedebant.
872 1776 944 1804 Dex-

99 1822 174 1848 trum
195 1828 307 1857 quoque
327 1820 400 1849 latus
431 1820 509 1857 quasi
542 1821 635 1849 lancea
660 1821 827 1849 transfixum
856 1822 943 1850 rubra

99 1866 226 1896 cicatrice
247 1867 398 1896 obductum
420 1870 495 1901 erat,
517 1867 592 1904 quod
613 1876 694 1904 saepe
718 1868 880 1905 sanguinem
901 1876 944 1897 sa-

99 1921 179 1942 crum
200 1913 359 1948 effundens,
381 1914 502 1943 tunicam
524 1917 551 1943 et
571 1914 713 1943 femoralia
734 1915 919 1951 respergebat.

177 1960 203 1989 4.
226 1960 348 1989 Cernens
368 1964 461 1989 autem
482 1961 583 1989 Christi
600 1969 713 1995 servus,
729 1961 803 1998 quod
818 1962 944 1998 stigmata

99 2007 174 2035 carni
196 2010 250 2035 tam
273 2007 428 2036 luculenter
447 2008 581 2044 impressa
595 2008 682 2036 socios
696 2008 844 2037 familiares
858 2008 944 2037 latere

81 2045 152 2082 'non
174 2057 299 2090 possent3
322 2054 420 2082 timens
451 2054 630 2083 nihilominus
662 2054 804 2091 publicare
835 2054 943 2083 Domini

99 2103 302 2129 sacramentum
314 2102 335 2134 4,
357 2101 384 2129 in
416 2109 514 2137 magno
546 2101 652 2137 positus
682 2100 735 2129 fuit
765 2101 944 2130 dubitationis

98 2154 199 2184 agone,
221 2150 316 2175 utrum
340 2147 464 2176 videlicet
485 2147 557 2184 quod
582 2148 686 2176 viderat
707 2148 824 2182 diceret,
840 2148 882 2176 vel
904 2150 943 2176 ta-

99 2197 181 2222 ceret.
204 2193 317 2222 Vocavit
337 2194 452 2230 proinde
473 2194 581 2231 aliquos
601 2202 636 2222 ex
662 2194 821 2228 Fratribus,
849 2197 877 2222 et
897 2202 942 2231 ge-

98 2240 240 2269 neralibus
261 2240 353 2269 verbis
374 2241 505 2277 loquens,
527 2240 643 2269 dubium
665 2249 757 2269 coram
778 2241 818 2269 eis
843 2249 942 2277 propo-

99 2286 154 2314 suit
174 2290 201 2315 et
222 2287 366 2315 consilium
389 2287 542 2324 requisivit.
565 2287 680 2323 Quidam
702 2296 768 2316 vero
789 2296 825 2316 ex
841 2287 943 2316 Fratri—

98 2332 166 2367 bus,
188 2333 277 2370 gratia
291 2333 463 2362 illuminatus
474 2333 484 2350 ⁵
501 2336 528 2362 et
542 2333 667 2368 nomine,
682 2333 853 2370 intelligens,
868 2334 943 2370 quod

99 2379 191 2417 aliqua
212 2380 336 2409 miranda
357 2380 484 2414 vidisset,
506 2388 557 2417 pro
577 2388 610 2409 eo
631 2380 704 2417 quod
730 2380 875 2409 videbatur
896 2380 943 2409 ad—

98 2426 210 2455 modum
232 2427 417 2463 stupefactus,
439 2426 510 2455 dixit
530 2426 564 2455 ad
584 2427 675 2455 virum
691 2429 831 2455 sanctum:
852 2438 865 2452 «
879 2427 942 2455 Fra-

99 2475 150 2507 ter,
165 2481 218 2501 non
234 2473 322 2502 solum
338 2477 451 2510 propter
466 2476 507 2507 te,
524 2481 621 2502 verum
636 2474 717 2502 etiam
734 2477 848 2510 propter
862 2473 942 2508 alios,

100 2519 185 2553 scias,
207 2519 254 2548 tibi
277 2520 381 2548 ostendi
404 2520 551 2557 aliquando
579 2523 750 2548 sacramenta
777 2520 877 2548 divina.
899 2520 943 2548 Ti-

163 2710 170 2723 ²
190 2712 243 2733 Luc.
261 2712 288 2738 2,
305 2712 348 2734 35:
366 2713 390 2734 Et
408 2716 469 2735 tuum
488 2713 560 2740 ipsius
571 2712 671 2734 animam
685 2712 830 2740 pertransibit
843 2713 940 2741 gladius.

162 2748 170 2761 ²
188 2750 222 2772 Ad
240 2750 316 2779 quod,
333 2754 358 2773 ut
374 2757 443 2778 supra
462 2758 483 2773 n.
502 2752 523 2773 2.
542 2751 563 2773 in
582 2751 625 2773 fine
643 2751 733 2778 dicitur,
751 2751 882 2779 vigorosius
894 2754 942 2774 crat

101 2787 221 2811 animatus.
237 2801 268 2805 —
285 2790 396 2817 Superius
421 2796 463 2817 pro
488 2789 626 2813 huiusmodi
645 2790 663 2812 Α
679 2789 757 2813 liuius.
785 2790 876 2812 inferius
899 2797 940 2818 pro

101 2826 141 2849 sed
156 2828 176 2850 et
193 2827 217 2850 in
234 2834 306 2851 carue
325 2829 339 2850 Β
350 2829 367 2850 D
377 2829 392 2850 E
409 2828 450 2851 sed
466 2828 490 2851 in
507 2835 612 2851 carnem.

163 2864 172 2878 ³
188 2865 260 2889 Codd.
279 2867 316 2889 llll
335 2867 458 2897 crucifimi,
475 2868 529 2890 edd.
545 2874 598 2890 cum
617 2867 722 2896 pluribus
738 2868 807 2891 codd.
825 2868 939 2898 confixae.

163 2904 172 2917 ⁴
189 2905 247 2928 Tob.
266 2907 307 2932 la,
324 2906 352 2928 7:
370 2907 456 2929 Etenim
474 2910 643 2929 sacramentum
661 2907 723 2934 regis
739 2906 882 2929 abscondere
900 2906 940 2929 bo—

101 2948 156 2966 num
172 2947 214 2966 est.

163 2981 172 2994 ⁰
189 2982 246 3005 Cum
264 2983 319 3006 isaia
337 2983 379 3011 24,
398 2985 435 3006 ⁴16.

527 2945 536 2958 ⁶
553 2946 598 2968 Cl'r.
615 2952 684 2974 supra
702 2952 755 2974 pag.
772 2946 830 2973 532,
848 2949 900 2968 nola
918 2947 940 2969 6.

1798 214 1853 243 543

1008 286 1138 315 mendum
1160 290 1308 323 propterea
1329 288 1391 317 iure
1412 289 1537 323 videtur,
1559 297 1606 324 ne,
1628 290 1650 318 si
1671 291 1744 327 quod
1766 291 1854 327 pluri-

1008 333 1061 361 bus
1082 333 1260 369 profuturum
1282 335 1410 371 accepisti
1432 335 1579 369 celaveris,
1601 344 1651 372 pro
1673 337 1774 366 talento
1791 338 1853 367 abs-

1008 379 1117 408 condito
1139 380 1364 416 reprehensibilis
1386 381 1516 411 iudiceris
1530 394 1556 410 ».
1579 383 1615 411 Ad
1637 383 1717 412 cuius
1736 384 1853 413 verbum

1009 428 1100 454 motus
1122 426 1163 454 vir
1186 430 1311 460 sanctus,
1335 427 1397 456 licet
1418 428 1484 457 alias
1504 428 1596 457 dicere
1617 430 1715 458 solitus
1742 431 1851 459 esset⁶z

1009 472 1154 501 Secretum
1174 481 1270 501 meum
1291 473 1381 506 wilm
1403 477 1469 503 tunc
1497 478 1586 504 tamen
1615 484 1678 504 cum
1711 477 1798 505 multo
1819 477 1853 505 ti-
1867 508 1875 522 s
1888 480 1997 522 {ligatefflegn

1008 526 1085 547 more
1106 519 1205 547 seriem
1228 520 1323 548 retulit
1345 521 1456 550 visionis
1477 522 1629 558 praefatae,
1645 523 1762 557 addens,
1778 524 1852 560 quod
1866 509 1996 546 ἕεὲιίῐεῦιέἷ-θ

1008 565 1031 593 is
1053 565 1100 602 qui
1123 565 1173 593 sibi
1206 570 1389 602 apparuerat,
1410 568 1503 604 aliqua
1533 568 1650 602 dixerit,
1682 578 1753 606 quae
1781 578 1851 599 nun-

1007 619 1107 648 quam,
1129 612 1196 640 dum
1219 612 1323 641 viveret
1336 613 1418 641 alicui
1433 614 1576 642 hominum
1592 615 1720 651 aperiret.
1736 616 1852 645 Creden-

1007 657 1074 686 dum
1095 666 1173 693 sane,
1195 662 1249 687 tam
1272 667 1372 687 arcana
1394 660 1439 688 illa
1460 660 1544 689 fuisse
1566 661 1636 689 sacri
1658 662 1731 691 illius
1746 663 1849 699 seraph

1007 703 1034 731 in
1056 712 1139 732 cruce
1160 705 1323 733 mirabiliter
1344 706 1502 742 apparentis
1528 707 1652 744 eloquia,
1680 708 1753 745 quod
1780 709 1851 738 forte

1005 758 1061 778 non
1083 750 1177 779 liceret
1199 750 1365 780 hominibus
1386 760 1417 781 ea
1438 752 1517 790 loqui
1528 754 1546 781 ⁷.

1086 797 1110 824 ὃ.
1134 797 1280 834 Postquam
1303 798 1387 835 igitur
1408 806 1492 827 verus
1513 799 1614 828 Christi
1635 808 1713 829 amor
1734 801 1766 829 in
1783 810 1850 830 ean-

1006 842 1070 871 dem
1085 843 1242 880 z'mczyinem
1258 844 1484 881 transformavit
1498 850 1652 881 amantem,
1668 847 1850 884 quadraginta

1005 889 1113 918 dierum
1135 898 1268 925 numero,
1291 891 1370 919 iuxta
1394 892 1468 928 quod
1495 892 1670 927 decreverat,
1698 894 1725 922 in
1755 894 1850 923 solitu-

1005 935 1068 964 dine
1089 940 1295 970 consummato,
1318 938 1530 974 superveniente
1552 947 1663 976 quoque
1678 941 1849 969 solemnitate

1005 982 1166 1019 Archangeli
1188 983 1327 1012 Michaelis
1338 984 1358 1018 Β,
1380 984 1521 1013 descendit
1541 986 1682 1022 angelicus
1703 986 1745 1014 vir
1766 987 1849 1015 Fran-
1863 991 1994 1033 Οεεῃξὲἓῗὲιᾱθ

1005 1028 1095 1056 ciscus
1115 1028 1148 1057 de
1169 1032 1277 1063 monte,
1307 1038 1400 1058 secum
1431 1031 1523 1060 ferens
1553 1032 1686 1060 crucifixi
1714 1032 1848 1069 effigiem,
1958 1028 1962 1032 ’

1004 1083 1058 1103 non
1081 1076 1107 1103 in
1130 1076 1231 1104 tabulis
1253 1077 1366 1113 lapideis
1387 1078 1430 1106 vel
1461 1078 1557 1115 ligneis
1586 1086 1670 1106 manu
1702 1079 1849 1116 figuratam

1003 1121 1133 1156 artificis,
1155 1122 1203 1150 sed
1224 1123 1250 1150 in
1273 1123 1380 1152 carneis
1405 1124 1538 1153 membris
1565 1125 1729 1162 descriptam
1758 1127 1849 1164 diyz‘to

1005 1168 1057 1196 Det
1076 1168 1144 1196 vivi.
1167 1169 1199 1197 Et
1220 1169 1349 1205 quoniam
1371 1175 1591 1199 sacramentum
1616 1172 1702 1209 Regis
1729 1172 1848 1201 abscon-

1003 1215 1070 1243 dere
1091 1214 1198 1243 bomem
1219 1216 1291 1250 esc9,
1314 1216 1374 1245 ideo
1402 1218 1499 1246 secreti
1528 1218 1628 1255 regalis
1656 1219 1698 1247 vir
1722 1220 1849 1249 conscius

1003 1261 1144 1298 signacula
1165 1262 1210 1290 illa
1231 1270 1308 1291 sacra
1330 1271 1380 1299 pro
1403 1264 1509 1292 virilius
1533 1265 1696 1293 occultabat.
1728 1267 1846 1300 Verum,
1860 1269 1993 1311 pens-suga?-

1002 1307 1068 1344 quia
1088 1308 1136 1336 Dei
1158 1311 1199 1337 est
1219 1308 1252 1336 ad
1274 1309 1389 1345 gloriam
1411 1317 1489 1338 suam
1508 1318 1606 1347 magua
1621 1312 1760 1346 revelare,
1775 1320 1846 1349 quae
1863 1298 1994 1340 ὦωῃιῖῗτῖῗῖῑ-ΙΒ

1002 1353 1078 1387 facit,
1094 1355 1226 1383 Dominus
1247 1355 1320 1391 ipse,
1335 1356 1382 1392 qui
1397 1356 1538 1393 signacula
1552 1357 1598 1385 illa
1612 1361 1717 1386 secrete
1731 1358 1847 1394 impres-

1002 1403 1089 1434 serat,
1104 1401 1238 1430 miracula
1252 1402 1386 1438 quaedam
1409 1406 1505 1439 aperte
1525 1411 1575 1439 per
1596 1403 1655 1440 ipsa
1669 1405 1847 1439 monstravit,

1002 1450 1033 1475 ut
1055 1447 1165 1476 illorum
1188 1448 1296 1476 occulta
1317 1452 1343 1477 et
1364 1449 1435 1477 mira
1457 1449 1497 1478 vis
1518 1450 1679 1486 stigmatum
1704 1451 1847 1480 manifesta

1002 1496 1109 1530 pateret
1131 1495 1255 1523 claritate
1277 1495 1429 1532 signorum.

1081 1542 1106 1569 s».
1130 1542 1157 1569 ln
1179 1542 1320 1578 provincia
1341 1550 1460 1579 namque
1481 1543 1593 1571 Reatina
1613 1544 1697 1580 pestis
1724 1545 1847 1574 invalue-
1868 1549 1976 1577 Minacmum

1001 1591 1044 1616 rat
1065 1588 1144 1617 valde
1164 1589 1271 1625 gravis,
1293 1597 1364 1625 quae
1386 1589 1469 1618 hoves
1490 1593 1516 1618 et
1537 1598 1602 1619 oves
1623 1598 1718 1620 omnes
1732 1591 1771 1620 sic
1786 1600 1846 1620 con·
1877 1578 1963 1596 primum.

1001 1635 1128 1663 sumebat
1149 1635 1308 1669 crudeliter,
1330 1636 1404 1672 quod
1426 1636 1535 1664 nullum
1557 1640 1665 1673 poterat
1693 1637 1846 1666 remedium

1001 1681 1135 1710 adhiberi.
1157 1681 1205 1710 Vir
1226 1685 1318 1710 autem
1341 1682 1454 1718 quidam
1477 1682 1576 1711 timens
1598 1683 1685 1712 Deum
1702 1687 1781 1713 nocte
1795 1684 1847 1713 fuit

1002 1736 1051 1764 per
1073 1728 1206 1756 visionem
1228 1728 1426 1762 commonitus,
1449 1732 1480 1757 ut
1504 1729 1538 1757 ad
1566 1730 1756 1758 eremitorium
1784 1731 1847 1759 Fra-

1001 1777 1078 1802 trum
1098 1774 1260 1802 festinanter
1281 1774 1424 1803 accederet
1444 1778 1471 1803 et
1503 1775 1621 1804 loturam
1654 1784 1786 1804 manuum
1815 1784 1847 1805 ac

1000 1820 1102 1856 pedum
1123 1820 1219 1848 famuli
1239 1820 1286 1848 Dei
1310 1821 1461 1855 Francisci,
1483 1821 1531 1858 qui
1553 1824 1620 1850 tunc
1641 1823 1774 1859 temporis
1788 1831 1847 1851 mo-

1001 1867 1116 1895 rabatur
1138 1867 1256 1901 ibidem,
1278 1870 1417 1904 acceptam
1439 1876 1523 1904 super
1544 1868 1672 1897 animalia
1689 1872 1789 1898 cuncta
1803 1877 1846 1898 re-

1001 1916 1151 1950 spergeret.
1174 1914 1251 1942 Mane
1271 1913 1365 1950 itaque
1386 1922 1519 1951 surgens,
1541 1915 1615 1944 venit
1629 1915 1663 1944 ad
1680 1916 1787 1950 locum,
1807 1916 1847 1944 lo-

1001 1963 1121 1997 turaque
1142 1961 1301 1989 huiusmodi
1323 1969 1372 1997 per
1394 1961 1481 1990 socios
1500 1962 1585 1991 sancti
1602 1962 1652 1991 viri
1667 1963 1783 1992 latenter
1798 1963 1846 1991 ob-

1001 2010 1090 2042 tenta,
1112 2015 1177 2036 oves
1198 2011 1225 2036 et
1245 2008 1330 2037 boves
1350 2009 1512 2045 languentes
1532 2017 1568 2037 ex
1590 2017 1622 2038 ea
1643 2010 1782 2046 respersit.
1798 2010 1846 2038 Mi-

1001 2054 1087 2083 rabile
1107 2054 1199 2083 dictu!
1222 2055 1318 2083 Statim
1341 2059 1372 2083 ut
1393 2056 1515 2092 aspersio
1532 2056 1659 2085 animalia
1677 2056 1806 2093 languida
1819 2059 1846 2085 et

1000 2100 1028 2129 in
1051 2103 1125 2130 terra
1145 2101 1261 2130 iacentia
1281 2105 1539 2139 quantumcumque
1560 2103 1705 2139 paululum
1729 2103 1845 2140 attinge-

1000 2147 1061 2182 bat,
1083 2148 1200 2184 pristino
1221 2151 1386 2185 recuperato
1408 2149 1517 2186 vigore,
1532 2150 1683 2186 surgebant
1698 2150 1844 2185 continuO,

1000 2197 1027 2223 et
1048 2198 1179 2232 tanquam
1201 2195 1269 2223 nihil
1291 2196 1355 2223 mali
1377 2196 1541 2231 sensissent,
1562 2197 1596 2225 ad
1615 2205 1717 2234 pascua
1734 2197 1845 2226 festina-

1000 2242 1073 2270 bant.
1096 2242 1195 2279 Sicque
1216 2243 1319 2271 factum
1342 2247 1398 2277 est,
1420 2247 1452 2271 ut
1474 2252 1522 2280 per
1544 2244 1674 2273 virtutem
1691 2245 1843 2273 mirandam

999 2297 1087 2325 aquae
1109 2289 1197 2323 illius,
1220 2298 1291 2326 quae
1312 2298 1405 2319 sacras
1432 2291 1526 2327 plagas
1557 2292 1724 2328 contigerat,
1756 2292 1845 2321 omnis

1000 2344 1116 2372 prorsus
1136 2336 1215 2373 plaga
1236 2339 1371 2371 cessaret,
1393 2337 1579 2374 pestilensque
1607 2338 1722 2366 morbus
1746 2347 1762 2366 a
1782 2346 1844 2375 gre-

999 2381 1080 2417 gibus
1100 2381 1254 2418 fugaretur.

1079 2429 1104 2456 7.
1126 2428 1204 2456 Circa
1225 2428 1379 2464 praefatum
1396 2429 1514 2458 Mentem
1528 2430 1676 2464 Alvernae,
1695 2432 1843 2467 antequam
1862 2437 1975 2456 secunaum.

1000 2474 1042 2502 vir
1063 2477 1174 2503 sanctus
1195 2475 1231 2503 ibi
1254 2476 1431 2504 contraheret
1458 2484 1580 2511 moram,
1611 2477 1685 2506 nube
1716 2485 1752 2505 ex
1784 2477 1843 2514 ipso

999 2524 1092 2549 monte
1113 2525 1259 2558 surgente,
1281 2522 1422 2559 grandinis
1441 2523 1559 2551 violenta
1574 2526 1721 2560 tempestas
1735 2524 1843 2553 fructus

1061 2712 1069 2725 ⁷
1088 2714 1156 2742 Epist.
1174 2715 1197 2736 ll.
1215 2714 1267 2736 Cor.
1288 2715 1326 2743 12,
1345 2715 1371 2737 4:
1389 2715 1414 2737 Et
1431 2715 1509 2737 audivi
1526 2721 1610 2737 arcana
1626 2715 1710 2743 rerba,
1722 2722 1782 2744 quae
1793 2722 1839 2739 non

999 2752 1049 2774 licet
1067 2752 1154 2774 homini
1171 2753 1241 2781 loqui.
1259 2765 1289 2769 —
1307 2753 1418 2781 Superius
1435 2760 1477 2781 pro
1494 2753 1560 2777 sacri
1576 2754 1593 2776 A
1610 2760 1689 2777 sacra.

1060 2789 1069 2802 ⁸
1086 2790 1156 2813 Cuius
1174 2791 1290 2814 Dedicatio
1308 2791 1436 2814 celebratur
1454 2793 1491 2815 29.
1507 2793 1569 2820 Sept.
1585 2805 1616 2809 —
1634 2794 1707 2821 Supra
1720 2794 1840 2822 respicitur

998 2830 1022 2852 ll.
1034 2830 1086 2852 Cor.
1098 2830 1124 2858 3,
1138 2831 1164 2852 l8
1174 2839 1179 2857 ;
1191 2834 1213 2853 et
1225 2831 1281 2853 infra
1298 2831 1366 2853 Exod.
1385 2832 1426 2858 31,
1445 2832 1486 2853 118:
1504 2832 1617 2860 Deditque
1635 2832 1745 2855 Dominus
1758 2833 1840 2862 Moysi,

998 2868 1117 2896 completis
1129 2869 1288 2892 huiuscemodi
1301 2869 1448 2892 sermonibus
1465 2870 1486 2892 in
1505 2873 1582 2893 monte
1594 2871 1667 2898 Sinai,
1681 2871 1739 2894 duas
1751 2871 1840 2894 tabulas

998 2908 1119 2930 testimonii
1139 2909 1252 2936 lapideas,
1270 2909 1368 2937 scriptas
1385 2909 1457 2937 digito
1475 2910 1523 2932 Dei.

1059 2945 1069 2958 ⁹
1086 2947 1146 2970 Tob.
1163 2948 1204 2976 112,
1222 2948 1248 2976 73
1265 2948 1305 2970 cfr.
1322 2954 1391 2976 supra
1410 2952 1462 2971 nola
1476 2948 1497 2971 4.
1510 2949 1567 2971 Vide
1585 2949 1723 2977 Wadding.‚
1735 2950 1777 2972 loc.
1790 2950 1839 2977 cit.,

997 2985 1026 3008 ad
1044 2992 1080 3008 au.
1103 2986 1171 3015 ¹224,
1190 2993 1210 3008 n.
1229 2987 1266 3009 21.
1283 2993 1349 3016 seqq.
