2133 3317
237 217 292 244 722

489 254 536 276 MtN

238 297 299 316 retro
317 294 357 316 401
382 294 409 316 43
427 306 458 310 —
468 296 553 315 vovent
565 292 730 320 obedientiam,
742 293 808 315 casti-

237 336 307 355 tatem
334 336 356 354 et
385 334 545 360 paupertatem
571 332 709 354 strictiorem
736 338 806 360 qnam

237 372 274 394 alii
297 372 406 399 Religiosi
433 371 477 393 345
496 371 519 393 b.
537 371 581 393 396
600 371 613 392 9
630 383 662 387 -
679 371 736 399 Ipsis
754 377 807 398 pro-

238 411 330 434 hibetur
356 417 426 433 omne
452 411 618 433 commercium
645 410 807 432 scandalosum

237 450 265 472 ad
283 450 392 472 mulieres
410 450 454 472 436
473 450 485 471 3
504 461 535 465 —
552 452 652 478 quatuor
677 449 706 471 de
731 449 808 471 causis

238 489 339 512 novitios
356 489 461 517 recipere
478 489 552 511 solent
578 488 623 511 347
647 488 662 510 b
686 500 718 505 —
743 488 807 511 Circa

237 529 394 556 receptionem
406 528 545 550 novitiorum
557 528 597 550 tria
608 531 750 550 concurrunt
763 528 807 550 397

240 568 261 590 4.
278 573 329 596 sqq.
346 579 378 583 —-
395 567 477 596 Quoad
494 569 628 595 receptores
645 567 692 589 duo
705 567 808 589 conside-

237 607 308 629 randa
326 609 379 629 sunt
396 606 449 629 ibid.
468 619 498 623 —
515 606 556 629 Cui
572 609 689 634 competat
705 606 808 634 receptio

237 646 379 668 novitiorum
397 645 450 668 ibid.
470 646 514 667 398
533 646 545 668 3
564 659 594 661 —
611 645 807 673 Recipiendorum

237 685 349 708 idoneitas
366 685 388 707 in
407 685 500 707 duobus
518 685 620 707 consistit
637 684 667 707 ib.
687 685 701 707 5
717 697 747 701 —
759 684 809 707 Cle-

240 725 301 747 ricus
318 724 466 752 recipiendus
492 724 578 746 habere
600 724 671 747 debet
690 724 808 747 doctrinae

240 764 293 786 fidei
316 764 457 786 conveniens
481 764 656 786 fundamentum
682 763 712 786 ib.

240 804 289 826 Non
307 803 400 831 expedit
422 809 503 825 omnes
526 803 682 825 indifferenter
704 803 809 831 recipere

239 842 285 865 344
303 842 318 864 1)
335 855 365 858 -
384 842 415 864 De
432 842 537 871 quolibet
553 842 638 865 Ordine
656 847 678 864 et
690 842 808 870 Religione

241 882 294 911 quis
311 882 408 904 transire
426 884 501 909 potest
518 882 546 904 ad
565 882 676 904 Ordinem
694 882 807 904 Illinorum

239 921 284 943 345
302 927 314 943 a
332 934 362 937 —
380 920 480 949 Obligati
497 921 527 943 ad
544 922 603 943 hanc
621 921 764 949 Religionem
778 921 810 943 in-

238 961 343 983 trandam
362 966 409 982 non
427 964 566 983 excusantur
583 960 613 982 ab
637 961 742 988 ingressu
765 967 807 988 per

240 1000 405 1022 assumtionem
425 1000 454 1022 ad
471 1000 649 1022 ecclesiasticam
672 1000 808 1028 dignitatem

240 1039 284 1061 402
310 1039 339 1061 45
365 1052 394 1056 —
418 1040 543 1067 Religionis
568 1039 637 1062 huius
664 1040 809 1067 propositum

239 1079 292 1101 nulli
315 1079 451 1101 necessitate
477 1079 604 1106 imponitur
629 1085 671 1101 nec
697 1085 766 1101 carne
788 1081 811 1101 et

238 1118 351 1146 sanguine
369 1118 516 1146 suggeritur,
534 1119 575 1140 sed
593 1124 605 1140 a
624 1118 671 1140 Deo
684 1119 809 1146 inspiratur

240 1158 285 1180 397
303 1159 316 1179 2
334 1170 364 1174 —
386 1158 448 1179 Licet
474 1157 591 1179 Fratribus
617 1164 664 1179 non
689 1158 809 1179 venientes

241 1196 440 1220 exhortationibus
457 1197 594 1224 praevenire
611 1196 666 1219 ibid.
683 1210 713 1212 —
732 1197 810 1225 Qualis

241 1236 326 1259 debeat
354 1242 404 1258 esse
429 1236 527 1264 qualitas
553 1235 644 1258 habitus
669 1236 809 1258 novitiorum

242 1276 286 1298 400
306 1276 333 1297 40
351 1288 382 1291 —
400 1275 483 1298 Novitii
496 1276 518 1296 in
531 1281 591 1297 anno
605 1275 747 1303 probationis
760 1282 811 1303 pos-

240 1318 293 1337 sunt
310 1315 409 1342 experiri
427 1315 562 1337 afflictiones
580 1315 673 1342 frigoris
690 1318 711 1337 et
728 1315 811 1337 caloris

241 1354 282 1377 401
306 1355 334 1376 42
360 1367 391 1371 —
417 1354 545 1376 Novitiatns
567 1354 638 1376 debet
662 1354 747 1376 durare
770 1360 811 1382 per

240 1400 328 1416 annum
346 1394 487 1422 completum
505 1392 559 1416 ibid.
577 1406 608 1410 ——
625 1394 749 1422 Quomodo
767 1396 811 1415 tra-

241 1433 317 1455 ctandi
336 1433 381 1456 sint
398 1427 478 1455 novitii
497 1433 518 1455 in
537 1433 629 1455 sacculo
653 1433 750 1455 delicate
772 1440 811 1455 nu-

242 1473 286 1495 triti
305 1473 350 1495 344
373 1479 384 1494 a
412 1485 442 1489 —
468 1472 604 1500 profitentur
631 1473 743 1500 Regulam
770 1478 811 1500 pet·

242 1512 397 1535 obedientiam
416 1512 540 1541 salutarem
560 1511 603 1534 438
623 1513 636 1534 2
662 1524 693 1528 —
713 1512 735 1534 in
761 1519 811 1540 pro-

241 1552 340 1574 fessione
358 1554 444 1573 vorent
461 1554 532 1573 totam
546 1551 671 1579 Regulam,
690 1551 730 1574 sed
743 1558 811 1580 quae-

240 1591 294 1613 dam
314 1594 337 1613 ut
362 1594 499 1619 praecepta,
524 1591 641 1619 quaedam
668 1594 692 1613 ut
717 1591 809 1613 consilia

243 1630 282 1652 401
307 1631 335 1652 42
347 1643 378 1646 —
390 1631 448 1652 Tota
466 1630 555 1657 Religio
572 1630 691 1652 reducitur
708 1631 735 1652 ad
755 1630 812 1652 hier-

241 1670 343 1692 archiam
362 1670 476 1692 Ecclesiae
494 1669 647 1697 principalem
666 1670 710 1692 396
728 1670 751 1691 41
779 1682 809 1686 —

241 1715 334 1731 summe
351 1709 455 1731 revereri
473 1708 560 1731 debent
573 1709 658 1737 Papam
677 1712 699 1731 et
716 1709 772 1731 alios
788 1709 811 1731 in

241 1748 401 1771 ecclesiasticis
419 1748 499 1770 officiis
518 1748 653 1770 constitutos
670 1747 724 1771 ibid.
741 1760 769 1763 —
789 1748 811 1770 S.

242 1788 357 1810 Ecclesiae
375 1787 490 1810 humiliter
508 1787 604 1809 subesse
620 1787 707 1809 debent
724 1787 769 1809 320
783 1787 791 1809 t
799 1788 807 1809 4

241 1841 272 1844 —
290 1828 398 1856 peculiari
426 1828 476 1850 iure
501 1830 554 1849 sunt
578 1827 667 1849 Summi
698 1827 812 1849 Pontificis

241 1867 386 1890 obedientiae
404 1866 491 1889 subditi
509 1869 530 1888 et
548 1872 617 1888 curae
634 1867 753 1889 commissi
767 1867 811 1889 312

243 1907 257 1929 7
274 1920 305 1923 -
323 1909 373 1929 51101
394 1910 503 1935 tanquam
522 1906 613 1934 parvuli
631 1909 653 1928 et
665 1906 702 1928 6111
715 1906 813 1928 familias

243 1946 341 1969 totaliter
359 1946 432 1974 ipsius
450 1945 558 1973 regimini
576 1946 679 1973 deputati
706 1944 758 1968 ibid.
782 1958 813 1962 —

243 1986 342 2008 Ecclesia
361 1986 464 2008 Romana
483 1985 576 2013 speciali
595 1985 666 2007 modo
692 1985 751 2012 gerit
777 1991 813 2007 011-

243 2031 292 2047 ram
311 2025 416 2047 Fratrum
436 2024 481 2047 345
504 2025 527 2046 16
540 2036 572 2040 —
583 2024 630 2047 Cur
642 2026 665 2046 S.
678 2025 814 2047 Franciscus

242 2065 360 2087 Romanae
379 2063 492 2086 Ecclesiae
509 2063 653 2091 Religionem
666 2070 732 2086 suam
745 2070 814 2092 copu-

242 2104 323 2126 laverit
341 2104 385 2125 407
405 2105 417 2125 2
436 2116 465 2119 —
483 2109 582 2125 oneroso
600 2105 622 2125 01
634 2103 721 2131 prolixo
734 2103 814 2126 Officio

244 2143 331 2165 onerati
349 2146 402 2165 sunt
419 2141 473 2165 ibid.
490 2155 521 2158 —
538 2148 632 2170 semper
644 2145 736 2165 orantes
754 2142 815 2165 acci-

246 2182 309 2204 diam
327 2188 339 2204 a
357 2188 381 2203 se
399 2181 525 2203 excludunt
541 2184 563 2203 et
580 2182 666 2203 ieiunio
684 2187 754 2204 omne
765 2188 815 2204 car-

246 2222 296 2244 nale
313 2221 418 2243 solatium
436 2221 517 2248 procul
534 2221 621 2248 pellunt
640 2220 684 2242 434
697 2221 709 2242 9
723 2233 753 2237 —
765 2221 814 2243 sine

245 2260 418 2288 dispensatione
436 2259 501 2282 Sedis
526 2259 666 2287 apostolicae
692 2259 722 2282 ad
746 2260 813 2282 aliam

244 2299 390 2327 Religionem
409 2299 507 2321 transire
524 2305 569 2321 non
588 2301 686 2326 possunt
699 2299 744 2321 345
757 2298 772 2321 b
785 2312 814 2315 —

245 2339 368 2367 Apostatae
386 2341 440 2360 sunt
457 2344 538 2360 omnes
555 2337 585 2360 ab
597 2339 639 2360 hac
652 2338 772 2366 Religione
785 2338 813 2361 ad

245 2379 313 2400 aliam
332 2381 477 2400 transeuntes
500 2377 539 2399 401
572 2378 600 2399 43
620 2390 647 2392 —
668 2378 814 2405 Explicantur

245 2418 304 2440 varii
321 2424 390 2440 casus
407 2417 485 2446 quoad
503 2423 623 2444 egressum
646 2423 672 2439 ex
695 2417 814 2444 Religione

246 2456 276 2480 ib.
295 2456 332 2479 44.
349 2463 384 2485 sq.
404 2470 435 2472 —
452 2457 532 2479 Utrum
551 2456 618 2478 liceat
635 2456 713 2479 Ordini
732 2457 814 2479 eiicere

244 2496 345 2525 aliquem
364 2499 386 2518 et
403 2502 498 2524 egresso
516 2496 594 2518 denuo
606 2496 691 2523 petenti
703 2496 814 2524 receptio-

244 2542 297 2558 nem
315 2536 434 2563 denegare
451 2535 496 2557 345
514 2541 534 2557 a.
553 2535 597 2557 346
616 2541 636 2563 3,
655 2535 670 2557 b
687 2548 717 2551 —
729 2535 814 2557 Tribus

244 2576 274 2598 de
291 2575 367 2598 causis
384 2581 431 2597 non
449 2575 543 2597 eiiciunt
554 2581 635 2597 omncs
648 2575 756 2602 dyscolos
769 2575 813 2597 348

244 2614 260 2637 b
277 2627 308 2631 —
331 2620 372 2637 cur
388 2614 505 2641 interdum
523 2614 594 2642 aliqui
618 2614 753 2636 sustinendo
775 2620 815 2642 pe-

245 2654 336 2676 nuriam
354 2654 399 2676 sint
416 2654 562 2681 impatientes
580 2653 624 2675 343
643 2653 666 2676 b.
684 2653 728 2676 344
755 2660 768 2675 a
785 2666 814 2669 —-

247 2693 293 2716 Cur
310 2693 381 2722 aliqui
399 2693 445 2716 sint
462 2693 551 2715 distorti
569 2692 675 2715 moribus
701 2695 723 2715 et
744 2693 815 2715 rudes

246 2732 291 2755 347
309 2732 331 2755 1),
351 2732 395 2755 348
414 2738 426 2754 3
444 2745 473 2748 —
493 2732 587 2754 Difficile
599 2735 633 2754 est
648 2732 757 2755 Ordinem
771 2732 815 2754 5111)

245 2778 290 2794 1103
310 2773 382 2794 forma
401 2772 497 2794 vivendi
509 2774 531 2793 et
543 2772 662 2800 multiplici
675 2771 777 2794 custodia
791 2772 815 2793 in

246 2817 288 2833 suo
306 2811 387 2839 vigore
405 2817 546 2833 conservare
563 2811 608 2833 369
625 2817 637 2833 a
663 2823 694 2827 -—
722 2811 815 2833 Ministri

246 2856 327 2873 eorum
346 2850 483 2878 regulariter
504 2852 558 2873 sunt
578 2850 710 2873 sacerdotes
734 2850 777 2872 426
801 2851 814 2872 3

245 2902 276 2905 —
294 2891 316 2912 ln
334 2889 427 2912 Ordinis
445 2890 559 2917 principio
577 2892 625 2912 erat
642 2890 723 2912 raritas
740 2895 815 2912 sacer-

246 2928 327 2951 dotum
346 2928 401 2951 ibid.
419 2942 447 2944 —
466 2928 560 2951 Ministri
577 2928 662 2951 habent
678 2935 758 2951 curam
771 2929 816 2951 ani-

247 2973 338 2990 marum
357 2971 379 2990 et
396 2967 481 2990 debent
498 2974 538 2990 eos
560 2968 583 2990 in
601 2968 646 2990 fide
670 2971 692 2990 et
712 2967 816 2990 moribus

247 3006 355 3029 ordinare
374 3006 427 3029 ibid.
440 3019 470 3022 —
483 3007 579 3029 Praelati
596 3013 677 3030 eorum
695 3007 816 3030 nominan-

738 763 808 786 [1.-

938 214 1037 243 lNDEX
1060 215 1308 244 ALPHABETICUS.

842 295 878 315 tur
896 292 989 315 Ministri
1008 295 1030 315 et
1047 292 1160 315 Custodes
1179 293 1222 315 448
1241 294 1269 315 22
1282 305 1313 310 —
1324 296 1411 316 curto-

841 332 883 354 ties
900 334 989 354 mutent
1006 332 1121 359 praelatos
1139 332 1179 354 361
1196 331 1220 353 b.
1237 332 1282 353 362
1301 338 1313 354 a
1324 344 1356 348 —
1368 338 1410 360 pro

841 371 941 398 peccatis
958 371 1053 393 notoriis
1070 371 1100 393 ad
1117 371 1230 393 lilinistros
1242 377 1362 393 recurrere
1374 371 1411 393 de-

841 409 895 432 bent
914 410 958 432 426
977 411 990 432 2
1008 422 1038 426 —
1055 410 1091 432 Ad
1108 410 1178 432 finem
1196 410 1289 432 Ordinis
1306 410 1411 432 obtinen-

840 449 897 471 dum
915 449 1065 478 requiruntur
1082 452 1181 478 quatuor
1199 449 1244 471 337
1261 455 1282 476 a,
1300 448 1315 471 b
1327 461 1357 465 —
1370 455 1411 471 vo-

841 489 884 511 cati
901 492 956 511 sunt
972 494 1015 516 pro
1032 489 1106 510 salute
1123 488 1253 510 animarum
1273 489 1317 510 338
1330 494 1349 510 3.
1365 488 1410 510 379

843 528 870 550 13
889 540 920 544 -
937 527 1013 550 vocati
1027 531 1080 550 sunt
1092 530 1188 555 propter
1200 534 1265 550 suam
1279 528 1376 549 salutem
1389 529 1412 549 et

841 567 941 589 aliorum
959 567 1145 589 aedificationem
1163 572 1205 594 per
1222 567 1340 595 exempla,
1360 572 1411 589 con-

841 606 889 628 silia
907 610 929 628 et
946 606 1046 628 salubria
1065 607 1206 628 hortamenta
1222 606 1265 627 450
1282 605 1297 627 b
1316 618 1345 622 -—
1363 606 1409 628 dati

841 648 894 667 sunt
911 646 940 668 ad
958 646 1142 668 aedificationem
1161 645 1265 667 fidelium
1283 645 1305 667 in
1326 645 1372 667 fide
1389 647 1411 667 et

842 685 946 707 moribus
964 685 1009 707 337
1028 691 1039 707 a
1057 697 1088 701 —
1105 684 1148 707 sibi
1166 687 1188 706 et
1207 684 1317 712 proximis
1342 684 1411 706 inten-

840 724 898 747 dunt
915 724 1044 747 secundum
1063 723 1221 751 septiformem
1248 723 1408 751 operationem

841 764 1007 786 hierarchicam
1026 764 1071 785 320
1090 763 1118 785 43
1137 775 1166 778 —-
1182 763 1211 785 ad
1229 763 1358 784 animarum
1374 768 1411 785 cu-

841 809 890 825 ram
909 803 994 825 astricti
1012 805 1064 825 sunt
1081 808 1127 824 non
1146 808 1172 824 ex
1198 802 1345 828 necessitate,
1368 802 1410 824 sed

844 849 869 865 ex
888 843 982 865 raritate
1000 842 1044 864 338
1064 841 1086 863 1).
1113 842 1157 863 380
1186 841 1213 863 117
1236 854 1266 857 -
1288 847 1329 863 cur
1347 847 1411 869 prae-

841 882 918 904 dicent
935 885 957 904 et
974 882 1068 903 audiant
1086 881 1254 909 confessiones⁷
1272 887 1325 903 cum
1351 881 1411 903 ordi-

842 922 905 943 narie
922 927 968 943 non
987 920 1088 943 habeant
1104 926 1185 942 curam
1212 920 1343 942 animarum
1365 920 1409 942 338

843 960 866 982 b.
884 961 929 983 339
947 966 959 982 a
976 973 1007 975 —
1020 960 1086 982 saluti
1099 959 1228 981 animarum
1243 959 1361 981 intendere
1374 959 1411 981 de-

843 1000 895 1022 bent
915 1000 959 1022 320
982 1000 1002 1020 ll
1026 1011 1055 1015 -
1073 1005 1119 1021 non
1133 1001 1248 1027 quaerunt
1259 999 1301 1021 nisi
1314 999 1410 1020 salutem

843 1039 973 1061 ammarum
992 1038 1037 1060 410
1060 1038 1083 1060 13
1106 1050 1136 1054 —
1163 1038 1299 1060 Praedicare
1324 1040 1358 1060 est
1382 1037 1411 1060 de

844 1078 985 1106 perfectione
1003 1078 1104 1105 Regulae
1122 1077 1166 1099 333
1185 1078 1197 1099 6
1217 1090 1245 1092 -
1266 1077 1337 1099 Nullis
1362 1077 1412 1099 aliis

844 1118 964 1145 Religiosis
982 1118 1034 1145 plus
1051 1117 1162 1145 competit
1180 1117 1314 1145 praedicare
1331 1123 1358 1139 ex
1378 1123 1412 1138 ra-

843 1157 905 1179 tione
921 1157 957 1179 sui
974 1160 1046 1179 status
1068 1163 1139 1185 quam
1157 1157 1214 1184 ipsis
1232 1156 1271 1178 431
1298 1156 1326 1178 13
1339 1169 1369 1172 —
1382 1156 1411 1178 ad

843 1197 896 1219 fidei
913 1196 1042 1219 doctrinam
1061 1196 1136 1218 vocati
1153 1199 1207 1218 sunt
1224 1196 1268 1218 398
1283 1195 1295 1217 4
1308 1208 1338 1211 —
1351 1195 1412 1217 lllulti

844 1236 865 1258 in
884 1236 995 1258 maiorem
1015 1236 1130 1257 fervorem
1149 1235 1303 1263 poenitentiae
1315 1234 1413 1257 excitan-

843 1278 879 1297 tur
897 1281 923 1297 ex
942 1274 1113 1303 praedicatione
1130 1278 1152 1297 et
1176 1275 1287 1302 exemplis
1307 1275 1412 1296 Fratrum

843 1320 914 1343 quam
933 1314 1034 1342 plurium
1052 1314 1149 1336 aliorum
1169 1313 1212 1336 429
1236 1314 1250 1336 7
1268 1326 1298 1330 -
1322 1314 1414 1341 praedi-

844 1354 918 1376 cando
942 1356 964 1375 et
990 1353 1145 1375 confessiones
1170 1353 1287 1375 audiendo
1313 1354 1413 1376 maxime

844 1396 941 1421 prosunt
959 1392 1066 1415 fidelibus
1084 1392 1128 1415 337
1147 1399 1159 1414 a
1177 1404 1208 1408 —
1225 1393 1300 1415 osticio
1324 1393 1412 1420 praedi-

844 1433 941 1455 cationis
958 1435 980 1454 et
1005 1432 1156 1455 confessionis
1182 1432 1262 1454 fideles
1288 1432 1415 1454 illuminant

845 1472 889 1494 357
909 1471 923 1494 b
941 1484 972 1487 —
990 1478 1031 1499 pro
1049 1471 1208 1493 aedificatione
1222 1471 1334 1493 Ecclesiae
1350 1471 1414 1493 missi

844 1516 897 1534 sunt
915 1511 960 1534 344
979 1510 1001 1533 1).
1020 1511 1065 1533 364
1083 1517 1094 1532 3
1110 1524 1137 1526 -
1151 1510 1213 1533 Ordo
1226 1510 1369 1538 approbatus
1381 1513 1415 1532 est

845 1557 887 1579 per
905 1551 989 1573 Sedem
1014 1551 1164 1578 apostolicam
1188 1553 1209 1572 et
1235 1551 1256 1572 in
1283 1550 1415 1572 subsidium

844 1591 975 1612 animarum
993 1590 1121 1612 destinatus
1139 1590 1183 1612 318
1203 1590 1223 1611 8.
1243 1589 1287 1612 365
1306 1589 1328 1611 1).
1342 1590 1386 1612 366
1401 1588 1415 1610 b

844 1642 875 1646 —
893 1630 935 1652 l'ro
953 1635 1010 1657 pace
1028 1630 1081 1651 cleri
1107 1632 1130 1651 et
1152 1629 1312 1651 aediticatione
1335 1629 1416 1656 populi

845 1669 909 1691 missi
927 1671 981 1691 sunt
998 1668 1041 1690 357
1061 1674 1073 1690 3
1095 1680 1126 1684 -—
1151 1671 1340 1696 propugnatores
1365 1674 1416 1690 esse

845 1708 931 1731 debent
947 1711 1025 1730 contra
1041 1708 1208 1730 haereticorum
1225 1707 1339 1730 versutias
1356 1707 1386 1730 ib.
1401 1707 1416 1729 b

846 1760 875 1764 —
894 1747 958 1769 missi
977 1750 1041 1774 51101,
1060 1750 1084 1769 ut
1096 1747 1199 1769 defectus
1211 1747 1350 1769 clericorum
1363 1753 1416 1774 sup-

846 1787 923 1815 pleant
939 1790 961 1809 et
987 1786 1128 1814 indigentiae
1152 1786 1255 1809 fidelium
1278 1786 1417 1808 subveniant

846 1827 891 1849 380
913 1826 939 1848 17
957 1839 988 1842 —
1006 1826 1082 1848 vocati
1100 1829 1153 1848 sunt
1170 1826 1191 1847 in
1205 1826 1347 1848 adiutorium
1363 1826 1415 1848 cleri

846 1869 868 1888 et
885 1866 966 1894 populi
984 1866 1028 1888 339
1047 1872 1058 1887 3
1071 1878 1102 1882 -
1114 1866 1162 1888 Ηο0
1175 1866 1199 1888 tit
1211 1866 1261 1887 sine
1273 1865 1416 1893 praeiudicio

847 1905 1001 1934 plebanorum
1019 1904 1074 1927 ibid.
1092 1905 1136 1927 378
1168 1906 1192 1926 12
1218 1918 1249 1920 -
1274 1905 1339 1927 missi
1364 1907 1418 1927 sunt

847 1948 1010 1973 cooperatores
1027 1945 1175 1967 sacerdotum
1194 1945 1238 1967 316
1257 1946 1270 1966 2
1288 1957 1319 1960 -
1341 1948 1417 1967 311010-

847 1985 937 2007 ritatem
957 1984 1108 2012 praedicandi
1125 1987 1147 2006 et
1173 1983 1309 2006 absolvendi
1333 1983 1418 2006 liabent

848 2030 860 2046 a
878 2024 953 2051 Papa,
971 2026 1010 2045 aut
1028 2022 1057 2045 ab
1075 2023 1186 2051 episcopo
1213 2024 1256 2045 366
1276 2023 1290 2045 b
1308 2036 1339 2038 —
1361 2023 1418 2051 lpsis

848 2063 972 2085 commissa
991 2065 1025 2085 est
1042 2062 1183 2090 111-3011103110
1201 2065 1223 2084 01
1247 2063 1360 2085 consessio
1386 2062 1417 2085 ob

849 2103 929 2130 triplex
948 2102 1035 2124 bonum
1054 2102 1099 2124 378
1118 2102 1147 2124 12
1159 2114 1190 2118 -
1204 2102 1324 2130 quomodo
1341 2108 1366 2124 se
1378 2103 1418 2124 113-

849 2142 919 2164 beant
944 2142 967 2163 in
992 2141 1165 2169 praedicatione
1190 2141 1268 2170 quoad
1292 2141 1340 2163 iura
1370 2142 1418 2169 ple-

849 2181 964 2203 banorum
984 2181 1028 2203 372
1047 2180 1068 2202 b.
1087 2181 1132 2202 373
1151 2187 1171 2206 a,
1189 2180 1204 2202 b
1216 2193 1247 2196 -
1260 2186 1301 2202 cur
1313 2180 1368 2202 vitia
1381 2181 1418 2202 ali-

848 2220 944 2248 quando
963 2219 1055 2247 publice
1073 2220 1199 2247 corripiant
1222 2220 1266 2242 359
1293 2219 1315 2242 b.
1337 2220 1382 2241 360
1405 2226 1417 2241 3

848 2272 878 2275 —
895 2259 926 2281 ob
942 2259 1020 2281 varias
1037 2259 1137 2281 rationes
1163 2259 1304 2287 frequentius
1329 2259 1418 2287 praedi-

847 2301 901 2321 cant
917 2299 940 2321 in
957 2299 1051 2326 oppidis
1067 2305 1139 2327 quam
1157 2299 1178 2320 in
1196 2298 1281 2321 abditis
1298 2299 1354 2321 locis
1372 2298 1416 2320 370

849 2337 863 2360 b
885 2350 915 2354 —-
941 2338 1012 2366 Quale
1038 2338 1186 2365 privilegium
1213 2337 1314 2360 habeant
1339 2338 1417 2366 quoad

848 2378 1006 2399 confessiones
1032 2377 1160 2399 audiendas
1183 2377 1227 2399 429
1254 2378 1267 2399 6
1290 2389 1321 2393 --
1338 2377 1362 2399 10
1390 2377 1417 2399 47

849 2416 941 2439 casibus
963 2416 1121 2439 confessiones
1143 2417 1224 2439 audire
1249 2419 1348 2444 possunt
1372 2417 1417 2438 380

850 2456 877 2478 49
903 2468 934 2472 —
959 2456 1040 2478 Utrum
1059 2456 1098 2485 (1111
1116 2456 1173 2484 ipsis
1191 2456 1290 2478 confessi
1307 2458 1361 2478 sunt
1389 2458 1417 2477 te-

848 2498 946 2518 neantur
963 2495 1068 2523 plebanis
1085 2495 1133 2518 suis
1150 2496 1233 2517 iterum
1259 2495 1362 2517 confiteri
1388 2494 1417 2518 ib.

852 2536 886 2557 18.
903 2541 938 2563 sq.
958 2548 986 2550 —
1005 2535 1131 2557 Consilium
1154 2535 1233 2563 quoad
1259 2535 1418 2557 confessiones

848 2574 976 2597 audiendas
995 2574 1038 2596 429
1057 2574 1070 2596 9
1082 2586 1113 2590 —-
1130 2574 1250 2603 quomodo
1268 2580 1293 2596 se
1310 2573 1417 2601 habeant,

848 2614 866 2636 si
884 2614 1001 2641 parochus
1018 2613 1073 2636 nolit
1089 2613 1212 2636 admittere
1237 2613 1327 2635 Fratres
1351 2619 1418 2635 cano-

848 2653 900 2675 nice
918 2652 1000 2675 missos
1019 2653 1062 2674 428
1081 2652 1094 2675 4
1108 2665 1137 2668 -
1149 2652 1184 2675 Ob
1197 2653 1301 2681 quinque
1317 2652 1417 2675 rationes

848 2692 925 2714 clerici
944 2692 1007 2720 ipsos
1025 2692 1100 2720 magis
1117 2692 1172 2714 odio
1184 2691 1271 2714 habent
1282 2698 1354 2721 quam
1366 2692 1417 2714 laici

850 2731 895 2754 355
912 2731 927 2753 b
944 2744 975 2748 —
992 2738 1033 2754 cur
1050 2738 1061 2753 a
1081 2731 1169 2753 clericis
1186 2734 1335 2758 accusentur,
1353 2731 1416 2760 quod

849 2771 882 2793 eis
900 2771 1022 2793 detrahant
1038 2774 1060 2793 et
1074 2771 1233 2799 praeiudicent
1245 2770 1290 2793 356
1303 2777 1323 2797 a,
1337 2770 1360 2792 b.
1373 2771 1417 2793 357

849 2816 869 2837 a,
887 2810 902 2832 b
919 2823 950 2827 —
968 2811 1030 2839 Quid
1047 2810 1172 2832 tenendum
1199 2811 1228 2833 de
1245 2810 1279 2832 eis
1299 2810 1339 2839 qui
1355 2810 1418 2838 ipsos

850 2852 874 2872 ut
891 2850 1167 2878 pseudopraedicatores,
1185 2850 1332 2876 seductores,
1351 2856 1418 2877 gyro-

849 2895 923 2917 vagos
940 2892 963 2911 et
980 2891 1127 2917 penetrantes
1141 2889 1224 2911 domos
1236 2889 1361 2917 repudiant
1372 2889 1417 2911 320

851 2929 859 2950 1
870 2929 874 2949 1
898 2941 926 2944 -
939 2928 1093 2956 praedicaturi
1106 2928 1191 2956 duplici
1203 2930 1272 2956 egent
1283 2928 1418 2951 auctoritate

850 2968 895 2989 319
914 2968 949 2989 44.
969 2967 1013 2990 428
1032 2969 1053 2990 2.
1071 2974 1107 2996 sq.
1125 2967 1169 2990 429
1189 2968 1217 2989 40
1236 2980 1265 2983 ——
1283 2973 1324 2989 cur
1341 2967 1371 2990 ad
1387 2968 1418 2989 os-

850 3007 900 3029 6013
918 3007 1098 3035 praedicationis
1122 3009 1144 3029 et
1169 3007 1322 3029 confessionis
1347 3012 1418 3034 saepe

1707 256 1755 278 llllN

1444 294 1539 316 iuvenes
1557 297 1710 322 promoveant
1726 294 1771 316 360
1794 301 1814 323 a,
1832 294 1847 317 b
1863 307 1895 312 —
1916 302 1957 318 cur
1979 296 2011 318 in-

1444 333 1538 355 tendant
1562 333 1639 356 studio
1664 333 1790 355 litterarum
1809 334 1853 356 339
1873 334 1894 356 b.
1920 334 1963 357 430
1981 335 2009 357 13

1443 385 1474 388 —-
1497 373 1546 394 Non
1569 372 1656 395 debent
1681 372 1817 400 praedicare
1841 373 1942 402 fabulas,
1968 374 2010 397 sed

1444 411 1516 433 verba
1533 412 1610 434 divina
1630 412 1674 434 333
1688 412 1701 434 6
1713 424 1744 428 -
1756 412 1874 434 Fratribus
1884 413 1947 435 laicis
1959 419 2010 441 pro-

1444 449 1543 472 hibitum
1560 453 1593 473 est
1612 451 1697 473 litteras
1714 451 1803 473 discere
1822 451 1865 473 433
1882 452 1895 473 6
1906 463 1937 468 -
1949 452 2012 474 Licet

1444 489 1500 516 ipsis
1516 488 1587 511 libros
1604 489 1690 512 habere
1707 490 1752 512 333
1771 491 1792 512 6.
1817 496 1852 519 sq.
1878 503 1907 506 —
1931 491 2012 520 Neque

1445 528 1466 550 in
1485 527 1605 550 breviariis
1623 528 1685 551 Ordo
1703 529 1773 551 habet
1790 530 1825 552 ius
1843 529 1938 552 dominii
1965 530 2010 552 396

1445 567 1457 588 8
1475 580 1505 583 —
1523 566 1685 590 Ordinationes
1702 568 1780 596 quoad
1797 569 1913 591 Breviaria
1932 569 1977 591 464
1986 568 2009 591 h.

1445 605 1489 627 465
1508 605 1531 628 b.
1551 606 1595 628 466
1620 606 1635 628 b
1654 619 1683 622 —
1700 607 1877 630 Constitutiones
1902 608 1931 631 de
1948 608 2013 631 libris

1444 645 1574 668 scribendis
1591 649 1613 668 et
1630 645 1744 669 habendis
1763 646 1806 668 457
1819 653 1831 669 a
1843 659 1874 663 —
1886 647 2012 675 prudenter

1444 687 1466 706 et
1477 684 1645 713 inculpabiliter
1657 691 1727 713 saepe
1739 686 1823 713 scripta
1836 692 1877 708 sua
1890 686 2012 709 difficulter

1444 724 1494 746 aliis
1512 725 1686 747 communicant
1703 724 1744 746 371
1766 724 1781 747 1)

1493 776 1521 778 -
1540 764 1665 791 Paupertas
1682 766 1717 786 est
1733 763 1825 786 Ordinis
1849 764 2013 792 praerogativa

1444 802 1550 825 sublimis
1568 802 1613 825 470
1637 803 1650 825 4
1674 816 1703 818 -
1729 803 1865 830 profitentur
1886 806 2013 826 extremam

1444 844 1466 863 et
1484 845 1621 869 perpetuam
1639 845 1800 870 paupertatem
1819 843 1864 864 370
1882 842 1897 865 b
1914 855 1945 859 —
1960 845 2013 865 sunt

1445 882 1588 908 professores
1605 881 1729 903 altissimae
1754 882 1897 909 paupertatis
1922 882 1967 904 342
1990 882 2012 904 5.

1446 920 1491 942 395
1508 920 1530 942 7.
1550 920 1595 942 422
1615 920 1651 942 15.
1670 920 1714 942 424
1732 920 1770 943 25.
1788 921 1874 943 44218
1887 921 2013 943 —Eorum

1444 962 1571 987 paupertas
1597 960 1738 982 transcendit
1763 960 1883 982 cacumina
1908 960 2013 983 omnium

1447 999 1610 1027 temporalium
1629 999 1768 1027 dignitatum
1788 999 1832 1021 442
1856 1000 1885 1021 18
1909 1012 1937 1015 -
1960 1001 2014 1022 sunt

1445 1038 1527 1060 ceteris
1545 1038 1654 1061 arctiores
1672 1039 1695 1060 in
1712 1041 1849 1066 paupertate
1867 1038 1911 1060 425
1937 1038 1966 1060 25
1987 1051 2015 1054 —

1447 1078 1530 1099 Eorum
1555 1081 1680 1105 paupertas
1706 1080 1740 1100 est
1764 1084 1777 1100 a
1798 1078 1886 1100 mundo
1911 1078 2015 1100 remotis-

1445 1117 1504 1139 sima
1520 1119 1543 1139 et
1560 1123 1632 1144 regno
1650 1118 1765 1139 caelorum
1778 1123 1870 1139 summe
1881 1117 1957 1140 vicina
1969 1116 2014 1139 424

1447 1156 1476 1178 25
1493 1168 1524 1172 -—
1541 1156 1668 1183 affluentia,
1686 1156 1770 1184 gloria,
1783 1156 1916 1184 apparentia
1929 1159 1952 1178 et
1963 1161 2016 1178 cou-

1446 1195 1557 1217 solatione
1574 1195 1673 1217 divitum
1686 1196 1708 1217 in
1721 1202 1814 1217 summo
1833 1202 1911 1218 carere
1929 1194 2015 1218 debent

1448 1235 1492 1257 422
1515 1235 1540 1257 15
1558 1247 1589 1251 --
1605 1236 1651 1257 Res
1667 1235 1773 1257 Fratrum
1800 1235 1936 1258 altissimam
1961 1241 2016 1263 pau-

1448 1276 1560 1302 pertatem
1584 1274 1719 1302 pracdicare
1736 1274 1822 1297 debent
1840 1274 1884 1296 422
1907 1274 1945 1297 45.
1970 1274 2015 1296 425

1448 1314 1485 1336 25.
1504 1313 1543 1335 471
1567 1314 1579 1336 4
1598 1326 1628 1330 -
1645 1314 1709 1342 Quae
1727 1314 1782 1342 ipsis
1800 1313 1886 1336 habere
1903 1320 1948 1336 non
1964 1320 2016 1336 con-

1448 1353 1527 1375 veniat
1545 1352 1589 1375 423
1617 1353 1646 1375 45
1672 1366 1701 1369 —
1730 1354 1752 1375 S.
1778 1353 1913 1376 Franciscus
1935 1359 2017 1375 omnes

1447 1398 1484 1414 res
1502 1392 1600 1415 mobiles
1618 1396 1640 1414 et
1658 1393 1789 1415 immobiles
1806 1392 1835 1415 ab
1853 1393 1910 1420 ipsis
1922 1392 2016 1415 exclusit

1448 1432 1492 1454 396
1512 1433 1532 1454 8.
1552 1432 1596 1454 442
1620 1432 1652 1453 16.
1670 1438 1706 1461 sq.
1726 1445 1755 1447 —
1773 1432 1797 1454 in
1810 1434 1869 1454 terra
1881 1432 1936 1454 nihil
1948 1437 2017 1460 quae-

1448 1474 1501 1494 runt
1519 1471 1563 1493 425
1581 1471 1610 1493 25
1628 1484 1659 1488 -
1684 1478 1726 1494 nec
1744 1472 1875 1494 dominium
1898 1477 1940 1494 nec
1966 1477 2016 1499 pos-

1449 1511 1576 1533 sessionem
1595 1511 1719 1539 acquirunt
1741 1511 1786 1533 343
1810 1511 1831 1532 8.
1857 1517 1892 1539 sq.
1917 1523 1948 1527 ——
1973 1516 2017 1532 nec

1449 1550 1589 1578 proprietate
1607 1551 1721 1578 personali
1739 1556 1781 1572 nec
1806 1550 1907 1578 generali
1929 1549 2016 1579 aliquid

1450 1589 1570 1617 possidere
1587 1593 1684 1617 possunt
1702 1590 1747 1612 340
1770 1590 1786 1612 1.
1804 1590 1845 1611 31³1
1868 1591 1888 1612 2.
1906 1596 1956 1618 sqq.
1970 1590 2015 1612 342

1450 1630 1470 1650 6.
1489 1629 1534 1651 313
1553 1629 1573 1650 8.
1592 1629 1636 1650 359
1655 1629 1677 1651 8.
1695 1629 1735 1651 421
1759 1629 1767 1650 4
1789 1640 1820 1645 ——
1838 1629 1892 1651 nihil
1908 1628 1952 1651 sibi
1969 1629 2017 1651 vin-

1451 1668 1529 1690 dicare
1545 1671 1643 1696 possunt
1660 1674 1701 1696 pet·
1719 1668 1816 1691 modum
1836 1668 1933 1691 dominii
1956 1674 2017 1690 com-

1451 1708 1556 1730 munitati
1574 1708 1661 1735 proprii
1680 1708 1725 1729 395
1744 1708 1757 1729 8
1775 1720 1805 1724 -
1823 1708 1844 1730 in
1862 1707 1973 1730 domibus
1984 1707 2017 1729 vi-

1451 1750 1508 1769 vunt
1524 1747 1603 1769 alienis
1621 1746 1649 1769 ib.
1666 1747 1680 1768 7
1698 1760 1728 1762 —
1745 1748 1803 1773 Res,
1816 1747 1902 1775 quibus
1914 1749 2017 1775 utuntur,

1451 1789 1502 1809 sunt
1527 1786 1583 1808 iuris
1600 1786 1665 1808 alieni
1684 1786 1729 1808 312
1752 1786 1773 1808 5.
1797 1785 1842 1808 395
1867 1786 1880 1808 7
1903 1799 1934 1802 —
1958 1786 2018 1808 sicut

1450 1826 1511 1848 servi
1529 1829 1624 1848 utuntur
1640 1825 1711 1848 rebus
1728 1826 1750 1848 in
1769 1825 1840 1847 aliena
1855 1827 1967 1853 potestate
1979 1831 2019 1853 po-

1450 1866 1498 1888 sitis
1516 1865 1556 1887 421
1584 1866 1588 1887 1
1610 1878 1642 1881 —
1659 1871 1701 1893 pro
1719 1865 1809 1888 Christo
1829 1865 1924 1887 serviles
1944 1864 2019 1887 effecti

1450 1908 1503 1927 sunt
1520 1905 1566 1927 395
1575 1906 1596 1927 7.
1617 1905 1660 1927 422
1675 1905 1682 1927 4
1694 1906 1698 1926 1
1715 1917 1746 1921 —
1759 1907 1854 1927 utuntur
1865 1904 1948 1932 rebus,
1960 1910 2018 1933 quas

1451 1952 1494 1967 11511
1512 1948 1665 1972 consumunt,
1683 1951 1725 1967 nec
1738 1948 1814 1967 tamen
1827 1945 1860 1966 eis
1872 1944 2021 1967 dominantur

1452 1984 1504 2007 ibid.
1522 1997 1553 2001 —
1568 1984 1703 2007 Utensilium
1721 1990 1776 2006 usus
1793 1984 1867 2006 licitus
1884 1986 1919 2006 est
1938 1983 2019 2006 Ordini

1452 2024 1582 2052 proprietas
1599 2023 1714 2052 prohibita
1734 2024 1778 2046 332
1797 2024 1817 2046 6.
1836 2024 1880 2046 353
1893 2023 1916 2046 b.
1926 2023 1971 2045 422
1990 2023 2018 2045 40

1451 2076 1482 2079 —
1499 2064 1555 2092 Quis
1573 2063 1656 2085 habeat
1673 2063 1803 2085 dominium
1826 2069 1904 2085 rerum
1926 2062 2019 2086 Ordinis

1452 2103 1497 2125 333
1516 2103 1537 2125 6.
1556 2109 1590 2131 sq.
1609 2102 1654 2125 354
1671 2109 1684 2124 3
1703 2115 1732 2118 —-
1754 2106 1777 2124 et
1801 2102 1929 2130 specialiter
1950 2108 2019 2130 pecu-

1451 2142 1503 2164 niae
1519 2142 1564 2165 354
1578 2142 1592 2164 b
1618 2155 1648 2157 —
1666 2142 1833 2169 Proprietatem
1852 2148 1930 2164 rerum
1956 2142 2018 2169 Papa

1451 2181 1494 2203 sibi
1507 2184 1528 2203 et
1541 2181 1655 2203 Ecclesiae
1666 2181 1772 2208 retinuit,
1785 2187 1853 2203 usum
1865 2181 1971 2203 Fratrum
1982 2186 2020 2203 ne-

1442 2220 1549 2251 ¹cessitati
1568 2220 1682 2243 concessit
1699 2221 1744 2242 312
1762 2221 1784 2242 6.
1807 2220 1851 2242 313
1878 2220 1900 2242 8.
1925 2220 1970 2242 395
1997 2220 2018 2242 8.

1452 2260 1496 2282 422
1522 2260 1535 2282 9
1562 2272 1592 2276 —-
1619 2260 1681 2282 Bona
1698 2259 1791 2282 Ordinis
1811 2259 1941 2287 dispensari
1965 2265 2020 2287 pos-

1452 2301 1505 2321 sunt
1522 2305 1534 2321 a
1552 2299 1661 2321 cardinali
1679 2301 1810 2327 protectore
1836 2298 1881 2320 395
1899 2299 1912 2320 8
1937 2311 1968 2314 ——
1992 2304 2019 2321 ex

1452 2338 1595 2366 professione
1612 2339 1714 2366 Regulae
1739 2340 1792 2360 sunt
1804 2338 1961 2360 mendicantes
1973 2338 2017 2360 363

1452 2378 1474 2400 b.
1493 2377 1538 2400 364
1551 2377 1565 2399 b
1577 2390 1608 2394 —
1619 2383 1660 2399 cur
1674 2377 1817 2405 mendicent,
1829 2377 1884 2399 nihil
1896 2377 2018 2405 proprium

1451 2417 1593 2445 possidendo
1611 2417 1655 2439 340
1673 2423 1685 2438 a
1705 2429 1732 2432 —
1754 2417 1777 2438 S.
1794 2417 1928 2439 Franciscus
1940 2417 2019 2438 iucun-

1451 2456 1508 2479 dum
1526 2456 1618 2479 dicebat
1635 2456 1679 2478 sub
1696 2456 1802 2478 Fratrum
1819 2456 1933 2478 Minorum
1954 2455 2018 2478 titulo

1451 2495 1585 2518 mendicare
1602 2495 1648 2518 525
1666 2496 1679 2517 8
1698 2508 1726 2511 —
1744 2495 1819 2517 Multis
1827 2495 1856 2517 de
1868 2495 1944 2517 causis
1956 2494 2018 2517 Ordo

1451 2535 1505 2557 nihil
1515 2535 1635 2563 proprium
1649 2534 1751 2562 possidet
1763 2534 1807 2556 340
1820 2540 1832 2556 a
1843 2546 1874 2550 —
1886 2534 1948 2557 Ordo
1960 2534 2019 2562 ipso-

1450 2581 1502 2596 rum
1519 2575 1552 2597 sic
1565 2574 1694 2602 paupertati
1706 2574 1817 2601 innititur,
1831 2576 1855 2596 ut
1866 2573 1939 2601 ipsius
1950 2573 2011 2595 firmi

1451 2617 1495 2636 tate
1505 2614 1610 2636 firmetur
1621 2616 1643 2635 et
1652 2613 1773 2636 eversione
1784 2616 1901 2635 evertatur
1910 2613 1955 2635 523
1965 2613 1977 2634 3
1987 2625 2018 2629 —

1451 2653 1514 2676 Ordo
1531 2652 1675 2681 approbatus
1692 2655 1727 2675 est
1744 2658 1756 2675 a
1773 2652 1860 2675 vicario
1878 2651 1961 2675 Christi
1973 2651 2014 2674 344

1451 2693 1464 2715 2
1482 2705 1513 2709 —
1529 2692 1565 2715 Ad
1582 2695 1654 2714 status
1672 2698 1752 2714 eorum
1766 2692 1964 2720 impugnationem
1976 2697 2018 2714 nee

1451 2732 1545 2760 allegari
1562 2734 1661 2760 possunt
1678 2732 1728 2754 iura
1754 2731 1829 2754 civilia
1851 2737 1894 2753 nec
1912 2731 1961 2753 iura
1983 2736 2018 2752 ca-

1451 2772 1533 2793 nonica
1550 2777 1592 2793 nec
1609 2771 1745 2793 Pontificum
1763 2773 1847 2793 statuta
1865 2771 1910 2793 343
1934 2771 1958 2792 41
1987 2782 2018 2786 —

1452 2812 1474 2833 ln
1491 2813 1626 2838 contemptu
1645 2810 1748 2832 omnium
1767 2812 1911 2832 terrenorum
1923 2812 1945 2832 et
1956 2815 2018 2832 men-

1450 2849 1566 2872 dicatione
1582 2849 1739 2871 assimilantur
1756 2848 1846 2871 Christo
1865 2848 1909 2871 442
1933 2848 1961 2871 47
1986 2860 2017 2865 —

1452 2889 1535 2911 Eorum
1554 2888 1638 2910 modus
1655 2888 1749 2911 vivendi
1769 2888 1818 2911 sine
1835 2888 1897 2910 omni
1923 2887 2018 2916 proprio

1451 2930 1485 2950 est
1501 2927 1644 2950 rationabilis
1661 2930 1682 2949 et
1699 2933 1745 2949 non
1763 2930 1841 2949 contra
1854 2929 1959 2949 naturam
1971 2926 2016 2948 323

1452 2968 1480 2989 22
1498 2979 1528 2983 —
1545 2967 1671 2989 Solvuntur
1688 2969 1788 2995 quatuor
1800 2965 1940 2989 obiectiones
1956 2966 2022 2988 circa>

1451 3009 1611 3034 paupertatem
1630 3005 1659 3028 ab
1677 3006 1734 3034 ipsis
1746 3008 1861 3028 servatam
1875 3005 1920 3028 444
1932 3006 1954 3028 5.
1965 3010 2016 3033 sqq.
