2133 3317
153 1611 195 1630 Alia
210 1612 265 1630 mira-

185 1635 233 1654 cula.

154 1862 267 1881 Secundum.

166 2284 207 2303 Alia
222 2284 265 2302 tria.

281 228 336 255 562

281 304 431 334 sacerdotis
453 312 503 332 066
524 310 662 339 supernae
684 302 758 331 vocis
779 302 893 330 oraculo
915 301 1024 330 servilis
1045 304 1130 330 teme-

283 353 350 380 ritas
380 351 552 384 frenaretur,
581 349 684 378 addidit
715 349 808 378 divina
839 349 930 377 virtus
957 348 990 377 ad
1012 348 1129 385 gloriam

280 399 370 427 Sancti
393 398 435 427 sui
458 398 516 426 sine
544 404 622 425 mora
648 396 816 425 miraculum
837 398 865 424 et
896 395 1045 432 flagellum.
1067 396 1131 424 Mox

280 445 370 478 enim,
392 447 424 472 ut
446 443 552 472 furcam
585 451 640 471 una
672 450 756 470 manu
785 442 839 470 iam
872 445 983 475 tenens,
1015 442 1131 470 alteram

283 499 347 520 61101
368 491 459 520 ferreo
486 490 672 519 instrumento
698 489 799 518 levavit
813 488 847 517 ad
869 496 955 525 opus;
978 488 1017 517 sic
1038 488 1131 517 divina

280 539 384 567 virtute
406 541 527 574 utraque
556 544 655 565 manus
683 537 796 573 utrique
824 536 1010 564 instrumento
1036 536 1132 564 cobae-

281 586 331 619 sit,
353 588 385 613 111
405 585 439 613 ad
460 584 589 613 neutrius
609 583 796 612 dimissionem
824 583 925 619 digitos
955 583 1131 619 aliquatenus

282 633 410 662 relaxare
432 632 544 661 valeret.
569 631 608 659 Ex
631 640 687 668 quo
709 631 881 667 stupefactus
903 630 1000 664 nimis,
1022 633 1049 658 et
1064 630 1131 667 quid

281 683 390 717 ageret,
413 677 556 712 nesciens,
578 678 610 707 ad
633 678 794 711 ecclesiam,
816 677 912 706 multis
943 677 1067 714 undique
1097 677 1131 705 ad

281 727 430 755 videndum
443 725 601 763 prodigium
616 725 849 753 concurrentibus
863 725 881 758 ¹,
897 724 1064 761 properavit.
1081 724 1130 752 Ubi

282 776 374 803 mente
395 775 580 809 compunctus
600 775 663 800 ante
684 772 787 805 altare,
809 771 929 808 quodam
951 779 987 800 ex
1002 771 1132 800 assisten-

283 821 357 849 tibus
389 820 530 849 sacerdote
563 821 691 847 monente
717 835 753 839 -
784 819 879 855 plures
907 818 1010 855 quippe
1038 818 1072 846 ad
1094 818 1132 847 fe-

283 871 357 896 stum
380 867 467 896 vocati
491 869 677 895 convenerant
701 865 858 894 sacerdotes
883 882 920 886 —
946 865 1026 894 beato
1047 866 1131 893 Fran-

283 914 355 943 cisco
377 914 520 943 humiliter
542 921 571 942 se
591 913 718 947 devovit,
740 913 806 947 tria,
822 912 894 941 sicut
908 915 950 941 ter
966 920 1061 940 vocem
1083 920 1132 940 au-

282 962 386 995 dierat,
419 964 481 989 vota
513 968 632 993 vovens,
663 959 737 997 quod
773 960 877 988 scilicet
911 959 1011 988 festum
1045 959 1132 996 ipsius

283 1008 402 1041 coleret,
424 1007 498 1044 quod
520 1007 552 1035 ad
575 1007 648 1035 illam
672 1006 699 1035 in
725 1015 781 1044 qua
813 1009 879 1035 tunc
900 1009 960 1034 erat
988 1006 1131 1034 ecclesiam

282 1055 311 1084 in
332 1055 401 1083 festo
423 1054 530 1083 veniret
557 1057 584 1083 et
605 1054 679 1091 quod
701 1053 790 1082 Sancti
823 1061 925 1090 corpus
951 1053 1133 1089 personaliter

283 1103 417 1132 visitaret.
440 1102 540 1130 Mirum
564 1104 638 1130 certe
661 1102 765 1130 relatu!
782 1101 840 1129 Uno
855 1101 955 1129 emisso
970 1103 1043 1134 voto,
1059 1108 1133 1128 unus

283 1150 317 1178 de
338 1149 452 1186 digitis?
473 1149 562 1177 l'actus
584 1152 626 1177 est
657 1148 741 1182 liber,
764 1148 796 1176 ad
823 1147 936 1176 secundi
959 1147 1132 1176 emissionem

284 1197 392 1225 solutus
414 1199 455 1224 est
476 1196 560 1229 alius,
582 1195 629 1224 sed
651 1196 733 1224 tertio
762 1195 832 1223 facto
861 1198 937 1229 voto,
960 1195 1071 1222 laxatus
1093 1196 1134 1222 est

283 1243 383 1271 tertius
408 1247 435 1270 et
458 1242 631 1278 postmodum
654 1245 710 1270 tota
731 1249 831 1270 manus
852 1249 902 1270 nec
918 1249 971 1269 non
997 1244 1023 1269 et
1047 1241 1135 1268 altera

284 1290 503 1326 subsequenter,
527 1289 638 1325 populo,
667 1289 713 1325 qui
747 1289 801 1316 iam
830 1289 936 1317 multus
967 1288 1133 1322 advenerat,

285 1337 375 1365 Sancti
398 1336 571 1365 clementiam
593 1335 770 1364 devotissime
790 1335 963 1371 implorante.
986 1335 1029 1363 Sic
1052 1335 1134 1362 homo

284 1384 416 1420 pristinae
446 1383 570 1411 redditus
602 1383 720 1411 libertati
734 1383 754 1417 5,
777 1390 826 1419 per
848 1390 876 1411 se
909 1382 1000 1419 ipsum
1031 1382 1134 1410 instru-

285 1434 377 1460 menta
408 1431 548 1467 deposuit,
584 1430 691 1459 cunctis
724 1430 900 1458 laudantibus
928 1430 1016 1458 Deum
1045 1429 1134 1457 virtu-

285 1482 396 1514 temque
418 1478 507 1506 Sancti
532 1477 693 1511 mirificam,
716 1478 763 1514 qui
797 1480 851 1505 tam
886 1476 1049 1505 mirabiliter
1071 1484 1134 1512 per-

283 1528 379 1553 cutere
401 1528 508 1561 poterat
522 1527 549 1552 et
565 1532 671 1552 sanare.
689 1524 748 1560 ipsa
764 1532 829 1552 vero
844 1523 1030 1552 instrumenta
1045 1530 1134 1559 usque

284 1571 365 1600 hodie
386 1579 479 1600 coram
501 1571 581 1599 altari
613 1571 647 1599 ad
680 1572 813 1599 honorem
844 1570 915 1599 beati
938 1569 1072 1598 Francisci
1095 1569 1133 1597 sa-

284 1619 390 1647 bricato
418 1619 518 1647 ibidem
549 1618 574 1646 10
609 1618 769 1646 memoriam
801 1618 888 1646 facti4
910 1617 1073 1654 dependent.
1097 1633 1133 1636 —

284 1666 366 1694 Plura
387 1673 500 1702 quoque
522 1665 576 1694 illic
597 1668 624 1693 61
645 1665 672 1693 111
696 1665 761 1693 16615
793 1665 890 1693 vicinis
922 1666 1030 1701 patrata
1052 1664 1134 1692 mira-

284 1713 346 1741 cula
368 1715 395 1741 et
423 1713 553 1741 Sanctum
587 1712 613 1740 in
645 1712 727 1740 caelis
758 1711 908 1740 ostendunt
939 1711 1075 1739 eximium
1107 1713 1134 1739 et

284 1760 385 1788 festum
408 1759 495 1796 ipsius
516 1759 543 1787 111
568 1759 649 1787 161115
672 1758 867 1787 venerabiliter
889 1758 1083 1787 excolendum.

364 1809 389 1836 2.
414 1807 440 1835 10
463 1806 573 1835 civitate
594 1814 706 1843 quoque
727 1805 942 1839 Cenomanensi,
957 1805 1023 1833 dum
1040 1805 1067 1833 10
1092 1813 1135 1833 50-

285 1855 425 1883 16011111016
447 1854 531 1882 sancti
555 1853 690 1882 Francisci
714 1853 815 1881 mulier
836 1852 972 1889 quaedam
988 1860 1086 1880 manus
1101 1852 1135 1880 ad

285 1902 375 1931 colum
405 1901 569 1930 extenderet
600 1904 627 1929 et
658 1900 750 1937 digitis
777 1899 1000 1937 apprehenderet
1027 1899 1134 1933 fusum,

285 1948 524 1985 obrigescentibus
546 1948 687 1981 manibus,
709 1950 861 1984 coeperunt
876 1947 952 1984 digiti
969 1947 1076 1984 magnis
1091 1955 1134 1975 ar-

286 1995 401 2024 doribus
423 1995 551 2024 61061011.
575 1995 661 2031 Igitur
683 2002 769 2031 poena
792 1994 922 2028 docente,
945 1994 1036 2022 Sancti
1059 2002 1136 2022 reco-

285 2050 419 2079 gnoscens
454 2042 599 2075 virtulem,
632 2041 715 2070 corde
750 2044 916 2077 compuncta
943 2041 1070 2069 cucurrit
1102 2040 1135 2069 ad

286 2090 403 2118 Fratres.
427 2089 552 2126 Cumque
574 2097 625 2125 pro
646 2089 735 2117 salute
757 2088 844 2125 ipsius
865 2088 955 2116 devoti
979 2088 1026 2116 filii
1049 2087 1135 2116 sancti

286 2137 374 2164 Patris
395 2136 568 2164 clementiam
592 2138 788 2172 precarentur,
811 2135 957 2163 Incolumis
979 2135 1075 2163 ell'ecta
1095 2138 1136 2162 est

287 2183 395 2216 statim,
418 2190 468 2210 1166
489 2182 592 2219 aliquid
622 2182 750 2210 laesionis
780 2181 913 2210 remansit
935 2182 961 2209 in
991 2181 1135 2215 manibus,

288 2230 339 2258 nisi
360 2230 393 2258 ad
415 2229 478 2257 facti
503 2229 663 2257 memoriam
686 2229 776 2257 solum
806 2228 953 2265 vestIgium
975 2228 1136 2256 combustu-

287 2285 342 2305 rae.
365 2293 403 2296 -—
425 2276 509 2304 Simili
532 2276 614 2304 etiam
637 2275 718 2303 modo
740 2276 766 2303 in
788 2275 938 2311 Campania
958 2275 1055 2303 maiori
1079 2282 1137 2303 mu-

287 2324 337 2352 lier
359 2323 510 2360 quaedam,
532 2326 559 2351 et
582 2323 607 2351 in
637 2322 702 2351 villa
729 2322 835 2351 0161115
859 2322 957 2350 mulier
985 2322 1087 2355 altera,
1109 2325 1137 2350 et

287 2371 313 2399 in
336 2374 427 2399 castro
449 2370 511 2399 Pilei
535 2370 631 2404 tertia,
653 2369 720 2397 dum
749 2369 819 2397 beati
854 2369 940 2397 Patris
961 2369 1062 2397 festum
1093 2377 1137 2397 ce-

287 2418 395 2447 lebrare
427 2420 650 2450 contemnerent,
680 2416 901 2453 praevaricantes
932 2416 1054 2452 primum
1086 2416 1138 2444 mi-

287 2465 412 2493 rabiliter
448 2467 512 2493 sunt
548 2464 675 2500 punitae,
708 2463 755 2492 sed
790 2462 964 2499 postmodum
997 2463 1138 2499 poeniten-

288 2514 328 2540 tes
356 2519 405 2548 per
427 2511 513 2539 saneti
536 2510 671 2539 Francisci
705 2510 803 2538 merita
833 2512 899 2538 sunt
929 2509 1085 2538 mirabilius
1106 2509 1138 2538 Ii—

288 2559 408 2587 beratae.

611 224 809 253 OPUSCULUM
831 224 918 252 XXIII.
941 223 1091 252 LEGENDA
1113 223 1228 252 SANCTI
1249 223 1422 252 FRANCISCI.
1445 223 1606 252 MIRACULA
1629 224 1647 258 ὃ
1668 223 1698 251 X.

1267 301 1293 330 3.
1316 302 1391 330 Miles
1412 301 1524 338 quidam
1546 301 1579 330 de
1609 301 1732 337 Burgo⁶,
1754 301 1781 329 in
1804 302 1945 338 provincia
1969 304 2034 333 Mas-
2050 311 2108 332 stum

1188 356 1249 383 sae,
1271 348 1342 377 beati
1365 348 1501 377 Francisci
1522 348 1655 384 operibus
1676 350 1703 376 et
1729 348 1928 377 miraculorum
1950 349 2033 386 signis

1188 395 1426 431 impudentissime
1447 394 1618 423 detrahebat.
1635 394 1770 423 inferebat
1784 394 1873 422 multa
1887 396 2034 431 opprobria
2055 429 2057 432 ⁴

1188 441 1342 478 peregrinis
1363 441 1397 470 ad
1418 441 1505 478 ipsius
1527 441 1686 470 memoriam
1708 441 1884 470 venientibus
1899 445 1926 469 et
1940 445 2035 471 contra

1188 489 1297 517 Fratres
1319 488 1429 525 publica
1449 488 1590 525 garriebat
1612 488 1724 517 insania.
1747 488 1815 516 Cum
1838 491 1930 516 autem
1953 490 2034 518 semel

1188 536 1278 564 Sancti
1302 536 1349 564 Dei
1377 535 1493 572 gloriam
1525 535 1716 571 impugnaret,
1738 535 1841 563 addidit
1868 543 1953 571 super
1974 543 2035 572 pec-

1188 586 1249 611 cata
1270 591 1320 611 sua
1341 582 1541 619 blasphemiam
1562 581 1766 610 detestandam:
1788 593 1801 607 «
1816 582 1842 610 Si
1866 590 1963 610 verum
1985 586 2034 618 est,

1188 630 1293 666 inquit,
1315 629 1390 666 quod
1411 629 1573 657 FranciScus
1594 629 1646 657 iste
1667 629 1703 657 sit
1729 632 1857 662 sanctus,
1879 629 1968 665 gladio
1993 637 2035 658 ca-

1189 677 1235 705 dat
1256 676 1338 705 hodie
1359 684 1461 712 corpus
1492 683 1602 709 meum;
1625 675 1646 703 si
1679 684 1745 704 vero
1766 679 1878 704 sanctus
1900 684 1953 704 non
1979 680 2034 712 est,

1188 723 1302 752 evadam
1326 722 1473 751 incolumis
1487 734 1514 750 2).
1537 723 1595 750 Non
1617 722 1724 751 distulit
1744 723 1786 750 ira
1808 722 1854 751 Dei
1871 719 2036 760 condignum

1189 770 1293 799 inferre
1314 769 1499 806 supplicium,
1521 777 1585 798 eum
1607 769 1661 797 iam
1683 769 1754 798 facta
1775 769 1872 798 fuisset
1893 770 1955 798 eius
1970 778 2036 799 ora—

1190 818 1229 846 tio
1250 818 1282 846 z'n
1302 817 1484 854 116666110017.
1505 817 1580 844 Mora
1594 817 1666 845 enim
1684 817 1790 845 modica
1805 817 1957 851 interiecta,
1971 816 2037 846 dum

1189 865 1369 901 blasphemus
1390 864 1482 900 nepoti
1506 871 1557 892 suo
1578 863 1694 892 inferret
1713 863 1859 898 iniuriam,
1874 864 1979 900 accepit
1993 863 2037 893 ille

1189 911 1310 948 gladium
1332 914 1359 940 et
1381 910 1473 947 patrui
1503 910 1657 939 visceribus
1685 910 1850 939 cruentavit.
1874 910 1973 939 Eodem
1995 911 2037 940 die

1190 962 1319 987 mortuus
1340 961 1381 987 est
1403 958 1568 991 sceleratus,
1584 957 1682 986 inferni
1716 957 1884 994 mancipium
1917 960 1945 986 et
1966 957 2037 987 filius

1190 1006 1383 1039 tenebrarum,
1405 1008 1437 1033 111
1469 1005 1552 1033 ceteri
1586 1004 1725 1033 discerent
1746 1004 1872 1032 miranda
1902 1004 2037 1034 Francisci

1190 1060 1275 1089 opera
1296 1060 1350 1080 non
1372 1052 1613 1088 blasphematoriis
1635 1051 1727 1080 verbis
1753 1051 1902 1088 impetere,
1924 1051 1971 1080 sed
1992 1051 2037 1081 de-

1191 1100 1262 1128 votis
1284 1099 1413 1128 laudibus
1434 1099 1581 1127 honorare.

1270 1147 1296 1175 ίι.
1320 1146 1406 1175 ludex
1434 1146 1561 1183 quidam,
1594 1146 1704 1174 nomine
1729 1145 1897 1180 Alexander,
1926 1145 1992 1174 dum
2023 1153 2039 1174 a.

1191 1193 1262 1222 beati
1285 1193 1421 1222 Francisci
1443 1193 1603 1227 devotione,
1619 1201 1690 1230 quos
1705 1196 1824 1229 poterat,
1840 1195 1974 1221 venenata
1989 1192 2039 1221 lin-

1192 1248 1247 1277 gua
1268 1240 1437 1274 retraheret,
1459 1240 1552 1268 divino
1584 1240 1684 1268 iudicio
1713 1240 1807 1276 lingua
1828 1240 1969 1276 privatus,
1990 1247 2038 1276 per

1192 1295 1243 1316 sex
1265 1295 1351 1316 annos
1372 1287 1522 1316 obmutuit.
1539 1287 1590 1323 Qui
1607 1295 1669 1315 cum
1692 1287 1719 1315 in
1740 1295 1772 1315 eo
1798 1295 1854 1324 quo
1869 1289 2038 1323 peccaverat,

1194 1334 1407 1371 1010116161018,
1429 1334 1484 1362 alta
1512 1334 1690 1370 poenitudine
1721 1337 1883 1368 revocatus,
1909 1333 2038 1369 dolebat,

1192 1389 1221 1410 se
1243 1384 1340 1410 contra
1361 1381 1451 1409 Sancti
1474 1381 1609 1409 miracula
1623 1381 1783 1409 oblatrasse.
1800 1381 1894 1418 Itaque
1908 1389 1962 1409 non
1977 1388 2040 1417 per-

1192 1429 1261 1457 stitit
1282 1428 1469 1457 misericordis
1489 1428 1639 1465 indignatio
1662 1428 1770 1462 Sancti,
1793 1428 1839 1456 sed
1856 1427 2038 1464 poenitentem

1191 1484 1223 1504 ac
1245 1483 1274 1504 se
1297 1475 1440 1503 humiliter
1462 1475 1650 1509 invocantem,
1674 1475 1802 1503 restituta
1825 1474 1943 1511 loquela,
1965 1482 2040 1504 rece—

1192 1523 1232 1560 pit
1253 1523 1286 1551 ad
1308 1522 1433 1559 gratiam.
1456 1522 1497 1550 Ex
1512 1525 1579 1550 tunc
1595 1522 1716 1559 liiiguam
1736 1522 1924 1558 blasphemam
1947 1529 2041 1550 conse-

1192 1570 1280 1599 cravit
1311 1569 1440 1598 laudibus
1468 1569 1575 1603 Sancti,
1604 1569 1777 1597 devotionem
1809 1569 1892 1598 simul
1913 1572 1940 1597 et
1960 1569 2040 1598 disci-

1193 1617 1294 1654 plinam
1318 1616 1453 1653 recipiens
1474 1624 1523 1652 per
1545 1616 1694 1652 flagellum.

1318 1712 1335 1746 ἓ
1357 1711 1387 1739 X.
1412 1711 1451 1739 De
1472 1710 1649 1749 quibusdam
1672 1710 1741 1739 aliis
1763 1710 1920 1738 miraculis

1441 1757 1633 1785 (liversz'modi
1651 1757 1766 1794 generis
1778 1756 1797 1785 ⁹.

1275 1854 1298 1880 1.
1322 1852 1349 1880 111
1369 1854 1461 1881 castro
1475 1851 1578 1880 Galiani
1599 1851 1741 1880 Valvensis
1759 1851 1891 1880 dioecesis
1903 1851 1926 1868 ¹⁰
1941 1851 2040 1880 mulier

1193 1900 1328 1937 quaedam
1351 1902 1426 1933 erat,
1449 1899 1533 1927 Maria
1554 1899 1680 1933 nomine,
1702 1906 1774 1936 quae
1794 1898 1904 1927 Christo
1936 1899 1995 1927 Iesu
2014 1901 2041 1927 et

1193 1947 1273 1976 heato
1294 1946 1438 1975 Francisco
1459 1946 1595 1974 famulatu
1626 1946 1726 1975 devoto
1747 1946 1886 1980 subiecta,
1908 1954 1964 1974 una
1985 1945 2041 1975 die-

1194 2002 1256 2022 rum
1279 1993 1383 2022 aestivo
1404 1996 1529 2029 tempore
1550 1993 1634 2026 exiit,
1656 1996 1687 2021 ut
1715 1992 1843 2021 manibus
1865 1992 2042 2029 conquireret

1194 2040 1315 2078 propriis
1346 2040 1533 2069 necessarium
1563 2039 1675 2068 victum.
1705 2039 1774 2067 Cum
1796 2039 1897 2076 igitur,
1919 2038 2042 2067 fervente

1194 2087 1312 2116 nimium
1345 2091 1439 2121 aestu,
1473 2087 1532 2115 sitis
1563 2086 1683 2115 deficere
1714 2086 1848 2123 6061115561
1879 2085 2041 2120 ardoribus,

1193 2134 1267 2163 omni
1290 2134 1397 2170 privata
1418 2134 1551 2162 beneficio
1573 2133 1678 2170 poculi,
1693 2141 1744 2170 pro
1765 2141 1798 2162 eo
1819 2133 1893 2170 quod
1908 2133 1935 2161 in
1950 2135 2042 2162 monte

1193 2181 1270 2209 arido
1292 2181 1350 2209 sola
1371 2183 1457 2215 esset,
1479 2180 1558 2217 quasi
1580 2181 1717 2209 exanimis
1739 2180 1817 2209 humi
1832 2183 1980 2217 prostrata,
1996 2188 2043 2217 pa—

1194 2231 1306 2256 tronum
1338 2236 1421 2256 suum
1454 2231 1579 2256 sanctum
1615 2227 1790 2256 Franciscum
1822 2227 1967 2256 invocabat
1997 2227 2042 2264 pio

1194 2275 1294 2304 mentis
1314 2275 1424 2304 affectu.
1448 2275 1518 2303 Dum
1550 2278 1642 2303 autem
1675 2277 1868 2311 perseveraret
1888 2274 1988 2303 mulier
2015 2274 2041 2303 10

1194 2322 1343 2351 affectuosa
1364 2326 1391 2351 et
1413 2322 1511 2351 humili
1534 2330 1632 2359 prece,
1656 2322 1764 2356 labore,
1787 2322 1830 2350 siti
1856 2325 1884 2350 et
1904 2324 1983 2350 aestu
2002 2321 2040 2350 sa-

1194 2370 1278 2407 tigata
1289 2378 1372 2406 quam
1387 2369 1557 2406 plurimum,
1576 2369 1910 2406 paulqunroIJdormivit.
1927 2369 1957 2397 Et
1971 2376 2043 2403 ecce,

1195 2419 1307 2445 sanetus
1328 2416 1489 2445 Franciscus
1510 2416 1658 2445 adveniens
1679 2419 1706 2445 et
1727 2424 1787 2445 eam
1809 2424 1910 2444 vocans
1931 2423 1967 2444 ex
1993 2423 2041 2444 no-

1195 2463 1284 2492 mine:
1311 2475 1323 2487 <r
1340 2464 1443 2500 Surge,
1465 2463 1569 2500 inquit,
1592 2466 1618 2491 et
1640 2463 1703 2491 bibe
1724 2471 1842 2500 aquam,
1858 2470 1930 2499 quae
1950 2462 2042 2491 divino

1196 2518 1313 2539 munere
1334 2510 1382 2538 tibi
1404 2518 1436 2538 ac
1458 2510 1587 2547 pluribus
1608 2510 1759 2538 exhibetur
1774 2521 1800 2538 ».
1815 2509 1854 2538 Ad
1869 2509 1953 2538 huius
1968 2508 2042 2538 vocis

1194 2557 1320 2586 auditum
1353 2557 1479 2597 surrexit
1510 2557 1611 2586 mulier
1639 2565 1654 2585 a
1685 2565 1797 2591 somno,
1818 2565 1873 2585 non
1901 2556 2040 2585 modicum

353 2750 359 2763 ¹
380 2752 430 2773 Vnt.
448 2758 501 2773 60111
520 2751 556 2773 ed.
579 2752 583 2772 1
606 2750 794 2774 occurrentibus.
812 2751 906 2773 hiterius
924 2751 1022 2773 vocibus
1039 2752 1093 2774 unte
1105 2750 1138 2773 ([ί-

290 2792 341 2813 [are
359 2791 390 2812 lL
401 2791 420 2812 M
439 2790 577 2812 interserunt
594 2796 700 2813 sacrum.

352 2828 360 2841 ¹2
379 2829 435 2851 Edd.
452 2836 505 2851 60111
524 2835 571 2851 1100
589 2830 707 2858 alteroque
724 2829 776 2851 cod.
793 2835 857 2851 uirus
875 2828 969 2858 myrtus.
984 2829 1077 2851 Interius
1095 2835 1137 2857 pro

289 2867 387 2890 [astulfus
405 2869 420 2890 L
438 2868 571 2891 relaxatus.
908 2867 917 2880 ³
935 2868 991 2891 Cori.
1009 2869 1014 2890 l
1032 2868 1137 2892 sanitati.

352 2906 361 2918 ⁴
381 2908 429 2929 Vat.
447 2913 499 2929 611111
518 2907 554 2929 ed.
574 2908 581 2929 1
604 2907 628 2930 in
645 2907 787 2930 memor-istm
804 2906 893 2930 Sancti.

353 2944 361 2956 ἶ·
379 2946 400 2967 10
420 2946 487 2968 codd.
506 2946 639 2968 invenimus
657 2946 728 2973 oreti,
747 2946 805 2968 516111
822 2947 891 2968 etiam
903 2946 1002 2968 subinde
1020 2952 1062 2974 pro
1080 2945 1138 2968 Pilez·

290 2985 391 3006 nonnulli
410 2985 479 3007 codd.
495 2985 636 3007 substituunt
654 2986 690 3008 vol
707 2985 823 3008 Pillez'vel
835 2985 915 3015 Pyllet'.
929 2986 985 3008 Cod.
1003 2986 1019 3008 E
1037 2992 1061 3008 ea
1075 2991 1136 3014 quae

290 3023 312 3045 10
329 3029 352 3045 n.
369 3024 391 3045 2.
408 3027 536 3050 narrantur,
554 3025 644 3046 omittit.

1257 2750 1267 2763 ὃ
1285 2751 1357 2773 Codd.
1375 2751 1420 2773 GH
1432 2752 1436 2773 l
1448 2751 1466 2773 M
1484 2751 1591 2773 omittunt
1608 2749 1635 2773 (16
1653 2750 1741 2779 Buryo.

1258 2789 1267 2802 ⁷
1284 2790 1367 2812 Psalm.
1388 2790 1442 2817 108,
1459 2790 1484 2811 7:
1504 2790 1530 2811 Et
1555 2789 1627 2811 oratio
1649 2789 1698 2811 eius
1723 2789 1761 2810 fiat
1787 2789 1810 2810 111
1835 2792 1964 2816 peccatum.
1983 2788 2040 2811 Edd.

1195 2829 1303 2851 omittunt
1319 2828 1377 2851 elus.

1257 2867 1266 2879 ⁵
1284 2868 1338 2895 Sap.
1359 2868 1398 2894 it,
1420 2867 1458 2889 17:
1477 2867 1534 2895 Qum
1560 2873 1601 2895 per
1626 2873 1687 2895 quae
1704 2870 1785 2894 peccat
1800 2867 1866 2895 quis,
1884 2872 1926 2894 per
1943 2867 1999 2889 haec
2020 2869 2041 2888 et

1195 2910 1322 2935 torquetur.
1340 2907 1382 2928 Pro
1400 2907 1424 2929 in
1440 2912 1465 2929 co
1484 2912 1529 2935 quo
1548 2906 1598 2928 Vat.
1617 2912 1669 2928 cum
1689 2906 1724 2928 ed.
1746 2906 1751 2927 l
1774 2905 1843 2934 ineo,
1863 2905 1933 2934 quod.

1257 2945 1266 2958 ⁰
1284 2946 1340 2968 Edd.
1358 2945 1506 2969 cll'rrrsorum
1525 2952 1648 2975 (tenerum.
1665 2945 1737 2968 Codd.
1759 2946 1824 2967 EFL
1842 2946 1900 2967 11006
1923 2944 2040 2967 rubricam

1193 2985 1309 3007 omittunt.

1257 3023 1276 3036 ¹⁰
1294 3025 1317 3046 ln
1334 3025 1430 3052 Api-atio
1447 3024 1550 3047 Citerlori
1568 3024 1634 3052 regni
1651 3024 1800 3051 Neapolitani.

2059 1152 2106 1177 septi
2114 1159 2133 1174 m.

2060 1857 2102 1884 Mira
2110 1857 2133 1877 ’11111

2068 1886 2102 1905 prii
2113 1885 2126 1899 n.
