2133 3317
770 215 1012 246 PROLEGOMENA
1032 215 1061 244 C.
1083 215 1112 243 ll.

132 304 170 327 34.
186 302 285 330 Ibidem,
302 301 359 324 Plut.
377 299 461 322 XXXI.
479 298 526 321 Sin.
545 297 598 321 cod.
615 298 637 320 5.
653 296 752 319 membr.
769 296 792 319 in
813 296 833 319 4.
851 302 910 318 saec.

70 352 129 376 XIV.
151 363 180 366 —
200 349 246 372 Fol.
270 349 292 371 2.
314 354 334 370 r.
356 346 452 375 legitur:
469 344 554 375 Incipit
573 344 688 374 prologus
711 342 735 366 in
760 342 832 366 vitam
852 341 913 365 beati

71 396 199 423 Francisci.
216 394 335 425 Apparuit
351 396 394 416 etc.
411 392 497 415 Desinit
514 392 551 414 [01.
565 391 602 413 52.
620 398 643 413 v.
660 393 684 413 ut
706 390 729 412 in
746 389 821 412 editis.

133 444 169 467 35.
186 442 285 469 Ibidem,
309 441 366 463 Plut.
382 439 460 462 LXVl.
478 439 529 461 cod.
547 437 630 461 XXVI.
651 436 750 460 membr.
767 437 790 459 in
811 435 832 458 4.
852 441 913 458 saec.

71 492 121 516 XV.
137 503 168 508 —
184 490 230 513 Fol.
250 490 270 511 l.
287 495 318 511 r.:
332 486 416 517 Incipit
428 485 547 516 prologus
569 484 593 508 in
615 483 688 508 vitam
705 483 767 507 beati
782 482 912 506 Francisci.

71 537 156 562 Desinit
174 537 211 559 [01.
228 536 308 558 ultimo
325 534 412 557 codicis
428 533 457 556 ad
475 532 560 555 verba:
578 531 665 555 Mulier
680 530 780 561 quedam
797 530 825 553 de
838 529 913 559 parti-

73 584 115 608 bus
132 582 235 607 Aretinis
251 587 306 605 cum
325 586 370 610 per
385 581 473 610 septem
487 578 535 602 dies
550 579 638 608 partus
660 576 800 600 discrimina
816 575 914 599 sustine-

71 633 107 655 ret
123 631 144 654 et
159 629 209 653 iam
225 628 250 652 in
266 626 413 657 nigredinem
430 631 525 649 versa...
543 625 597 647 lnde
614 624 665 647 solia
682 623 799 646 deficiunt.

133 677 170 700 36.
187 675 286 703 Ibidem,
303 675 361 697 Plut.
378 673 438 696 XIX.
451 673 513 695 Dext.
531 672 583 695 cod.
607 672 643 694 tO.
655 670 755 694 membr.
771 671 795 693 in
815 671 836 692 8.
854 676 915 693 saec.

71 725 122 749 XV.
139 723 245 746 ineuntis.
261 734 292 738 —
308 720 417 748 Legenda
434 722 467 742 est
485 719 523 742 [01.
540 719 592 741 477.
609 725 633 741 v.
649 718 685 741 his
701 717 779 740 verbis
799 717 915 740 indicata:

73 770 155 800 Incipit
174 769 289 799 prologus
311 767 337 791 in
358 766 406 790 vita
427 765 488 790 beati
508 765 638 789 Francisci.
661 765 747 788 Desinit
765 765 802 787 [01.
825 764 879 787 548.
896 771 915 787 r.

72 816 116 840 sub
137 815 298 839 conclusione:
321 812 462 843 Expliciunt
487 811 607 835 miracula
626 813 682 841 post
703 810 833 834 transitum
856 810 918 834 beati

73 861 197 888 Francisci
212 863 313 885 ostensa.

134 909 173 932 37.
189 908 289 936 Ibidem,
307 907 359 930 cod.
382 907 402 929 4.
419 909 499 929 strozz.
516 905 615 928 membr.
633 905 655 928 in
678 905 715 928 [01.
737 911 797 928 saec.
814 905 865 927 XV.
885 918 916 921 —

73 956 180 985 Legenda
200 954 279 983 incipit
302 954 339 976 [01.
364 953 414 975 106.
433 959 468 980 ν.,
493 952 579 975 omisso
602 952 714 980 prologo,
735 957 789 974 cum
812 951 917 980 sequenti

74 1002 176 1026 rubrica:
194 1001 286 1029 Quarto
302 1005 379 1023 nonas
402 998 509 1022 Octobris
526 997 553 1021 de
575 999 658 1021 sancto
675 997 805 1021 Francisco
828 997 916 1027 confes-

74 1055 127 1073 sore
139 1049 211 1078 patre
227 1046 358 1070 Minorum.
382 1044 424 1067 Vir
440 1046 494 1068 erat
515 1044 540 1067 in
556 1043 648 1068 civitate
665 1043 751 1067 Assisii
766 1046 810 1066 etc.
832 1043 918 1066 Desinit

75 1096 111 1119 sol.
130 1095 181 1117 432.
198 1100 218 1116 r.
235 1097 260 1116 ut
276 1093 299 1115 in
316 1092 390 1115 editis.

137 1142 174 1164 38.
191 1140 290 1168 Ibidem,
308 1140 359 1162 cod.
377 1139 458 1163 CLVll.
480 1138 553 1161 Gadd.
571 1137 671 1161 membr.
695 1138 719 1160 in
741 1137 761 1160 4.
778 1143 839 1161 saec.
867 1138 919 1160 XV.

76 1201 106 1206 —
117 1188 163 1211 Fol.
176 1188 196 1210 l.
208 1193 239 1210 r.:
257 1186 342 1216 Incipit
355 1185 471 1216 prologus
489 1185 514 1208 in
530 1185 604 1209 vitam
621 1184 682 1208 beati
697 1184 829 1208 Francisci.
842 1185 919 1214 Appa-

75 1235 125 1259 ruit
141 1238 183 1258 etc.
200 1234 286 1257 Desinit
302 1233 339 1256 [01.
360 1233 397 1256 48.
417 1240 439 1255 v.
457 1232 547 1255 verbis:
565 1232 748 1262 promissionem
759 1231 847 1255 liabens
860 1231 918 1261 vite,

76 1289 120 1313 que
135 1287 199 1305 nunc
215 1282 259 1310 est,
276 1282 298 1304 et
313 1280 401 1310 future.
418 1281 500 1303 Amen.

138 1328 175 1350 39.
192 1325 349 1356 Francofurli
369 1325 402 1348 ad
419 1325 544 1354 Moenum,
567 1325 705 1348 bibliotheca
727 1325 842 1353 Civitatis,
868 1326 920 1348 cod.

76 1375 113 1397 71.
131 1373 225 1396 miscell.
242 1378 302 1395 saec.
324 1372 384 1394 XlV.
408 1384 440 1388 —
465 1373 482 1394 A
508 1372 545 1394 rol.
571 1372 624 1394 225.
645 1378 664 1394 r.
688 1371 718 1394 ad
743 1371 795 1394 227.
821 1378 840 1394 r.
857 1378 920 1394 com-

76 1420 180 1449 plectitur
196 1418 352 1441 narrationem
369 1418 441 1441 sancti
457 1418 646 1440 Bonaventurae:
658 1417 691 1440 De
702 1417 852 1447 stigmatibus
868 1423 921 1441 san-

77 1465 109 1490 cti
123 1465 262 1494 Francis-ci,-
279 1471 339 1494 quae
355 1464 447 1493 incipit:
465 1464 561 1487 Biennio
579 1463 658 1494 itaque
674 1465 802 1494 antequam
819 1467 862 1487 etc.

141 1513 178 1535 40.
196 1511 332 1542 Gottingae,
353 1511 491 1534 bibliotheca
508 1511 679 1538 Universitatis,
702 1511 755 1534 cod.
779 1511 847 1534 theol.
868 1512 919 1534 112.

77 1560 100 1582 in
117 1559 139 1582 4.
156 1565 215 1582 saec.
232 1559 283 1582 XV.
295 1559 359 1581 -ln
377 1558 442 1581 initio
459 1558 545 1581 codicis
563 1558 627 1581 deest
642 1558 722 1580 saltem
738 1564 811 1580 unum
829 1558 921 1585 solium;

78 1606 175 1630 habetur
191 1606 252 1629 enim
270 1606 307 1628 [01.
325 1607 349 1628 2;
373 1605 477 1635 Explicit
495 1605 626 1635 prologus,
644 1605 727 1627 deinde
749 1611 833 1633 parum
849 1605 921 1628 inti-a:

80 1653 164 1684 Incipit
179 1653 227 1677 vita
245 1652 306 1676 beati
321 1651 446 1676 Francisci
461 1651 610 1682 confessoris.
631 1651 672 1675 Vir
685 1653 739 1675 erat
754 1654 797 1675 etc.
815 1652 922 1681 Sequitur

79 1703 104 1723 ut
120 1700 143 1722 in
159 1699 234 1722 editis.
251 1699 321 1721 Hinc:
339 1697 442 1728 Explicit
458 1697 507 1721 vita
524 1697 586 1721 beati
607 1697 732 1721 Francisci
748 1697 890 1727 confessoris
907 1704 922 1721 a

79 1745 145 1769 beato
166 1746 336 1768 Bonaventura
357 1744 498 1774 conscripta.
521 1744 562 1767 Hic
584 1744 667 1766 iterum
690 1744 755 1767 deest
777 1744 870 1773 aliquod
893 1745 922 1767 [ο-

79 1794 147 1820 llum,
164 1799 217 1815 nam
235 1793 306 1815 series
322 1792 486 1814 miraculorum
498 1793 560 1814 caret
575 1791 653 1818 initio;
670 1791 699 1813 ad
716 1791 839 1819 Legendae
854 1791 922 1813 finem

80 1839 172 1862 additur
188 1844 288 1867 sequens
305 1840 368 1860 nota:
385 1837 464 1861 Multa
480 1836 574 1867 quidem
591 1838 613 1860 et
634 1836 684 1860 alia
702 1836 772 1866 signa
788 1836 842 1866 fecit
857 1837 922 1860 lesus

79 1892 122 1916 per
138 1886 248 1909 sanctum
264 1890 336 1908 suum
353 1883 522 1911 Franciscum,
539 1890 584 1913 que
601 1889 647 1906 non
673 1885 730 1906 sunt
750 1883 839 1913 scripta
856 1883 880 1906 in
896 1883 922 1906 li-

81 1932 123 1956 bro
140 1931 190 1956 hoc.
203 1931 284 1955 Cetera
301 1931 380 1954 autem
391 1936 529 1954 sermonum
540 1931 561 1953 et
572 1930 696 1958 universa,
713 1936 757 1960 que
768 1930 832 1960 fecit,
844 1931 867 1953 et
876 1930 924 1960 sor-

81 1978 155 2002 titudo
172 1977 235 2005 eius,
253 1983 301 2007 qua
315 1976 433 2006 prelialus
454 1978 488 1999 est
508 1977 592 2000 contra
614 1977 661 1999 tres
677 1982 744 2006 reges
766 1976 922 2006 fortissimos,

81 2024 169 2049 scilicet
184 2023 318 2050 diabolum.
339 2023 457 2046 mundum
476 2024 498 2046 et
513 2029 623 2051 carnem,
644 2024 665 2046 et
681 2022 797 2052 quomodo
814 2022 923 2046 extr-tisrit

82 2071 129 2096 tria
145 2070 255 2101 fortititia
272 2070 296 2093 in
313 2069 409 2094 ecclesia
425 2069 554 2098 militante,
574 2069 598 2092 id
614 2071 648 2093 est
665 2071 713 2093 tres
726 2069 826 2093 Ordines
839 2071 923 2093 contra

82 2119 129 2142 tres
145 2123 212 2147 reges
223 2116 353 2147 predictos,
368 2116 458 2146 scripta
469 2117 525 2139 sunt
541 2116 582 2139 hec
599 2115 624 2139 in
638 2115 705 2140 libris
722 2116 923 2146 Conformitatum

82 2166 103 2188 et
114 2164 139 2188 in
150 2163 257 2194 Legenda
268 2163 388 2187 sociorum
400 2162 536 2191 Franci-sci,
552 2162 594 2186 ubi
601 2162 676 2193 plura
693 2163 805 2193 leguntur
813 2182 819 2191 ,
832 2169 876 2193 que
887 2163 924 2187 hic

82 2217 130 2235 non.
147 2210 270 2234 habentur.
287 2209 427 2240 Eepticiunt
442 2209 563 2233 miracula
579 2209 607 2232 de
623 2211 706 2233 sancto
726 2209 854 2234 Francisco
869 2212 925 2240 post

83 2259 183 2281 mortem
199 2257 249 2281 eius
266 2256 407 2280 mirabiliter
423 2258 524 2280 ostensa.

146 2304 182 2327 41.
200 2303 332 2331 Gottwtcii,
358 2303 496 2326 bibliotheca
522 2303 664 2330 Monasterii,
694 2303 746 2326 cod.
771 2304 824 2325 323.
850 2303 923 2332 (292.)

83 2352 154 2374 chart.
171 2351 195 2373 in
213 2351 249 2373 sol.
265 2356 326 2372 saec.
343 2349 396 2372 XV.
411 2352 464 2377 post
483 2349 594 2372 medium.
611 2362 643 2366 —
659 2350 706 2372 Fol.
730 2349 767 2372 40.
784 2356 807 2372 v.
829 2350 925 2377 legitur:

84 2397 168 2427 Incipit
182 2397 280 2427 legenda
301 2397 326 2420 in
343 2396 415 2420 vitam
432 2396 510 2420 sancti
530 2396 656 2420 Francisci
676 2395 817 2426 confessoris
834 2402 925 2425 compo-

84 2445 129 2468 sita
145 2451 161 2468 a
177 2444 271 2468 domino
285 2444 453 2467 Bonacentura
470 2443 595 2467 cardinali.
608 2443 722 2473 Sequitur
730 2443 862 2473 prologus:
879 2444 925 2472 Ap-

82 2491 166 2522 paruit
189 2490 273 2521 gracia
297 2490 340 2514 Dei
363 2493 405 2513 etc.
433 2491 519 2513 Desinit
542 2491 579 2513 sol.
605 2490 642 2513 85.
666 2497 689 2512 ν.
710 2496 764 2513 cum
792 2490 925 2513 additione:

85 2537 225 2568 Expliciunt
242 2537 362 2561 miracula
376 2539 430 2567 post
447 2536 577 2560 transitum
594 2536 655 2560 beati
671 2536 796 2560 Francisci
811 2536 926 2560 mirabili-

85 2586 120 2608 ter
136 2586 237 2608 ostensa.

149 2631 184 2654 42.
204 2630 333 2661 Herbipoli,
346 2631 483 2654 bibliotheca
495 2631 666 2658 Universitatis,
683 2631 711 2653 M.
728 2632 764 2653 ch.
782 2631 835 2653 210.
853 2631 875 2653 in
889 2631 926 2653 sol.

86 2684 144 2701 saec.
170 2678 221 2700 XV.
238 2690 269 2695 —
285 2678 332 2701 Fol.
350 2678 401 2700 l00.
425 2684 444 2700 r.
468 2678 564 2706 legitur:
587 2677 695 2707 Legenda
711 2676 788 2700 sancti
804 2676 928 2700 Francisci

86 2724 234 2755 confessoris.
251 2725 274 2747 in
291 2725 336 2747 fine
347 2724 469 2752 Legendae
480 2724 586 2747 additur:
599 2724 631 2747 De
641 2723 766 2747 miraculis
779 2724 834 2753 post
851 2724 927 2746 trans-

86 2771 145 2795 itum
161 2771 251 2801 felicem
268 2771 366 2794 ostensis
383 2770 508 2800 aliquibus.
522 2770 607 2793 Desinit
625 2771 662 2793 [01.
675 2771 726 2793 169.
738 2776 762 2792 v.
773 2772 798 2792 ut
813 2770 835 2792 in
852 2769 925 2792 editis.

149 2818 185 2841 43.
199 2817 321 2846 Hildesiae,
331 2817 468 2840 bibliotheca
480 2817 597 2845 Gymnasii
609 2817 753 2846 episcopalis,
764 2817 817 2840 cod.
829 2815 928 2839 membr.

87 2864 109 2887 in
127 2865 163 2887 [01.
180 2871 239 2887 saec.
259 2865 311 2893 XV,
328 2864 394 2892 signo
411 2866 485 2887 vacat.
502 2877 532 2880 —
549 2865 595 2887 Fol.
616 2865 635 2886 1.
657 2870 691 2886 r.:
714 2863 797 2893 Incipit
810 2863 927 2893 prologus

87 2911 163 2935 sancti
178 2912 342 2934 Bonaventure
354 2911 378 2934 in
393 2910 465 2934 vitam
483 2910 611 2934 beatissimi
619 2910 698 2940 patris
710 2910 787 2934 nostri
798 2909 927 2933 Francisci.

88 2958 172 2981 Desinit
189 2959 226 2981 [01.
244 2959 282 2981 28.
299 2964 317 2980 r.
338 2961 362 2980 ut
379 2958 402 2980 in
419 2957 525 2980 editione.

180 3036 207 3060 S.
218 3036 310 3059 Bonav.
320 3048 350 3053 -—
363 3036 432 3059 Tom.
442 3037 497 3059 Vlll.

1686 212 1810 240 LXXXIX

1035 293 1070 316 44.
1088 292 1195 322 Hispali,
1218 292 1356 315 bibliotheca
1381 291 1530 318 Columbina,
1555 291 1606 313 cod.
1633 291 1660 313 Y.
1676 290 1734 313 Tab.
1759 290 1812 313 l27.

968 346 1031 362 num.
1050 340 1087 362 25.
1105 338 1204 362 membr.
1220 339 1243 361 in
1261 340 1281 361 8.
1299 345 1360 361 saec.
1376 338 1431 361 Xlss.
1446 337 1556 361 exeuntis.
1567 349 1598 354 —
1610 337 1656 359 Fol.
1674 337 1697 359 6.
1712 343 1744 359 r.:
1756 336 1813 359 Inci-

965 385 1003 415 pit
1015 385 1132 415 prologus
1144 385 1168 409 in
1185 385 1259 408 vitam
1271 384 1331 408 beati
1341 383 1471 408 Francisci.
1483 383 1602 414 Apparuit
1618 382 1698 413 gratia
1718 382 1759 406 Dei
1769 385 1812 405 etc.

970 432 1055 454 Desinit
1072 432 1108 454 sol.
1127 432 1179 454 lot.
1196 434 1221 454 nt
1237 431 1261 454 in
1278 431 1352 454 editis.

1033 478 1069 501 45.
1087 479 1238 501 Interamnae
1254 478 1278 500 in
1295 478 1401 506 Umbria,
1419 477 1556 501 bibliotheca
1575 476 1743 504 communalis,
1760 476 1812 499 cod.

970 525 1070 549 membr.
1087 526 1108 548 in
1122 525 1142 548 4.
1154 532 1213 548 saec.
1226 526 1286 549 XlV.
1303 526 1361 554 sign.
1372 525 1416 548 CC.
1434 526 1488 548 Vlll.
1505 525 1558 548 30¹.
1569 538 1600 541 —
1612 524 1719 552 Legenda
1736 524 1815 552 incipit

972 573 1007 595 sol.
1025 578 1071 594 non
1089 575 1220 595 numerato:
1239 571 1358 602 Apparuit
1369 571 1449 602 gratia
1466 571 1509 595 Dei
1523 570 1657 595 saluatoris
1674 573 1717 593 etc.
1729 569 1815 592 Desinit

971 621 996 642 ut
1013 619 1034 641 in
1052 619 1126 641 editis.

1034 666 1072 688 46.
1088 665 1177 693 Leodii,
1195 665 1332 689 bibliotheca
1350 665 1518 693 Universitatis,
1535 665 1587 688 cod.
1606 665 1658 687 129.
1675 664 1774 687 membr.
1791 664 1814 686 in

972 713 1009 735 sol.
1025 719 1085 735 saec.
1103 713 1167 741 XlV,
1185 715 1210 735 ut
1226 713 1327 736 ostendit
1342 719 1442 742 sequens
1459 713 1575 741 inscriptio
1593 712 1629 734 [01.
1650 712 1669 734 1.
1686 718 1703 734 r.
1721 711 1814 734 inserta:

972 760 1040 783 Hunc
1058 759 1145 783 librum
1161 759 1216 789 fecit
1231 760 1285 790 sieri
1300 759 1411 783 dominus
1424 759 1538 783 Robertus
1555 759 1582 782 de
1599 758 1705 783 Gremvic
1719 757 1758 788 pie
1769 763 1814 780 me-

972 806 1059 834 morie,
1077 806 1120 829 Dei
1135 806 1215 835 gratia
1232 806 1309 830 Abbas
1325 806 1397 830 huius
1421 806 1560 830 monasterii
1583 805 1661 829 sancti
1683 804 1813 831 Trudonis,

973 853 1014 883 qui
1029 853 1146 883 perfectus
1163 855 1185 877 et
1201 853 1288 883 ligatus
1305 853 1351 883 fuit
1367 859 1430 876 anno
1455 852 1549 876 Domini
1564 852 1689 875 millesimo
1712 850 1815 874 tricente-

973 899 1033 923 simo
1050 899 1198 929 sea-agesimo
1215 901 1291 923 sexto.
1313 900 1419 928 Legenda
1437 903 1470 922 est
1493 900 1530 922 [01.
1547 900 1600 922 265.
1622 905 1644 921 v.
1666 904 1718 921 cum
1736 898 1815 920 titulo:

974 947 1058 976 Incipit
1070 946 1188 976 prologus
1204 946 1230 969 in
1246 946 1319 970 vitam
1336 946 1396 970 beati
1412 945 1542 969 Francisci.
1560 945 1646 968 Desinit
1663 947 1687 967 ut
1704 944 1757 967 editi
1776 943 1813 966 [01.

974 995 1027 1018 304.
1044 1001 1063 1016 r.

1038 1041 1074 1064 47.
1093 1040 1197 1070 Leopoli,
1219 1040 1356 1063 bibliotheca
1374 1039 1545 1066 Universitatis‚
1570 1039 1622 1062 cod.
1639 1039 1655 1061 Ι.
1666 1039 1693 1061 G.
1714 1038 1749 1060 ¹7.
1765 1043 1818 1065 pro-

975 1094 1048 1117 gress.
1065 1088 1119 1110 131.
1136 1087 1234 1110 membr.
1252 1087 1275 1109 in
1293 1087 1315 1109 4.
1338 1092 1398 1109 saec.
1415 1086 1466 1108 XV.
1483 1098 1514 1102 —
1531 1087 1583 1108 Post
1608 1085 1719 1108 Chronica
1742 1084 1818 1106 XXlV

976 1135 1129 1158 ltlinistrorum
1147 1134 1301 1163 generalium,
1320 1134 1356 1156 [οΙ.
1379 1140 1397 1156 r.
1415 1139 1461 1155 non
1484 1135 1619 1155 numerato:
1642 1130 1725 1160 Incipit
1741 1130 1818 1160 prolo-

976 1187 1020 1211 gus
1037 1181 1062 1204 in.
1078 1181 1151 1204 vitam
1169 1180 1229 1204 beati
1244 1179 1369 1204 Francisci
1389 1178 1539 1209 confessoris.
1557 1177 1675 1208 Apparuit
1696 1180 1738 1200 etc.
1756 1177 1816 1199 Desi-

975 1229 1022 1251 nit:
1040 1227 1077 1251 Ad
1093 1227 1188 1251 laudem
1205 1227 1277 1250 nnius
1295 1226 1337 1250 Dei
1349 1228 1371 1250 et
1388 1225 1458 1254 trini,
1476 1225 1518 1255 qui
1532 1224 1590 1248 vivit
1606 1226 1627 1248 et
1643 1225 1728 1253 regnat
1745 1223 1769 1246 in
1785 1229 1818 1246 se-

977 1275 1031 1299 cula
1045 1274 1189 1298 seculorum.
1204 1276 1285 1297 Amen.

1041 1321 1077 1344 48.
1095 1320 1191 1351 Lignitii
1211 1320 1331 1349 (Liegnitz)
1350 1320 1371 1342 in
1385 1319 1475 1346 Silesia,
1487 1318 1624 1341 bibliotheca
1642 1317 1754 1340 Ecclesiae
1767 1323 1821 1339 san-

977 1372 1067 1393 ctorum
1084 1368 1142 1391 Petri
1159 1370 1181 1390 et
1192 1367 1267 1395 Pauli,
1284 1367 1335 1390 cod.
1350 1367 1384 1388 11.
1395 1367 1466 1388 chart.
1484 1366 1505 1388 in
1524 1365 1560 1388 [01.
1574 1370 1635 1387 saec.
1647 1364 1697 1386 XV.
1709 1363 1819 1386 exeuntis.

977 1428 1008 1433 —
1024 1416 1070 1438 Fol.
1092 1414 1140 1437 104.
1153 1421 1185 1437 r.:
1202 1413 1287 1443 Incipit
1299 1412 1416 1443 prologus
1431 1411 1520 1442 egregii
1535 1410 1638 1435 doctoris
1655 1411 1820 1434 Bonaventure

978 1463 1003 1485 in
1020 1462 1092 1486 vitam
1114 1461 1175 1484 beati
1194 1459 1324 1484 Francisci.
1346 1458 1464 1489 Apparuit
1481 1461 1523 1481 etc.
1541 1458 1627 1481 Desinit
1649 1459 1674 1480 ut
1692 1457 1717 1479 in
1736 1456 1817 1479 editis:

980 1508 1026 1537 Qui
1042 1508 1097 1532 vii-it
1114 1509 1135 1531 et
1158 1508 1243 1537 regnat
1260 1506 1284 1529 in
1300 1505 1380 1529 secula
1397 1505 1541 1529 seculorum.
1558 1505 1640 1527 Amen.

1042 1555 1079 1578 49.
1096 1553 1198 1584 Lipsiae,
1221 1553 1358 1576 bibliotheca
1377 1552 1535 1575 Universitatis
1556 1551 1674 1578 Paulinae,
1692 1550 1744 1573 cod.
1767 1550 1821 1573 833.

979 1603 1049 1624 chart.
1068 1601 1145 1623 insol.
1167 1606 1224 1623 saec.
1245 1600 1296 1622 XV.
1313 1611 1343 1615 —
1360 1599 1468 1627 Legenda
1490 1598 1570 1626 incipit
1593 1598 1630 1620 [01.
1652 1597 1703 1620 145.
1726 1603 1744 1619 r.
1766 1603 1819 1619 cum

979 1649 1022 1670 hac
1038 1647 1142 1670 rubrica:
1161 1647 1194 1669 De
1210 1647 1291 1669 sancto
1309 1645 1438 1669 Francisco
1462 1644 1586 1674 prologus.
1603 1644 1690 1666 Desinit
1714 1643 1751 1665 sol.
1772 1642 1821 1664 187.

978 1702 1001 1717 v.
1019 1701 1072 1717 cum
1089 1693 1246 1717 conclusione:
1266 1692 1404 1723 Eapliciunt
1421 1691 1541 1715 miracula
1550 1692 1604 1721 post
1621 1690 1749 1714 transitum
1762 1689 1822 1713 beati

979 1741 1104 1766 Francisci
1120 1743 1220 1764 ostensa.

1042 1789 1080 1812 50.
1099 1787 1198 1816 Ibidem,
1216 1787 1267 1810 cod.
1285 1787 1338 1810 845.
1357 1786 1455 1809 membr.
1472 1786 1494 1808 in
1515 1786 1552 1808 toi.
1575 1791 1634 1808 saec.
1651 1785 1702 1808 XV.
1724 1797 1754 1801 —
1776 1785 1822 1807 Fol.

981 1836 1001 1859 4.
1019 1843 1051 1859 r.:
1069 1835 1153 1865 Incipit
1165 1834 1283 1865 prologus
1295 1834 1319 1857 in
1335 1833 1409 1857 vitam
1426 1832 1487 1856 beati
1497 1832 1626 1856 Francisci.
1645 1831 1764 1862 Apparuit
1780 1834 1821 1854 etc.

980 1883 1067 1906 Desinit
1084 1883 1121 1905 [01.
1139 1882 1191 1904 1103.
1215 1888 1234 1904 r.
1254 1881 1289 1903 his
1311 1880 1404 1903 verbis:
1428 1879 1532 1909 Emplicit
1558 1878 1655 1908 legenda
1679 1877 1824 1901 sanctissimi

977 1928 1055 1959 patris
1072 1927 1150 1952 nostri
1160 1927 1290 1951 Francisci.
1304 1926 1383 1950 Finita
1400 1927 1422 1949 et
1432 1925 1555 1956 diligenter
1571 1924 1705 1954 conscripta
1721 1924 1768 1954 suit
1778 1923 1819 1947 hec

981 1975 1005 1998 in
1022 1974 1090 2005 opido
1108 1974 1235 1998 Saliizensi
1256 1974 1306 2003 (sic)
1324 1973 1349 1996 in
1371 1974 1486 1996 conventu
1504 1972 1612 2002 fratrum
1632 1971 1754 1995 Minorum
1772 1976 1817 2000 per

980 2023 1082 2053 fratrem
1098 2021 1201 2045 eiusdem
1219 2020 1327 2048 Ordinis,
1345 2026 1408 2043 anno
1420 2019 1496 2049 gratie
1507 2019 1532 2042 M
1544 2018 1617 2042 0000
1627 2018 1726 2041 LXXX.
1739 2019 1822 2041 octava

981 2069 1017 2093 die
1033 2068 1163 2092 nativitatis
1180 2067 1281 2098 virginis
1298 2067 1382 2091 Marie.

1045 2115 1082 2137 5¹.
1100 2114 1210 2142 Londini,
1233 2113 1371 2136 bibliotheca
1396 2112 1527 2140 Harleiana,
1550 2112 1601 2134 cod.
1627 2112 1696 2133 3229.
1722 2110 1820 2133 membr.

981 2163 1003 2185 in
1022 2163 1043 2185 4.
1060 2168 1120 2185 saec.
1137 2162 1196 2184 XVl.
1214 2161 1318 2183 ineuntis.
1335 2172 1366 2177 —
1382 2160 1430 2182 Fol.
1449 2160 1471 2182 2.
1487 2166 1521 2182 r.:
1542 2158 1625 2188 Incipit
1641 2157 1723 2182 tabula
1741 2157 1823 2187 alpha·

982 2209 1052 2233 betica
1071 2209 1096 2232 in
1113 2207 1235 2238 legendam
1253 2207 1314 2231 beati
1330 2206 1460 2230 Francisci.
1477 2205 1564 2228 Tabula
1587 2205 1727 2234 protrahitur
1750 2211 1824 2233 usque

981 2257 1009 2280 ad
1030 2257 1107 2279 solium
1125 2255 1162 2278 24.
1180 2261 1215 2283 v.,
1233 2255 1255 2277 in
1272 2254 1376 2283 sequenti
1393 2260 1412 2276 r.
1428 2256 1463 2276 est
1476 2252 1628 2281 pulcherrima
1646 2252 1747 2280 pictura,
1764 2257 1825 2280 quae

981 2306 1079 2332 occupat
1096 2305 1166 2325 totam
1184 2304 1273 2330 partem
1292 2301 1349 2327 solii,
1371 2301 1400 2323 de
1416 2306 1461 2329 qua
1480 2300 1504 2322 fit
1528 2299 1613 2322 mentio
1629 2299 1651 2321 in
1668 2299 1772 2326 catalogo
1794 2298 1826 2320 hi-

983 2350 1108 2372 bliothecae
1120 2349 1155 2371 his
1167 2347 1257 2371 verbis:
1274 2346 1381 2370 Ornatur
1390 2346 1507 2376 prologus
1523 2345 1696 2369 illuminatione
1707 2350 1825 2374 perquam

982 2396 1089 2426 eleganti.
1108 2396 1193 2418 Desinit
1210 2395 1307 2423 legenda
1324 2394 1362 2416 sol.
1381 2394 1433 2416 115.
1450 2400 1473 2415 ν.
1496 2399 1549 2415 cum
1567 2394 1609 2415 hae
1631 2392 1759 2415 additione:
1777 2392 1823 2414 Ex-

982 2443 1084 2474 pliciunt
1106 2442 1226 2465 miracula
1252 2440 1369 2471 quaedam
1391 2442 1447 2470 post
1462 2439 1592 2462 transitum
1617 2438 1678 2462 beati
1701 2437 1826 2462 Francisci

983 2491 1084 2513 ostensa.
1102 2488 1202 2518 Expleta
1224 2494 1266 2517 per
1283 2493 1320 2510 me
1341 2487 1442 2517 fratrent
1465 2485 1631 2509 Aleoeandrum
1654 2485 1823 2509 Bononiensem

985 2535 1081 2559 Ordinis
1097 2534 1176 2559 sancti
1191 2533 1320 2564 Augustini
1335 2533 1359 2556 in
1374 2532 1491 2562 Hospitali
1506 2532 1583 2556 sancti
1600 2532 1670 2555 Pauli
1686 2531 1713 2555 (le
1730 2531 1825 2555 Floren-

983 2583 1017 2606 tia
1033 2588 1097 2605 anno
1114 2580 1211 2605 Domini
1226 2580 1398 2604 MCGGCCIIII.
1416 2580 1456 2602 ΙΙΙ.
1473 2585 1549 2602 nonas
1566 2578 1677 2608 Augusti.

1047 2630 1084 2651 52.
1101 2629 1225 2655 Mantuae,
1237 2626 1375 2649 bibliotheca
1387 2626 1469 2654 Regia,
1482 2626 1532 2648 cod.
1545 2625 1583 2648 78.
1595 2626 1621 2648 Α.
1635 2625 1667 2648 111.
1678 2625 1714 2647 114.
1727 2624 1825 2647 membr.

984 2676 1007 2698 in
1025 2675 1045 2698 4.
1062 2681 1121 2697 saec.
1139 2674 1198 2697 XlV.
1216 2673 1326 2696 exeuntis.
1341 2685 1373 2690 —
1389 2673 1511 2701 Legendae
1530 2672 1594 2695 deest
1610 2678 1694 2694 nomen
1720 2671 1827 2694 auctoris.

984 2723 1075 2751 incipit:
1093 2721 1211 2751 Apparuit
1227 2720 1306 2751 gratia
1325 2719 1367 2743 Dei
1382 2722 1424 2743 etc.
1441 2719 1526 2742 Desinit
1545 2721 1569 2742 ut
1589 2719 1610 2741 in
1627 2719 1700 2741 editis.

1047 2769 1083 2791 53.
1109 2767 1248 2795 Mediolani,
1275 2766 1411 2789 bibliotheca
1434 2766 1603 2794 Universitatis,
1628 2766 1680 2788 cod.
1704 2766 1730 2788 A.
1747 2766 1770 2788 F.
1787 2765 1827 2788 lx.

984 2816 1006 2838 7.
1023 2814 1121 2837 membr.
1138 2815 1161 2836 in
1188 2814 1225 2836 soi.
1242 2819 1301 2836 saec.
1329 2813 1389 2836 ΚΝ.
1415 2826 1445 2829 -
1470 2813 1517 2835 Fol.
1536 2813 1556 2835 l.
1581 2819 1600 2835 r.
1623 2812 1716 2839 legitur:
1743 2811 1827 2841 Incipit

982 2862 1098 2892 prologus
1116 2861 1140 2884 in
1157 2860 1204 2884 vila
1222 2860 1283 2884 beati
1298 2860 1430 2884 Franm'sci.
1454 2860 1541 2883 Desinit
1567 2860 1603 2882 [01.
1628 2860 1707 2882 ultimo
1734 2865 1752 2881 r.
1777 2864 1827 2880 ver-

986 2909 1035 2932 bis:
1065 2908 1203 2938 Ea'plicinnt
1231 2906 1350 2931 miracula
1377 2908 1430 2936 post
1459 2906 1587 2930 transitum
1617 2906 1677 2930 beati
1705 2905 1828 2929 Francisci

985 2958 1086 2980 ostensa.

1696 3032 1733 3054 Xll
