2133 3317
127 581 212 601 Castitati
215 587 223 600 s

113 605 181 630 gmdun
190 605 234 624 duo.

106 956 236 976 coronarium.

147 1474 238 1494 Dubium.

150 1616 239 1636 Solvitur.

249 216 304 245 396

249 294 365 327 mobile,
387 293 429 321 vel
451 290 606 324 immobile,
621 290 648 318 in
664 290 717 317 hoc
738 288 851 317 mundo.
873 288 967 317 Posset
988 287 1101 325 quidem

250 339 405 373 aestimari,
427 337 501 375 quod
523 337 550 365 in
576 335 722 365 breviariis
742 335 818 363 Ordo
846 335 962 364 haberet
982 334 1026 363 ius
1054 334 1102 363 do-

252 387 345 421 minii,
368 385 433 423 quia
453 383 616 413 nominatim
646 383 673 411 in
699 382 826 419 sequenti
848 382 983 411 rubrica¹
1005 389 1103 411 conce-

250 434 372 467 duntur,
394 432 445 460 nisi
468 433 548 460 sexta
570 430 684 458 rubrica
698 429 788 458 omnis
802 429 859 464 rei,
874 429 952 458 nulla
967 432 1102 466 excepta,

250 479 403 509 dominium
425 478 460 507 ab
481 477 584 506 Ordine
605 476 770 505 excluderet
791 476 943 505 manifeste.

331 527 356 555 9.
379 525 530 562 Sequitur:
548 524 627 553 Elin
641 523 783 552 castitate.
805 524 891 553 Cuius
909 523 1103 558 observantia,

251 573 302 603 etsi
323 572 452 601 omnibus
473 571 615 608 Religiosis
639 573 667 599 et
690 570 798 600 clericis
826 571 900 599 intra
923 578 1017 600 sacros
1044 570 1104 599 exi-

250 620 388 649 stentibus
408 622 450 647 est
475 618 578 655 posita,
608 620 701 646 tamen
729 626 793 646 cum
821 618 933 647 arctiori
960 617 1105 654 disciplina

250 667 294 696 isti
317 666 413 695 Ordini
436 665 589 702 imponitur
607 673 692 702 quam
707 665 789 694 alicui
805 665 940 699 aliorum,
956 673 1020 694 cum
1036 665 1081 693 hic
1093 665 1103 681 2

250 713 441 752 praeceptorie
469 712 653 741 interdicatur
674 712 818 741 Fratribus
839 720 922 741 omne
942 715 1104 749 suspectum

250 761 437 794 consortium,
466 762 494 788 et
522 767 556 788 ne
585 759 777 796 ingrediantur
805 759 953 788 interiores
980 759 1105 788 officinas

252 807 415 837 monialium
444 815 494 836 1166
526 807 608 835 etiam
635 807 694 835 loca
722 814 819 835 earum
849 806 960 843 publica
987 806 1039 835 nisi
1068 814 1105 835 ex

252 855 363 892 speciali
385 862 485 888 causa,
515 854 675 882 maturitate
697 853 790 882 debita
811 853 1018 890 praeexistente
1040 853 1105 882 mis-

254 910 349 932 sarum
379 901 413 931 ad
442 901 506 930 talia
534 909 736 938 personarum,
765 904 796 930 ut
821 900 966 937 sequentia
986 900 1106 937 amplius

253 949 443 979 declarabunt.
460 966 495 969 —
515 949 541 977 Si
563 949 627 986 quis
648 956 714 985 ergo
729 956 825 977 omnes
839 948 989 985 Religiosos
1003 955 1063 977 esse
1078 947 1106 976 in

252 997 296 1026 his
318 997 409 1025 tribus
438 996 508 1025 votis
537 1004 618 1033 pares
645 996 759 1030 asserit,
788 995 960 1024 obedientiae
984 995 1105 1029 scilicet,

252 1044 488 1081 expropriationis
502 1046 530 1072 et
544 1043 692 1077 castitatis,
707 1043 851 1072 manifeste
865 1042 932 1071 dicit
946 1042 1060 1077 falsum,
1075 1045 1108 1071 ut

252 1092 280 1121 in
296 1091 451 1121 obedientia
467 1091 570 1128 patuit,
586 1093 662 1127 patet
676 1090 757 1119 etiam
773 1093 800 1119 et
815 1090 919 1127 patebit
937 1090 1058 1127 quarta³
1080 1092 1108 1119 et

253 1142 333 1168 sexta
354 1138 468 1167 rubrica
489 1138 523 1167 de
544 1137 772 1175 expropriatione
786 1140 813 1166 et
831 1139 1010 1174 paupertate,
1032 1137 1108 1173 patet

253 1186 336 1216 etiam
357 1186 391 1215 de
413 1185 546 1215 castitatis
568 1184 718 1213 inviolabili
734 1185 886 1213 honestate.
903 1184 958 1213 Etsi
973 1183 1047 1213 enim
1062 1191 1107 1212 ca-

253 1233 332 1262 stitas
353 1233 412 1270 ipsa
434 1232 635 1270 Religiosorum
656 1231 760 1269 gradus
782 1240 836 1260 non
857 1231 955 1266 habet,
971 1230 1051 1259 multi
1068 1233 1108 1259 ta-

255 1289 318 1310 men
341 1284 407 1310 sunt
428 1280 532 1318 gradus
559 1279 721 1317 disciplinae
742 1279 803 1308 61115
825 1279 998 1307 honestatem
1020 1278 1109 1307 invio-

254 1328 374 1357 labiliter
396 1327 571 1357 observandi.
595 1327 664 1356 Haec
686 1329 728 1356 est
749 1326 835 1364 igitur
864 1326 949 1355 huius
967 1324 1109 1363 perfectio

253 1375 424 1404 sanzmaria
446 1374 628 1403 hierarchiae.

337 1423 380 1451 10.
404 1422 455 1451 Sed
484 1429 548 1451 cum
577 1421 749 1455 obedientia,
778 1424 928 1458 paupertas
949 1423 977 1449 et
998 1419 1110 1449 castitas

255 1472 349 1508 partes
364 1470 419 1498 sint
433 1469 608 1506 evangelicae
622 1468 773 1502 doctrinae,
790 1471 886 1505 utpote
901 1467 1016 1496 consilia
1029 1475 1110 1496 evan-

256 1517 343 1555 gelica
353 1517 381 1551 43
404 1524 492 1553 quare
507 1516 552 1544 1116
568 1516 636 1544 11366
652 1516 705 1544 tria
726 1515 761 1544 ab
776 1515 922 1552 Evangelio
937 1514 1111 1551 distinguun-

256 1568 320 1599 tur,
342 1571 406 1593 cum
428 1563 546 1592 dicitur:
568 1566 706 1591 sanctam
728 1562 921 1600 Evanyclium
937 1561 1108 1596 observare,

256 1611 377 1641 vivendo
392 1611 424 1639 in
439 1610 600 1639 obedientia
614 1613 666 1639 616.
679 1627 718 1630 -
732 1609 901 1646 RespondeO,
914 1609 988 1646 quod
1003 1609 1109 1646 duplex

256 1662 298 1688 est
320 1658 467 1695 perfectio:
490 1666 547 1686 una
566 1656 723 1694 formalis,
743 1664 815 1694 quae
836 1656 961 1685 consistit
982 1656 1009 1684 in
1032 1655 1110 1684 habi-

256 1706 331 1735 tibus
352 1708 379 1734 et
400 1705 508 1734 actibus
523 1705 676 1739 virtutum3
692 1704 745 1732 alia
763 1703 945 1737 materialis,
962 1711 1034 1740 quae
1049 1711 1110 1731 con-

257 1753 329 1782 sistit
349 1753 376 1781 in
399 1752 594 1790 aggregatione
614 1751 796 1780 consiliorum
817 1751 861 1779 vel
886 1751 980 1788 legum
1008 1750 1110 1779 facien-

256 1800 327 1829 tium
349 1808 399 1829 seu
420 1799 582 1828 ducentium
604 1798 638 1828 ad
660 1801 764 1827 statum
786 1798 965 1835 perfectionis
976 1798 996 1826 ⁵.
1019 1797 1111 1826 Prima

256 1847 422 1885 intelligitur
444 1847 601 1884 specialiter
616 1846 728 1875 nomine
742 1845 841 1874 sancti
859 1844 1029 1883 Evangelii,
1044 1844 1111 1882 quia

257 1896 325 1924 haec
340 1894 473 1932 perfectio
487 1894 678 1931 principaliter
693 1896 734 1923 est
750 1893 855 1922 intenta
869 1893 897 1921 in
913 1894 1007 1921 sancto
1023 1892 1111 1921 Evan-

257 1942 348 1980 gelio;
370 1941 405 1970 ad
427 1942 513 1978 ipsam
536 1941 609 1970 enim
638 1941 730 1969 omnia
752 1940 865 1969 consilia
886 1939 1045 1976 evangelica
1065 1947 1111 1968 or-

257 1989 398 2018 dinantur.
422 1989 491 2018 Haec
513 1989 596 2017 etiam
611 1991 666 2023 est,
681 1996 753 2025 quae
774 1987 925 2025 praecipue
939 1987 967 2015 111
983 1994 1111 2015 sermone

257 2036 367 2065 Domini
383 2036 410 2064 in
426 2039 519 2064 monte
540 2038 745 2072 pertractatur,
768 2042 833 2064 cum
854 2034 999 2063 dicitur⁶:
1016 2033 1109 2067 Beati,

492 212 690 242 OPUSCULUM
711 211 777 240 XVI.
800 209 974 238 EXPOSITIO
996 209 1099 238 SUPER
1120 209 1275 239 REGULAM
1295 211 1451 240 FRATRUM
1471 211 1634 240 MlNORUM.
1656 211 1725 240 CAP.
1747 212 1766 240 1.

1155 297 1302 326 pauperes
1315 289 1435 326 spirita,
1447 290 1588 328 quoniam
1603 290 1736 328 ipsorum
1751 294 1792 319 cst
1805 299 1929 328 regnam
1944 299 2008 319 cae-

1159 335 1257 364 loram
1271 338 1337 370 etc.‚
1358 339 1384 365 et
1400 336 1427 365 in
1442 336 1502 365 aliis
1522 337 1660 366 virtutum
1677 337 1794 374 regulis,
1808 340 1905 374 utpote
1923 337 1956 366 de
1972 338 2008 366 vi-

1161 382 1250 410 tandis
1269 382 1362 411 verbis
1377 383 1471 412 otiosis
1492 386 1519 412 et
1540 383 1685 412 similibus.
1701 384 1758 412 Alia
1781 392 1848 412 vero
1862 383 2007 420 perfectio,

1161 428 1265 457 scilicet
1281 429 1456 463 materialis,
1468 429 1503 458 ab
1518 430 1570 459 hac
1584 438 1717 467 expresse
1735 430 1926 467 distinguitur,
1944 438 2009 459 cum

1160 475 1276 504 dicitur:
1295 475 1419 504 Vicendo
1430 476 1462 504 in
1473 476 1650 511 obedientia,
1662 477 1724 505 sine
1738 477 1860 514 proprio
1875 480 1900 505 et
1915 477 1946 505 in
1960 485 2010 505 ca-

1160 523 1266 557 stitate,
1278 523 1376 560 utique
1391 523 1546 552 consiliaria
1561 526 1589 552 et
1603 523 1718 558 celebri,
1730 524 1764 553 de
1778 533 1834 561 qua
1845 524 1910 553 dicit
1921 524 2010 553 Salva-

1162 573 1205 599 tor
1220 570 1349 599 Matthaei
1363 570 1470 599 decimo
1485 578 1558 599 nono
1569 571 1593 599 ⁷:
1608 570 1666 607 Qui
1673 574 1765 607 potest
1779 580 1883 608 capere
1901 572 2009 609 capiat.

1243 618 1287 646 11.
1310 617 1442 655 Sequitur
1457 618 1491 646 de
1505 617 1689 646 obedientiali
1708 618 1831 647 eiusdem
1853 622 1942 647 status
1962 627 2010 647 or-

1162 664 1327 698 dinatione,
1350 672 1400 702 per
1421 673 1505 702 quam
1527 668 1584 693 tota
1598 665 1701 702 Religio
1716 665 1860 694 reducitur
1881 665 1915 694 ad
1936 666 2011 695 hier-

1162 712 1285 740 archiam
1308 711 1444 740 Ecclesiae
1466 712 1665 749 principalem;
1688 720 1739 749 pro
1754 721 1810 749 quo
1834 712 1915 741 dicit:
1938 713 2012 742 Fra-

1163 762 1205 787 ter
1227 759 1426 793 Franciscus,
1449 759 1501 787 hoc
1523 759 1614 787 Sancti
1636 767 1737 788 nomen
1752 759 1805 788 fuit
1818 759 2011 794 adventitium,

1163 814 1228 835 cum
1250 807 1375 835 Ioannes
1396 806 1508 835 nomine
1533 806 1647 843 proprio
1668 806 1695 835 in
1724 806 1933 843 regeneratione
1960 806 2013 835 im-

1163 854 1227 891 poni
1242 853 1384 882 diceretur
1399 853 1490 890 primo
1504 861 1520 881 a
1534 856 1623 882 matre
1634 853 1654 881 8.
1670 870 1709 873 -
1723 853 1874 882 Promittit
1888 853 2014 882 obedien-

1163 900 1246 929 tiam.
1268 900 1323 929 Etsi
1352 903 1427 929 totus
1448 900 1541 929 clerus
1568 903 1596 929 et
1624 900 1823 937 Religiosorum
1848 900 2015 929 universitas

1164 950 1292 976 teneatur
1314 947 1433 976 firmiter
1461 947 1611 984 apostolico
1632 947 1749 976 Domino
1773 947 1901 982 obedire,
1923 950 2014 976 tamen

1164 995 1281 1023 Sanctus
1296 995 1307 1011 ⁹
1330 995 1395 1023 huic
1416 994 1509 1023 debito
1529 997 1626 1023 votum
1647 994 1740 1023 adiicit
1761 994 1893 1031 speciale,
1913 994 2014 1029 sciens,

1164 1044 1228 1070 voto
1256 1041 1471 1078 superveniente
1501 1041 1643 1069 fortificari
1675 1041 1746 1070 sacri
1777 1040 1889 1070 Ordinis
1919 1040 2016 1070 viucu-

1164 1089 1238 1122 lum,
1260 1091 1288 1117 et
1308 1088 1441 1117 meritum
1463 1088 1607 1125 geminari.
1629 1105 1668 1109 -
1691 1089 1725 1116 Et
1745 1087 1947 1116 reverentiam.
1970 1087 2016 1116 Est

1164 1138 1257 1164 autem
1286 1135 1444 1164 reverentia
1471 1135 1609 1164 exhibitio
1636 1135 1751 1164 honoris
1772 1135 1924 1172 procedens
1945 1143 1962 1164 a
1982 1135 2016 1163 ti-

1165 1191 1243 1211 more
1264 1182 1340 1211 filiali
1361 1185 1389 1211 et
1410 1183 1509 1211 humili
1531 1183 1648 1223 affectu,
1670 1182 1853 1211 Ecclesiastici
1875 1181 2016 1219 trigesimo

1166 1229 1287 1258 secundo
1299 1230 1342 1257 ¹⁰:
1364 1230 1447 1258 Audi
1467 1234 1579 1264 tacens,
1601 1233 1626 1258 et
1643 1238 1701 1267 pro
1722 1229 1885 1258 reverentia
1905 1229 2019 1258 accedet

1166 1277 1219 1305 tibi
1249 1276 1325 1305 bona
1355 1277 1466 1314 gratia.
1500 1276 1570 1313 Quia
1599 1277 1756 1305 reverentia
1783 1276 1948 1305 humilitatis
1976 1279 2018 1305 est

1166 1327 1262 1358 actus,
1291 1324 1402 1353 Fratres
1429 1324 1563 1358 Minores,
1595 1324 1667 1352 sicut
1702 1323 1867 1352 humilitatis
1902 1323 2018 1361 profun-

1166 1371 1296 1400 dissimae
1330 1371 1517 1408 professores,
1546 1370 1648 1400 debent
1678 1371 1750 1399 inter
1782 1378 1877 1400 omnes
1909 1378 2017 1400 summe

1167 1418 1290 1447 revereri
1313 1419 1458 1447 Summum
1478 1418 1636 1447 Pontificem
1658 1421 1686 1447 et
1700 1418 1768 1447 alios
1789 1426 1840 1455 pro
1861 1418 1950 1455 gradu
1965 1426 2016 1447 suo

1167 1465 1195 1493 in
1220 1465 1412 1494 ecclesiasticis
1438 1465 1536 1494 officiis
1560 1465 1733 1494 constitutos.
1754 1481 1790 1485 —
1814 1464 1937 1494 Domino
1957 1465 2018 1494 Pa-

1164 1521 1222 1549 pae
1247 1512 1379 1541 Honorio
1401 1520 1436 1540 ae
1467 1511 1686 1540 successoribus
1717 1512 1780 1540 eius
1811 1512 1950 1541 canonice
1974 1512 2018 1541 in-

1168 1559 1318 1588 trantibus
1339 1563 1365 1588 et
1387 1559 1530 1588 Ecclesiae
1544 1560 1711 1594 Romanae,
1733 1559 1786 1588 hoc
1807 1562 1864 1594 est,
1886 1559 1934 1597 qui
1956 1567 2019 1588 suc-

1168 1607 1270 1636 cedunt
1291 1615 1345 1635 non
1367 1606 1438 1635 facto
1460 1609 1585 1641 tantum,
1611 1606 1659 1635 sed
1680 1606 1758 1641 iure,
1784 1606 1938 1636 secundum
1963 1606 2020 1635 for-

1167 1662 1240 1682 mam
1263 1662 1401 1683 canonum
1428 1653 1578 1683 sublimati.
1599 1670 1639 1674 *
1660 1654 1697 1682 Et
1721 1653 1776 1682 alii
1796 1654 1919 1683 Fratres
1947 1657 2019 1682 tene-

1168 1704 1261 1730 antur
1276 1701 1382 1729 Fratri
1406 1700 1568 1729 Francisco
1590 1700 1694 1729 eteius
1717 1700 1937 1729 successoribus
1958 1700 2020 1729 obe-

1167 1748 1246 1783 dire,
1260 1751 1293 1778 ut
1307 1751 1420 1778 catenae
1434 1756 1536 1777 aureae
1550 1748 1659 1777 uncinis
1673 1748 1770 1777 mediis
1784 1748 1971 1785 disponuntur
1982 1748 2019 1782 ¹¹,

1167 1798 1200 1824 ut
1225 1795 1264 1824 sic
1285 1795 1430 1824 inferiores
1450 1803 1467 1824 a
1487 1803 1620 1832 supremo
1641 1795 1744 1824 vertice
1768 1803 1818 1832 per
1839 1795 1942 1832 gradus
1962 1802 2020 1824 me-

1167 1843 1227 1872 dios
1241 1842 1423 1872 deducantur.
1440 1843 1487 1871 Hic
1501 1845 1542 1871 est
1556 1842 1630 1872 enim
1650 1845 1746 1871 motas
1767 1845 1864 1871 rectus
1883 1842 2019 1871 mentium

1167 1890 1340 1925 divinarum,
1356 1893 1388 1919 ut
1402 1894 1514 1919 sanctus
1528 1890 1608 1919 docet
1622 1890 1770 1927 Dionysius
1782 1890 1815 1918 12.
1837 1890 1869 1918 Et
1884 1889 1923 1919 sic
1936 1889 2020 1918 scala

1169 1937 1255 1966 Iacob
1276 1937 1489 1966 ascendentibus
1503 1939 1530 1966 et
1545 1936 1776 1966 descendentibus
1796 1936 1964 1971 adornatur;
1980 1936 2020 1965 516

1168 1993 1292 2013 ascensa
1310 1993 1465 2022 purpureo
1485 1984 1565 2021 filiae
1584 1983 1744 2013 Ierusalem
1760 1987 1881 2021 pergunt
1896 1983 1923 2012 in
1938 1983 2020 2013 recli-

1167 2032 1308 2061 natorium
1330 2031 1490 2060 Salomonis.

322 2165 330 2178 ¹
349 2166 440 2188 Scilicet
456 2172 476 2188 c.
494 2166 515 2187 2.
534 2168 555 2187 et
573 2165 626 2188 dein
645 2171 664 2187 6.
682 2166 704 2187 6.

321 2204 330 2217 ²
348 2205 404 2233 Cap.
423 2205 461 2227 11.
478 2218 508 2220 -
525 2204 639 2232 Superius
665 2207 717 2232 post
738 2210 822 2227 sacros
845 2204 864 2226 D
889 2206 911 2226 et
936 2204 972 2226 ed.
992 2205 999 2225 rl
1022 2203 1111 2226 addunt

259 2244 368 2272 ordines,
387 2250 429 2272 pro
441 2245 476 2267 est
483 2244 562 2273 posita
581 2245 598 2266 A
610 2244 655 2265 DG
673 2245 707 2266 est
724 2243 835 2273 imposita
847 2243 894 2270 (ed.
910 2243 915 2265 1
932 2242 964 2266 sit
975 2242 1110 2272 imposita),

259 2286 281 2306 et
298 2290 341 2312 pro
358 2289 414 2307 611111
430 2282 531 2306 arcliori
549 2283 598 2305 Vat.
615 2282 695 2306 altior.
715 2283 810 2305 1111611115
827 2285 880 2310 post
895 2282 954 2306 talia
980 2282 1023 2304 DF
1046 2288 1110 2310 repe-

260 2325 311 2345 tunt
329 2322 389 2345 loca.

323 2361 332 2374 3
351 2362 402 2384 Vat.
414 2368 467 2384 cum
480 2361 586 2390 pluribus
599 2361 669 2383 codd.
689 2367 814 2389 perperam
827 2360 918 2390 quinta.
936 2361 979 2382 DF
997 2363 1019 2382 et
1038 2359 1076 2382 ed.
1101 2361 1106 2381 l

261 2402 356 2430 legunt:
374 2402 401 2424 ul
415 2402 482 2431 patet
499 2401 524 2424 in
541 2400 684 2429 obedientia,
698 2402 764 2430 patel
781 2400 812 2430 [D
831 2399 922 2430 patuit]
945 2400 1017 2423 etiam
1034 2401 1056 2422 et
1069 2406 1111 2429 pa-

261 2439 316 2464 tebit
333 2441 422 2470 quarta
440 2439 468 2469 [F
486 2439 581 2469 quinta,
602 2440 620 2462 D
642 2439 667 2462 in
692 2439 793 2469 quinta}
820 2439 915 2462 Inferius
940 2438 1038 2461 vocibus
1061 2438 1114 2462 Etsi

260 2479 358 2503 castitas
376 2486 402 2502 ex
415 2479 431 2502 C
441 2480 459 2502 G
472 2482 494 2502 et
507 2479 544 2502 ed.
557 2480 564 2500 l
582 2479 758 2501 interseruimus
770 2478 843 2506 enim,
856 2481 878 2501 et
890 2485 933 2506 pro
946 2477 1112 2501 inviolabililer

259 2519 312 2542 Vat.
329 2519 448 2541 substituit
464 2517 632 2541 inviolabilem.

324 2558 334 2571 '²
351 2558 396 2581 Cir.
413 2559 491 2581 11131111.
509 2558 551 2586 16,
568 2557 611 2586 24,
631 2558 670 2586 Ἰ19,
689 2558 725 2580 12.
743 2560 766 2580 61
783 2558 819 2580 211.

324 2597 332 2610 ⁵
350 2598 410 2621 Vide
427 2604 498 2626 supra
516 2597 601 2626 Opusc.
628 2598 667 2620 Xl.
691 2597 804 2625 Apologia
826 2603 970 2625 pauperum,
988 2603 1008 2619 c.
1026 2597 1048 2619 3.
1070 2602 1112 2624 per

261 2639 343 2659 totum.
360 2650 390 2652 —
408 2637 504 2659 inferius
522 2643 565 2665 pro
582 2635 678 2659 nominc
694 2636 713 2658 D
731 2638 753 2658 et
770 2636 807 2658 ed.
827 2636 835 2657 1
857 2635 882 2659 in
903 2635 1011 2663 nomine,
1030 2638 1052 2658 et
1069 2641 1112 2664 pro

261 2675 361 2699 consilia
378 2675 515 2705 evangelica
533 2675 679 2699 ordinantur
696 2675 769 2698 ACG
786 2678 809 2698 et
825 2675 863 2698 ed.
881 2675 889 2697 1
912 2674 1012 2698 consilia
1025 2674 1114 2698 Christi

261 2714 408 2739 ordinantur
425 2715 474 2745 [ed.
493 2716 501 2737 1
523 2715 655 2744 ordinant].

325 2752 334 2766 ὅ
352 2754 428 2777 11101111.
446 2754 474 2781 5,
491 2755 521 2781 3;
538 2754 596 2777 ibid.
614 2755 656 2782 12,
675 2755 712 2777 36.
729 2754 760 2777 de
778 2753 855 2776 verbis
871 2753 950 2776 otiosis
966 2753 1075 2776 vitandis.

326 2792 334 2805 ⁷
352 2793 419 2815 Vers.
438 2794 475 2816 l2.
491 2805 523 2810 —-
540 2793 652 2821 Superius
670 2799 712 2821 pro
723 2792 754 2816 ab
766 2792 811 2816 hac
822 2798 934 2822 capresse
951 2793 968 2815 A
979 2793 998 2815 G
1014 2795 1036 2815 et
1048 2792 1108 2815 ed.l

263 2830 300 2854 hic
316 2838 440 2861 expresse,
461 2832 479 2854 D
496 2832 534 2855 hic
550 2838 666 2862 czpressa
682 2831 712 2855 ab
729 2832 787 2860 11116,
805 2832 847 2861 qui
864 2832 934 2854 etiam
950 2831 1050 2854 subinde
1061 2833 1114 2860 post

263 2871 285 2893 el
301 2869 324 2892 in
342 2870 448 2893 castitate
466 2871 549 2898 repetit
565 2870 590 2893 in
607 2871 721 2894 castitate.

326 2907 335 2920 ⁸
353 2908 398 2931 Csr.
416 2909 500 2931 Thom.
517 2916 530 2931 a
547 2909 644 2937 celano,
663 2910 713 2932 Vita
726 2910 750 2932 ll.
762 2910 784 2932 S.
796 2909 924 2936 Francisci,
941 2915 965 2937 p.
982 2910 999 2932 1.
1017 2915 1038 2932 6.
1056 2909 1077 2931 1.
1092 2910 1114 2931 et

263 2947 371 2975 Legenda
389 2947 469 2970 Trium
482 2948 615 2975 Sociorum,
628 2954 647 2971 6.
661 2949 682 2971 l.
694 2961 725 2965 —
742 2948 815 2971 Codd.
833 2948 905 2971 AFG
922 2951 944 2971 et
960 2948 998 2971 ed.
1016 2948 1024 2970 1
1046 2948 1114 2970 011111-

264 2988 314 3009 tunt
327 2985 409 3015 primo
426 2992 441 3009 a
458 2988 543 3010 matre.
568 2987 680 3015 Superius
705 2994 747 3016 pro
773 2989 864 3015 status,
887 2987 951 3016 quod
968 2987 987 3009 G
1003 2989 1026 3010 et
1042 2987 1080 3010 ed.
1100 2987 1108 3009 1

264 3026 388 3053 omittunt,
406 3025 424 3047 D
442 3026 551 3055 Reqalae.

1230 2161 1240 2174 ⁹
1257 2162 1313 2184 Cod.
1331 2162 1349 2184 D
1366 2163 1447 2184 tamen
1465 2161 1551 2184 Fraler
1567 2160 1720 2184 Franciscns.
1738 2161 1834 2183 Inferius
1847 2161 1898 2183 Vat.
1913 2161 1966 2183 volo
1983 2166 2021 2183 sn-

1164 2201 1291 2231 per-venire
1307 2202 1330 2224 et
1344 2200 1473 2231 fortificari
1490 2207 1532 2229 pro
1549 2202 1602 2223 voto
1619 2199 1797 2229 superveniente
1813 2199 1949 2230 fortificari.

1231 2239 1251 2252 ¹⁰
1268 2240 1334 2262 Vers.
1352 2240 1381 2267 93
1399 2241 1440 2262 cfr.
1457 2246 1479 2262 v.
1500 2240 1535 2262 12.
1548 2242 1570 2262 61
1585 2239 1621 2261 14.
1635 2252 1663 2255 -
1676 2239 1709 2261 De
1724 2238 1858 2262 reverentia
1870 2240 1912 2261 cfr.
1922 2239 2022 2266 Bonav.,

1169 2280 1202 2302 lll.
1218 2281 1280 2303 Sem.
1297 2280 1320 2302 d.
1339 2280 1360 2302 9.
1373 2286 1393 2302 a.
1406 2280 1427 2302 1.
1439 2286 1463 2308 q.
1476 2279 1497 2301 4.
1509 2279 1532 2301 111
1549 2285 1647 2307 corpore
1659 2278 1742 2307 Cicer„
1755 2279 1777 2301 ll.
1790 2279 1883 2301 Rhetor.
1896 2284 1916 2300 6.
1928 2279 1971 2306 22,
1986 2277 2022 2301 ob-

1167 2319 1326 2343 servationem
1347 2319 1469 2346 describit,
1495 2325 1560 2347 «per
1583 2325 1654 2347 quam
1671 2320 1758 2345 aetate,
1774 2320 1814 2341 aut
1835 2318 1960 2346 sapientia,
1983 2319 2023 2340 aut

1169 2360 1268 2386 honore,
1286 2362 1325 2381 aut
1341 2359 1417 2388 aliqua
1435 2359 1546 2386 dignitate
1562 2358 1724 2381 antecedentes
1735 2364 1845 2380 veremur
1857 2359 1879 2380 et
1890 2357 1989 2380 colimus
2000 2365 2022 2385 »ς

1169 2400 1210 2421 cfr.
1228 2398 1283 2421 ibid.
1296 2404 1316 2420 6.
1329 2398 1366 2421 54.
1380 2398 1511 2420 lnvenimus
1528 2398 1597 2420 etiam
1614 2397 1644 2420 ab
1661 2396 1778 2426 aliquibus
1795 2398 1853 2420 hanc
1870 2396 1975 2420 Ciceroni
1992 2399 2023 2419 at-

1169 2437 1279 2460 tributam
1297 2437 1455 2460 definitionem
1471 2437 1628 2459 reverentiae:
1647 2436 1783 2459 Reverentia
1802 2439 1836 2459 est
1855 2436 1929 2458 virtus
1946 2436 2022 2464 aliqua

1169 2477 1311 2505 praelatione
1323 2476 1469 2499 sublimitatis
1486 2476 1579 2499 debitae
1596 2475 1791 2498 honorificationis
1803 2475 1888 2498 cultum
1904 2474 2022 2497 exhibens.

1169 2528 1201 2533 —
1225 2516 1320 2538 lnl'erius
1342 2518 1395 2544 post
1412 2517 1480 2539 actas
1499 2516 1549 2538 Vat.
1567 2515 1631 2538 addit
1655 2514 1751 2538 Fratris
1771 2513 1884 2542 Minoris,
1906 2513 1981 2542 unde,
2003 2514 2022 2536 D

1169 2555 1273 2578 nominis
1290 2555 1408 2578 Fratrum
1425 2554 1560 2583 Minoram,
1580 2553 1654 2582 unde,
1669 2556 1691 2576 et
1702 2560 1745 2582 pro
1756 2552 1959 2583 profundissimae
1975 2553 2022 2575 AG

1170 2597 1193 2618 61
1209 2595 1246 2617 ed.
1269 2596 1273 2616 1
1296 2594 1438 2617 substituunt
1454 2593 1585 2617 altissimae
1601 2593 1652 2621 (cfr.
1670 2593 1726 2615 infra
1743 2599 1764 2616 c.
1781 2592 1821 2622 6.).

1233 2632 1252 2646 ¹¹
1270 2634 1314 2656 Csr.
1332 2634 1403 2656 Exod.
1422 2634 1465 2661 28,
1483 2633 1520 2656 13,
1537 2639 1586 2662 seq.
1603 2635 1626 2655 et
1642 2633 1679 2655 22.

1233 2673 1253 2686 ¹²
1271 2674 1304 2696 De
1321 2673 1416 2696 Caelesti
1434 2672 1579 2701 Hierarchia,
1592 2678 1611 2695 c.
1626 2672 1647 2694 4.
1665 2671 1678 2700 S
1696 2672 1717 2695 3.
1735 2674 1758 2694 61
1774 2678 1793 2694 c.
1812 2672 1834 2694 8.
1851 2672 1864 2700 ἓ
1882 2672 1908 2699 2,
1927 2670 1966 2694 ubi
1984 2671 2023 2694 do-

1170 2716 1221 2741 cet,
1239 2720 1280 2741 per
1297 2719 1406 2741 suprema
1425 2713 1498 2735 Deum
1515 2712 1546 2734 ad
1565 2717 1590 2734 se
1606 2711 1685 2740 ipsum
1702 2711 1815 2734 reducere
1832 2710 1908 2733 media
1930 2712 1952 2733 et
1969 2710 2022 2733 inre-

1170 2752 1231 2775 riora
1249 2759 1291 2781 per
1307 2752 1392 2775 media.
1412 2751 1473 2774 Libr.
1497 2751 1526 2774 de
1549 2751 1599 2773 Div.
1621 2750 1736 2774 Nominib.
1754 2756 1774 2773 6.
1792 2749 1814 2773 4.
1830 2750 1844 2779 S
1861 2751 1887 2777 8,
1904 2755 1976 2778 agens
1993 2749 2023 2772 de

1170 2791 1245 2814 trihus
1262 2791 1365 2814 motibus
1386 2791 1512 2819 mentium,
1529 2790 1577 2813 scil.
1600 2790 1715 2818 circulari,
1738 2792 1801 2812 recto
1823 2792 1846 2812 et
1867 2788 1975 2818 obliquo,
1993 2788 2023 2811 de

1170 2832 1234 2854 recto
1252 2831 1319 2854 dicit:
1338 2831 1383 2859 lpsi
1400 2834 1477 2853 autem
1495 2830 1603 2853 dicuntur
1620 2829 1711 2852 moveri
1726 2832 1800 2856 recte,
1815 2828 1840 2851 in
1856 2830 1969 2857 quantum
1986 2833 2022 2850 su-

1170 2870 1274 2898 periores
1290 2870 1421 2898 procedunt
1438 2870 1467 2892 ad
1484 2869 1621 2892 inferiorum
1638 2868 1822 2897 providentiam,
1842 2870 1937 2890 cunctos
1955 2867 2023 2890 recti-

1170 2909 1277 2936 ficautes,
1295 2911 1317 2931 et
1334 2915 1375 2937 per
1392 2908 1482 2931 medios
1494 2908 1523 2931 ad
1535 2908 1628 2930 infimos
1639 2910 1700 2930 recte
1712 2909 1856 2930 transeuntes
1868 2906 1955 2935 (versio
1967 2906 2022 2928 Ver-

1170 2948 1293 2977 cellensis).
1309 2960 1341 2965 —
1359 2947 1463 2970 Subinde
1479 2947 1602 2975 respicitur
1618 2947 1676 2969 Gen.
1695 2947 1737 2974 28,
1756 2947 1793 2968 l12.
1811 2946 1850 2975 (de
1866 2946 1927 2968 scala
1944 2944 2020 2974 lacob)

1170 2990 1192 3009 61
1209 2986 1275 3010 Cant.
1293 2987 1320 3016 3,
1339 2987 1376 3009 l0.
1393 2987 1490 3009 Inferius
1506 2992 1550 3015 pro
1567 2986 1597 3009 Et
1612 2985 1647 3009 sic
1664 2985 1701 3008 ed.
1720 2986 1728 3008 1
1750 2986 1771 3008 et
1789 2984 1861 3013 sicut,
1875 2990 1935 3013 quae
1952 2984 2022 3007 etiam

1170 3032 1213 3054 pro
1229 3026 1333 3055 pergunt
1349 3031 1403 3048 eum
1420 3024 1462 3048 CF
1479 3024 1597 3048 substituit
1609 3023 1758 3054 pertingunt.

2027 626 2055 646 De
2065 631 2115 652 seem

2055 653 2105 674 parte

2028 720 2055 740 De
2066 724 2116 745 geue!

2040 744 2109 765 Miuintr

2037 1662 2064 1681 De
2076 1661 2113 1681 mh·
2123 1666 2132 1682 ι.

2066 1851 2113 1870 Motu
2121 1834 2122 1840 ἵ

2060 1876 2113 1894 rectu
