2133 3317
130 734 217 754 Officium
230 733 252 752 B.

124 758 149 777 M.
159 758 184 777 V.
194 759 213 776 at
225 762 254 776 re-

123 781 208 801 verentia
223 786 254 799 ex-

123 807 184 824 torna.

127 1574 265 1597 Semperoran-

140 1597 184 1615 dum
201 1599 220 1616 et
233 1597 265 1616 de·

139 1622 189 1639 vote.

264 220 325 250 -2476

265 299 417 329 delectabit
431 308 481 328 cor
495 302 521 327 et
532 298 614 326 dabit
625 297 773 335 qandiam
788 301 814 324 et
828 296 978 324 laetitiam.
992 296 1022 324 Et
1038 295 1118 324 stude

266 347 420 384 intelligere
435 354 467 375 ea
488 353 559 382 quae
580 345 662 379 dicis,
684 344 705 373 si
722 346 812 381 potes,
834 343 856 372 si
878 351 945 372 vero
965 351 1018 371 non
1041 345 1118 379 potes

266 395 432 431 intelligere,
454 400 597 426 reverere,
619 391 698 428 quia,
720 391 792 419 sicut
812 390 879 418 dicit
906 389 1035 426 Sapiens,
1061 398 1118 427 pro

267 440 429 470 reverentia
451 439 565 467 accedet
585 437 637 467 tibi
658 437 733 466 bona
756 437 868 474 qratia.
892 437 923 464 Et
947 444 1056 473 semper
1085 436 1119 465 ad

267 491 356 517 totum
379 486 501 515 officium
518 486 555 514 sis
576 488 700 519 erectus,
724 487 777 513 tam
800 484 825 512 in
842 483 932 512 officio
954 483 1050 512 beatae
1064 484 1119 512 Ma-

267 534 325 563 riae
341 533 461 570 Virginis
476 540 560 569 quam
576 532 603 560 in
618 531 684 565 alio,
707 531 759 559 hoc
776 534 883 559 tantum
898 533 1028 567 excepto,
1045 529 1119 567 quod

269 582 295 609 in
318 583 412 613 nocte,
439 579 512 608 dicto
533 578 667 607 Matutino
689 578 785 606 beatae
813 577 948 614 Virginis,
970 576 1050 605 liceat
1072 576 1119 605 tibi

268 627 417 665 appodiare
434 627 451 654 ¹.

347 676 373 703 2.
397 673 525 702 Officium
550 680 618 701 vero
646 672 741 701 beatae
764 671 883 708 Virginis
911 671 939 699 in
967 671 1043 700 festis
1068 671 1119 699 du-

269 722 388 759 plicibus
409 729 463 749 non
491 720 651 752 dimittas²;
678 723 705 747 et
726 719 860 755 quamdiu
882 721 938 747 stas
960 718 987 746 in
1012 718 1118 752 officio,

270 769 362 798 taliter
384 768 422 797 sis
446 768 594 800 honestus,
624 769 655 795 ut
677 774 820 802 nunquam
847 765 978 802 respicias
1000 765 1120 794 circum—

271 819 375 845 stantes
396 822 446 843 nec
471 822 534 843 cum
557 813 650 850 aliquo
676 812 799 849 loquaris
824 812 941 846 ibidem,
963 812 1010 841 sed
1031 812 1120 849 capite

270 862 474 900 aliquantulum
504 861 646 895 inclinato,
675 860 763 889 oculis
784 860 924 893 demissis,
947 867 1047 888 manus
1071 859 1120 887 113-

270 911 336 940 beas
357 914 420 938 ante
441 912 468 937 te
489 911 538 937 aut
559 908 586 936 in
609 907 721 936 modum
750 907 855 941 crucis,
877 909 926 935 aut
952 914 1064 935 manum
1093 907 1120 935 in

271 966 356 986 manu
377 959 440 985 ante
461 958 558 993 pectus
579 955 710 991 positam,
732 962 876 991 nunquam
893 957 986 982 autem
1010 953 1037 982 in
1059 953 1122 982 sinu

271 1005 315 1033 vel
337 1005 363 1032 in
386 1004 532 1032 inhonesto
555 1002 613 1031 loco
634 1005 740 1039 portes,
763 1002 900 1039 cogitans,
929 1003 956 1029 te
978 1008 1038 1029 esse
1066 1009 1120 1029 non

272 1053 361 1081 solum
384 1059 476 1081 coram
498 1051 657 1085 Fratribus,
679 1050 726 1079 sed
748 1049 829 1078 etiam
845 1056 938 1077 coram
954 1048 1010 1077 Deo
1025 1051 1052 1077 et
1070 1048 1122 1076 An-

272 1099 340 1136 gelis
354 1099 422 1128 eius.
439 1099 519 1132 Nam,
542 1100 610 1126 teste
626 1097 762 1134 Propheta
773 1096 794 1130 ³,
810 1098 1027 1133 praeveneram
1036 1095 1122 1132 prin-

272 1146 361 1184 cipes,
384 1146 411 1174 id
432 1148 474 1174 est
495 1145 601 1182 Angeli,
623 1143 772 1173 coniuncti
789 1141 990 1180 psallentibus.

742 218 939 247 OPUSCULUM
962 218 1016 246 XX.
1039 217 1166 246 REGULA
1188 217 1404 247 NOVlTlORUM.
1427 218 1495 247 CAP.
1519 218 1547 246 11.

1254 296 1280 325 3.
1304 296 1335 324 Et
1356 296 1393 325 sis
1415 304 1524 333 semper
1553 296 1687 325 sollicitus
1709 297 1743 325 ad
1765 297 1884 331 librum,
1912 305 1946 326 ne
1974 298 2023 326 ali·
2040 305 2133 348 ,1311111131

1174 342 1285 379 quando
1316 343 1482 380 negligentia
1514 343 1555 372 vel
1577 343 1745 372 verecundia
1765 343 1882 377 ductus,
1912 344 2024 381 aliquod

1175 389 1292 418 verbum
1308 389 1390 418 officii
1412 390 1633 426 praetermittas,
1649 393 1677 419 et
1698 398 1751 418 non
1767 390 1842 419 dicas
1864 391 1947 419 horas
1962 395 2025 420 tuas

1175 436 1348 465 solummodo
1376 436 1530 473 prolatione
1551 437 1626 465 vocis
1654 437 1816 471 exterioris,
1838 437 1909 466 sicut
1938 438 2024 474 hypo-

1176 483 1262 511 critae
1285 483 1457 519 versipelles,
1485 483 1519 523 de
1547 483 1651 519 quibus
1679 485 1864 521 conqueritur
1890 484 2026 514 Dominus

1176 537 1225 566 per
1247 529 1412 566 Prophetam
1424 530 1444 562 4,
1467 529 1575 557 dicens:
1592 530 1725 566 Popultts
1746 529 1792 559 hic
1808 530 1894 559 labiis
1916 540 1961 559 me
1975 530 2025 559 lto-

1175 581 1281 610 norat,
1303 584 1354 604 cor
1374 580 1472 604 autem
1494 584 1594 604 eoram
1617 576 1699 613 ionye
1719 580 1759 605 est
1780 585 1800 605 a
1821 585 1873 605 me.
1897 594 1934 598 -
1954 578 2025 607 Cave

1176 623 1258 651 etiam
1281 623 1328 651 tibi
1356 622 1491 656 multum,
1514 630 1548 651 ne
1575 622 1680 659 aliquid
1702 622 1785 651 facias
1814 624 1857 652 vel
1878 623 1953 653 dicas
1974 625 2026 653 ibi-

1176 670 1253 704 dem,
1275 670 1349 707 quod
1369 669 1437 698 alios
1458 673 1590 706 provocet
1613 669 1646 698 ad
1669 670 1770 704 risum,
1790 671 1868 707 quia,
1891 671 1963 700 sicut
1986 671 2027 700 di-

1177 717 1214 746 cit
1236 717 1395 751 lsidorus⁵,
1422 728 1435 741 (ι
1450 717 1559 745 nullum
1588 717 1700 745 habehit
1720 725 1862 746 accessum
1895 726 2028 755 compun-

1176 765 1245 798 ctio,
1267 764 1314 793 ubi
1336 764 1421 793 fuerit
1442 763 1641 792 immoderatus
1670 764 1746 793 iocus
1768 765 1811 793 vel
1838 765 1913 794 risus
1928 776 1959 799 »;
1981 765 2029 794 sed

1178 811 1338 840 iucundatio
1360 814 1409 839 tua.
1429 813 1456 839 et
1477 810 1618 838 meditatio
1640 813 1688 838 tua
1709 810 1745 839 sit
1765 819 1874 848 semper
1895 812 1923 840 in
1951 812 2028 846 Iesu,

1178 861 1210 886 ut
1231 857 1372 894 psallendo
1393 861 1420 886 et
1452 857 1609 886 meditando
1630 858 1719 894 possis
1748 858 1840 887 dicere
1871 866 1936 887 cum
1964 859 2030 888 Pro-

1179 905 1263 941 pheta
1274 905 1299 932 ⁶:
1324 905 1357 933 Et
1371 907 1471 938 erunt,
1488 907 1519 932 nt
1541 904 1739 941 complaceant
1753 905 1867 943 eloquia
1882 906 1943 934 oris
1958 906 2028 940 mei,

1178 955 1203 980 et
1223 951 1373 980 meditatio
1401 951 1500 979 cordis
1522 951 1579 979 mei
1604 951 1635 979 in
1656 956 1809 988 conspectu
1830 956 1879 981 tao
1907 961 2027 990 semper.

1179 999 1211 1027 Et
1232 998 1305 1027 dicta
1326 997 1449 1034 qualibet
1471 997 1553 1031 hora,
1575 997 1665 1026 dicas:
1689 999 1823 1027 Miserere
1841 1000 1911 1034 mei,
1934 1000 2029 1034 Dens,

1179 1049 1206 1074 et
1229 1045 1313 1075 Salve
1335 1045 1446 1082 Reqina
1467 1053 1531 1074 cum
1560 1045 1699 1074 oratione:
1727 1058 1740 1071 «
1755 1046 1937 1084 Omnipotens
1958 1055 2029 1076 sem-

1179 1093 1288 1130 piterne
1320 1092 1409 1126 Deus,
1441 1092 1488 1129 qui
1520 1092 1655 1131 gloriosae
1687 1093 1807 1131 Virginis
1841 1094 1942 1125 Mariae
1976 1095 2030 1125 Ma-

1180 1140 1231 1169 tris
1246 1152 1259 1165 ¹>
1285 1142 1336 1168 etc.

1046 1266 1205 1294 CArrrULUM
1233 1265 1261 1293 ll.

1052 1386 1092 1414 De
1113 1386 1253 1415 oratione.

358 1515 381 1542 l.
403 1514 472 1542 Cum
489 1513 623 1542 Dominus
637 1512 710 1541 dicat
725 1512 751 1541 in
768 1512 914 1549 Evangelio
926 1511 946 1546 ⁷,
961 1511 1027 1548 quia
1042 1519 1127 1548 opor-

276 1565 311 1590 tet
331 1570 444 1598 semper
459 1569 547 1589 orare
568 1564 593 1588 et
607 1568 666 1588 non
687 1559 824 1597 deficere,⁸
852 1559 932 1588 stude
953 1566 1062 1595 semper
1077 1565 1127 1586 ex-

275 1608 396 1646 pendere
412 1611 522 1644 tempus
538 1610 617 1636 tuum
633 1610 681 1635 aut
700 1607 726 1635 in
742 1606 879 1640 oratione,
895 1609 944 1634 aut
958 1605 985 1634 in
1001 1605 1126 1638 lectione,

274 1658 324 1684 aut
344 1655 371 1683 in
394 1655 466 1683 bona
487 1654 677 1687 meditatione,
691 1656 741 1682 aut
755 1654 782 1681 in
798 1652 933 1686 servitiis;
954 1664 968 1677 «
982 1660 1037 1680 non
1052 1651 1126 1680 enim

274 1704 364 1730 cessat
384 1709 466 1730 orare
487 1701 535 1738 qui
557 1709 611 1729 non
635 1703 724 1729 cessat
744 1700 815 1728 bene
836 1698 949 1728 facere8
965 1710 991 1726 ι».
1014 1698 1043 1726 111
1064 1705 1127 1726 ora-

274 1749 348 1777 tione
369 1751 463 1777 autem
485 1748 648 1785 frequenter
676 1750 703 1776 et
730 1754 839 1775 morose
871 1753 1034 1783 permaneas
1063 1752 1126 1773 cum

275 1795 413 1833 profunda
431 1795 523 1824 cordis
538 1795 684 1823 devotione
704 1796 729 1823 et
744 1792 916 1822 humilitate.
935 1792 1038 1821 Oratio
1053 1792 1126 1821 enim

275 1841 462 1871 humiliantis
482 1850 512 1870 se
525 1841 616 1870 nabes
632 1844 780 1878 penetrat,
802 1840 883 1869 iuxta
897 1839 1061 1869 sententiam
1080 1839 1128 1867 Sa-

340 2085 346 2097 1
367 2086 400 2108 Du
418 2085 508 2113 Cange,
526 2085 667 2107 Glossarium
685 2087 728 2106 etc.
746 2082 894 2112 Appocliare,
907 2083 983 2110 inniti;
999 2086 1021 2104 et
1032 2081 1076 2105 sub
1091 2088 1129 2104 vo-

275 2124 359 2147 cabulo
378 2123 478 2147 Podinm
496 2124 565 2146 dicit:
583 2122 725 2152 appodiare,
743 2123 806 2145 inniti
821 2123 841 2144 in
854 2128 902 2144 rem
916 2122 1031 2150 aliquam,
1043 2121 1129 2143 incum-

278 2163 340 2185 bere.

342 2201 350 2214 ²
369 2203 426 2224 Nam
444 2202 465 2223 in
484 2202 546 2224 sestis
563 2200 754 2228 semiduplicibus
766 2203 815 2223 erat
831 2200 984 2222 recitandum.
1002 2212 1033 2216 -
1050 2200 1093 2221 Pro
1106 2198 1130 2220 in

279 2241 343 2271 festis
361 2240 496 2270 duplicibus
513 2246 562 2263 non
584 2239 689 2263 dimittas
708 2240 758 2262 Vat.
776 2242 798 2262 et
819 2239 855 2261 ed.
876 2240 882 2260 l
907 2244 1032 2268 nunquam
1053 2237 1131 2260 dimit-

279 2282 327 2309 tas,
345 2287 446 2309 quarum
464 2281 533 2302 etiam
551 2280 671 2302 lectionem
695 2279 848 2307 incongruam
866 2279 887 2300 in
908 2284 974 2307 seqq.
998 2278 1044 2300 tide
1062 2277 1130 2299 codd.

278 2320 430 2343 correximus.

342 2359 351 2372 ³
369 2359 450 2381 Psaliu.
469 2359 514 2385 67,
531 2359 568 2380 26.
585 2357 631 2381 Cir.
649 2358 772 2385 Bernard.,
791 2357 861 2385 Epist.
877 2357 916 2379 78.
934 2363 956 2379 n.
974 2357 999 2383 6;
1017 2357 1091 2378 Serm.
1107 2355 1130 2377 7.

280 2399 301 2421 in
319 2398 382 2422 Cant.
401 2404 422 2420 n.
442 2397 461 2419 t.
480 2401 502 2420 et
519 2397 619 2420 Meditat.
635 2397 732 2425 piissim.
749 2397 779 2419 de
796 2396 928 2424 cognitione
946 2397 1061 2418 humanae
1077 2401 1132 2417 con-

278 2438 371 2461 ditionis
389 2438 461 2466 (inter
478 2443 549 2465 opera
568 2436 706 2464 Bernardi),
723 2442 742 2458 c.
762 2436 782 2457 6.
802 2442 824 2457 n.
845 2436 884 2463 le,
903 2434 943 2457 ubi
963 2437 1085 2457 recurrunt
1105 2440 1131 2456 ea

278 2483 339 2506 quae
351 2477 461 2499 Bernard.
480 2476 502 2498 in
521 2476 674 2504 praeallegata
687 2475 756 2503 Epist.
775 2476 847 2497 affert.
860 2475 918 2497 Vide
935 2480 1005 2502 supra
1023 2480 1076 2502 pag,
1090 2474 1114 2495 61
1125 2490 1130 2500 ,

277 2519 356 2539 notam
374 2516 395 2539 9.

341 2554 350 2567 ⁴
368 2556 417 2578 lsai.
436 2555 480 2582 29,
499 2555 541 2583 113,
558 2555 669 2582 allegatus
685 2554 814 2576 secundum
833 2554 909 2575 lliatth.
929 2553 969 2580 115,
988 2554 1008 2575 8.
1029 2553 1074 2576 Csr.
1097 2559 1133 2575 su-

280 2601 321 2623 pra
339 2601 394 2623 pag.
412 2594 470 2621 475,
489 2597 542 2616 nota
561 2593 582 2616 4.
600 2606 630 2610 —
648 2593 760 2621 Superius
778 2599 820 2621 pro
845 2592 877 2615 ad
894 2592 983 2615 libram
1002 2592 1045 2621 (ila
1062 2593 1132 2614 ΑΒΕ

280 2634 299 2656 Η
309 2634 334 2662 L)
346 2634 400 2656 edd.
419 2633 450 2656 ad
462 2633 562 2661 horam,
581 2636 604 2655 et
621 2639 663 2660 pro
674 2632 737 2655 sicut
753 2631 901 2662 hypocritae,
913 2632 977 2660 quod
989 2632 1025 2654 ed.
1040 2632 1047 2653 l
1065 2631 1132 2653 omit-

281 2673 319 2700 tit,
338 2673 387 2695 Vat.
404 2674 431 2695 ‘at
449 2672 581 2695 Pharisaei

344 2711 352 2724 ⁵
371 2713 392 2734 ln
411 2718 467 2740 opp.
484 2712 564 2734 isidori
582 2718 627 2733 non
646 2711 778 2733 invenimus
795 2712 853 2732 hanc
871 2710 1021 2737 sententiam,
1033 2715 1093 2738 quae
1110 2709 1132 2731 in

281 2751 332 2773 libr.
346 2751 375 2773 de
390 2750 534 2773 salutaribus
546 2751 694 2773 Documentis
711 2750 782 2779 (inter
799 2756 869 2777 opera
883 2750 994 2777 August.‚
1011 2752 1033 2771 et
1050 2748 1133 2771 dicitur

282 2796 333 2813 esse
351 2790 438 2812 Paulini
456 2790 619 2812 Foroiuliensis
635 2796 676 2812 seu
697 2789 850 2818 Aquileiensis
867 2789 1033 2817 patriarchae),
1055 2793 1076 2810 c.
1094 2787 1130 2809 43.

283 2830 315 2851 sic
341 2829 474 2851 exhibetur:
495 2837 505 2848 α
519 2829 610 2851 Parvuli
631 2831 666 2851 est
690 2829 780 2854 ludere,
806 2828 900 2856 perfecti
927 2830 1004 2850 autem
1029 2827 1133 2855 lugere...

284 2868 358 2890 Omne
375 2871 466 2895 autem,
483 2868 598 2897 quidquid
611 2868 790 2890 immoderatum
809 2870 854 2895 est,
872 2866 1048 2889 dissolutionem
1065 2866 1134 2888 efficit

283 2907 375 2929 animae
392 2910 414 2929 et
431 2907 586 2935 negligentem
605 2913 660 2934 erga
678 2907 719 2928 Dei
742 2908 875 2934 praecepta,
893 2912 935 2928 nec
952 2906 1033 2928 delicta
1051 2911 1092 2927 sua
1105 2905 1133 2927 sa-

286 2946 327 2968 cile
344 2948 419 2974 potest
436 2946 464 2968 ad
487 2946 623 2968 memoriam
646 2951 767 2972 revocare,
785 2948 807 2967 et
829 2945 968 2967 obliviscens
985 2951 1024 2971 ea,
1041 2950 1085 2966 non
1109 2950 1134 2966 se

284 2985 376 3012 instigat
401 2985 431 3007 ad
454 2985 631 3012 poenitentiam,
654 2987 674 3006 el
698 2984 728 3007 ita
746 2984 857 3012 paulatim
884 2984 913 3006 ab
930 2983 1040 3006 omnibus
1066 2983 1133 3005 bonis

283 3024 352 3046 cadit.
370 3024 461 3046 Nullum
480 3023 574 3045 habebit
590 3029 710 3046 accessum
722 3023 798 3045 cordis
815 3023 975 3051 compunctio,
994 3022 1033 3045 ubi
1051 3022 1134 3045 suerint

1183 1510 1284 1547 pientis
1295 1509 1315 1538 ⁹.
1337 1509 1478 1546 Quidquid
1500 1513 1593 1538 autem
1615 1509 1642 1538 in
1664 1510 1789 1539 oratione
1815 1509 1940 1547 petieris,
1968 1518 2032 1539 cum

1182 1556 1296 1594 fiducia
1318 1557 1483 1593 impetrandi
1506 1560 1599 1593 petas;
1621 1557 1729 1586 Veritas
1750 1557 1822 1586 enim
1844 1557 1925 1586 dicit:
1942 1557 2032 1593 Quid—

1184 1604 1255 1642 qnid
1276 1607 1393 1632 orantes
1407 1603 1518 1640 petitis,
1537 1603 1657 1638 credite,
1672 1604 1744 1642 qaia
1766 1604 1928 1641 accipietis,
1946 1609 1972 1633 et
1984 1604 2033 1641 fiet

1184 1651 1272 1679 vobis.
1295 1651 1335 1679 Sit
1355 1654 1449 1679 autem
1470 1651 1559 1679 oratio
1580 1654 1629 1679 tua
1650 1651 1678 1679 in
1700 1645 1811 1680 eieelsa
1831 1651 1955 1680 caritate
1969 1651 2031 1681 fun-

1183 1698 1261 1732 data;
1284 1697 1435 1735 Gregorius
1446 1698 1470 1715 ¹⁰
1491 1697 1564 1726 enim
1580 1697 1659 1727 dicit:
1679 1710 1693 1723 a
1707 1698 1777 1735 Quia
1792 1698 1882 1727 virtus
1896 1698 2033 1735 perfectae

1183 1744 1316 1773 orationis
1338 1747 1380 1773 est
1407 1744 1541 1773 celsitudo
1563 1745 1723 1773 caritatis».
1745 1745 1785 1774 Sit
1806 1745 1888 1774 etiam
1910 1749 2032 1780 secreta,

1183 1791 1353 1826 verecunda,
1375 1791 1461 1826 iusta,
1477 1792 1632 1829 lacrymosa
1646 1795 1673 1821 et
1687 1792 1834 1830 frequens;
1850 1796 1877 1821 et
1891 1793 1957 1830 quia
1971 1801 2034 1821 ora-

1182 1838 1221 1867 tio
1242 1838 1311 1867 nihil
1338 1838 1413 1868 aliud
1435 1841 1477 1868 est
1504 1847 1588 1876 quam
1621 1850 1635 1864 α
1656 1847 1787 1868 ascensus
1817 1839 1972 1869 intellectus
2000 1839 2034 1869 ad

1186 2081 1338 2103 immoderata
1356 2082 1411 2103 vitia
1429 2084 1451 2104 et
1473 2082 1674 2109 concupiscentiae
1693 2082 1773 2104 malae.
1791 2081 1833 2104 Ubi
1857 2084 1934 2104 autem
1953 2082 2036 2104 suerint

1186 2121 1314 2148 lacrymae,
1332 2120 1363 2142 ibi
1388 2121 1513 2149 spiritualis
1530 2121 1591 2149 ignis
1617 2121 1759 2145 accenditur.
1783 2121 1822 2150 qui
1849 2124 1936 2143 secreta
1954 2121 2036 2144 mentis

1187 2160 1298 2182 illuminet
1310 2168 1331 2182 n.
1349 2160 1392 2182 Pro
1410 2159 1512 2183 Nullum
1529 2159 1621 2183 habebit
1641 2164 1763 2183 accessum
1785 2160 1933 2189 compunctio
1957 2160 2000 2188 (ita
2020 2161 2036 2182 E

1186 2199 1236 2227 Hl)
1254 2199 1271 2221 Α
1284 2199 1351 2221 BDL
1372 2202 1393 2221 et
1412 2199 1462 2220 Vnt.
1479 2205 1532 2221 cum
1556 2199 1593 2221 ed.
1615 2199 1619 2220 l
1642 2198 1731 2222 Nullus
1754 2198 1845 2222 habebit
1865 2205 1987 2222 accessum
2004 2198 2037 2222 ad

1186 2237 1392 2267 compunctionem
1411 2238 1471 2264 (Vat.
1490 2244 1543 2260 cum
1560 2238 1597 2260 ed.
1617 2239 1624 2259 l
1647 2238 1859 2267 compositionem).
1874 2250 1906 2255 —
1923 2238 2035 2266 Superius

1187 2282 1229 2304 pro
1246 2276 1279 2299 ad
1295 2276 1372 2299 risam
1391 2278 1406 2299 Β
1417 2278 1434 2299 Η
1452 2276 1484 2300 ad
1499 2276 1635 2300 ridendum.

1250 2315 1259 2328 ⁶
1278 2316 1359 2338 Psalm.
1388 2317 1424 2343 18,
1449 2317 1485 2339 15.
1502 2329 1533 2332 ——
1556 2316 1660 2339 Subinde
1679 2317 1807 2344 allegantur
1830 2317 1866 2339 Ps.
1883 2316 1920 2339 50.
1943 2319 1965 2339 et
1982 2316 2036 2339 anti-

1188 2356 1264 2383 phona
1282 2356 1349 2378 Salve
1366 2355 1454 2383 Regina
1473 2356 1535 2384 (edd.
1553 2356 1673 2383 omittunt)
1692 2362 1718 2378 ex
1735 2356 1890 2384 Completorio
1912 2362 1966 2378 cum
1985 2362 2037 2378 ora-

1188 2395 1261 2421 tione,
1280 2401 1322 2422 pro
1339 2401 1384 2424 qua
1404 2395 1528 2417 ABDEH
1551 2394 1693 2417 substituunt
1714 2396 1772 2418 hanc
1791 2395 1823 2424 (in
1845 2395 1927 2418 Missali
1945 2398 1967 2418 et
1982 2396 2036 2418 Bre-

1189 2434 1247 2456 viar.
1259 2434 1363 2456 Romano
1376 2440 1418 2462 pro
1436 2434 1555 2457 Dominica
1573 2435 1606 2456 13.
1624 2437 1675 2462 post
1688 2434 1799 2462 Pentec.)2
1811 2434 1963 2463 Omnipotens
1979 2441 2037 2457 sem-

1189 2473 1279 2501 piterne
1296 2473 1369 2500 Deus,
1387 2473 1415 2495 da
1434 2472 1502 2495 nobis
1519 2473 1585 2501 fidei,
1603 2473 1652 2501 spei
1669 2476 1691 2495 et
1711 2473 1810 2495 caritatis
1827 2476 1991 2502 augmentum,
2015 2476 2037 2495 et

1189 2516 1214 2535 ut
1231 2518 1363 2535 mereamur
1375 2512 1467 2541 assequi
1485 2512 1547 2541 quod
1562 2512 1688 2540 promittis,
1705 2514 1739 2535 sac
1756 2519 1797 2535 nos
1809 2519 1887 2535 amare
1898 2513 1962 2541 quod
1974 2518 2037 2541 prae-

1189 2552 1254 2580 cipis.
1274 2552 1314 2574 Per
1332 2552 1447 2574 Christum
1466 2552 1591 2573 Dominum
1608 2554 1651 2574 etc.

1253 2590 1261 2603 ⁷
1279 2592 1334 2613 Luc.
1354 2591 1394 2618 le,
1418 2592 1436 2613 l.
1453 2604 1483 2606 —
1501 2590 1605 2613 Subinde
1622 2597 1665 2618 pro
1686 2590 1819 2620 expendere
1835 2592 1926 2620 tempus
1950 2592 1965 2613 E
1983 2590 2037 2614 bene

1189 2629 1323 2659 eoependere
1340 2636 1408 2659 opas.

1252 2668 1261 2681 ⁸
1279 2669 1412 2692 Secundum
1430 2670 1535 2691 Glossam
1550 2668 1702 2692 ordinariam
1720 2669 1741 2691 in
1759 2670 1812 2691 Luc.
1835 2669 1874 2697 18,
1893 2669 1913 2691 l.
1931 2669 2038 2697 superius

1189 2715 1244 2737 pag.
1265 2708 1322 2736 434,
1342 2712 1394 2731 nota
1419 2708 1440 2730 4.
1466 2709 1595 2736 allegatam.
1620 2707 1676 2730 Cod.
1699 2708 1717 2730 H
1736 2707 1791 2730 bene
1814 2707 1925 2737 ope7·art';
1944 2708 1948 2729 Ι
1967 2708 2035 2735 legit:

1189 2747 1291 2771 servitiis
1316 2746 1494 2770 communitatis
1519 2746 1617 2770 utilibus
1642 2748 1663 2769 et
1688 2746 1828 2770 necessariis
1838 2755 1848 2775 ‚·
1872 2753 1931 2769 nam
1954 2752 2038 2770 seeun-

1190 2786 1247 2809 dum
1273 2786 1413 2816 Apostolum
1439 2786 1490 2814 [cir.
1514 2787 1528 2808 1.
1553 2786 1635 2808 Thess.
1660 2786 1686 2812 5,
1713 2785 1756 2807 Ὶ171
1783 2784 1838 2808 Sine
1863 2784 2037 2808 intermissione

1190 2827 1267 2853 orate,
1280 2826 1343 2854 quod
1362 2825 1439 2848 Glossa
1456 2824 1581 2848 ordinaria
1595 2825 1623 2847 ita
1635 2824 1746 2854 explicat]
1759 2830 1807 2847 non
1819 2826 1896 2847 cessat
1911 2830 1983 2847 orare
1994 2827 2036 2847 etc.

1252 2864 1262 2877 ⁹
1279 2865 1346 2887 Eccli.
1364 2865 1406 2893 35,
1424 2865 1467 2891 21,
1491 2864 1530 2886 ubi
1552 2871 1595 2892 pro
1611 2865 1719 2893 penetrat
1736 2864 1834 2891 Vulgata
1849 2862 1991 2893 penetrabit.
2006 2876 2037 2879 —

1190 2904 1295 2927 Subinde
1312 2905 1423 2932 allegatur
1440 2904 1509 2926 Marc..
1528 2904 1569 2930 11,
1587 2903 1628 2930 24,
1646 2902 1685 2925 ubi
1703 2910 1745 2931 pro
1760 2902 1881 2932 Quidquid
1891 2905 1913 2925 et
1929 2902 1972 2933 fiat
1983 2903 2036 2925 Vul-

1190 2946 1242 2971 gata
1262 2943 1429 2972 Quaecumque
1446 2945 1468 2964 et
1485 2942 1596 2965 evenient.

1254 2982 1273 2994 ¹⁰
1289 2982 1352 3004 Libr.
1371 2983 1394 3004 ll.
1411 2982 1494 3004 Homil.
1511 2982 1533 3003 in
1550 2982 1638 3009 Evang.
1656 2981 1734 3003 homil.
1752 2981 1788 3003 27.
1806 2987 1828 3002 n.
1846 2981 1871 3002 8:
1887 2980 1964 3003 Virtus
1981 2985 2037 3007 ergo

1190 3027 1259 3043 verae
1276 3021 1386 3044 orationis
1403 3024 1437 3043 est
1454 3020 1565 3043 celsitudo
1583 3020 1691 3042 caritatis.

2042 583 2095 603 Risus
2108 586 2131 605 vit

2049 1657 2120 1678 nolana
2131 1670 2133 1677 .
