2133 3317
371 258 426 282 (2οΝ

167 311 199 316 --
221 298 379 322 Confessarius
403 297 519 326 legitimus
543 296 686 319 necessarius

119 341 156 361 est
174 344 217 366 pro
234 337 310 359 valida
327 337 470 360 confessione
488 336 532 358 382
550 336 563 357 2
584 348 615 351 -
637 335 685 357 Non

122 380 158 400 est
173 377 330 399 confitendum
347 376 410 398 laicis
427 375 471 397 384
493 375 514 396 11

168 428 199 432 -
214 416 303 438 Fideles
319 414 405 438 subditi
422 414 490 437 etiam
517 413 572 436 boni
593 413 686 441 plebani

121 455 144 477 in
162 461 200 478 sex
218 454 310 477 casibus
327 454 390 482 apud
406 453 463 476 alios
473 453 576 475 confiteri
589 455 686 481 possunt

121 494 167 516 379
187 494 215 516 44
239 507 270 510 —-
287 493 384 522 Quando
401 492 454 521 quis
471 492 543 520 possit
563 494 586 515 et
603 491 686 514 debeat

120 533 185 555 alteri
203 533 319 560 confiteri,
335 538 382 554 non
399 531 494 560 proprio
511 531 625 554 sacerdoti
640 531 684 553 379

123 572 160 595 45,
177 578 227 600 sqq.
244 583 275 588 --
300 570 425 593 Prohibitio
443 570 534 598 plebani
555 577 601 593 non
618 571 686 593 confi-

120 611 185 633 tendi
201 610 265 638 apud
282 610 337 632 alios
354 610 435 638 triplici
453 610 482 632 de
494 615 562 632 causa
578 610 640 632 irrita
652 612 687 632 est

121 650 167 672 382
187 650 194 671 1
215 661 247 666 -
263 650 286 672 ln
303 649 384 671 decem
401 652 489 677 septem
502 648 595 671 casibus
607 649 686 671 fideles

120 689 234 711 licentiam
253 687 337 711 habent
354 688 477 711 confitendi
488 688 538 710 aliis
556 688 600 710 380
622 688 686 710 19-

122 728 247 756 Praecipue
259 730 354 756 propter
370 731 470 756 quatuor
486 733 554 750 casus
565 727 633 749 etiam
646 728 687 749 ho-

121 769 200 789 nestae
225 772 338 795 personae
355 767 434 789 timent
458 766 506 789 suis
527 765 686 789 sacerdotibus

120 806 224 829 confiteri
243 806 283 828 381
305 806 334 828 20

169 845 267 873 —lpse
284 845 360 873 pudor
382 845 505 867 confitendi
528 845 651 873 plerosque
673 850 685 866 a

123 888 218 912 peccato
236 885 336 906 deterret
347 884 391 906 376
404 884 417 906 7
431 896 461 899 —
472 883 609 906 Confitendo
621 883 685 905 multi

120 923 226 952 discunt,
242 923 330 952 aliquid
347 929 398 945 esse
420 925 554 951 peccatum,
576 922 639 951 quod
662 928 686 944 se

122 962 235 990 putabant
259 962 350 984 innoxie
367 964 501 990 perpetrare
521 960 575 984 ibid.
601 973 631 977 —
656 962 686 983 Ex

122 1001 249 1024 humilitate
271 1001 421 1023 confessionis
443 1003 560 1023 merentur
581 1000 687 1022 homines

121 1040 146 1062 in
163 1041 226 1062 caelo
243 1040 334 1062 exaltari
351 1043 373 1062 et
390 1046 402 1062 a
420 1040 520 1067 peccatis
545 1040 612 1062 citius
635 1046 687 1068 pur-

120 1079 172 1107 gari
189 1078 241 1102 ibid.
259 1091 290 1096 ·--
307 1079 407 1101 veridica
426 1079 473 1101 Deo
495 1079 600 1107 rependit
620 1079 687 1101 sacri-

121 1118 200 1141 ficium
218 1118 295 1141 cordis
318 1118 407 1141 contriti
433 1118 477 1140 ·l30
499 1118 514 1140 7
541 1117 596 1141 Vide
618 1118 685 1140 etiam

121 1163 144 1180 v.
161 1157 314 1180 Paenitentia.

169 1196 321 1219 Coxfsssones
336 1209 368 1213 —
385 1196 486 1219 eminent
502 1197 587 1224 pietate
603 1198 626 1219 et
645 1196 688 1219 cle-

122 1235 206 1258 mentia
224 1236 253 1258 62
271 1236 299 1258 48
316 1248 348 1252 -
365 1235 447 1258 imitari
463 1235 577 1258 debemus
588 1242 630 1263 per
641 1235 688 1263 pie-

121 1277 192 1297 tatem
209 1277 232 1297 et
248 1275 411 1297 continentiam
430 1274 455 1296 5t
478 1275 507 1297 47

169 1313 316 1336 Courmamta
335 1326 365 1329 —
382 1314 471 1336 cunctis
487 1314 630 1342 praecipitur
642 1313 686 1336 324

121 1353 153 1375 23
164 1365 195 1370 -
207 1353 229 1375 in
244 1353 426 1376 misericordiam
439 1353 478 1376 Dei
491 1359 610 1382 nunquam
624 1353 688 1375 amit-

122 1392 189 1415 tenda
209 1393 253 1415 492
271 1393 284 1414 6
301 1405 333 1410 -
349 1399 390 1415 cur
407 1393 435 1415 sit
458 1392 565 1415 habenda
591 1392 636 1415 324
658 1392 687 1415 24

120 1444 154 1449 —-
170 1431 264 1454 Fiducia
282 1432 382 1454 nascitur
399 1438 426 1454 ex
444 1432 562 1460 vigilantia
582 1434 604 1454 et
628 1432 688 1460 parit

122 1471 335 1499 concupiscentiam
354 1471 383 1494 45
399 1471 414 1493 7
432 1484 461 1487 —
486 1474 581 1499 propter
603 1471 687 1499 Sponsi

122 1510 283 1532 certitudinem
301 1511 415 1532 confortat
433 1509 461 1532 14
479 1511 501 1532 6.
520 1511 548 1533 15
566 1511 579 1532 8

170 1561 201 1566 -
218 1549 288 1572 debet
308 1555 358 1572 esse
383 1549 406 1572 in
431 1549 631 1572 commiseratione
655 1556 689 1572 re-

121 1591 204 1616 spectu
221 1588 320 1617 proximi
337 1592 431 1617 propter
448 1589 576 1617 patrocinia
596 1595 688 1617 semper

124 1630 203 1656 parata
222 1628 250 1650 46
269 1628 298 1650 10

171 1666 324 1690 Couronurrits
345 1679 376 1684 —
401 1668 488 1690 Omnes
512 1667 643 1690 affectiones
667 1669 690 1690 et

122 1707 253 1729 voluntates
269 1712 363 1735 semper
380 1706 559 1729 conformandae
583 1709 636 1729 sunt
657 1707 690 1729 di-

124 1745 192 1767 vinae
208 1745 320 1768 voluntati
338 1745 383 1768 495
400 1752 413 1768 a
430 1757 461 1762 —
486 1745 630 1768 Conformari
652 1745 690 1768 de-

125 1784 209 1807 bemus
224 1784 314 1808 Christo
333 1785 377 1807 489
395 1786 417 1808 3.
431 1792 468 1814 sq.
478 1797 510 1802 —
521 1785 601 1808 divina
613 1785 690 1815 acqui-

123 1824 182 1846 ritur
199 1830 239 1852 per
257 1824 406 1846 imitationem
425 1824 507 1847 Christi
525 1825 625 1847 crucifixi
646 1825 689 1847 130

123 1863 137 1885 7
155 1875 186 1880 —-
205 1863 235 1886 ad
260 1862 376 1886 Christum
402 1864 528 1893 acquiritur
553 1865 690 1887 condescen-

123 1902 189 1925 sione
205 1901 354 1930 benignitatis
371 1903 416 1925 325
434 1904 463 1925 28

171 1954 202 1957 -
219 1942 279 1964 Vere
296 1941 444 1965 credentibus
461 1942 567 1965 solatium
584 1945 619 1966 est
638 1949 691 1966 con-

125 1981 221 2009 figurari
238 1980 327 2004 Christo
345 1981 390 2004 326
417 1982 446 2004 28
471 1994 502 1998 -
527 1982 557 2005 ad
573 1982 689 2006 Christum

124 2020 221 2042 molesta
239 2023 273 2042 est
290 2020 421 2043 infidelibus
437 2020 490 2044 ibid.

172 2058 280 2082 Com-*usto
296 2072 328 2076 —
345 2062 379 2082 est
393 2060 483 2083 inimica
497 2060 658 2089 intelligentiae
670 2064 692 2084 et

126 2098 253 2121 memoriae
270 2098 315 2120 450
332 2105 345 2121 a

171 2135 326 2159 Coruncanio
342 2149 373 2152 ——
391 2137 467 2159 omnis
484 2137 626 2165 impossibile
638 2144 692 2166 pro-

125 2175 193 2198 fitens
210 2178 244 2198 est
260 2176 419 2204 superstitiosa
438 2178 460 2198 et
471 2177 530 2199 fatua
539 2193 545 2204 ,
557 2183 583 2199 ac
595 2183 637 2205 per
649 2178 692 2201 hoc

128 2213 275 2242 reprobanda
293 2214 337 2237 304
356 2215 368 2237 3
390 2214 445 2238 Vide
460 2221 483 2238 v.
502 2215 596 2245 Reliqz'o.

173 2252 293 2276 Comuont
309 2265 341 2269 —
358 2253 400 2276 tria
419 2253 568 2277 incommoda
593 2255 693 2278 sentiunt

127 2292 150 2314 in
167 2292 284 2320 praesenti
301 2292 345 2314 209
364 2292 416 2315 104.
435 2299 487 2322 sqq.

174 2330 318 2354 Coxscimn
335 2344 366 2348 —·
379 2332 515 2355 Secundum
527 2339 595 2355 usum
607 2333 694 2356 stimuli

128 2370 281 2393 conscientiae
298 2371 374 2393 anima
391 2374 510 2394 exercetur
527 2372 557 2394 ad
579 2373 694 2400 purgatio-

130 2415 184 2432 nem
201 2410 214 2431 3
232 2410 254 2431 2.
277 2410 290 2432 5
316 2410 329 2431 9
354 2423 385 2426 -
411 2410 523 2433 Stimnlus
542 2411 694 2434 conscientiae

130 2448 304 2476 exasperandus
320 2452 355 2471 est
369 2450 527 2472 recordatione
539 2450 634 2478 triplicis
645 2450 694 2473 vitii

129 2487 143 2509 4
161 2488 182 2510 3.
199 2494 252 2516 sqq.
274 2501 304 2504 -
326 2491 348 2511 et
365 2494 392 2511 ex
409 2489 568 2511 recordatione
589 2492 695 2517 peccato-

125 2532 179 2549 rum
196 2527 210 2549 5
228 2527 241 2548 6
266 2539 297 2543 -
313 2527 403 2550 acuitur
419 2530 498 2550 contra
516 2534 585 2551 omne
607 2529 694 2551 malum

129 2566 336 2594 circumspiciendo
354 2567 415 2589 diem
442 2567 534 2594 mortis,
556 2568 693 2595 sangninem

127 2606 216 2634 crucis,
234 2606 314 2629 faciem
332 2606 414 2629 iudicis
431 2606 462 2629 ib.
479 2607 494 2628 7
512 2619 542 2622 —
556 2607 694 2629 rectificatur

128 2645 153 2667 in
169 2645 320 2673 acquisitione
341 2645 494 2674 strenuitatis,
519 2646 647 2668 severitatis
672 2649 694 2669 et

130 2683 278 2712 benignitatis
294 2683 325 2707 ib.
342 2685 355 2706 8
381 2697 412 2701 —
436 2685 525 2707 munda
548 2685 605 2707 laeta
621 2687 656 2707 est
672 2688 694 2707 et

129 2723 230 2745 iucunda
257 2723 271 2745 5
296 2724 310 2745 9
338 2735 369 2740 -—
394 2724 488 2752 qnando
514 2724 542 2746 sit
567 2729 646 2746 secura
672 2726 694 2746 et

128 2762 215 2784 munda
235 2762 279 2784 146
299 2762 327 2784 16
339 2762 432 2785 —boni
445 2763 522 2791 operis
533 2763 694 2786 exercitatione

129 2801 246 2829 quietatur
263 2801 308 2823 338
326 2800 341 2823 b

177 2851 208 2856 —
224 2839 316 2863 Clamor
338 2841 490 2863 conscientiae
507 2843 599 2864 accusat
615 2847 694 2864 coram

132 2878 180 2901 Deo
197 2878 209 2900 9
227 2878 240 2900 6
258 2891 289 2896 —
305 2878 367 2902 Libri
384 2879 578 2902 conscientiarum
595 2880 695 2908 panden·

130 2919 168 2939 tur
193 2917 215 2939 in
240 2917 325 2940 iudIcio
351 2921 373 2940 et
397 2918 586 2942 contestabuntur
613 2919 695 2941 verita-

130 2958 176 2978 tem
194 2956 223 2978 83
241 2955 265 2978 41
287 2969 318 2974 -
335 2957 420 2985 septies
441 2957 464 2980 in
484 2957 521 2980 die
544 2958 694 2981 examinanda

130 2994 176 3017 496
195 2995 208 3017 6

816 218 916 246 lNDEX
937 217 1183 248 ALPHABETICUS.

767 307 798 312 —
822 295 964 318 testificando
995 296 1017 318 in
1048 295 1195 318 meditatione
1220 296 1285 318 infert

719 334 892 357 conclusionem
909 335 924 357 7
942 336 970 357 49

766 372 926 396 ΟοΝειυΕκΑτιο
943 386 975 390 -
985 374 1089 403 seqnitur
1101 374 1284 400 admirationem,

719 415 743 434 ut
760 412 896 435 exhibeatur
912 413 978 435 latria
998 413 1021 435 41
1045 413 1073 435 42
1104 412 1158 435 Vide
1182 419 1203 436 ii.
1230 413 1285 436 Coit-

718 450 845 481 templatio.

765 490 867 514 CousmA
892 503 922 508 ·—
945 491 986 513 Dei
1010 496 1063 514 sunt
1087 491 1167 514 suavia
1191 490 1285 514 auribus

719 529 747 552 34
768 529 797 552 45

765 581 796 585 -
813 572 891 592 sancta
916 572 938 592 et
959 569 1074 592 salutifera
1099 569 1182 592 devota
1209 572 1284 592 mente

719 608 852 636 accipienda
869 611 922 631 sunt
939 609 968 631 58
987 609 1000 631 4
1012 621 1043 625 -
1058 608 1161 631 virorum
1180 608 1284 637 spiritua-

718 647 774 669 lium
791 648 926 676 quaerenda
943 648 972 670 89
990 648 1003 670 3
1016 661 1046 664 ——
1057 647 1156 670 libenter
1168 648 1284 670 audienda

719 689 741 708 et
757 687 873 709 humiliter
892 687 1025 716 quaerenda
1050 690 1103 710 sunt
1129 687 1173 710 446
1199 687 1227 709 48
1253 699 1284 703 -

719 725 812 754 Triplex
829 729 863 748 est
880 726 963 749 utilitas
981 727 1004 748 in
1021 726 1120 749 consiliis
1145 726 1284 755 quaerendis

720 765 764 787 447
783 765 811 787 49
829 777 859 781 -
882 765 967 788 Tribus
992 766 1022 788 de
1045 766 1121 788 causis
1145 765 1283 794 requirenda

720 808 772 827 sunt
788 804 817 828 ib.
835 805 864 827 20
890 817 920 821 -
946 805 990 833 Qui
1008 805 1031 827 in
1048 805 1083 827 his
1104 805 1179 827 causis
1203 811 1284 827 consu-

719 844 779 866 lendi
797 844 841 866 sint
858 843 912 867 ibid.

766 896 797 899 -
814 889 941 911 pravorum
960 884 1070 911 fugienda
1088 886 1141 906 sunt
1157 883 1187 905 ob
1208 884 1283 911 perni-

719 922 794 944 ciosos
819 923 913 945 effectus
936 923 964 944 89
991 924 1004 945 3
1029 935 1060 939 -
1085 922 1234 945 inconstantia
1261 922 1284 944 in

719 962 814 984 consilio
831 961 925 984 vitanda
942 964 976 984 est
994 961 1034 984 441
1057 962 1069 983 8

767 1013 797 1016 -
822 1000 969 1030 evangelica,
992 1007 1039 1029 qno
1064 1007 1133 1024 sensu
1158 1000 1188 1023 ab
1213 1001 1285 1022 Evan-

720 1039 779 1067 gelio
791 1039 901 1068 distingui
913 1040 1003 1067 possint
1015 1040 1059 1061 396
1075 1040 1102 1061 =10
1120 1052 1150 1055 —
1168 1042 1284 1067 ponuntur

719 1078 741 1100 in
758 1078 844 1101 liberae
860 1079 984 1101 voluntatis
1000 1078 1094 1101 arbitrio
1105 1081 1127 1101 et
1145 1079 1217 1101 omitti
1235 1084 1286 1106 pos-

720 1120 772 1140 sunt
788 1117 877 1147 absque
894 1121 990 1146 peccato
1007 1117 1051 1140 240
1070 1118 1083 1140 3
1100 1130 1132 1134 -
1148 1118 1178 1140 de
1194 1124 1219 1140 se
1239 1124 1285 1140 non

720 1157 826 1185 obligant
842 1157 884 1179 nisi
902 1157 1031 1179 voluntarie
1049 1163 1076 1179 ca
1093 1157 1225 1185 profitentes
1240 1157 1285 1179 279

721 1197 750 1218 20
767 1209 798 1213 -
815 1196 850 1219 Ad
867 1196 987 1219 consilium
1000 1202 1068 1219 nemo
1085 1196 1230 1224 astringitur,
1242 1196 1285 1218 nisi

719 1236 773 1258 velit
789 1236 835 1258 294
853 1236 881 1258 23
900 1248 930 1251 -
947 1235 1039 1258 Consilii
1051 1235 1160 1263 obligatio
1172 1238 1206 1258 est
1217 1242 1286 1263 spon-

721 1278 786 1297 tanea
803 1278 826 1297 ct
842 1275 947 1303 specialis
964 1275 1009 1297 245
1027 1275 1040 1297 4

768 1326 798 1330 -
816 1320 861 1336 non
873 1314 928 1337 solis
940 1314 985 1343 iam
997 1314 1105 1342 perfectis
1116 1317 1285 1342 proponuntur,

720 1353 759 1376 scd
768 1353 884 1381 omnibus,
893 1353 933 1382 qui
944 1354 972 1376 ad
983 1354 1128 1381 perfectionis
1137 1354 1226 1376 culinen
1234 1359 1286 1375 eon-

720 1392 832 1415 scendere
848 1393 928 1415 volunt
939 1393 980 1415 241
1002 1393 1015 1415 8
1031 1405 1061 1408 —
1074 1393 1129 1415 lllnd
1147 1393 1285 1419 consulitur,

722 1432 785 1460 quod
802 1435 837 1455 est
852 1432 1011 1460 promotivnm
1029 1431 1050 1454 in
1068 1432 1150 1454 merito
1175 1434 1197 1454 et
1220 1438 1286 1459 expe-

721 1471 788 1494 diens
805 1471 835 1494 ad
851 1472 948 1494 salutem
969 1470 1014 1494 245
1032 1472 1045 1494 5
1062 1484 1093 1488 -
1110 1472 1239 1493 referuntur
1256 1471 1285 1493 ad

720 1510 821 1533 caritatis
841 1511 997 1539 impletionem
1023 1512 1045 1533 et
1067 1510 1239 1533 observantiam
1256 1509 1286 1533 ib.

722 1550 735 1572 3
753 1562 783 1566 —
801 1551 825 1572 ln
842 1550 1005 1578 adimpletIOne
1017 1550 1170 1578 spiritualium
1183 1549 1287 1572 consilio-

721 1595 774 1612 rum
792 1591 880 1612 constat
895 1589 987 1612 medius
1004 1591 1076 1612 status
1093 1589 1193 1611 caritatis
1209 1588 1254 1611 244
1272 1590 1285 1611 2

770 1641 801 1646 -—
818 1629 947 1657 praeceptis
971 1635 1017 1651 non
1042 1628 1223 1656 contrariantur,
1245 1628 1286 1650 sed

722 1668 802 1696 potins
827 1668 916 1691 addunt
944 1668 974 1691 ad
999 1668 1163 1696 perfectionem
1188 1667 1287 1690 iustitiae

724 1709 768 1730 288
788 1708 801 1730 6
818 1720 850 1724 -
866 1707 961 1730 includit
978 1710 1128 1736 praeceptum
1145 1710 1167 1729 et
1178 1707 1287 1735 superad-

723 1747 768 1775 dit,
784 1749 897 1776 quantum
915 1746 1055 1775 possibilitas
1071 1746 1166 1769 viatoris
1188 1746 1288 1769 admittit

723 1786 768 1809 245
787 1786 800 1809 4
817 1799 848 1803 -
865 1792 918 1809 cum
932 1789 1055 1814 praecepto
1066 1786 1150 1809 dicitur
1159 1787 1287 1814 perfectum

722 1825 776 1849 ibid.
793 1838 824 1842 —
842 1826 863 1848 ln
881 1825 938 1853 ipsis
955 1825 1029 1848 maior
1040 1825 1163 1848 difficultas
1174 1825 1288 1853 reperitur

722 1865 810 1888 ratione
827 1865 918 1893 generis
934 1864 1011 1893 operis
1031 1870 1103 1894 quam
1123 1864 1146 1886 in
1162 1864 1199 1886 via
1216 1863 1288 1886 divini

723 1904 840 1933 praecepti
858 1903 903 1926 248
923 1903 950 1926 45

770 1956 801 1960 -
817 1944 881 1966 Dono
898 1943 986 1966 consilii
998 1943 1066 1965 rectis
1077 1943 1165 1965 semitis
1177 1943 1288 1965 inceditur

725 1985 777 2011 post
793 1983 890 2011 vestigia
907 1982 990 2005 Christi
1008 1983 1036 2004 86
1055 1982 1083 2004 49
1095 1994 1127 1999 -
1138 1981 1224 2005 Tribus
1234 1988 1289 2005 con-

724 2022 780 2044 siliis
796 2022 935 2050 evangelicis
956 2023 1056 2050 perfecte
1073 2021 1200 2044 declinatur
1217 2022 1290 2044 trifor-

724 2061 768 2083 mis
783 2061 849 2089 origo
866 2060 942 2083 omnis
959 2061 1057 2089 mali,et
1075 2061 1098 2082 in
1115 2061 1170 2089 ipsis
1186 2061 1289 2083 consistit

725 2100 800 2128 prima
818 2106 871 2128 pars
888 2100 1034 2128 evangelicae
1051 2100 1197 2128 perfectionis
1213 2100 1259 2122 245
1275 2100 1289 2122 5

724 2151 755 2155 -
775 2139 955 2167 Supererogatio
972 2139 1044 2161 divini
1065 2139 1151 2162 consilii
1170 2139 1222 2161 facit
1238 2145 1290 2167 per-

726 2178 828 2200 fectionis
856 2178 1004 2205 evangelicae
1033 2179 1124 2200 culmen
1149 2178 1194 2200 253
1221 2177 1234 2200 5
1259 2190 1290 2195 -

726 2217 812 2239 cadunt
832 2216 876 2239 snb
899 2220 954 2240 voto
976 2217 1044 2246 quasi
1069 2217 1216 2240 fundamenta
1242 2223 1291 2245 per-

725 2256 829 2278 fectionis
847 2256 892 2278 246
910 2256 932 2279 9.
949 2256 994 2278 247
1013 2257 1042 2279 40
1067 2269 1098 2273 -
1121 2258 1229 2284 separant
1245 2256 1291 2278 ani-

726 2301 778 2317 mae
797 2295 859 2318 vires
883 2295 913 2318 ab
939 2295 1089 2318 universitate
1114 2296 1241 2324 malorum,
1266 2298 1291 2318 ut

726 2333 810 2356 habeat
826 2340 876 2356 esse
894 2340 979 2361 purum
997 2337 1019 2356 et
1035 2334 1167 2357 distinctum
1180 2334 1224 2356 246
1238 2335 1291 2356 9-

727 2372 812 2395 Tribus
828 2372 929 2395 consiliis
952 2373 988 2395 vir
1009 2374 1125 2401 perfectus
1149 2373 1291 2400 crucifigitur

726 2411 814 2433 mundo
832 2411 876 2433 247
895 2412 924 2434 40

774 2450 907 2473 (ΣοκεοιΛτιο
923 2462 955 2467 -
977 2451 1069 2478 divina,
1086 2451 1142 2479 quid
1160 2451 1188 2473 sit
1211 2451 1239 2473 49
1262 2451 1289 2473 43

726 2502 757 2506 -
774 2490 842 2512 valde
859 2490 957 2517 pretiosa
976 2492 998 2512 et
1015 2490 1110 2512 delicata
1127 2492 1161 2512 est
1178 2489 1207 2511 56
1220 2490 1248 2511 42
1260 2502 1290 2506 —-

727 2529 780 2551 Eius
796 2530 890 2551 effectus
907 2529 936 2550 50
956 2529 984 2551 46
1008 2541 1038 2544 ——
1061 2535 1113 2551 raro
1136 2528 1244 2551 tribuitur
1262 2529 1291 2551 56

728 2568 756 2590 42
773 2580 805 2584 -
821 2574 868 2590 non
885 2567 993 2590 omnibus
1012 2568 1165 2590 indifferenter
1184 2567 1291 2590 tribuitur

726 2606 781 2629 ibid.
798 2620 829 2623 —
846 2606 892 2629 Cur
909 2607 1033 2635 aliqnando
1052 2607 1110 2629 desit
1122 2607 1211 2629 animae
1222 2607 1291 2629 devo-

726 2648 762 2668 tae
780 2645 805 2668 51
829 2646 857 2668 17
873 2658 905 2663 —-
921 2651 991 2674 saepe
1014 2645 1044 2668 ob
1061 2646 1233 2674 multiloquium
1254 2646 1291 2668 de-

726 2688 826 2713 negatur
843 2685 886 2707 489
907 2686 915 2707 4

773 2736 804 2740 -
820 2724 902 2746 Anima
914 2725 1006 2747 anhelat
1017 2724 1047 2747 ad
1059 2724 1224 2752 plenitudinem
1236 2730 1291 2746 con-

727 2763 844 2785 solationis
860 2763 953 2785 divinae
970 2763 995 2786 51
1019 2763 1047 2785 49
1068 2762 1123 2786 Vide
1144 2769 1164 2786 c.
1188 2762 1290 2786 Dulcedo

727 2805 786 2825 etv.
803 2801 920 2825 Ebrietas.
943 2814 975 2819 —
1000 2802 1077 2825 divina
1102 2808 1146 2825 non
1169 2805 1203 2825 est
1225 2808 1291 2830 prae-

727 2844 847 2864 sumtuose
864 2841 1000 2869 postulanda
1019 2841 1044 2864 51
1063 2841 1090 2863 48
1104 2853 1133 2857 —
1146 2841 1291 2869 Praeparatio

727 2880 835 2909 requisita
853 2880 882 2903 ad
900 2886 951 2902 cam
969 2879 1120 2903 obtinendam
1139 2880 1167 2902 50
1194 2880 1230 2902 45.
1256 2887 1290 2909 sq.

728 2919 757 2941 56
776 2920 813 2941 42.
829 2925 864 2948 sq.
880 2919 1040 2948 —quomodo
1058 2919 1189 2947 acquiratur
1207 2919 1235 2941 49
1254 2919 1292 2942 44.

728 2958 758 2980 50
774 2958 808 2981 15.
819 2964 854 2987 sq.
865 2971 895 2975 —
904 2964 950 2981 non
960 2960 1076 2986 gustatur,
1088 2958 1131 2981 nisi
1148 2957 1207 2981 bene
1215 2958 1291 2986 dispo-

729 2997 776 3020 sitis
793 2997 912 3020 atfectibus
928 2997 957 3019 56
976 2998 1005 3019 42
1022 3010 1052 3014 —
1070 3003 1082 3019 a
1100 2997 1177 3020 multis
1196 2997 1291 3025 limpide

1824 221 1876 248 701

1575 257 1630 281 CON

1318 296 1341 318 in
1358 297 1400 319 hac
1423 297 1469 319 vita
1493 297 1632 325 speculatur,
1657 297 1699 320 sed
1724 297 1818 319 minime
1841 298 1878 320 de-

1319 338 1423 363 gustatur
1440 335 1493 359 ibid.
1510 348 1542 352 —
1563 336 1674 358 divinitus
1698 336 1825 359 infunditur
1849 337 1881 358 la-

1319 373 1454 397 borantibus
1471 381 1513 403 pro
1529 374 1619 398 Christo
1636 375 1665 397 50
1685 375 1712 397 46
1729 387 1760 392 -
1777 375 1881 403 superin-

1319 413 1422 436 funditur
1438 414 1581 442 pauperibus
1597 414 1638 436 301
1660 415 1690 437 20
1706 426 1737 431 ·—-
1755 414 1844 442 capitur
1855 420 1881 437 ex

1319 452 1466 475 meditatione
1483 453 1594 476 felicitatis
1610 456 1716 476 aeternae
1741 453 1771 475 55
1798 454 1821 475 11
1851 465 1881 470 -

1318 491 1414 514 Animae
1431 492 1529 515 devotae
1549 492 1729 515 multiformibus
1749 493 1882 515 consolatio-

1318 530 1387 554 nibus
1403 531 1508 554 cibantnr
1526 531 1549 553 in
1566 531 1636 554 variis
1659 531 1881 554 considerationibus

1318 569 1347 592 de
1364 570 1453 593 Christo
1471 571 1500 592 69
1519 570 1532 592 4
1544 583 1575 586 —
1586 570 1673 593 occulte
1685 570 1797 593 tenendae
1809 570 1854 593 495
1866 570 1881 592 1)

1365 621 1395 626 -—
1412 610 1528 632 mundana
1546 616 1605 632 vana
1622 612 1656 632 est
1674 609 1701 632 49
1716 610 1744 632 43
1756 609 1881 632 —mundi

1318 648 1408 676 penitus
1424 648 1548 671 reficienda
1565 651 1599 671 est
1616 648 1660 671 493
1678 648 1693 670 b

1364 687 1503 710 Cousouriuu
1530 700 1561 704 —
1585 690 1719 715 suspectum
1744 688 1880 716 mulierum,

1317 727 1374 755 quid
1391 727 1420 749 sit
1430 726 1474 749 435
1486 727 1499 749 2
1513 739 1542 743 -—
1554 726 1730 749 Constitutiones
1741 727 1819 756 quoad
1831 727 1880 755 ipsa

1319 766 1362 788 457
1381 765 1396 788 b

1365 805 1508 828 CONSPtRATto
1530 817 1562 821 —
1578 804 1784 828 ConstitutionIbus
1806 805 1882 833 prohi-

1318 844 1409 867 hibetur
1427 844 1471 866 457
1489 844 1504 866 b

1364 883 1502 906 Cousnrrrm
1519 895 1551 899 —
1568 884 1681 911 perfectae
1698 883 1789 905 virtutis
1806 883 1881 912 acqui-

1317 922 1374 944 ritur
1391 922 1476 944 ieiunio
1493 922 1533 944 271
1557 923 1584 944 18
1602 934 1633 938 -
1650 922 1746 944 Devotio
1759 923 1818 950 parit
1829 928 1883 945 con-

1318 961 1424 983 stantiam
1440 964 1519 983 contra
1537 961 1635 983 adversa
1654 961 1697 983 148
1716 962 1729 983 2

1366 1000 1576 1023 (ἶοκετᾼκτικοροιιε
1591 1013 1622 1016 -
1642 1000 1687 1023 554
1703 1000 1717 1021 7

1366 1038 1511 1062 ΟοΝετΛΝτιΝι
1535 1052 1566 1055 -
1593 1039 1737 1067 imperatoris
1762 1039 1882 1061 conversio

1319 1078 1348 1100 ad
1365 1078 1435 1100 fidem
1453 1078 1504 1106 plus
1522 1078 1608 1106 profuit
1620 1078 1733 1101 Ecclesiae
1744 1084 1814 1107 quam
1828 1078 1883 1101 mul⁷

1319 1119 1395 1139 torum
1413 1118 1510 1140 aliorum
1529 1117 1573 1139 353
1591 1117 1606 1139 b

1365 1156 1550 1179 Cousriru'rioues
1566 1169 1597 1173 —
1622 1157 1776 1185 suffragantur
1793 1157 1821 1179 ad
1840 1157 1884 1185 spi-

1319 1196 1407 1218 ritualis
1425 1195 1484 1218 vitae
1501 1195 1662 1223 concordiam,
1680 1196 1788 1218 decorem
1806 1198 1827 1218 et
1843 1202 1883 1218 cu-

1319 1235 1418 1257 stodiam
1437 1235 1481 1257 449
1500 1235 1515 1257 b
1532 1248 1563 1251 ——
1579 1235 1706 1258 innumeris
1731 1235 1885 1257 deordinatio-

1319 1275 1388 1298 nibus
1405 1276 1467 1298 viam
1485 1276 1638 1304 praecludunt
1656 1276 1696 1298 474
1726 1276 1740 1298 5
1760 1289 1790 1291 -
1815 1279 1840 1298 ut
1861 1276 1883 1298 in

1319 1315 1426 1343 pluribus
1444 1316 1504 1338 intra
1522 1315 1670 1343 perfectionis
1687 1318 1709 1337 et
1725 1315 1831 1343 puritatis
1842 1316 1886 1337 Re-

1319 1355 1388 1382 gulae
1410 1354 1540 1383 promissae
1561 1354 1713 1377 substantiam
1735 1353 1884 1376 includuntur

1320 1394 1363 1416 449
1383 1393 1397 1415 b
1414 1407 1445 1409 —
1461 1393 1556 1422 Absque
1573 1393 1675 1421 periculo
1687 1393 1827 1421 parvipendi
1838 1399 1885 1415 non

1319 1436 1416 1461 possunt
1434 1433 1478 1455 450
1496 1439 1508 1455 a
1525 1445 1557 1449 —
1573 1433 1657 1455 Earum
1674 1433 1792 1460 neglectus
1813 1433 1883 1454 multa

1319 1473 1378 1494 mala
1396 1472 1504 1500 producit
1521 1472 1565 1494 470
1584 1472 1597 1494 3

1367 1511 1512 1534 CousuaTuno
1529 1523 1560 1528 ·--
1577 1511 1700 1539 Quomodo
1717 1511 1829 1533 tractandi
1841 1510 1885 1533 sint

1319 1550 1404 1573 subditi
1433 1551 1583 1573 inveteratam
1612 1551 1666 1573 mali
1693 1550 1884 1573 consuetudinem

1320 1590 1431 1613 habentes
1450 1590 1493 1612 444
1512 1590 1540 1612 40

1366 1629 1496 1652 Cursum-:ns
1513 1641 1544 1646 --
1560 1629 1603 1658 Qui
1622 1629 1644 1651 in
1661 1628 1734 1651 tribus
1751 1628 1826 1651 causis
1841 1628 1885 1651 sint

1320 1668 1456 1691 consulendi
1476 1668 1519 1690 447
1537 1669 1567 1691 20

1367 1707 1527 1731 Cousunimrio
1544 1720 1576 1724 —
1591 1706 1643 1730 vide
1659 1713 1680 1730 v.
1699 1706 1885 1730 Pei-severantia.

1368 1746 1534 1769 Coursnrmrio
1550 1759 1581 1763 —
1593 1746 1646 1769 Eius
1658 1745 1774 1769 obiectum
1786 1749 1820 1768 est
1832 1752 1886 1775 qua·

1321 1786 1418 1814 drnplex
1436 1787 1465 1808 28
1483 1787 1497 1808 2
1514 1798 1545 1802 -
1557 1786 1670 1814 Multiplex
1682 1788 1717 1808 est
1727 1785 1822 1808 materia
1834 1791 1886 1807 con-

1321 1825 1467 1848 siderationis
1492 1825 1536 1847 496
1558 1831 1570 1847 a
1595 1838 1626 1841 —-
1651 1825 1757 1853 Quinque
1782 1824 1885 1853 quotidie

1320 1864 1488 1888 consideranda
1504 1866 1559 1887 sunt
1576 1864 1621 1886 497
1638 1870 1651 1886 a

1366 1916 1399 1921 --
1415 1903 1450 1926 Ad
1467 1909 1518 1926 eam
1536 1903 1661 1932 requiritur
1685 1903 1786 1931 potentia
1807 1909 1886 1931 super·

1322 1943 1454 1966 naturaliter
1471 1943 1614 1970 confortans,
1631 1943 1743 1970 sapientia
1765 1942 1885 1970 regularis,

1322 1983 1441 2005 clementia
1458 1982 1581 2004 consolans
1597 1982 1627 2004 28
1646 1982 1654 2004 ’1
1681 1994 1711 1998 -
1733 1981 1839 2010 Aquilino
1856 1980 1887 2003 in-

1323 2022 1380 2044 tuitu
1402 2021 1565 2050 perspicaciter
1589 2020 1794 2048 contemplandum
1817 2020 1842 2042 71
1874 2021 1882 2041 1

1321 2073 1353 2077 -
1370 2061 1388 2083 Α
1405 2060 1491 2089 quibus
1515 2060 1653 2088 purgandus
1669 2059 1698 2082 sit
1719 2060 1813 2082 affectus
1838 2065 1889 2082 con-

1323 2100 1456 2128 templantis
1473 2099 1502 2121 56
1518 2101 1524 2121 1
1541 2112 1570 2115 -
1583 2099 1655 2122 Nemo
1673 2100 1749 2127 potest
1765 2098 1890 2121 ascendere

1323 2140 1353 2162 ad
1369 2139 1410 2162 Dei
1423 2139 1654 2167 contemplationem,
1667 2138 1710 2160 nisi
1722 2138 1786 2166 prius
1797 2137 1890 2160 descen-

1324 2179 1363 2201 dat
1379 2184 1420 2206 per
1438 2178 1473 2200 sui
1499 2177 1650 2200 humilitatem
1673 2176 1718 2199 477
1742 2177 1755 2198 3
1781 2189 1812 2193 -
1835 2176 1890 2199 Con-

1324 2217 1481 2246 templationis
1498 2216 1578 2239 radius
1594 2215 1759 2239 obtenebratur
1782 2222 1823 2244 per
1841 2221 1892 2243 pec-

1325 2259 1402 2279 catum
1425 2256 1454 2279 39
1473 2256 1502 2278 29
1519 2268 1550 2272 -
1567 2256 1618 2284 Quo
1629 2255 1712 2278 ordine
1723 2254 1852 2277 inchoanda
1864 2255 1892 2277 sit

1325 2296 1354 2318 29
1372 2296 1381 2318 4
1405 2308 1434 2311 -
1452 2294 1555 2318 Indebito
1572 2294 1652 2317 ordine
1669 2294 1817 2322 procedendo
1839 2294 1888 2316 eius

1324 2335 1433 2357 meritum
1449 2334 1555 2362 perditur
1573 2332 1627 2356 ibid.
1643 2346 1674 2349 —
1691 2333 1732 2355 Per
1749 2333 1887 2361 contempla-

1324 2373 1410 2396 tionem
1429 2372 1602 2395 ascendendum
1620 2375 1655 2394 est
1670 2372 1799 2394 secundum
1816 2372 1887 2400 tripli-

1324 2418 1375 2434 cem
1392 2412 1454 2434 viam
1473 2414 1495 2434 et
1512 2411 1589 2439 plures
1605 2411 1693 2439 gradus
1708 2411 1730 2433 in
1744 2410 1846 2439 qualibet
1858 2411 1887 2433 42

1326 2452 1334 2473 4
1355 2463 1387 2467 -
1403 2450 1585 2478 Contemplando
1597 2450 1622 2472 fit
1633 2449 1765 2472 exercitium
1777 2450 1836 2472 circa
1849 2450 1886 2472 tri-

1325 2490 1407 2518 plicem
1425 2490 1487 2511 viam
1505 2489 1518 2511 3
1538 2489 1545 2511 4

1371 2541 1402 2546 -
1420 2529 1461 2551 Per
1477 2528 1675 2556 contemplationis
1691 2529 1785 2551 oculum
1802 2528 1888 2551 intuen-

1324 2568 1369 2591 dus
1385 2567 1487 2590 veritatis
1503 2567 1582 2590 radius
1600 2568 1627 2590 43
1646 2568 1658 2589 3
1675 2579 1707 2584 -
1728 2567 1769 2589 Per
1786 2570 1888 2590 contem-

1324 2607 1449 2635 plationem
1468 2607 1556 2629 Veritas
1573 2609 1608 2629 est
1624 2606 1758 2628 admiranda
1776 2606 1805 2628 ad
1818 2606 1889 2628 imita-

1325 2647 1411 2668 tionem
1428 2645 1552 2668 Cherubim
1571 2646 1598 2667 18
1618 2645 1647 2667 44
1663 2658 1694 2661 -
1714 2645 1846 2668 divinornm
1863 2645 1888 2668 fit

1325 2685 1473 2713 intelligentia
1491 2685 1519 2707 16
1538 2685 1551 2706 9
1569 2697 1598 2701 —
1615 2685 1658 2707 Per
1669 2685 1887 2712 contemplationem

1324 2725 1457 2747 divinorum
1475 2724 1500 2747 tit
1516 2723 1600 2746 erectio
1617 2729 1687 2752 super
1704 2730 1746 2746 nos
1766 2729 1807 2752 per
1822 2729 1888 2752 aspe-

1324 2767 1387 2787 ctum
1403 2763 1506 2786 veritatis
1522 2762 1576 2786 ibid.

1371 2815 1401 2819 —
1414 2802 1546 2825 Secundum
1558 2802 1633 2830 legem
1645 2802 1749 2825 mentalis
1761 2802 1887 2824 munditiae

1324 2844 1346 2864 et
1363 2841 1426 2870 pacis
1448 2847 1513 2864 mens
1535 2841 1617 2864 devota
1640 2847 1682 2869 per
1697 2847 1801 2863 amorem
1819 2843 1888 2864 ecsta-

1325 2881 1394 2903 ticum
1412 2881 1434 2902 in
1451 2880 1543 2903 divinos
1559 2880 1694 2908 splendores
1710 2883 1733 2903 et
1748 2880 1843 2903 ardores
1855 2886 1888 2903 sa-

1324 2925 1376 2943 cros
1392 2919 1460 2942 sentit
1475 2925 1595 2942 excessum
1607 2919 1652 2941 246
1665 2919 1678 2941 6
1692 2931 1720 2935 --
1734 2919 1776 2941 Per
1787 2925 1888 2941 sursum-

1324 2958 1426 2981 actiones
1440 2958 1560 2987 quiescere
1572 2958 1696 2986 perfectius
1706 2960 1751 2986 est,
1763 2964 1834 2987 quam
1846 2964 1888 2986 per

1324 2997 1461 3021 extrinsecas
1477 2997 1641 3026 occupationes
1657 2997 1745 3020 turbari
1762 2997 1806 3020 294
1820 2998 1848 3020 22
1859 3010 1888 3014 --
