2133 3317
148 438 252 457 praescivit

140 467 192 480 snam
209 467 257 480 mol*-

146 672 253 692 Revertitur

129 697 153 715 ad
159 697 178 715 S.
186 696 263 715 Mariam

136 720 256 743 Angelorum.

140 1143 253 1162 Notandum.

152 1615 244 1633 Convocat

158 1639 239 1657 Fratres.

138 2133 170 2151 Eis
183 2133 260 2151 benedi>

132 2555 184 2577 Vult,
190 2555 226 2583 sibi
232 2556 267 2579 legi

148 2584 252 2603 0033100001

162 2603 238 2622 Christi.

274 211 329 239 578

582 289 674 318 Lectio
696 289 782 318 tertia
797 290 813 318 ¹.

354 383 411 419 lpse
434 391 500 411 vero
522 383 670 412 transitum
692 391 774 412 suum
801 384 881 420 longe
909 387 972 412 ante
1002 384 1121 420 praesci-

274 429 328 463 vit,
350 429 450 466 dieque
471 430 563 459 obitus
585 430 758 465 imminente,
791 430 862 459 dixit
893 431 1051 465 Fratribus,
1078 431 1121 460 sui

274 476 398 513 corporis
411 477 621 505 tabernaculum
633 477 826 514 deponendum
839 478 865 506 in
879 477 1017 514 proximo,
1027 486 1122 515 quem-

273 523 422 552 admodum
445 523 495 552 sibi
518 524 609 553 fuerat
629 524 851 553 demonstratum
872 533 887 553 a
909 525 1122 554 01111510.ΒίοΠ-

273 570 342 599 11102
368 571 461 607 110000
490 571 524 600 ab
553 571 735 607 impressione
767 579 911 600 sacrorum
945 572 1119 609 stigmatum,

273 625 344 646 anno
366 617 492 647 videlicet
513 626 529 646 a
550 626 600 646 sua
622 618 802 647 conversione
825 619 970 655 vigesimo,
997 619 1031 647 ad
1059 627 1121 648 san—

273 667 344 692 ctam
366 664 479 692 Mariam
502 664 535 693 de
557 664 736 693 Portiuncula
757 673 785 693 se
807 664 908 694 deferri
932 665 1067 702 poposcit,
1090 669 1122 694 ut

273 711 320 739 ubi
343 719 392 748 per
414 711 553 748 Virginem
581 712 694 740 Matrem
723 712 771 740 Dei
800 712 928 748 spiritum
958 715 1122 749 conceperat

273 758 449 794 perfectionis
473 762 500 787 et
524 759 641 795 gratiae,
657 759 757 787 ibidem
783 759 880 787 mortis
901 759 991 788 soluto
1012 759 1120 793 debito,

273 806 307 834 ad
328 806 456 834 bravium
473 806 632 843 perveniret
647 806 838 835 retributionis
859 810 995 835 aeternae.
1019 806 1121 835 Perdu-

274 855 335 881 ctus
356 856 448 881 autem
471 853 505 881 ad
524 853 614 881 locum
637 853 807 889 praefatum,
832 857 861 881 ut
882 853 1006 882 veritatis
1027 861 1121 882 exem-

274 900 318 937 plo
350 902 530 934 monstraret,
563 900 637 937 quod
658 900 727 928 nihil
755 903 815 929 erat
836 900 859 929 ei
885 908 1031 929 commune
1057 908 1119 928 cum

273 946 389 981 mundo,
406 946 433 975 in
448 947 494 975 illa
509 946 669 975 infirmitate
684 950 738 975 tam
754 947 840 984 gravi,
856 955 927 984 quae
939 955 1047 975 omnem
1064 947 1121 975 lan-

272 1002 386 1030 guorem
411 994 545 1022 conclusit
560 994 579 1028 ³,
602 1002 686 1031 super
711 994 814 1023 nudam
843 995 960 1023 humum
982 1002 1011 1023 se
1033 997 1121 1022 totum

272 1040 407 1069 nudatum
439 1041 582 1078 deposuit;
609 1044 747 1078 quatenus
768 1041 838 1070 hora
860 1041 905 1070 illa
929 1044 1071 1075 extrema,
1094 1041 1120 1069 in

273 1095 328 1124 qua
357 1091 464 1124 poterat
492 1088 583 1116 adhuc
611 1088 698 1117 hostis
729 1088 826 1122 irasci,
849 1088 941 1116 nudus
967 1088 1121 1117 luctaretur

273 1142 336 1163 cum
359 1135 442 1163 nudo.
466 1135 610 1164 Decubans
632 1136 670 1164 sic
692 1135 718 1163 in
742 1138 817 1164 terra
838 1139 865 1164 et
894 1135 1008 1172 pulvere
1034 1134 1121 1163 nuda-

274 1184 318 1210 tus
339 1182 458 1216 athleta,
481 1190 565 1210 mauu
586 1182 698 1211 sinistra
719 1182 811 1210 dextri
834 1182 927 1210 lateris
953 1182 1071 1216 vulnus,
1088 1189 1122 1210 ne

274 1229 431 1263 videretur,
461 1229 584 1263 obtexit,
606 1229 731 1266 facieque
753 1237 851 1258 serena
877 1229 956 1258 solito
985 1237 1063 1257 more
1085 1229 1122 1257 le-

275 1279 336 1304 vata
358 1276 384 1304 in
414 1276 536 1310 caelum,
559 1276 703 1305 intendens
725 1276 762 1304 illi
784 1276 888 1313 gloriae
912 1279 1000 1310 totus,
1017 1275 1122 1312 magni-

275 1323 358 1351 ficare
378 1322 468 1359 coepit
490 1323 675 1356 Altissimum,
696 1331 746 1359 pro
768 1331 800 1351 eo
821 1322 896 1359 quod
917 1322 1066 1359 expeditus
1087 1322 1122 1351 ab

273 1370 418 1404 omnibus,
449 1370 517 1399 liber
539 1370 593 1398 iam
614 1370 747 1399 transiret
767 1369 799 1398 ad
822 1370 922 1406 ipsum.

570 1465 663 1493 Lectio
685 1468 795 1503 quarta
806 1465 826 1492 4.

354 1559 424 1587 Hora
445 1559 565 1596 denique
591 1559 632 1587 sui
663 1559 797 1587 transitus
828 1559 880 1587 iam
904 1559 1039 1593 instante,
1060 1558 1124 1587 fecit

275 1614 370 1634 omnes
391 1606 501 1634 Fratres
522 1606 674 1634 existentes
696 1606 722 1634 in
746 1606 804 1634 loco
825 1606 858 1634 ad
881 1613 909 1634 se
926 1606 1017 1634 vocari
1034 1608 1061 1634 et
1076 1613 1123 1634 eos

274 1653 464 1682 consolatoriis
487 1653 578 1681 verbis
600 1661 650 1689 pro
683 1661 732 1681 sua
761 1656 849 1681 morte
877 1653 1053 1685 demulcens,
1077 1661 1124 1689 00-

275 1703 354 1729 terno
376 1700 474 1728 affectu
498 1700 531 1728 ad
553 1700 676 1728 divinum
700 1704 740 1728 est
763 1701 891 1728 hortatus
913 1708 1044 1728 amorem.
1061 1700 1124 1728 Pos-

275 1747 423 1776 sessionem
455 1755 567 1784 0110000
597 1747 768 1784 paupertatis
796 1750 824 1776 et
855 1747 929 1784 pacis
958 1747 1125 1776 hereditaria

276 1794 341 1831 ipsis
361 1795 536 1823 successione
558 1794 719 1831 relinquens
740 1797 767 1823 et
789 1794 898 1831 legans,
922 1798 953 1822 ut
974 1802 1003 1823 se
1025 1794 1057 1822 ad
1080 1802 1124 1822 ae—

276 1845 356 1870 terna
378 1841 576 1878 protenderent
597 1850 628 1870 ac
649 1844 746 1870 contra
766 1841 862 1870 mundi
879 1841 964 1870 huius
982 1841 1125 1870 munirent

275 1889 413 1926 pericula,
444 1889 588 1926 vigilanter
619 1889 762 1917 admonuit
784 1892 810 1917 et
841 1889 874 1917 ad
903 1888 1031 1917 crucifixi
1065 1888 1125 1917 lesu

275 1936 396 1973 perfecte
418 1936 547 1965 sectanda
578 1936 707 1973 vestigia,
730 1936 803 1964 omni
833 1944 887 1973 qua
917 1935 1007 1973 potuit
1034 1935 1126 1964 effica—

277 1984 319 2012 cia
346 1983 482 2012 sermonis
511 1983 629 2012 induxit.
662 1983 935 2012 Circumsedentibus
964 1991 1029 2011 vero
1061 1982 1124 2011 filiis

276 2038 368 2059 coram
391 2038 547 2067 pauperum
571 2030 744 2066 patriarcha,
767 2030 848 2059 cuius
863 2030 916 2058 iam
940 2030 1125 2066 caligaverant

275 2077 364 2111 oculi,
387 2085 441 2105 non
463 2080 620 2111 senectute,
636 2077 682 2106 sed
699 2077 828 2113 lacrymis
840 2077 860 2111 5,
876 2077 918 2105 vir
934 2080 1046 2105 sanctus
1065 2085 1125 2106 cae-

277 2124 384 2153 cutiens
406 2127 432 2152 et
460 2125 541 2152 morti
570 2124 623 2152 iam
653 2124 800 2161 proximus
826 2124 951 2152 extendit
973 2131 1057 2160 super
1079 2132 1125 2152 eos

280 2179 379 2199 manus
401 2171 426 2199 in
456 2171 569 2199 modum
595 2171 702 2205 crucis,
734 2171 856 2199 brachiis
877 2170 1051 2204 cancellatis,
1075 2178 1125 2206 pro

277 2226 309 2246 eo
330 2217 404 2254 quod
428 2218 479 2246 11οο
510 2218 619 2254 signum
646 2225 755 2254 semper
787 2217 911 2251 amabat,
940 2219 967 2245 et
995 2217 1125 2245 omnibus

276 2265 419 2293 Fratribus
443 2267 496 2292 tam
514 2264 706 2301 praesentibus
728 2272 810 2301 quam
837 2264 998 2293 absentibus
1014 2265 1040 2292 in
1055 2264 1125 2292 Cru-

279 2311 353 2340 0111Χί
377 2311 482 2340 virtute
502 2320 534 2340 ac
555 2311 666 2340 nomine
687 2311 837 2340 benedixit.

574 2406 665 2435 Lectio
687 2406 822 2444 qui'niass.

358 2501 419 2529 Post
441 2501 508 2529 11000
537 2500 713 2537 Evangelium
746 2500 901 2529 secundum
933 2500 1060 2528 Ioannem
1091 2499 1126 2528 ab

281 2547 327 2575 1110
356 2547 454 2575 100071
477 2549 550 2575 Ante
578 2547 653 2575 diem
683 2546 790 2584 festum
820 2545 969 2580 Paschae,
1000 2546 1049 2575 sibi
1073 2547 1125 2583 legi

280 2594 417 2631 poposcit,
440 2597 472 2622 01
493 2594 519 2622 10
541 2602 573 2623 00
594 2602 689 2623 vocem
711 2594 807 2622 Dilecti
839 2593 974 2630 pulsantis
1001 2593 1126 2628 audiret,

679 211 876 240 OPUSCULUM
897 212 987 240 XXIV.
1010 212 1159 241 LEGENDA
1181 213 1285 242 MINOR
1307 214 1421 243 SANCTI
1444 214 1616 243 FRANCISCI.

1176 299 1192 319 a
1213 299 1268 328 quo
1289 292 1365 321 solus
1384 300 1448 321 eum
1470 293 1523 321 iam
1545 293 1636 322 carnis
1650 293 1741 330 paries
1756 293 1937 331 disiungebat.
1953 296 2022 324 Tan-
2039 303 2129 328 Ohdormt,

1176 338 1237 366 dem
1259 339 1366 368 cunctis
1388 340 1415 367 in
1441 347 1505 368 eum
1533 340 1677 376 completis
1704 340 1859 376 mysteriis,
1888 349 1970 371 orans
1997 345 2023 371 et

1178 385 1312 421 psallens,
1334 386 1376 414 vir
1398 386 1495 415 beatus
1516 386 1682 415 obdormivit
1697 387 1723 415 in
1739 387 1871 422 Domino,
1893 390 1920 416 et
1934 389 2024 418 anima

1178 432 1224 460 illa
1244 433 1432 467 sanctissima,
1454 441 1537 462 carne
1563 434 1653 462 soluta
1681 433 1708 462 in
1736 437 1865 462 aeternae
1893 434 2024 465 claritatis

1177 479 1308 515 abyssum
1330 479 1460 516 absorpta
1481 482 1530 508 est.
1554 480 1614 516 Ipsa
1635 483 1702 509 tunc
1722 481 1792 509 hora
1812 489 1886 510 unus
1907 489 1943 510 ex
1961 482 2024 511 Fra·
2036 489 2125 519 vision„

1178 526 1268 555 tribus
1289 529 1316 555 et
1336 526 1479 563 discipulis
1499 527 1575 561 eius,
1597 527 1640 555 vir
1661 527 1759 564 utique
1781 528 1925 556 sanctitate
1939 528 2023 557 famo-
2055 513 2115 533 ΜΝ

1178 573 1257 607 31133,
1289 573 1408 601 animam
1440 573 1515 601 illam
1541 573 1647 602 felicem
1679 574 1825 610 conspexit
1855 574 1908 603 sub
1936 575 2025 611 specie

1178 620 1272 649 stellae
1293 620 1494 657 praefulgidae,
1516 628 1532 648 a
1553 620 1667 649 candida
1688 620 1850 649 subvectam
1872 621 2024 656 nubecula,

1178 675 1263 704 super
1284 675 1370 704 aquas
1401 667 1502 695 multas
1530 667 1556 694 in
1586 667 1692 695 caelum
1721 670 1797 696 recto
1827 667 1937 696 tramite
1962 675 2026 696 con-

1178 714 1325 748 scendere,
1346 716 1442 750 utpote
1465 722 1536 750 quae
1558 714 1741 742 conscientiae
1757 714 1875 743 candore
1889 714 2026 743 nitescens

1177 764 1205 789 et
1225 761 1389 789 meritorum
1412 761 1603 797 praerogativa
1624 761 1779 798 refulgens,
1802 764 1856 789 tam
1879 761 2026 790 efficaciter

1178 816 1290 836 sursum
1312 807 1454 836 ferebatur
1475 807 1617 836 affluentia
1631 808 1785 844 gratiarum
1803 811 1830 836 et
1843 807 2026 837 deiformitate

1178 855 1332 889 virtutum,
1354 858 1386 883 ut
1407 863 1423 882 0
1444 855 1548 883 visione
1569 854 1694 883 caelestis
1715 854 1785 883 lucis
1806 857 1833 883 et
1854 855 1958 892 gloriae
1977 862 2027 884 nec

1179 901 1317 930 modicum
1340 901 1475 930 retardari
1497 901 1609 930 valeret.

1488 995 1580 1023 Lectio
1601 999 1685 1023 sexta
1700 995 1719 1023 ⁹.

1258 1089 1380 1118 Minister
1401 1097 1514 1126 quoque
1528 1089 1655 1117 Fratrum
1672 1093 1738 1118 tunc
1753 1089 1885 1126 temporis
1899 1089 1928 1118 in
1942 1090 2028 1118 Terra
2048 1097 2087 1116 Atia
2097 1097 2123 1117 vi..

1179 1136 1306 1170 Laboris,
1328 1136 1498 1173 Augustinus
1518 1137 1643 1170 nomine,
1666 1136 1709 1164 vir
1731 1136 1827 1173 011000
1849 1136 1904 1165 Deo
1929 1144 2027 1171 carus,

1180 1184 1205 1212 in
1228 1184 1297 1212 hora
1318 1183 1415 1212 ultima
1436 1183 1556 1220 positus,
1578 1191 1641 1212 cum
1664 1183 1718 1211 iam
1733 1183 1780 1212 diu
1802 1183 1967 1220 perdidisset
1988 1183 2027 1211 10-

1179 1231 1305 1268 quelam,
1327 1230 1504 1259 audientibus
1533 1231 1580 1267 qui
1613 1230 1755 1264 astabant,
1777 1230 1869 1259 subito
1901 1230 2030 1259 clamavit

1179 1281 1206 1306 et
1226 1277 1313 1306 dixit:
1340 1277 1501 1314 «Exspecta
1523 1285 1583 1311 me,
1606 1277 1697 1311 Pater,
1713 1280 1860 1314 exspecta;
1882 1285 1954 1311 ecce,
1974 1278 2028 1305 iam

1180 1325 1260 1353 venio
1282 1327 1412 1353 tecum».
1434 1324 1639 1361 Quaerentibus
1660 1327 1752 1352 autem
1774 1324 1917 1352 Fratribus
1938 1326 1965 1352 et
1978 1323 2029 1352 mi-

1180 1371 1322 1405 rantibus,
1354 1371 1399 1399 cui
1431 1371 1469 1399 sic
1501 1371 1679 1408 loqueretur,
1711 1370 1824 1399 beatum
1851 1370 2027 1399 Franciscum

1180 1422 1292 1447 euntem
1313 1419 1341 1447 in
1369 1418 1475 1447 caelum
1498 1426 1527 1447 se
1546 1418 1640 1446 videre
1655 1418 1788 1452 asseruit,
1804 1418 1961 1455 statimque,
1978 1418 2029 1446 1100

1179 1466 1261 1500 dicto,
1277 1468 1304 1494 et
1318 1466 1375 1502 ipse
1390 1465 1504 1494 feliciter
1520 1465 1665 1502 requievit.
1677 1481 1715 1485 -—
1726 1465 1822 1494 Iisdem
1834 1473 1946 1502 000000
1960 1467 2030 1493 tem·
2042 1471 2107 1491 Tertia.

1182 1513 1296 1550 poribus
1317 1513 1464 1549 episcopus
1484 1512 1618 1541 Assisinas
1639 1512 1672 1540 ad
1694 1512 1848 1541 oratorium
1870 1511 1957 1541 sancti
1982 1512 2029 1540 Mi-
2117 1510 2118 1513 ’

1181 1560 1285 1589 01000113
1316 1560 1343 1588 10
1375 1562 1469 1588 010010
1500 1559 1626 1596 Gargano
1654 1562 1835 1596 perrexerat,
1857 1559 1902 1588 cui
1932 1559 2030 1588 beatus

1181 1607 1343 1635 Franciscus
1374 1606 1509 1635 transitus
1541 1606 1583 1635 301
1612 1606 1681 1634 11010
1709 1606 1847 1635 iucundus
1876 1614 2029 1643 apparens,

1181 1654 1317 1682 mundum
1340 1662 1368 1682 se
1383 1653 1455 1682 dixit
1471 1653 1630 1690 relinquere
1645 1656 1671 1682 et
1686 1653 1720 1682 ad
1735 1653 1842 1682 caelum
1857 1661 1920 1682 cum
1935 1653 2030 1682 exsul-

1183 1701 1283 1729 tatione
1305 1701 1432 1729 transire.
1454 1701 1531 1729 Mane
1553 1708 1671 1737 surgens
1692 1700 1838 1737 episcopus
1859 1700 1939 1729 sociis
1966 1708 2030 1728 nar-

1181 1748 1253 1777 ravit
1275 1756 1345 1785 0000
1367 1748 1450 1782 vidit,
1472 1751 1499 1776 et
1520 1748 1651 1776 Assisium
1674 1747 1799 1782 rediens,
1821 1755 1885 1776 cum
1917 1747 2031 1784 perqui-

1181 1795 1260 1823 sisset
1291 1794 1421 1828 sollicite,
1451 1794 1682 1823 certitudinaliter
1712 1794 1862 1830 comperit,
1894 1793 1969 1830 quod
1999 1801 2031 1822 ea

1182 1842 1266 1876 11010,
1288 1849 1343 1878 000
1365 1841 1416 1870 sibi
1438 1849 1487 1878 per
1509 1841 1642 1870 visionem
1665 1840 1799 1875 innotuit,
1825 1840 1924 1869 beatus
1952 1840 2030 1869 Pater

1181 1896 1217 1917 ex
1240 1888 1291 1917 hac
1313 1888 1369 1916 vita
1390 1888 1527 1925 migravit.
2008 1890 2014 1894 ·

1465 1982 1558 2011 Lectio
1578 1982 1702 2019 sepciiiza
1718 1982 1748 2010 ¹⁰.

1261 2076 1349 2113 Quam
1371 2084 1437 2105 vero
1458 2076 1501 2105 vir
1523 2076 1573 2104 iste
1595 2076 1756 2113 praeclarus
1784 2075 1902 2105 eximiae
1929 2075 2029 2104 sancti-
2038 2071 2133 2124 ffifflug

1183 2123 1245 2152 tatis
1266 2124 1421 2157 exstiterit,
1436 2126 1498 2160 post
1512 2123 1599 2160 ipsius
1613 2123 1695 2152 etiam
1711 2123 1858 2152 transitum
1874 2123 1969 2151 multis
1983 2122 2031 2151 mi·
2043 2129 2088 2148 culis
2102 2129 2133 2148 cti

1182 2170 1343 2198 raculorum
1372 2170 1503 2207 prodigiis
1535 2178 1672 2207 supernae
1702 2170 1833 2199 bonitatis
1860 2169 2031 2199 immensitas

1181 2217 1327 2254 dignanter
1358 2217 1485 2246 ostendit.
1507 2217 1573 2245 Nam
1591 2218 1613 2233 ¹¹
1638 2217 1670 2245 ad
1694 2217 1753 2245 eius
1774 2216 1973 2245 invocationem
2005 2218 2032 2245 et

1182 2265 1282 2293 merita
1310 2265 1484 2301 omnipotens
1515 2264 1563 2293 Dei
1587 2264 1676 2293 virtus
1697 2264 1785 2293 caecis
1806 2264 1912 2298 visum,
1939 2263 2031 2292 surdis

1182 2311 1324 2345 auditum,
1347 2312 1431 2340 mutis
1452 2311 1586 2345 verbum,
1609 2311 1714 2340 claudis
1740 2319 1867 2348 gressum
1895 2319 1926 2340 ac
1951 2319 2030 2347 para-

1182 2358 1271 2395 lyticis
1292 2366 1404 2387 sensum
1427 2358 1595 2387 restauravit
1615 2362 1642 2387 et
1663 2361 1785 2392 motum,
1806 2358 1891 2387 aridis
1916 2358 2030 2395 insuper

1182 2408 1210 2434 et
1231 2405 1380 2434 contractis
1401 2408 1428 2434 et
1459 2405 1550 2442 ruptis
1581 2406 1699 2434 salutem
1731 2405 1866 2442 integram
1897 2405 2029 2439 reddidit,

1183 2452 1304 2481 inclusos
1326 2452 1486 2481 carceribus
1507 2455 1633 2489 potenter
1654 2452 1773 2489 eripuit,
1801 2452 2030 2489 naufragantibus

1183 2502 1295 2536 portum
1310 2499 1406 2528 salutis
1427 2499 1556 2533 indulsit,
1578 2499 1799 2536 periclitantibus
1819 2499 1847 2528 in
1868 2498 2030 2536 001101001-

1183 2546 1286 2575 litatem
1308 2546 1432 2583 pariendi
1454 2546 1588 2575 concessit
1609 2549 1636 2574 et
1657 2546 1691 2575 ab
1719 2546 1838 2575 obsessis
1865 2546 2030 2583 corporibus
2115 2547 2116 2563 ¹

1183 2593 1330 2622 daemones
1352 2593 1500 2630 effugavit,
1522 2593 1630 2621 tandem
1657 2593 1828 2630 sanguifluos
1855 2596 1882 2622 et
1907 2593 2030 2630 leprosos

342 2738 349 2751 ¹
369 2739 425 2762 lbid.
442 2746 463 2762 c.
480 2740 517 2761 Μ.
535 2746 556 2762 n.
576 2741 596 2762 ⁶2.
615 2741 635 2762 3.

342 2778 350 2790 '²
369 2779 457 2801 Scilicet
476 2779 543 2801 1226.

342 2816 351 2829 ³
369 2818 397 2839 lta
417 2818 517 2840 Breviar.
536 2818 769 2846 Romano-seraphia
794 2819 845 2840 lect.
866 2818 888 2840 4.
910 2818 931 2840 in
953 2818 1040 2840 Octava
1061 2819 1082 2840 S.
1101 2819 1124 2840 P.

280 2857 392 2879 Francisci
410 2857 444 2885 (ll
472 2857 543 2885 Oct.);
567 2858 635 2879 codd.
659 2860 681 2879 et
705 2858 741 2879 cd.
765 2857 831 2880 cmm*
852 2857 981 2886 languori,
999 2858 1039 2879 cfr.
1055 2864 1126 2885 supra

280 2902 333 2923 pag.
352 2896 409 2923 546,
428 2899 479 2918 nota
498 2897 520 2918 6.
538 2909 567 2911 —
585 2896 696 2924 Superius
718 2902 760 2924 pro
784 2902 844 2926 quae
866 2897 885 2918 Μ
908 2896 981 2926 quod,
1000 2897 1039 2925 qui
1057 2897 1125 2918 etiam

280 2935 373 2957 inferius
390 2935 473 2957 omittit
489 2935 575 2958 adhuc.

342 2972 352 2985 4
370 2973 426 2996 lbid.
444 2981 462 2996 e.
485 2974 519 2996 14.
538 2981 559 2996 n.
578 2974 598 2996 5.

344 3012 352 3024 ⁵
370 3013 424 3034 Gen.
444 3013 485 3040 48,
507 3014 543 3035 1οι
561 3013 625 3035 Oculi
650 3014 709 3036 enim
737 3014 802 3036 lsrael
828 3013 957 3041 caligabant
982 3020 1038 3041 prae
1054 3013 1124 3035 nimia

1184 2742 1308 2762 senectute.
1332 2739 1389 2762 lbid.
1415 2746 1437 2761 v.
1464 2739 1501 2761 14.
1529 2739 1557 2761 dc
1583 2739 1714 2761 extensione
1740 2745 1851 2761 manuum
1872 2745 1914 2767 per
1931 2739 2028 2761 modum

1184 2779 1267 2801 crucIS.

1246 2817 1256 2830 θ
1274 2817 1330 2840 lbid.
1348 2824 1368 2840 c.
1387 2818 1422 2839 14.
1440 2824 1462 2840 n.
1479 2817 1501 2839 5.
1519 2818 1540 2839 6.

1247 2856 1255 2869 ⁷
1273 2857 1430 2885 Cap.t3,1t.

1245 2895 1254 2908 ⁸
1272 2896 1318 2919 Cfr.
1335 2902 1388 2924 pag.
1407 2896 1459 2923 547,
1477 2898 1529 2917 nota
1549 2896 1570 2917 2.

1245 2934 1255 2947 ⁹
1273 2934 1328 2957 lbid.
1347 2941 1365 2957 0.
1385 2935 1421 2957 44.
1439 2941 1462 2957 n.
1480 2935 1501 2956 6.

1245 2973 1265 2986 ¹⁰
1283 2974 1339 2996 lbid.
1356 2980 1376 2997 c.
1399 2974 1431 2996 15.
1448 2980 1472 2996 n.
1489 2974 1509 2995 9.

1245 3012 1263 3025 ¹¹
1282 3013 1354 3036 Codd.
1372 3012 1437 3036 duni.
