2133 3317
92 1418 178 1446 Hui-tatio
191 1418 215 1437 ad

108 1447 197 1466 virgines.

234 211 288 239 194

231 290 342 321 puellula
361 289 447 313 tenera
466 288 491 313 et
510 287 648 312 verecunda
666 286 691 311 et
710 286 790 310 adhuc
810 286 856 310 sub
876 286 1010 316 parentum
1029 286 1081 310 iure

231 333 256 357 et
275 331 414 364 praeceptis
433 331 506 362 Legis
525 329 663 355 constituta
681 329 822 353 inchoarem
833 326 864 352 ¹?
882 328 940 358 Sed,
954 328 983 353 ut
996 336 1081 353 verum

230 376 324 405 fatear,
349 385 361 397 «
374 375 491 399 audacem
510 372 616 398 faciebat
628 379 698 397 amor
710 382 734 400 >›,
748 372 829 403 coegit
841 379 899 396 rosa
912 372 1016 401 ardens,
1030 379 1083 396 ser-

230 419 304 444 vilem
323 418 437 443 timorem
456 416 590 445 devorans,
611 415 640 440 ut
658 415 763 440 facerem
783 422 874 440 novum
893 414 980 440 votum
993 414 1018 440 et
1031 415 1082 440 sin-

230 463 317 494 gulare
336 461 429 489 lilium,
450 460 479 484 ut
498 466 595 490 possem
614 458 761 489 quandoque
789 458 868 483 dicere
894 458 983 484 dilecto
1010 466 1080 483 meo:

230 505 335 530 candida
359 511 414 528 sum
434 502 459 527 et
478 501 628 531 rubicunda,
649 501 713 526 sicut
732 502 757 526 et
776 502 804 526 tu
824 501 951 527 candidus
970 503 995 526 et
1015 502 1082 526 rubi-

231 546 356 573 cundus2.
376 546 461 571 Habeo
480 545 505 570 et
524 546 586 570 alios
606 552 772 576 quoscumque
800 545 887 574 flores,
917 545 960 570 sed
983 545 1081 570 nullum

229 591 318 616 horum
336 589 410 614 tanta
428 588 547 620 dignatus
575 588 753 620 praerogativa
772 588 881 619 respexit
898 589 925 613 in
943 596 981 612 me
1000 588 1082 613 Domi-

230 641 291 663 nus,
311 633 340 657 ut
358 632 444 658 florem
464 632 543 657 violae
562 639 646 661 meae:
675 632 787 662 respexit
815 632 880 656 enim
909 631 1082 656 humilitatem

230 676 342 702 ancillae
360 683 430 701 suae.
450 675 484 699 Et
503 675 581 700 vultis
601 675 683 699 videre
703 682 802 704 01111105,
827 675 869 706 qui
893 674 1019 699 imitatisa
1039 675 1080 700 flo-

229 727 269 745 res
289 726 369 749 meos,
389 718 510 750 quantum
530 726 559 742 ex
578 718 637 743 flore
652 718 697 742 sim
711 717 864 743 consecuta?
881 718 947 742 Eece
959 717 1038 749 enim,
1053 725 1082 742 ez

229 763 276 787 hoc
294 762 393 787 beatam
412 768 451 786 me
469 761 553 786 dicent
571 768 657 786 01111105
675 761 861 793 90110101101105.
881 761 926 786 Ex
944 761 992 785 hoc
1013 761 1081 790 (1100,

229 806 287 837 quia
306 805 434 836 respectus
453 804 492 829 est
511 812 526 829 a
545 805 650 830 Domino
669 805 714 829 1105
734 805 813 829 violae
833 812 914 833 meae,
939 805 997 836 quia
1021 812 1081 828 nar-

231 849 279 874 clus
298 856 354 874 mea
373 849 443 873 dedit
461 848 562 873 odorem
581 851 684 879 suum‘,
704 856 767 879 quae
786 848 849 873 1110111
864 847 1003 880 significat,
1017 848 1081 879 quod

230 893 309 921 viola,
329 892 354 917 id
373 892 412 917 est
430 891 582 916 humilitatis
601 891 734 921 virtutem,
755 892 825 916 cuius
850 891 992 923 fragrantia
1016 891 1082 916 dele-

230 936 313 960 ctatus
332 935 371 959 est
390 942 448 966 rex,
474 934 542 959 filius
567 935 646 966 regis,
667 934 734 959 Deus
760 934 804 959 Dei
829 934 923 964 Filius,
943 941 1000 958 cum
1019 935 1083 958 esset

229 979 258 1003 in
274 978 393 1003 aceubitu
410 986 469 1007 suo,
489 978 513 1002 id
532 978 571 1002 est
590 978 618 1002 in
636 978 696 1003 sinu
714 978 823 1007 Patris;
842 977 867 1001 et
886 977 959 1002 odore
978 976 1031 1001 tam
1043 977 1081 1001 de-

230 1022 339 1047 lectabili
358 1022 430 1053 quasi
448 1021 555 1053 quadam
574 1021 643 1046 illius
661 1021 781 1046 violentia
800 1020 897 1045 tractus
916 1019 992 1045 estin
1006 1027 1044 1044 me
1057 1020 1082 1044 et

230 1066 310 1091 voluit
329 1065 424 1096 concipi
442 1065 488 1090 flos
507 1065 532 1089 in
551 1065 611 1089 flore
630 1064 698 1089 intra
718 1064 818 1093 florem,
837 1064 863 1088 id
881 1063 920 1088 est
938 1063 1006 1088 intra
1029 1063 1082 1087 Na-

231 1109 330 1138 zareth,
350 1109 415 1140 quod
432 1108 617 1139 interpretatur
635 1106 716 1139 flos⁵,
745 1108 774 1132 ut
802 1107 874 1132 fieret
897 1107 950 1138 ipse
970 1106 1015 1131 flos
1040 1106 1081 1131 110-

231 1161 302 1181 10115,
322 1152 367 1177 hoc
386 1152 425 1177 est
444 1152 599 1176 Nazarenus.
619 1151 776 1177 Concordant
795 1151 877 1176 omnia
894 1150 958 1175 fiori.
972 1150 1082 1181 Concipi-

231 1196 273 1221 tur
292 1196 349 1224 1105,
370 1195 477 1226 concipit
495 1195 554 1224 fios,
574 1202 678 1219 manens
697 1195 722 1219 in
742 1194 815 1223 flore,
836 1194 881 1219 hoc
900 1193 938 1218 est
957 1194 983 1218 in
1002 1193 1081 1217 Naza-

230 1239 295 1264 reth.
324 1239 408 1264 Bonus
437 1246 496 1270 ergo
524 1239 622 1263 omnino
642 1238 667 1262 et
685 1238 795 1268 optimus
814 1237 859 1262 flos
878 1237 1016 1265 violaceus,
1040 1236 1082 1267 qui

231 1282 312 1308 odoris
331 1282 370 1307 sui
389 1281 530 1313 fragrantia
550 1281 621 1312 quasi
640 1281 746 1312 quodam
764 1280 905 1305 delectabili
923 1280 1021 1304 vinculo
1040 1279 1082 1304 flo-

230 1333 282 1350 rem
293 1325 353 1350 05011
364 1326 389 1349 10
402 1325 501 1349 uterum
512 1325 593 1349 nostri
602 1324 679 1354 floris,
690 1324 791 1348 humilis
800 1324 913 1355 Virginis
922 1323 1054 1348 inclinavit
1064 1323 1081 1346 θ.

303 1369 345 1393 57.
366 1368 470 1393 Discant
489 1375 586 1397 01111105,
607 1368 649 1392 scd
670 1375 729 1398 prae
748 1367 862 1392 omnibus
881 1367 967 1391 mundi
994 1366 1081 1395 flores,

231 1412 255 1437 id
274 1412 312 1437 est
331 1412 455 1443 virgines,
475 1419 537 1442 quae
557 1412 581 1435 in
602 1411 711 1435 Ecclesia
723 1413 731 1426 ⁷
751 1410 795 1435 Dei
815 1410 940 1435 excellunt
961 1410 1081 1440 tanquam

231 1456 304 1481 110105
323 1456 348 1480 111
366 1456 492 1487 gramine,
513 1455 577 1486 quod
597 1455 674 1486 Virgo
694 1455 820 1486 virginum
840 1454 935 1485 prima,
955 1453 1082 1484 virginum

231 1499 378 1524 devotarum
407 1498 566 1523 sanctissima
592 1498 617 1522 et
646 1497 787 1522 castissima
818 1497 927 1522 omnium
959 1503 1081 1521 summam

231 1543 337 1575 gloriam
357 1541 428 1573 ponit
452 1542 477 1566 iu
504 1542 569 1566 viola
594 1541 759 1570 humilitatis,
788 1540 846 1565 licet
874 1541 899 1565 in
924 1548 952 1564 ea
977 1540 1083 1564 candeat

232 1585 396 1618 singulariter
415 1585 496 1609 lilium
516 1584 656 1613 eastitatis,
677 1591 733 1609 rosa
754 1583 869 1608 rubescat
892 1583 1014 1608 caritatis.
1034 1582 1082 1607 No-

231 1630 276 1654 lite
303 1629 421 1661 gloriari,
450 1628 574 1659 virgines,
604 1627 633 1651 de
657 1627 775 1652 castitate
801 1627 938 1657 corporali,
961 1626 1020 1650 licet
1038 1626 1083 1650 illa

232 1673 266 1698 sit
284 1672 418 1697 laudabilis
437 1672 536 1701 virtus,
556 1671 599 1695 sed
618 1671 712 1702 quanto
732 1671 837 1695 maiores
855 1670 927 1699 estis,
949 1669 1020 1694 tanto
1039 1669 1083 1693 hu-

233 1716 327 1741 miliate
340 1723 385 1741 vos
398 1716 424 1740 in
437 1715 559 1744 omnibus,
570 1714 600 1738 ut
609 1714 744 1738 inveniatis
755 1714 873 1745 =qratiam
886 1713 958 1744 apud
970 1713 1055 1737 Deum
1065 1710 1082 1736 ³.

233 1760 290 1785 Non
308 1760 372 1784 enim
393 1758 535 1783 castitatem
555 1757 664 1789 respexit
683 1757 817 1785 Dominus,
847 1756 889 1781 sed
909 1755 1083 1780 humilitatem

233 1802 343 1828 ancillae
361 1809 431 1827 suae.
450 1802 475 1826 Si
493 1801 571 1826 vultis
591 1801 660 1825 oculo
680 1800 874 1829 misericordiae,
895 1800 964 1825 oculo
986 1799 1083 1831 gratiae

232 1854 247 1871 a
266 1846 371 1871 Domino
390 1845 487 1876 respici,
507 1844 613 1869 humiles
633 1844 720 1869 estote.
742 1843 895 1868 Humilibus
914 1843 993 1872 enim,
1020 1841 1084 1867 sicut

233 1889 292 1914 dicit
310 1888 440 1920 Scriptura
451 1887 473 1918 ⁰,
494 1889 539 1913 clai
556 1888 691 1919 qratiam,-
710 1887 768 1918 quia
787 1886 899 1917 respexit
912 1886 1085 1911 humilitatem

233 1933 344 1957 ancillae
361 1939 431 1957 suae.
451 1932 474 1956 Si
494 1931 585 1960 vultis,
614 1931 743 1962 lampades
770 1930 869 1955 vestras
897 1937 950 1954 esse
979 1929 1084 1954 refertas

234 1976 300 2006 0100,
320 1983 376 2000 cuin
394 1976 506 2006 Sponsus
525 1975 555 1999 ad
575 1974 677 2006 nuptias
696 1974 793 1999 venerit
804 1971 837 2003 ¹⁰,
856 1974 881 1998 id
900 1973 952 2002 est,
972 1973 993 1997 si
1006 1973 1085 1997 vultis

233 2019 358 2051 integram
377 2019 402 2043 et
421 2019 513 2043 laetam
532 2018 707 2043 conscientiam
726 2017 816 2042 habere
829 2032 864 2034 —
877 2017 957 2041 oleum
977 2016 1041 2041 enim
1059 2016 1083 2040 in

234 2062 349 2093 lampade
369 2061 408 2086 est
427 2061 524 2085 laetitia
544 2061 683 2092 spiritualis
703 2061 727 2084 in
747 2060 818 2084 corde
837 2074 873 2076 —
885 2059 962 2084 nolite
981 2059 1010 2083 de
1029 2058 1084 2083 alti-

235 2105 320 2129 tudine
339 2105 386 2129 lilii
405 2104 497 2133 vestri,
517 2104 541 2128 id
561 2104 599 2128 est
621 2104 649 2128 de
678 2104 789 2134 puritate
817 2102 944 2127 castitatis
971 2102 1084 2131 vestrae,

233 2148 286 2173 alta
305 2155 392 2179 sapere
403 2147 430 2172 ¹¹.
444 2147 529 2172 Nolite
541 2147 639 2171 laudem
653 2147 798 2171 exteriorem
812 2146 943 2177 appetere,
958 2153 988 2169 ne
1000 2145 1085 2169 clauso

298 2324 305 2337 ¹
324 2326 425 2353 Bonan,
444 2325 480 2347 lV.
499 2325 560 2346 Sent.
587 2325 640 2347 (list.
666 2325 702 2346 30.
724 2331 746 2353 q.
766 2325 785 2346 2.
805 2325 834 2346 ad
857 2325 873 2346 l.
891 2327 913 2346 et
931 2325 951 2346 2.
970 2324 999 2346 ita
1017 2324 1085 2346 solvit

234 2356 375 2379 obiectioncs
393 2360 471 2379 contra
490 2360 571 2378 xotuin
589 2357 614 2378 B.
632 2356 659 2377 Μ.
679 2357 705 2378 V.
723 2356 805 2383 petitas
822 2362 848 2378 ex
866 2357 927 2384 Lege
939 2356 1015 2378 adhuc
1027 2355 1084 2378 obli-

234 2392 302 2416 gante
319 2391 341 2410 ct
354 2388 478 2416 Evangelio
492 2388 595 2410 nonduin
608 2388 768 2415 promulgato.-
782 2387 922 2414 Dicendum,
935 2387 997 2416 quod
1012 2387 1084 2415 Virgo

234 2420 378 2442 sanctissima
396 2426 446 2442 11011,
463 2422 512 2441 erat
529 2419 573 2441 sub
590 2419 659 2446 Lege.
677 2420 732 2441 Nam
751 2419 871 2447 quomodo
893 2418 937 2441 sub
955 2419 1017 2447 Lege
1036 2420 1085 2441 erat

234 2458 295 2480 quac
312 2451 380 2479 Legis
397 2454 516 2473 auctorem
534 2451 614 2478 genuit
631 2453 673 2472 etc.
691 2464 721 2466 —
740 2450 844 2473 Subinde
869 2451 980 2478 allegatur
1002 2450 1084 2476 Ovid.,

236 2484 272 2505 lV.
290 2483 406 2505 Metamor.
426 2489 448 2504 v.
465 2483 512 2504 96:
530 2482 647 2504 Audacem
667 2481 763 2504 faciebat
780 2488 854 2504 amor.
870 2495 901 2497 —
919 2482 1015 2504 Inferius
1032 2482 1084 2504 voci

234 2514 345 2537 servilem
361 2514 379 2536 A
398 2514 504 2542 praefigit
521 2515 553 2541 et,
574 2514 614 2542 qui
632 2513 701 2535 etiam
718 2520 761 2541 pro
778 2515 804 2536 111
821 2513 925 2543 facerem
943 2519 1032 2536 novam
1048 2518 1085 2536 00-

235 2548 285 2569 tum
303 2545 420 2568 substituit
437 2547 463 2568 at
479 2545 561 2575 fierem
577 2551 673 2568 novmn.

297 2576 306 2589 2'
324 2577 387 2600 Cant.
407 2577 433 2604 5,
452 2577 488 2598 ⁴0.
506 2589 537 2593 —
554 2577 649 2599 Inferius
666 2579 719 2604 post
736 2575 831 2599 nullum
851 2575 939 2599 horum
965 2577 983 2598 Α
1008 2582 1085 2604 prose-

234 2608 327 2637 quitur:
342 2607 472 2638 praccipae
489 2607 514 2630 in
530 2614 568 2630 me
584 2607 689 2637 respeoeil
706 2607 836 2635 Dominus,
856 2607 903 2630 nisi
919 2607 1004 2637 florem
1021 2610 1065 2630 etc.

298 2638 307 2652 ³
324 2641 355 2662 Ita
373 2641 407 2667 A;
425 2641 480 2662 Bon.
499 2646 552 2662 cum
570 2640 607 2662 ed.
626 2640 633 2661 1
656 2638 696 2662 cui
711 2638 829 2662 malliaci.

298 2671 307 2683 ⁴
325 2671 391 2694 Cant.
412 2671 432 2699 11,
452 2672 459 2692 =l
468 2671 487 2699 1,
505 2677 530 2693 ex
549 2677 596 2699 quo
614 2673 648 2693 est
673 2671 741 2693 etiam
763 2677 814 2699 seq.
838 2671 914 2697 loeus,
941 2673 993 2698 post
1014 2676 1085 2698 quem

236 2704 297 2726 loen.
317 2703 337 2729 1,
359 2703 392 2724 18.
409 2715 440 2718 -
458 2702 570 2730 Superius
588 2709 630 2730 pro
648 2702 705 2732 quia
722 2703 842 2731 respectas
854 2703 914 2725 esta
926 2700 1028 2724 Domino
1040 2701 1085 2730 flos

235 2734 311 2757 violae
328 2740 393 2756 meae
412 2734 450 2762 (ita
469 2734 497 2762 A)
516 2734 572 2756 Bon.
589 2740 643 2756 cum
661 2734 697 2756 ed.
717 2734 725 2755 Ἰ
748 2733 805 2763 qaia
822 2735 929 2763 respecta
945 2739 1000 2756 sam
1015 2739 1031 2755 a
1043 2733 1086 2756 Do-

235 2765 308 2788 mino.
326 2764 381 2788 Flos
398 2765 474 2788 violae
491 2771 564 2788 meae.

299 2796 307 2809 ⁵
326 2797 430 2824 llier0n.,
448 2797 476 2819 (10
495 2796 630 2819 Nominibus
647 2796 779 2823 Hebraicis,
806 2796 863 2818 Novi
881 2798 971 2818 testam.
987 2796 1017 2818 de
1034 2796 1086 2818 Mat-

237 2830 318 2850 [liaeo:
337 2827 471 2855 Nazareth,
490 2828 544 2854 llos,
562 2831 602 2850 aut
618 2828 746 2856 virgultum
764 2828 814 2850 eius
832 2831 873 2850 etc.
892 2840 923 2844 —
940 2827 1036 2850 lnlerius
1058 2833 1085 2849 ex

236 2862 254 2882 Α
272 2859 434 2887 supplevimus
452 2858 553 2888 concipit
568 2859 621 2888 flos.

299 2890 309 2903 ‘⁵
326 2889 370 2913 Cir.
389 2891 489 2917 Bonav.,
514 2890 643 2913 Cominent.
660 2890 684 2912 in
701 2890 755 2912 Luc.
775 2891 795 2917 rl,
816 2891 855 2912 26.
873 2897 895 2912 0.
913 2889 949 2912 43.
970 2902 997 2905 —
1015 2890 1086 2917 Supe-

236 2923 284 2945 rius
301 2921 400 2944 vocibus
418 2921 502 2950 florem
519 2921 579 2944 caeli
596 2923 612 2944 A
631 2922 747 2944 interserit
764 2921 833 2944 illum
850 2921 952 2944 delicias.

300 2952 308 2965 ⁷
326 2953 355 2975 lta
374 2953 407 2979 A,
426 2953 481 2975 Bon.
500 2959 554 2975 cuin
571 2953 608 2975 ed.
627 2954 635 2975 1
658 2953 682 2975 in
705 2954 754 2976 tola
780 2952 892 2976 Ecclesia.
919 2952 1013 2975 lnserius
1033 2954 1086 2980 post

236 2984 338 3014 yloriam
358 2986 374 3006 A
392 2984 456 3006 addit
472 2990 550 3006 5110111.

300 3014 309 3028 ³
327 3017 382 3038 Luc.
400 3015 420 3043 1,
439 3016 484 3037 30:
501 3016 608 3037 Invenisti
626 3015 687 3037 enirn
706 3016 804 3043 gratiani
830 3015 892 3043 apud
919 3015 1001 3037 Deum.
1019 3014 1085 3037 Eceli.

670 208 867 237 OPUSCULUM
890 207 920 235 X.
945 207 1030 236 VlTlS
1050 207 1200 236 MYSTICA.
1223 208 1484 238 ADDITAMENTUM
1508 209 1548 237 lv.

1138 285 1202 311 ostio
1221 287 1291 318 regni
1310 287 1447 317 caelorum,
1477 288 1543 312 dicat
1570 288 1640 313 vobis
1668 288 1792 320 Sponsus:
1821 289 1906 315 Amen
1931 291 1988 315 dieo

1137 329 1227 354 vobis:
1247 330 1339 355 Nescio
1357 338 1416 361 vos,
1436 330 1461 355 et
1479 338 1494 355 a
1513 338 1539 356 50
1557 332 1672 356 excludat
1694 333 1736 364 qui
1758 334 1869 364 respexit
1887 333 1989 358 humili-

1139 373 1215 396 tatem
1234 372 1346 397 anoillae
1364 381 1433 398 suae.
1453 374 1548 399 Multae
1567 375 1632 399 enim
1657 376 1782 407 virginum
1809 377 1987 407 excluduntur,

1138 415 1196 446 quia
1215 415 1379 446 superbarum
1398 417 1469 441 nulla
1487 417 1657 448 ingredietur,
1674 418 1805 443 humilium
1819 426 1876 444 vero
1889 420 1987 450 nullus,

1137 465 1182 483 nec
1201 458 1350 490 coniugatus
1369 466 1413 484 nee
1432 460 1506 484 vidua
1525 468 1569 485 nec
1587 461 1657 492 virgo
1676 462 1812 487 merebitur
1830 463 1927 494 expelli.
1941 463 1990 488 Ar-

1138 501 1179 526 cta
1197 502 1262 526 enim
1281 502 1319 526 est
1337 503 1413 527 ianua
1431 503 1502 534 regni
1520 504 1644 529 caelorum
1654 502 1674 515 ¹²
1693 512 1737 529 000
1761 505 1848 536 recipit
1867 507 1915 531 nisi
1935 514 1989 537 par-

1138 552 1190 570 vos.
1210 545 1307 570 Tumidi
1326 546 1498 576 repelluntur,
1517 547 1591 572 immo
1610 554 1766 579 nequaquam
1792 549 1898 579 possunt
1925 557 1990 574 acce-

1138 587 1208 617 dere,
1229 588 1404 619 cuiuscumque
1423 596 1496 613 sexus
1515 589 1567 613 sive
1585 590 1732 615 conditionis
1752 591 1845 615 fuerint
1864 592 1903 616 vel
1923 592 1989 616 aeta-

1138 631 1180 655 tis.
1200 631 1233 656 Et
1253 631 1362 656 breviter
1381 631 1450 657 dico:
1470 632 1542 657 nulla
1561 632 1643 657 virtus
1665 634 1772 662 accedit,
1792 635 1841 659 nisi
1860 635 1891 659 ad
1910 635 1988 660 humi-

1138 674 1219 699 litatis
1239 675 1331 699 violam
1350 674 1426 699 fuerit
1444 675 1573 700 inclinata.
1593 675 1659 701 Dicit
1678 677 1743 701 enim
1757 677 1782 702 et
1794 678 1865 703 docet
1878 678 1923 703 hoc
1935 679 1988 710 ipse

1137 717 1290 742 humilitatis
1310 718 1438 749 magister,
1458 719 1500 749 qui
1519 718 1647 744 advocans
1661 720 1806 750 parvulum
1821 722 1915 745 statuit
1933 729 1989 747 eum

1139 761 1166 785 in
1184 761 1267 786 medio
1287 761 1476 792 discipulorum
1495 763 1519 786 et
1537 762 1621 787 dim‘t:
1640 763 1702 788 Nisi
1720 764 1834 789 conversi
1851 763 1954 794 fueritis
1966 766 1991 789 et

1137 804 1288 835 efficiamini
1306 805 1374 829 siout
1388 805 1517 835 parvulus
1536 805 1590 836 hio,
1610 813 1663 830 non.
1680 806 1814 832 intrabitis
1834 807 1862 832 in
1881 815 1989 839 reynum

1137 847 1269 872 caelorum
1279 849 1307 871 ¹³.
1327 847 1447 879 Nunqnid
1461 848 1545 879 posuit
1563 848 1597 873 ibi
1615 849 1641 873 in
1659 850 1799 880 exemplum
1812 850 1940 882 discipulis
1958 851 1991 876 li-

1137 891 1199 916 lium
1217 891 1344 916 castitatis
1362 892 1496 921 Ioannem,
1517 892 1556 916 vel
1576 899 1658 917 rosam
1677 893 1792 918 caritatis
1810 893 1927 924 Petrum,
1947 895 1990 926 qui

1137 935 1163 960 et
1182 934 1242 960 tunc
1261 935 1406 966 praesentes
1425 935 1509 964 erant,
1530 943 1635 967 quorum
1654 936 1722 967 prior
1741 937 1773 961 ab
1792 937 1854 968 ipsis
1878 938 1988 969 nuptiis,

1137 978 1166 1002 ut
1184 979 1320 1007 asseritur,
1340 978 1444 1003 vocatus
1462 978 1511 1003 fuit
1530 978 1555 1003 et
1574 979 1667 1004 electus
1686 987 1700 1004 a
1714 980 1865 1011 Domin0¹⁴;
1885 989 1990 1013 sequens

1138 1029 1196 1046 vero
1215 1021 1283 1046 trina
1301 1022 1454 1047 confessione
1474 1021 1579 1047 Domino
1598 1022 1705 1054 benigno
1724 1023 1797 1055 Iesu,
1825 1024 1863 1048 cui
1889 1025 1990 1049 mentiri

1138 1073 1187 1090 non
1207 1065 1302 1096 potuit,
1324 1065 1447 1096 perfectae
1467 1065 1581 1090 caritatis
1600 1065 1716 1091 affectum
1745 1066 1902 1092 contestatus
1930 1068 1990 1093 est?

1138 1108 1206 1133 Sicut
1225 1109 1289 1133 enim
1308 1109 1416 1133 Ioannes
1435 1109 1464 1133 de
1484 1109 1586 1140 speciali
1604 1109 1781 1141 praerogatura
1794 1110 1934 1140 castitatis,
1953 1111 1990 1136 ita

1138 1151 1229 1176 Petrus
1248 1152 1277 1175 de
1296 1151 1441 1176 ferventiori
1460 1151 1565 1176 caritate
1584 1152 1771 1177 commendatur
1782 1152 1809 1177 ¹⁵.
1835 1153 1887 1178 Nec
1906 1154 1990 1179 tamen

1138 1194 1200 1219 istos
1220 1195 1245 1219 in
1266 1195 1404 1225 exemplum
1424 1194 1509 1225 posuit
1527 1195 1651 1220 caelorum
1669 1196 1770 1220 ianuam
1787 1196 1934 1227 intraturis,
1949 1197 1991 1222 sed

1139 1238 1273 1269 parvulum
1292 1237 1444 1262 humilitatis
1464 1238 1558 1262 virtute
1578 1238 1741 1269 praecelsum.

1210 1281 1252 1305 58.
1271 1281 1406 1305 Videamus
1425 1288 1497 1312 ergo,
1521 1282 1643 1312 quantum
1672 1283 1697 1306 in
1725 1290 1750 1307 50
1775 1283 1850 1307 istam
1870 1283 1990 1308 virtutem
2019 1287 2110 1311 Quantum

1198 1325 1203 1329 .
1285 1324 1290 1328 .
1476 1325 1481 1329 .
1707 1326 1711 1330 .
1789 1326 1793 1331 .
1953 1328 1958 1332 ,
2003 1310 2088 1329 Christus
2096 1311 2118 1330 hu

1139 1332 1247 1349 0101111110
1268 1324 1390 1348 Virtutum
1411 1324 1531 1349 Dominus
1544 1325 1741 1355 commendav1t;
1756 1333 1835 1357 primo
1849 1327 1926 1351 verba
1938 1335 1990 1352 elus
2016 1334 2112 1353 miniatem

2007 1357 2118 1377 commenda·

2037 1382 2091 1400 verit.

1139 1366 1313 1395 attendentes,
1333 1366 1374 1391 ubi
1394 1367 1430 1391 ait
1440 1364 1476 1391 ¹⁶:
1496 1367 1596 1392 Discite
1617 1375 1634 1391 a
1650 1375 1700 1397 me,
1721 1368 1785 1399 quia
1802 1369 1873 1394 mitis
1892 1376 1949 1394 sum
1968 1371 1992 1394 et

1140 1410 1247 1434 humilis
1266 1410 1355 1440 corde,
1375 1411 1399 1434 et
1423 1410 1557 1434 invenietis
1585 1411 1699 1441 requiem
1729 1412 1864 1437 animabus
1891 1413 1990 1438 vestris.

1140 1453 1203 1482 Quid
1222 1453 1268 1482 est,
1288 1452 1409 1484 magister
1428 1453 1504 1482 bone,
1525 1454 1618 1484 optime
1636 1454 1716 1478 Iesu?
1744 1454 1864 1486 Nunquid
1889 1456 1920 1480 ad
1945 1455 1991 1481 hoc

1140 1497 1232 1521 redacti
1253 1496 1312 1521 sunt
1331 1504 1417 1521 omnes
1437 1496 1552 1521 thesauri
1570 1497 1715 1528 sapientiae
1734 1499 1758 1522 et
1775 1498 1897 1523 scientiae
1921 1499 1946 1524 in
1966 1499 1990 1524 te

1139 1540 1277 1570 reconditi,
1298 1540 1327 1564 ut
1345 1540 1391 1564 hoc
1411 1540 1575 1571 singulariter
1593 1540 1694 1569 doceas,
1714 1541 1772 1572 quia
1790 1541 1861 1566 mitis
1873 1549 1898 1566 es
1911 1543 1935 1567 et
1947 1542 1992 1567 hu-

1139 1583 1210 1608 milis
1228 1583 1327 1608 corde?
1346 1583 1403 1607 Non
1422 1583 1505 1612 doces,
1518 1582 1548 1607 ut
1561 1583 1690 1608 discantur
1708 1584 1769 1609 caeli
1788 1584 1918 1614 fabricari,
1938 1585 1992 1610 fieri

1140 1626 1274 1655 miracula,
1295 1626 1388 1651 mortui
1407 1626 1524 1651 suscitari
1543 1626 1568 1650 et
1586 1626 1668 1651 cetera
1686 1626 1841 1657 huiusmodi,
1867 1628 1909 1652 sed
1929 1629 1992 1659 quia

1139 1669 1211 1694 mitis
1229 1676 1287 1694 sum
1305 1670 1329 1693 el
1349 1669 1455 1694 humilis
1474 1669 1549 1694 eorde
1560 1671 1587 1693 ²⁷.
1611 1669 1731 1701 Nunquid
1750 1670 1802 1695 tam
1816 1678 1935 1702 magnum
1953 1671 1992 1696 est

1140 1719 1193 1737 esse
1212 1713 1340 1743 parvum?
1359 1712 1463 1743 Utique,
1488 1712 1546 1743 quia
1565 1720 1609 1743 per
1627 1712 1673 1737 hoc
1691 1713 1819 1738 invenitur
1832 1714 1929 1745 requies
1941 1714 1992 1739 ani-

1140 1756 1238 1780 mabus.
1258 1755 1325 1785 Quae
1345 1756 1410 1780 enim
1429 1755 1479 1780 alia
1498 1756 1537 1780 est
1555 1763 1631 1780 causa
1650 1756 1729 1781 omnis
1757 1756 1851 1781 laboris
1870 1756 1895 1781 et
1914 1757 1991 1781 certa-

1141 1799 1216 1824 minis
1245 1799 1339 1828 nostri,
1361 1799 1410 1823 nisi
1428 1798 1457 1823 ut
1475 1799 1632 1824 inveniamus
1660 1800 1769 1831 requiem
1797 1799 1928 1824 animabus
1951 1807 1992 1825 no-

1141 1842 1224 1867 stris?
1242 1842 1330 1867 Brevis
1349 1842 1476 1872 doctrina,
1497 1842 1579 1866 brevis
1598 1843 1639 1867 via
1658 1842 1831 1867 demonstrata
1850 1842 1896 1867 est.
1919 1843 1992 1868 Disce

1140 1886 1205 1910 hanc
1224 1893 1239 1910 a
1258 1886 1363 1911 Domino
1383 1886 1455 1915 Iesu,
1475 1886 1516 1917 qui
1535 1886 1604 1910 mitis
1623 1886 1662 1910 est
1686 1886 1711 1910 et
1734 1886 1836 1910 humilis
1856 1886 1941 1916 corde,
1968 1887 1993 1911 id

1141 1930 1191 1959 est,
1211 1929 1280 1959 vide,
1295 1929 1320 1954 et
1333 1931 1461 1960 quantum
1480 1929 1505 1954 et
1524 1936 1605 1960 quare
1623 1929 1771 1954 humiliatus
1784 1930 1832 1954 fuit
1844 1930 1887 1954 ille
1900 1930 1941 1961 qui
1955 1930 1993 1955 est

1142 1973 1254 1998 excelsus
1272 1980 1351 2003 super
1370 1980 1456 1997 omnes
1472 1974 1557 2004 pentes
1586 1973 1731 2004 Dominus,
1759 1974 1783 1997 et
1806 1980 1884 2004 super
1909 1973 1993 1999 caelos

1140 2016 1228 2048 yloria
1247 2016 1302 2040 eius
1313 2014 1331 2028 ¹⁵
1342 2024 1350 2045 ,·
1369 2016 1394 2040 et
1413 2016 1478 2040 disee
1497 2015 1586 2045 etiam,
1607 2016 1665 2047 quia
1684 2015 1712 2040 tu
1730 2023 1756 2040 es
1775 2015 1857 2040 lutum
1874 2016 1899 2041 et
1917 2017 1992 2046 cinis,

1142 2059 1167 2083 et
1186 2059 1220 2083 sic
1239 2059 1350 2082 invenies
1369 2058 1478 2089 requiem
1497 2058 1594 2082 animae
1613 2058 1679 2082 tuae.
1697 2073 1735 2075 —
1752 2058 1798 2083 Sed
1826 2058 1901 2089 nota,
1927 2059 1992 2090 quod

1142 2101 1178 2126 ait
1190 2111 1195 2125 :
1215 2101 1335 2126 Humilis
1353 2100 1435 2125 eorde.
1456 2101 1513 2126 Non
1526 2102 1591 2125 enim
1605 2101 1664 2125 ficta
1676 2101 1820 2126 humilitate
1833 2101 1939 2132 pacatur
1951 2102 1993 2127 ille

1143 2145 1185 2175 qui
1203 2144 1242 2168 est
1265 2144 1368 2168 humilis
1395 2143 1480 2173 corde,
1511 2144 1553 2168 sed
1581 2143 1724 2168 humilitate
1749 2151 1816 2169 vera.
1842 2144 1993 2169 Humilitate

1142 2324 1169 2350 3,
1188 2324 1232 2345 2οι
1251 2324 1341 2351 Quanto
1359 2329 1459 2350 magnus
1477 2328 1513 2350 es,
1532 2322 1626 2345 humilia
1653 2325 1674 2344 te
1697 2322 1718 2344 in
1737 2321 1858 2349 omnibus,
1876 2324 1898 2344 et
1915 2328 1994 2344 coram

1142 2355 1190 2377 Deo
1208 2355 1311 2376 invenies
1329 2354 1434 2382 gratiani,

1205 2385 1214 2398 ⁹
1233 2387 1274 2408 lac.
1293 2385 1320 2412 4,
1338 2386 1360 2407 6.
1377 2398 1407 2402 -
1426 2385 1465 2407 Ed.
1487 2386 1492 2406 1
1514 2388 1537 2407 et
1554 2386 1610 2407 Bon.
1628 2384 1756 2414 Scriptura
1769 2384 1814 2412 ait,
1827 2385 1914 2407 omisso
1925 2384 1993 2408 sicui.

1206 2416 1225 2429 ¹0
1242 2417 1372 2445 Respicitur
1390 2418 1467 2439 illattli.
1484 2417 1525 2444 25,
1548 2418 1565 2438 1.
1583 2423 1648 2445 seqq.

1206 2448 1223 2461 ¹¹
1243 2450 1309 2471 Rom.
1329 2449 1366 2475 11,
1384 2449 1428 2470 20:
1448 2448 1496 2470 Noli
1513 2449 1584 2470 altum
1603 2454 1697 2476 sapere,
1715 2448 1754 2470 sed
1774 2447 1835 2469 time.
1847 2459 1877 2463 —
1891 2447 1994 2469 Subinde

1142 2481 1254 2508 allegatur
1272 2481 1350 2502 lllattn.
1368 2480 1410 2507 25,
1429 2480 1466 2502 42.

1206 2511 1225 2524 ¹2
1243 2512 1320 2534 Matth.
1337 2511 1364 2539 7,
1383 2512 1423 2533 43:
1441 2512 1523 2534 lntrate
1541 2517 1582 2539 per
1599 2513 1721 2538 angustam
1734 2513 1851 2538 portam...
1866 2510 1939 2538 Quam
1957 2516 1995 2532 an-

1143 2546 1209 2571 gusta
1228 2546 1307 2571 porta,
1325 2546 1346 2565 et
1364 2545 1426 2565 arcta
1444 2543 1480 2564 via
1499 2545 1543 2571 est,
1561 2548 1622 2571 quae
1647 2542 1710 2565 ducit
1727 2542 1756 2564 ad
1775 2542 1854 2563 vitam.
1873 2554 1904 2558 -—
1922 2542 1952 2564 Ex
1974 2543 1992 2564 A

1142 2575 1421 2632 suppigvfflffikeazgnb.
1438 2612 1486 2634 seq.
1512 2606 1555 2627 Pro
1569 2604 1691 2635 parvulus
1708 2603 1746 2627 hic
1763 2604 1861 2632 Vulgata
1876 2603 1994 2633 parvuli;

1143 2639 1183 2660 cir.
1201 2637 1257 2660 ibid.
1274 2644 1297 2660 v.
1316 2637 1344 2659 4:
1363 2637 1509 2666 Quicumque
1526 2643 1583 2665 ergo
1600 2636 1757 2658 humiliaverit
1768 2642 1793 2658 se
1805 2636 1864 2658 sicut
1880 2636 1994 2663 parvulus

1144 2670 1185 2692 iste
1202 2672 1244 2691 etc.

1206 2700 1225 2714 ¹⁴
1242 2700 1289 2723 Csr.
1310 2703 1363 2722 [om.
1382 2700 1418 2722 Vl.
1436 2706 1490 2728 pag.
1508 2699 1567 2726 245,
1585 2702 1637 2721 nota
1656 2700 1678 2721 2.
1695 2711 1725 2715 -
1737 2699 1770 2721 Dc
1788 2698 1846 2721 Petri
1865 2698 1920 2720 trina
1939 2704 1994 2720 con-

1142 2732 1241 2754 sessione
1258 2732 1312 2754 vide
1330 2732 1389 2754 loan.
1408 2731 1446 2758 211,
1465 2731 1501 2753 sl5.
1519 2737 1584 2760 seqq.

1207 2763 1226 2776 ¹⁵
1244 2763 1290 2786 Cir.
1307 2764 1407 2789 Bonav.,
1425 2763 1458 2785 ΙΙΙ.
1476 2763 1536 2785 Seni.
1555 2763 1578 2785 d.
1596 2762 1634 2784 32,
1651 2768 1673 2790 q.
1691 2762 1713 2783 6.

1206 2793 1226 2807 ¹5
1244 2795 1319 2817 lllattli.
1339 2795 1346 2816 «l
1359 2795 1375 2822 Ι,
1392 2795 1430 2816 29.
1446 2806 1477 2810 -
1495 2793 1598 2816 SubInde
1614 2794 1726 2821 allegatur
1743 2792 1789 2815 Col.
1808 2794 1834 2821 2,
1853 2793 1878 2819 3,
1895 2792 1934 2814 ubi
1952 2798 1994 2820 pro

1143 2825 1260 2849 reconditi
1278 2826 1374 2853 Vulgata
1392 2824 1531 2848 absconditi.

1207 2857 1225 2870 ¹⁷
1243 2857 1288 2880 Csr.
1307 2858 1416 2885 August„
1443 2858 1518 2879 Sei-m.
1544 2857 1580 2878 69.
1599 2856 1664 2884 (alias
1691 2856 1724 2877 10.
1747 2855 1777 2878 de
1795 2854 1877 2877 Verbis
1893 2854 1993 2882 Domini)

1143 2895 1162 2911 0.
1182 2889 1202 2910 l.
1221 2895 1243 2911 n.
1262 2890 1283 2910 2.
1300 2902 1330 2904 -
1349 2888 1443 2911 lnserius
1460 2894 1503 2916 pro
1520 2894 1570 2911 esse
1583 2893 1689 2917 parcum
1701 2887 1740 2914 (ita
1753 2888 1780 2915 A)
1794 2887 1850 2909 Bon.
1863 2893 1915 2908 cum
1931 2886 1968 2908 ed.
1982 2886 1989 2907 l

1143 2919 1207 2949 qaod
1223 2921 1257 2942 esl
1272 2926 1391 2949 parvam,
1409 2923 1431 2942 et
1447 2919 1547 2942 subinde
1564 2920 1581 2941 A
1599 2919 1682 2941 omittit
1698 2918 1761 2941 enim
1778 2918 1836 2941 alia.

1207 2950 1226 2963 ¹⁸
1244 2952 1327 2973 Psalm.
1343 2952 1397 2979 112,
1414 2951 1434 2973 4.
1448 2964 1477 2968 -
1490 2951 1602 2979 Superius
1616 2956 1657 2978 pro
1675 2949 1717 2979 qztz'
1732 2949 1796 2972 mitis
1813 2950 1831 2971 A
1848 2948 1905 2978 qaia
1917 2947 1993 2975 milis,

1143 2983 1182 3011 qui
1200 2983 1268 3004 etiam
1287 2983 1382 3005 inferius
1399 2985 1452 3010 post
1468 2984 1490 3005 el
1505 2982 1568 3005 disce
1584 2981 1656 3005 eiiam
1672 2981 1835 3010 prosequitur:
1854 2981 1879 3003 lu
1897 2979 1939 3009 qai
1960 2979 1994 3002 la-

1143 3015 1194 3037 tum
1211 3019 1234 3036 es
1251 3015 1272 3036 el
1289 3013 1347 3037 cinis
1364 3020 1413 3036 esse
1429 3013 1526 3037 humilis
1544 3015 1566 3036 et
1581 3013 1657 3041 milis,
1675 3012 1746 3036 etsie
1762 3015 1805 3035 etc.
