2133 3317
0 1591 59 1674 ‘a

554 202 749 231 OPUSCULUM
772 203 801 230 X.
824 203 909 231 vths
929 203 1078 232 MYSTICA.
1100 204 1360 233 ADDITAMENTUM
1382 205 1423 233 tv.

119 281 236 314 Aquam,
255 287 412 311 quocumque
430 280 489 305 ierit
501 280 519 304 ¹.
539 280 663 309 Quantum
678 287 735 305 vero
748 281 769 305 is
783 280 856 305 etiam
870 288 885 304 a
897 280 962 304 mul-

120 324 252 355 tiplicitate
269 323 402 348 verborum
415 323 502 348 debeat
514 323 639 347 abstinere
647 341 653 351 ,
666 324 721 354 quis
733 330 783 348 non
796 323 892 351 videat,
906 331 960 348 cum

119 366 254 399 loquacitas
272 365 431 390 manifestum
450 366 483 390 sit
500 365 616 390 indicium
635 366 814 396 impudicitiae,
840 373 902 397 quae
922 373 961 390 ne—

120 417 241 442 quaquam
260 408 342 440 potest
361 408 433 433 simul
459 415 511 433 esse
536 416 591 432 cum
616 408 734 439 pudicitia
756 408 892 439 virginali?
914 408 961 433 Lo-

98 450 104 457 '
119 452 250 485 quacitatis
268 458 327 482 ergo
345 451 433 475 vitium
451 451 556 475 maxime
574 450 685 475 devitent
703 451 812 481 virgines
832 451 925 481 pudici,
940 451 961 475 si

117 495 205 521 volunt
231 494 350 518 virtutem
375 493 505 524 pudicitiae
531 500 684 518 conservare.
710 493 869 517 Manifestum
896 494 960 518 enim

118 538 169 567 est,
188 537 252 568 quod
271 537 299 561 in
316 535 481 566 multiloquio
499 543 553 560 non
571 535 649 560 deerit
662 536 796 566 peccatam
809 534 827 566 ²,
847 536 888 560 sed
903 543 960 566 pau-

117 580 187 606 latim
197 579 229 604 ab
239 579 325 604 otiosis
335 578 417 603 verbis
429 578 460 603 ad
473 578 638 603 detractiones
651 578 757 607 venitur,
773 578 848 603 donec
860 578 960 603 tandem

117 623 148 648 ad
166 623 267 654 apertas
285 621 447 646 contumelias
466 621 653 652 prorumpatur.
671 621 764 652 Arguit
782 621 865 645 autem
878 621 961 652 loqua-

117 665 217 691 citatem
245 664 381 695 Apostolus
400 664 505 689 Iacobus
518 662 535 692 ⁸,
560 664 596 688 ita
615 663 710 688 dicens:
736 663 765 688 Si
787 664 845 694 quis
866 664 959 694 putat,

116 716 142 734 se
163 708 312 739 religiosum
335 713 401 737 csse,
425 714 477 731 non
501 705 633 736 refrenans
659 706 776 737 linquam
799 713 892 736 suam,
917 707 961 731 sed

116 751 234 776 seducens
253 757 297 774 cor
315 757 407 779 suum,·
425 749 503 774 huius
520 756 589 773 vana
607 750 643 774 est
660 749 760 780 reliqio.
779 748 858 773 Nemo
883 749 961 780 igitur

117 793 163 819 sibi
181 793 210 818 de
226 793 361 824 Religionis
384 792 471 816 habitu
495 792 652 821 blandiatur,
678 792 720 822 qui
744 791 823 816 adhuc
848 792 960 822 linguam

117 843 186 861 suam
204 842 254 860 non
272 835 357 859 didicit
375 835 488 865 religare.
502 834 589 865 Religa
607 834 718 865 linguam
732 834 808 863 tuam,
823 834 843 858 si
857 834 894 858 vis
907 841 960 858 esse

115 878 260 909 religiosuS,
279 878 337 908 quia
356 877 408 901 sine
428 877 527 908 linguae
546 877 691 907 religatione
715 877 801 907 religio
823 883 889 900 vana
913 876 960 900 est.

116 920 186 945 Unde
205 920 354 945 sanctissimi
374 919 476 947 Patres,
496 919 652 950 Religionum
668 918 826 943 institutores
839 919 960 944 eteorum

116 970 231 995 sequaces
250 963 441 994 sapientissimi,
461 962 525 987 sicut
543 970 558 986 a
576 962 671 993 Spiritu
684 962 821 993 sapientiae
834 962 899 986 docti
912 961 961 986 fue-

116 1006 185 1035 rant,
198 1006 310 1030 districte
322 1005 487 1030 instituerunt
499 1005 695 1029 observationem
709 1005 815 1033 silentii,
829 1012 877 1029 non
891 1005 961 1036 igno-

117 1049 214 1078 rantes,
234 1048 303 1080 quia,
322 1049 388 1073 sicut
406 1048 468 1072 urbs
482 1049 576 1078 patens
596 1049 619 1072 et
637 1048 692 1072 sinc
704 1055 837 1072 murorum
851 1047 960 1078 ambitu,

117 1092 154 1117 ita
171 1092 223 1122 vir,
243 1091 288 1122 qui
305 1098 357 1115 non
371 1091 456 1121 potest
474 1091 501 1114 iri
520 1091 643 1121 loquendo
662 1090 783 1121 spiritam
801 1097 877 1115 suum
895 1090 961 1114 cobi-

118 1135 173 1160 berc
185 1133 203 1158 ⁴.
222 1134 270 1163 Et,
290 1133 356 1158 sicut
374 1133 510 1157 Psalmista
529 1133 578 1162 ait,
598 1133 638 1157 vir
664 1132 797 1164 linyuosus
823 1140 874 1157 non
900 1133 961 1157 cliri-

115 1178 190 1209 μίαν
210 1177 237 1202 in
256 1178 332 1201 terra.
352 1176 437 1201 Sciunt
456 1176 520 1200 enim
539 1176 650 1201 homines
669 1175 826 1206 spirituales,
850 1176 891 1206 qui
916 1175 961 1199 hoc

116 1220 210 1251 experti
229 1219 301 1248 sunt,
320 1219 441 1250 quantum
461 1218 559 1243 auferat
571 1218 721 1247 devotionis,
735 1218 856 1249 quantum
869 1217 961 1242 inferat

116 1262 285 1288 dissolutionis
303 1262 453 1286 intrinsecus
471 1261 586 1292 frequens
612 1261 713 1292 linguae
741 1261 866 1285 resolutio.
894 1261 958 1285 Nam

116 1305 180 1330 sicut
197 1305 298 1333 fornax,
317 1305 387 1329 cuius
405 1311 432 1329 os
452 1311 548 1335 semper
566 1304 681 1335 apertum
700 1303 751 1332 est,
771 1311 818 1328 non
840 1303 922 1334 potest
934 1304 959 1328 in

116 1355 142 1372 se
161 1347 266 1372 retinere
284 1347 418 1376 fervorem;
438 1347 472 1371 sic
491 1354 533 1371 nec
552 1353 593 1371 cor
612 1346 748 1371 devotionis
766 1347 791 1370 in
817 1354 843 1370 se
868 1346 960 1377 poterit

116 1390 224 1422 gratiam
243 1397 402 1419 conservare,
422 1390 490 1414 cuius
509 1396 536 1414 os
555 1396 602 1414 non
622 1389 698 1414 fuerit
716 1390 791 1413 ianua
810 1389 902 1414 silentii
926 1397 960 1413 re-

115 1433 220 1458 clusum.
240 1433 389 1457 Olaudamus
408 1432 485 1463 igitur
504 1439 531 1456 os
549 1432 677 1460 nostrum,
697 1432 726 1456 ut
745 1439 800 1456 cum
823 1432 960 1457 devotionis

116 1475 211 1500 fervore
230 1475 371 1504 Christum,
391 1475 527 1500 devotionis
546 1475 699 1506 largitorem,
713 1475 737 1499 in
752 1474 857 1499 ferventi
870 1474 959 1499 affectu

116 1519 192 1543 animi
211 1519 334 1549 possimus
347 1518 356 1531 ⁵
374 1525 528 1543 conservare.

187 1561 230 1585 90.
248 1560 299 1585 Vos
317 1560 399 1585 autem
419 1561 562 1591 praecipue,
577 1567 590 1585 o
603 1560 726 1591 virgines,
740 1567 845 1591 sponsae
858 1560 959 1589 Christi,

118 1604 213 1629 intrate
232 1603 259 1628 in
277 1603 422 1628 cubiculum
449 1603 529 1628 cordis
551 1603 640 1632 vestri,
665 1604 689 1627 et
713 1603 798 1628 clauso
821 1604 886 1628 ostio
911 1604 960 1628 oris

118 1646 208 1675 vestri,
228 1647 299 1670 orate
317 1646 487 1674 familiariter,
506 1645 648 1675 humiliter,
666 1645 871 1676 lacrymabiliter,
900 1645 961 1670 hila-

117 1689 191 1718 riter,
211 1689 330 1718 dulciter,
349 1688 497 1713 fiducialiter
515 1688 638 1719 Sponsum
655 1688 782 1717 vestrum,
807 1688 898 1719 Regem
921 1695 960 1713 ve-

116 1732 209 1761 strum,
220 1732 327 1756 Patrem
339 1732 450 1756 vestrum
459 1729 469 1743 ⁰
482 1731 507 1755 et
520 1731 713 1756 Consolatorem.
727 1730 862 1760 Effundite
874 1738 960 1755 coram

116 1774 178 1805 illo,
197 1775 304 1799 omnium
323 1774 461 1805 inspectore
480 1774 601 1803 cordium,
625 1774 704 1798 corda
726 1775 824 1803 vestrm
847 1773 960 1798 confabu-

116 1817 202 1841 lamini
212 1824 267 1841 cum
279 1817 322 1842 illo
335 1816 492 1841 recordantes
504 1816 580 1845 illius,
593 1816 710 1840 effundite
721 1824 795 1847 super
808 1823 852 1841 vos
864 1817 960 1840 animas

117 1859 228 1888 vestras,
247 1859 273 1883 et
291 1859 398 1884 terrenis
416 1859 633 1890 corporalibusque
652 1858 757 1889 relictis,
778 1859 865 1889 pennis
890 1859 960 1889 spiri-

117 1900 227 1926 tualibus
245 1901 359 1925 caritatis
378 1901 521 1930 elevamini,
544 1902 568 1925 et
587 1901 694 1926 transite
717 1901 745 1924 in
770 1900 853 1925 locum
877 1901 960 1925 taber-

116 1945 205 1969 naculi
230 1944 394 1969 admirabilis
417 1951 496 1975 usquc
521 1944 556 1968 acl
580 1943 682 1968 domum
701 1944 765 1974 Dei,
790 1944 832 1968 ubi
857 1944 959 1968 auribus

116 1994 166 2012 non
183 1987 307 2018 corporis,
327 1987 369 2011 sed
387 1986 467 2011 cordis
486 1986 594 2011 audiatis
613 1987 640 2011 in
662 1993 720 2010 voce
738 1986 917 2011 exsultationis
936 1987 960 2011 et

117 2029 282 2060 confessionis
299 2036 390 2054 sonum
401 2027 422 2059 ⁷,
441 2028 534 2058 festum
547 2029 612 2053 diem
624 2029 791 2060 celebrantes,
805 2029 846 2054 ubi
860 2030 959 2054 interna

116 2072 282 2098 consolatione
295 2072 414 2101 refectae,
428 2072 585 2103 quandoque,
599 2079 654 2096 cum
667 2072 788 2096 articulus
801 2072 958 2103 tempestatis

117 2114 142 2139 et
159 2115 328 2143 necessitatis,
354 2115 500 2140 tentationis
525 2115 550 2139 et
574 2115 656 2139 carnis
680 2114 819 2143 advenerit,
845 2115 958 2139 caelestis

116 2158 255 2183 refectionis
275 2158 397 2183 recordari
416 2158 517 2188 possitis
535 2157 560 2182 et
582 2157 674 2182 dicere:
704 2158 788 2189 Quare
817 2158 899 2182 tristis
924 2165 956 2187 es,

117 2201 205 2225 anima
223 2208 293 2232 mea,
313 2202 336 2225 et
354 2207 435 2231 quare
452 2200 587 2225 conturbas
603 2200 661 2224 me?
674 2199 755 2231 Spera
773 2200 799 2224 in
813 2200 882 2231 Deo,
896 2208 958 2231 quo-

116 2243 188 2268 niam
207 2243 292 2267 adhuc
310 2242 447 2273 confitebor
467 2242 507 2267 illi
525 2243 567 2274 qui
585 2244 624 2267 est
641 2242 666 2267 et
683 2242 798 2267 salutare
810 2243 896 2267 vultus
908 2243 958 2267 mci

116 2285 140 2308 et
157 2284 229 2309 Deus
246 2291 324 2309 meus.
343 2284 463 2309 Memores
482 2285 560 2309 estote
579 2285 666 2315 optimi
685 2284 782 2309 Domini
795 2284 851 2313 Dei,
871 2292 958 2310 memo-

1804 208 1860 235 ⁹205

1017 282 1106 306 ramini
1125 282 1150 306 et
1169 282 1335 311 delectamini,
1355 283 1380 307 et
1398 283 1495 308 deficiat
1515 283 1618 314 spiritus
1637 284 1730 312 vester,
1757 284 1860 315 spiritus

1017 324 1099 348 carnis
1118 324 1229 353 vestrae,
1249 325 1278 349 ut
1297 325 1387 356 spiritu
1405 326 1473 350 illius
1492 327 1533 357 qui
1546 327 1671 357 estsuper
1683 326 1733 350 mel
1745 326 1826 351 dulcis
1843 325 1861 357 Β,

1017 366 1160 391 reficiamini
1188 367 1213 391 et
1239 367 1340 392 discatis
1359 368 1508 399 vilipendere
1528 369 1660 393 exteriores
1678 369 1860 398 collocutiones,

1018 409 1149 440 postquam
1169 410 1294 435 interioris
1319 411 1488 436 collocutionis
1512 412 1664 436 dulcedinem
1689 412 1860 443 gustaveritis.

1016 450 1036 475 O
1055 458 1134 481 qaam
1152 452 1244 476 bonum
1263 454 1287 477 et
1305 460 1383 483 qaam
1402 454 1551 483 iucundum,
1572 462 1585 479 o
1604 462 1676 485 quam
1697 455 1817 486 optimum
1837 455 1862 479 et

1016 494 1219 519 iucundissimum
1238 495 1276 519 est
1295 495 1390 525 tecum,
1410 503 1423 521 o
1442 497 1581 521 dulcissime
1600 497 1671 526 Iesu,
1692 498 1808 522 babitare
1833 498 1861 522 in

1015 543 1097 560 unum
1110 535 1127 567 ⁹,
1147 537 1227 561 tecum
1246 538 1366 569 colloqui,
1388 539 1434 563 tibi
1452 539 1564 564 revelare
1582 547 1685 565 causam
1705 541 1801 565 animae
1820 547 1861 565 no-

1016 578 1083 603 strae
1103 579 1207 610 tuaeque
1225 581 1400 605 consolationis
1418 589 1536 613 responso
1556 583 1663 613 perfrui!
1683 582 1703 608 O
1721 591 1794 614 quam
1821 583 1860 608 bo-

1016 628 1075 645 num
1094 622 1145 649 est,
1166 629 1239 652 quam
1258 623 1379 653 optimum
1404 624 1442 648 est
1466 625 1497 648 ad
1520 625 1544 649 te
1569 625 1757 649 inhabitantem
1781 625 1860 650 lacem

1016 663 1215 688 inaccessibilem
1228 662 1247 675 ¹⁰
1266 665 1325 690 duce
1343 666 1447 691 caritate
1460 667 1585 695 accedere,
1599 668 1651 697 cui,
1666 668 1686 692 si
1700 668 1798 692 tantum
1812 668 1860 693 dux

1016 706 1103 731 nostra
1125 707 1211 736 fuerit,
1231 708 1292 733 nihil
1312 716 1410 733 manere
1430 710 1521 740 poterit
1541 711 1705 735 inaccessum!
1728 711 1806 736 Novit
1818 718 1859 736 cor

1016 749 1101 778 tuum,
1121 757 1134 774 o
1153 750 1231 775 dulcis
1254 751 1325 781 Iesu,
1349 753 1462 777 caritatis
1486 753 1571 777 lancea
1596 754 1769 783 vulneratum,
1795 755 1860 779 viam

1016 791 1095 816 facere
1113 793 1227 822 caritati,
1246 794 1284 818 cui
1304 795 1423 825 perpetuo
1443 803 1492 820 non
1511 796 1648 820 claudetur.

1087 834 1129 859 91.
1148 835 1266 861 Acccdiie
1284 844 1342 867 eryo
1363 838 1397 862 ad
1413 845 1469 862 eum
1483 846 1526 869 per
1538 846 1593 863 eum
1606 839 1733 870 gressibus
1746 840 1859 864 caritatis

1017 879 1040 901 et
1059 877 1259 908 illuminamini,·
1270 881 1372 911 gustate
1384 882 1407 904 et
1419 881 1511 911 videte,
1525 882 1647 912 quoniam
1659 883 1746 907 suavis
1759 884 1795 907 est
1808 883 1859 907 Do-

1016 920 1101 944 minus
1115 919 1142 944 ¹¹.
1161 921 1246 946 Sciunt
1266 923 1360 953 experti
1373 937 1407 940 —
1420 924 1445 948 et
1463 924 1523 948 bene
1536 924 1617 949 sciunt
1630 925 1671 955 qui
1684 932 1712 949 ex
1725 925 1774 949 alia
1789 925 1859 956 parte

1017 962 1183 993 gustaverunt
1201 963 1291 988 bonum
1311 965 1355 989 Dei
1368 965 1470 995 donum,
1484 967 1525 997 qui
1539 967 1671 997 aliquando
1685 967 1710 990 in
1724 967 1814 991 cellam
1827 968 1860 992 ri-

1016 1005 1120 1029 nariam
1139 1013 1153 1030 a
1172 1013 1230 1031 vera
1243 1007 1293 1031 vite
1306 1008 1392 1032 nostra
1404 1010 1465 1033 sunt
1478 1009 1618 1033 introducti
1631 1009 1649 1023 ¹²
1662 1024 1697 1027 --
1710 1017 1783 1040 quam
1796 1017 1861 1035 ama-

1017 1055 1071 1071 rum
1091 1048 1116 1072 et
1134 1056 1206 1079 quam
1228 1050 1364 1075 taediosum
1383 1051 1416 1075 sit
1435 1058 1449 1075 a
1468 1051 1623 1076 dulcissimae
1645 1052 1862 1083 contemplationis

1017 1091 1084 1115 illius
1103 1092 1214 1116 interiori
1234 1094 1374 1123 praesentia
1394 1095 1504 1125 separari
1529 1095 1554 1119 et
1578 1095 1609 1119 ad
1634 1095 1755 1120 exteriora
1779 1103 1861 1127 corpo-

1017 1134 1079 1158 ralia
1099 1134 1137 1158 vel
1157 1135 1277 1159 audienda
1296 1136 1335 1160 vel
1355 1137 1459 1161 videnda
1478 1137 1568 1162 reduci.
1580 1138 1640 1162 Cum
1653 1139 1725 1167 enim,
1740 1139 1860 1170 quantum

1017 1176 1041 1200 in
1061 1177 1185 1206 praesenti
1205 1177 1243 1202 fas
1262 1178 1314 1207 est,
1334 1179 1375 1203 ille
1394 1179 1472 1204 bonus
1496 1180 1574 1209 Iesus,
1600 1181 1727 1212 discipulis
1751 1182 1802 1206 suis
1828 1182 1861 1206 fa-

1018 1218 1194 1243 miliarioribus
1213 1227 1322 1244 seorsum
1343 1221 1374 1245 ab
1393 1221 1449 1245 aliis
1463 1221 1584 1247 fratribus
1597 1223 1621 1247 in
1634 1224 1742 1248 montem
1756 1227 1862 1249 contem-

1018 1261 1135 1291 plationis
1154 1262 1261 1291 eductis,
1283 1271 1308 1287 se
1327 1271 1408 1288 coram
1428 1265 1478 1289 illis
1497 1265 1679 1297 transfigurare
1698 1267 1813 1297 voluerit,
1836 1268 1861 1291 et

1017 1304 1041 1327 in
1061 1304 1128 1328 veste
1148 1305 1251 1329 candida
1269 1305 1403 1331 dulcedinis
1422 1307 1447 1331 ct
1466 1307 1585 1332 bonitatis
1604 1316 1662 1333 suae
1681 1316 1801 1340 apparere
1820 1311 1861 1334 mi-

1017 1346 1131 1371 rantibus
1145 1345 1163 1358 ¹³
1182 1348 1207 1371 et
1226 1348 1304 1372 solida
1323 1349 1427 1373 caritate
1452 1350 1573 1375 inebriare
1601 1351 1708 1376 volucrit
1733 1359 1773 1376 eos
1800 1360 1861 1383 quos

1016 1388 1074 1413 ante
1093 1390 1240 1414 visitaverat
1260 1398 1304 1421 per
1322 1391 1435 1417 timorem
1457 1393 1550 1422 iudicii,
1578 1394 1628 1418 sive
1654 1401 1697 1425 per
1722 1395 1860 1419 molestiam

1016 1431 1151 1456 salubrium
1172 1432 1338 1458 tentationum
1356 1448 1391 1451 —
1404 1435 1461 1465 quia
1479 1435 1504 1459 et
1517 1443 1560 1466 per
1572 1435 1672 1467 flagella
1686 1437 1752 1461 Deus
1765 1445 1790 1461 se
1804 1445 1862 1462 non-

1016 1481 1142 1505 nunquam
1162 1482 1262 1500 snorum
1281 1477 1394 1501 cordibus
1413 1479 1585 1508 repraesentat
1597 1493 1632 1496 —
1644 1487 1697 1504 cum
1712 1487 1783 1511 ergo,
1798 1481 1862 1505 sicut

1016 1517 1134 1547 diximus,
1160 1519 1293 1549 aliquando
1318 1527 1343 1543 se
1368 1520 1392 1544 in
1417 1527 1515 1545 suorum
1541 1521 1654 1546 cordibus
1679 1522 1861 1554 transfigurare

1016 1560 1134 1590 dignatus
1153 1560 1235 1590 fuerit,
1255 1562 1284 1586 ut
1297 1562 1405 1587 tristitia
1424 1563 1452 1587 in
1468 1563 1594 1595 gaudium
1612 1566 1776 1590 convertatur
1789 1565 1818 1595 ¹⁴,·
1836 1566 1861 1590 et

1017 1603 1037 1626 si
1055 1603 1166 1632 interim,
1186 1603 1244 1628 dum
1269 1603 1339 1633 haec,
1363 1606 1443 1630 nescio
1468 1607 1599 1637 quomodo,
1623 1607 1745 1638 aguntur,
1771 1608 1861 1639 aliquis

1016 1645 1160 1670 exteriorem
1180 1647 1306 1677 requirens
1326 1648 1491 1678 praesentiam
1511 1650 1545 1674 sic
1563 1649 1658 1679 affecti,
1674 1651 1756 1681 ipsum
1775 1658 1790 1675 a
1808 1652 1861 1676 tam

1016 1687 1117 1712 amabili
1141 1689 1357 1720 contemplationis
1383 1691 1465 1715 monte
1488 1692 1561 1722 cogat
1589 1692 1747 1723 descendere,
1773 1694 1860 1724 putas,

1015 1730 1086 1755 illum
1106 1731 1181 1755 talem
1199 1732 1371 1763 impulsionem
1390 1733 1535 1759 exteriorem
1553 1735 1677 1766 patienter
1696 1735 1759 1760 ferre
1773 1736 1797 1760 et
1810 1743 1859 1761 non

1016 1773 1096 1804 magis
1115 1773 1221 1798 clamare
1240 1781 1294 1799 cum
1313 1775 1388 1800 Petro
1402 1774 1432 1800 ¹⁵:
1452 1777 1574 1807 Domine,
1589 1778 1682 1802 bonum
1700 1779 1737 1803 est
1754 1786 1801 1803 nos
1820 1779 1861 1803 liic

1017 1822 1083 1845 esse,-
1101 1816 1126 1840 et
1144 1824 1198 1841 cum
1218 1817 1308 1842 Paulo:
1328 1818 1426 1848 Infelix
1444 1826 1488 1850 eqo
1508 1819 1597 1851 bomo,
1617 1821 1675 1851 quis
1690 1828 1728 1845 mc
1742 1821 1861 1846 liberabit

1017 1857 1046 1881 de.
1064 1866 1169 1889 corpore
1187 1860 1277 1885 mortis
1296 1860 1394 1886 huius?
1416 1861 1436 1885 O
1460 1869 1534 1893 quam
1559 1870 1671 1887 amarum
1696 1863 1735 1888 est
1759 1864 1793 1888 eis
1818 1865 1860 1895 qui

1017 1900 1061 1924 tali
1074 1901 1190 1926 interiore
1201 1902 1331 1928 refectione
1344 1903 1431 1928 satiari
1443 1904 1580 1934 noverunt,
1594 1905 1625 1929 ad
1638 1905 1759 1931 exteriora
1772 1914 1860 1931 rursus

1015 1942 1124 1967 attrahi!
1144 1944 1207 1968 Mori
1225 1944 1342 1969 videntur
1361 1945 1420 1975 sibi,
1440 1946 1497 1977 quia
1516 1954 1602 1971 revera
1621 1947 1740 1978 quaedam
1766 1949 1858 1979 species
1877 1952 1880 1955 '

1016 1986 1102 2010 mortis
1122 1986 1160 2011 est
1178 1994 1193 2011 a
1211 1988 1418 2019 contemplatione
1436 1989 1516 2019 vitae,
1536 1997 1550 2014 a
1569 1990 1775 2021 contemplatione
1795 1991 1859 2016 rubi-

1015 2029 1087 2053 cundi
1106 2029 1177 2058 Iesu,
1197 2037 1212 2054 a
1231 2030 1438 2061 contemplatione
1457 2031 1526 2056 faciei
1548 2032 1616 2057 illius
1640 2033 1770 2058 rutilantis
1795 2034 1859 2059 sicut

1015 2072 1051 2096 sol
1070 2072 1101 2096 ad
1120 2072 1220 2097 nostras
1239 2073 1354 2098 tenebras
1373 2081 1460 2099 rursus
1478 2075 1552 2099 avelli
1571 2076 1595 2100 et
1620 2083 1634 2100 a
1658 2076 1752 2101 Mariae
1779 2077 1858 2102 dulce-

1014 2114 1070 2138 dine
1088 2114 1119 2138 ad
1138 2115 1252 2140 Marthae
1272 2116 1435 2141 ministerium
1449 2120 1469 2134 ¹⁶
1487 2119 1604 2143 revocari.

1084 2157 1127 2181 92.
1146 2158 1259 2182 Breviter
1278 2159 1360 2183 autem
1379 2159 1444 2189 dico,
1459 2160 1522 2191 quod
1535 2161 1679 2192 quicumque
1693 2162 1775 2187 sciunt
1787 2170 1856 2187 men-
1867 2160 2003 2203 Μῐιῖἓθιξωῇἳὲζ

1014 2200 1047 2224 tis
1065 2200 1147 2225 oculos
1166 2201 1325 2226 interioribus
1343 2202 1592 2233 contemplationibus
1616 2211 1733 2235 occupare
1761 2205 1786 2230 et
1810 2206 1855 2230 lin-
1867 2208 2003 2255 {ggffimc‘ss‘

1013 2250 1088 2274 guam
1107 2244 1203 2268 animae
1222 2244 1253 2268 ad
1271 2245 1381 2269 divinum
1397 2245 1545 2276 colloquium
1565 2254 1687 2276 reserare,
1707 2255 1755 2273 non
1775 2249 1854 2273 solum

1014 2292 1063 2310 non
1081 2286 1236 2311 delectantur
1255 2287 1417 2312 exterioribus
1436 2288 1529 2313 visibus
1549 2289 1587 2313 vel
1605 2290 1747 2322 colloquiis,
1767 2298 1853 2316 verum

179 2478 186 2491 ¹
205 2481 276 2508 Apoc.
294 2480 326 2507 14,
337 2480 363 2503 4ι
377 2481 483 2508 Virgines
495 2482 554 2503 enin]
566 2484 625 2503 sunt,
641 2481 668 2504 Hi
676 2484 803 2510 sequuntur
813 2482 903 2509 Agrium
914 2485 957 2504 etc.

116 2523 146 2526 —
163 2512 273 2538 Superius
292 2518 333 2539 pro
351 2511 428 2534 Bonos
441 2513 456 2534 A
471 2512 555 2537 Bonis,
568 2513 606 2541 qni
620 2513 687 2534 etiam
710 2513 801 2534 interius
818 2519 860 2540 pro
880 2512 956 2540 Ounn-

117 2542 167 2564 tam
185 2547 239 2564 vero
256 2542 276 2565 is
292 2542 363 2565 etiam
380 2543 496 2565 substituit
514 2543 635 2571 Quantam
652 2543 722 2566 enim.
739 2544 842 2566 Subinde
855 2550 897 2572 pro
909 2551 957 2566 ma-

117 2572 228 2626 ηἱῙεεξιιτΙζι
246 2573 329 2626 (aasz)
347 2574 384 2626 eg.
407 2574 411 2595 Ι
433 2577 454 2596 et
473 2575 527 2596 Bon.
544 2574 628 2597 omnis.

223 2610 272 2626 rov.
290 2614 293 2619 ι
382 2621 387 2626 .

179 2633 189 2646 ⁸
206 2635 261 2663 cap.
280 2636 300 2662 l,
318 2622 356 2658 2'6.

179 2665 189 2677 ⁴
206 2666 273 2688 Prov.
290 2666 332 2694 2:¹3,
350 2667 392 2694 28,
418 2670 469 2695 post
494 2673 563 2695 quem
586 2668 620 2689 ΡΞ.
640 2667 696 2694 139,
715 2668 750 2689 12.
770 2668 811 2690 l'ro
829 2668 955 2691 Psalmista

119 2696 156 2723 (ita
174 2697 201 2725 A)
219 2697 274 2719 non.
291 2703 344 2720 cum
362 2698 398 2720 ed.
425 2699 430 2719 ¹
453 2698 570 2721 Psalmus.
589 2699 683 2721 interius
699 2705 741 2726 pro
759 2698 847 2728 inferat
866 2699 904 2726 (ila
928 2700 954 2727 A)

117 2727 154 2749 ed.
171 2728 180 2749 1
201 2731 223 2750 et
239 2729 296 2751 Bon.
312 2728 406 2758 afferat.

179 2757 188 2770 ⁵
205 2758 262 2782 cod.
279 2760 296 2782 A
314 2759 338 2782 in
354 2759 455 2789 ferventi
468 2760 588 2789 possimus
604 2760 694 2783 anima.

179 2788 189 2802 ⁶
206 2790 282 2813 Matth.
299 2791 327 2818 6,
345 2791 365 2813 6.
382 2803 413 2807 -
430 2791 538 2820 Sequitur
555 2792 590 2813 Ps.
609 2793 646 2818 61,
663 2792 685 2813 9.

180 2819 188 2832 ⁷
207 2821 287 2844 Psalm.
306 2821 341 2850 tl,
359 2822 380 2844 5.
398 2822 477 2844 Proin
488 2828 542 2845 voce
555 2823 593 2850 (itu
611 2824 627 2845 A
645 2828 698 2845 cum
712 2822 818 2850 Vulgata)
833 2823 887 2845 Bon.
902 2829 954 2845 cum

118 2851 154 2886 gd.
174 2852 180 2873 1
202 2857 290 2875 vocem.
305 2864 329 2869 -
353 2853 485 2882 Sequuntur
502 2854 519 2887 1.
534 2853 591 2881 fleg.
609 2854 650 2882 30,
670 2854 705 2875 16.
723 2856 745 2875 et
762 2854 798 2875 l‘s.
817 2853 852 2880 ti,
864 2854 886 2875 6.
898 2860 955 2883 seq„

119 2888 139 2904 'n
150 2885 282 2966 'qizgoEZHA
290 2885 568 2943 2s⁴up1÷1÷÷v12ussuqsszzrissst
584 2885 612 2937 ‘elit
638 2916 655 2938 A
682 2916 842 2943 supplevimus
866 2917 952 2943 cester,

116 2949 287 2998 spnlgl-sssalm.
306 2976 362 3005 132,
383 2977 401 3004 1,
419 2980 470 3004 post
487 2983 556 3005 quem
574 2978 614 2999 ler.
633 2978 670 3004 11,
687 2978 723 2999 20.
741 2989 771 2994 ——
789 2977 900 3005 Superius
913 2984 954 3005 pro

1012 2482 1127 2511 optimum
1144 2484 1166 2505 ct
1182 2482 1381 2506 iucundissimum
1397 2484 1430 2506 est
1448 2486 1523 2506 tecum
1543 2484 1582 2511 (ita
1603 2485 1631 2512 A)
1650 2485 1704 2507 Bon.
1722 2491 1775 2507 cum
1788 2486 1823 2508 ed.
1840 2487 1845 2508 1

1013 2513 1097 2536 [tonum
1116 2515 1137 2536 et
1154 2513 1284 2536 incunclmn
1301 2515 1334 2536 est
1351 2513 1457 2537 habitare
1474 2514 1497 2536 ln
1516 2521 1590 2537 unum
1608 2516 1692 2538 teram.

1075 2544 1094 2557 ²⁰
1112 2544 1180 2572 Epist.
1200 2545 1214 2567 1.
1233 2545 1292 2567 Tim.
1310 2546 1336 2572 6,
1358 2546 1391 2567 16.
1407 2557 1438 2561 -
1455 2546 1484 2568 Ex
1502 2546 1519 2567 A
1536 2546 1697 2574 supplevimus
1709 2552 1780 2576 quam
1797 2547 1854 2577 opli-

1012 2577 1194 2628 mumfleslfsalm.
1211 2607 1253 2633 33,
1271 2607 1292 2628 6.
1310 2609 1332 2629 et
1348 2607 1370 2629 9.
1387 2620 1417 2622 -
1436 2607 1531 2629 luserius
1548 2614 1590 2636 pro
1602 2614 1632 2630 Μ·
1646 2607 1695 2631 alia
1709 2610 1779 2638 parte
1797 2610 1852 2631 Bon.

1012 2644 1042 2659 M
1059 2637 1254 2695 alar-'qz‘gtatnp'atqt’ez-
1264 2681 1295 2685 ——
1308 2669 1402 2691 Inferius
1414 2675 1456 2697 pro
1468 2668 1618 2692 dulcissimae
1635 2670 1674 2698 (ita
1687 2670 1714 2699 A)
1731 2671 1785 2693 Bon.
1798 2677 1852 2694 cum

1012 2699 1048 2721 ed.
1068 2700 1076 2720 1
1098 2698 1226 2722 dulcedine.

1075 2729 1094 2742 ¹³
1112 2730 1155 2752 Csr.
1173 2731 1248 2752 Muttln.
1267 2730 1306 2756 17,
1323 2731 1342 2752 l.
1357 2736 1422 2759 seqq.
1434 2743 1464 2747 —
1478 2731 1589 2759 Superius
1601 2738 1642 2760 pro
1654 2731 1852 2762 familiarioribus

1013 2761 1051 2789 (ita
1070 2761 1097 2789 A)
1114 2762 1169 2783 Bon.
1182 2767 1234 2783 cum
1247 2762 1283 2783 ed.
1297 2762 1305 2783 1
1321 2761 1489 2791 familiaribus.
1502 2763 1596 2785 interius
1609 2769 1650 2791 pro
1661 2762 1736 2786 solida
1754 2764 1853 2787 caritate

1012 2793 1029 2814 A
1042 2791 1136 2815 insolita
1149 2792 1263 2817 clm-itata,
1274 2795 1295 2814 et
1307 2798 1349 2820 pro
1360 2792 1492 2815 molestiam
1504 2793 1559 2816 Bon.
1571 2799 1624 2816 curn
1636 2794 1674 2816 ed.
1687 2795 1695 2816 ·1
1709 2794 1851 2818 violentiam.

1075 2822 1093 2835 ¹⁴
1111 2824 1168 2845 lonn.
1191 2824 1229 2850 16,
1252 2824 1289 2845 20.
1307 2836 1338 2839 —
1355 2823 1448 2846 interius
1472 2827 1524 2852 post
1545 2825 1706 2853 praesentiam
1724 2826 1778 2848 Bon.
1798 2832 1852 2848 cum

1011 2854 1048 2875 ed.
1062 2854 1069 2875 1
1087 2857 1164 2876 contra
1182 2855 1199 2876 A
1218 2855 1379 2883 prosequitur:
1392 2854 1425 2877 sic
1436 2854 1466 2877 sit
1482 2855 1591 2885 affectas,
1610 2857 1637 2879 ut
1653 2857 1732 2879 tamen
1743 2856 1772 2879 ab
1787 2863 1851 2880 ama·

1012 2884 1064 2907 bilis
1080 2884 1283 2914 contemplationis
1300 2887 1378 2908 monte
1394 2885 1472 2914 ipsum
1488 2888 1556 2916 coqat
1573 2886 1710 2910 descendere
1727 2890 1769 2910 etc.

1075 2915 1094 2928 ’ὃ
1111 2917 1186 2938 Matth.
1205 2916 1245 2943 17,
1264 2916 1288 2943 i,
1307 2920 1357 2944 post
1373 2922 1443 2945 quem
1461 2918 1527 2939 Rom.
1543 2917 1570 2944 7,
1588 2917 1626 2940 24.

1074 2946 1093 2959 ¹⁴³
1110 2946 1155 2969 Csr.
1173 2947 1226 2969 Luc.
1245 2948 1284 2975 10,
1302 2948 1338 2970 39.
1356 2954 1420 2977 seqq.
1437 2960 1468 2964 —
1485 2949 1595 2976 Superius
1612 2955 1654 2977 pro
1666 2949 1698 2972 ud
1713 2951 1809 2973 nostras
1823 2951 1852 2973 tc-

1011 2977 1096 3001 nebras
1113 2978 1152 3006 (ita
1170 2979 1197 3007 A)
1215 2979 1269 3000 Bon.
1287 2985 1339 3001 cum
1358 2979 1395 3001 ed.
1413 2980 1418 3000 1
1436 2978 1468 3002 ad
1484 2979 1527 3003 has
1544 2979 1659 3004 tenebras.

1883 842 1969 861 Suavitas
1982 843 2008 861 vi-

1877 867 1907 884 tae
1926 868 2009 885 contem-

1876 889 1964 912 plativae.
