2133 3317
661 213 856 243 OPUSCULUM
877 213 906 241 Il.
928 212 1158 249 SOLlLOQUlUM.
1180 212 1247 241 CAP.
1270 213 1287 241 l.
1809 213 1846 242 33

104 294 180 321 tactu
207 291 266 320 veri
297 290 410 320 luminis
429 293 519 325 mota;
541 291 622 328 quia,
653 291 805 320 secundum
836 291 947 320 beatum

103 338 268 375 Gregorium
288 337 317 366 in
337 337 487 366 Moralibus
499 338 519 371 ²,
538 349 552 362 (ι
567 337 777 374 unusquisque,
791 337 857 365 dum
873 340 949 365 tactu

104 384 162 413 veri
177 383 290 413 luminis
304 383 477 417 illustratur,
492 383 543 412 sibi
565 383 615 419 ipsi
630 383 800 416 ostenditur,
816 385 859 416 ut,
875 382 948 411 unde

104 430 260 468 cognoscit,
281 429 349 467 qnid
369 430 405 458 sit
425 429 544 463 institia,
565 429 629 458 inde
650 429 809 463 erudiatur,
832 429 899 465 quid
913 429 949 457 sit

104 477 201 514 culpa,
223 485 279 514 qua
299 479 474 505 excaecatur.
497 476 573 505 Unde
593 475 679 504 sancti
703 475 772 509 viri,
787 483 843 512 quo
863 475 948 503 altius

103 523 177 560 apud
198 523 286 552 Deum
307 522 444 551 virtutum
465 522 597 559 dignitate
618 521 783 558 proficiunt,
805 529 838 550 eo
859 521 948 550 subti-

104 571 158 599 lius
179 570 304 607 indignos
325 577 354 598 se
374 577 435 598 esse
454 568 675 605 deprehendunt,
697 568 778 605 qnia,
800 568 867 596 dum
882 576 947 604 pro-

104 616 172 645 ximi
194 616 250 645 luci
270 616 358 650 fiunt,
378 615 514 652 quidquid
535 623 581 644 eos
596 615 623 643 in
639 623 668 644 se
684 615 748 652 ipsis
770 615 884 648 latebat,
907 615 948 643 in—

104 663 261 692 veniunt».
284 663 354 691 Haec
374 662 533 699 Gregorius.

493 763 557 798 §3.

1006 293 1046 319 tot
1066 290 1138 319 hona
1158 298 1242 327 opera
1256 290 1419 327 neglexisti?
1434 291 1525 327 Quare
1547 292 1587 319 tot
1607 298 1706 324 annos,
1723 293 1762 319 tot
1776 290 1847 324 dies,

1005 340 1045 365 tot
1066 337 1150 366 horas
1171 338 1230 366 sine
1250 337 1344 366 fructu
1360 337 1476 366 vixisti?
1493 338 1560 366 Nam
1574 337 1639 366 dicit
1655 337 1846 367 Bernardus³:

1009 395 1022 408 «
1038 384 1060 411 O
1081 384 1210 418 Domine,
1230 385 1304 413 Deus
1325 392 1419 418 meus,
1435 388 1503 421 quot
1523 387 1648 421 tempora
1661 384 1846 418 effluxerunt,

1005 430 1031 458 in
1047 430 1150 466 quibus
1164 431 1222 459 sine
1243 431 1353 464 fructu,
1375 433 1407 459 ut
1426 431 1541 467 aspicio,
1557 431 1624 459 vixi.
1640 431 1781 467 Quomodo
1802 439 1847 459 co-

1005 484 1064 504 ram
1086 479 1112 504 te
1133 476 1306 505 subsistam?
1326 477 1468 513 Quomodo
1488 477 1522 505 ad
1543 480 1570 506 te
1592 477 1683 506 levare
1697 480 1794 514 potero
1808 478 1847 506 sa-

1005 522 1073 550 ciem
1088 530 1176 550 meam
1192 522 1218 550 in
1234 522 1280 550 illo
1294 531 1393 559 magno
1410 526 1437 552 et
1453 523 1568 552 terribili
1583 524 1721 557 examine,
1737 524 1847 560 quando

1003 569 1144 597 numerari
1160 569 1273 598 iusseris
1287 577 1382 598 omnes
1395 570 1454 598 dies
1469 578 1557 604 meos,
1572 578 1709 607 quaerens
1724 570 1847 599 fructum

1004 614 1031 643 in
1046 614 1104 643 eis?
1119 614 1141 643 O
1156 615 1270 644 Domine
1285 615 1373 649 Deus,
1389 623 1440 644 cnr
1460 616 1594 645 intermisi
1611 620 1637 645 te
1651 617 1709 645 ullo
1724 620 1847 653 tempore

1004 669 1117 690 versare
1132 661 1157 689 in
1173 662 1255 690 corde
1270 670 1346 695 meo,
1362 665 1388 691 te
1406 666 1462 691 tota
1477 667 1568 692 mente
1588 663 1728 700 amplecti,
1750 663 1778 692 in
1799 666 1847 692 tua

1004 707 1149 736 dulcedine
1170 707 1319 736 delectari?
1341 708 1438 736 Omnia
1469 709 1601 738 interiora
1628 717 1688 738 mea
1709 709 1756 738 ubi
1779 712 1846 738 tnnc

1005 757 1100 788 erant,
1122 754 1233 791 quando
1254 757 1344 783 tecum
1367 763 1421 783 non
1453 758 1546 789 erant,
1569 764 1631 784 cnm
1653 764 1669 784 a
1690 759 1716 785 te
1745 756 1845 784 habeat

1003 801 1093 829 omnis
1114 804 1243 829 creatura
1263 801 1399 838 quidquid
1430 802 1513 830 habet
1533 802 1729 837 desiderabile,
1752 802 1846 831 lauda-

1003 847 1058 876 bile
1079 850 1106 876 et
1126 847 1286 876 delectabile
1297 850 1329 876 »?
1351 848 1420 877 llaec
1442 849 1598 877 Bernartius
1609 850 1629 877 4.

130 857 200 885 Quam
216 856 300 880 vitiose
317 864 331 880 a
347 856 468 880 voluntate
485 856 610 879 deformata
627 855 660 878 sit
676 855 753 878 anima
769 861 808 885 per
825 855 922 886 culpam.

1085 895 1127 922 12.
1149 894 1249 922 Auum.
1266 895 1322 923 Heu
1337 895 1467 929 Domine,
1482 903 1556 924 nunc
1571 896 1706 933 intelligo,
1722 896 1768 925 sed
1783 904 1847 925 con-
1857 902 1991 949 ‹lagga-2532

1003 941 1074 969 fiteri
1090 941 1237 975 erubesco,
1251 941 1357 978 species
1378 945 1402 970 et
1423 942 1508 970 decor
1529 945 1722 971 creaturarum
1740 943 1992 991 110001111ξέξυῖΐὲἑῖΞῖ

1003 987 1120 1017 oculum
1141 996 1250 1021 meum,
1266 991 1293 1016 et
1308 996 1362 1016 non
1376 988 1497 1022 adverti,
1513 989 1578 1025 quia
1592 989 1740 1025 speciosior
1759 998 1846 1018 omni-
1859 1001 1928 1014 rarum.

186 943 228 970 10.
245 941 339 978 lgitur,
354 949 370 970 ο
384 941 483 974 anima,
499 940 520 969 si
536 941 597 969 luce
609 940 732 969 veritatis
747 944 817 969 tacta
831 940 947 978 dignita-

105 992 159 1017 tem
175 991 260 1022 tuam,
276 996 358 1025 quam
375 988 509 1016 hactenus
522 995 576 1015 non
592 987 740 1021 attendisti,
755 988 909 1023 cognoscis,
924 987 946 1016 si
1860 1019 1950 1042 Decumo
1957 1024 1991 1043 Im

1891 1048 1957 1061 Visum-

0 1183 91 1210 &argutio

0 1211 29 1250 gae
35 1212 54 1225 m
60 1211 91 1230 ge-

0 2112 48 2138 uperi
52 2114 69 2130 tn
72 2117 83 2139 1·7

0 2137 25 2154 uo
38 2137 84 2154 tanti

0 2159 71 2178 celeris.

104 1035 231 1072 culpam,
253 1043 309 1072 qua
329 1034 486 1063 Creatorem
508 1037 588 1062 tuum
609 1033 759 1067 offendisti,
776 1033 905 1070 intelligis
920 1037 947 1062 et

104 1081 212 1115 vidisti,
233 1089 316 1118 quam
347 1088 480 1117 generose
506 1080 624 1108 formata
654 1080 692 1109 sis
722 1088 771 1116 per
800 1083 945 1114 naturam3

104 1128 166 1157 vide
186 1136 270 1162 nunc,
292 1135 374 1164 quam
396 1127 495 1155 vitiose
508 1126 675 1164 deformata
694 1126 736 1155 sis
750 1136 803 1164 pez·
817 1127 944 1164 culpam.

105 1191 140 1196 -—
166 1186 180 1200 α
193 1174 284 1204 Reduc
305 1174 406 1211 igitur,
427 1174 520 1202 anima
539 1182 706 1203 aerumnosa
726 1177 754 1203 et
774 1174 891 1208 misera,
913 1174 947 1203 ad

102 1221 265 1250 memoriam
286 1229 398 1250 enorme
419 1220 550 1249 delictum
572 1224 666 1254 tuum,
688 1221 793 1258 perduc
813 1221 946 1258 usquein

102 1267 208 1296 caelum
231 1267 353 1304 rugitum
375 1271 403 1296 et
424 1267 583 1296 lamentum.
605 1267 713 1304 Cogita,
729 1267 821 1295 anima.
841 1267 947 1304 perlida

103 1314 167 1348 Dei,
195 1314 322 1343 adultera
348 1314 466 1348 Christi,
487 1314 553 1351 qnid
584 1314 690 1342 seceris.
719 1314 896 1350 Dereliquisti
918 1313 945 1342 in

104 1361 179 1390 caelo
193 1364 300 1390 castum
316 1364 467 1389 amatorem
482 1364 578 1394 tuum,
595 1360 793 1397 comtempsisti
815 1360 945 1389 factorem

104 1411 201 1441 tuum,
229 1407 380 1444 repudiasti
409 1415 541 1443 sponsum
571 1410 670 1441 tuum,
705 1407 823 1435 turbasti
856 1407 943 1435 Deum

104 1458 198 1489 tuum,
212 1454 400 1483 irreverenter
415 1453 537 1482 tractasti
553 1456 679 1482 sanctum
700 1454 832 1489 Angelum
854 1456 946 1481 custo-

103 1501 164 1530 dem
188 1504 275 1529 tuum.
292 1501 359 1529 Eras
373 1500 507 1537 templum
529 1500 591 1534 Dei,
606 1508 706 1536 sponsa
720 1499 832 1533 Christi,
853 1507 945 1528 sacra-

102 1547 177 1576 rium
198 1547 317 1583 Spiritus
337 1547 432 1575 sancti.
455 1547 531 1583 Quae
552 1549 593 1575 est
614 1546 666 1575 ista
687 1546 779 1575 subita
799 1546 943 1575 conversio

102 1597 129 1622 et
150 1593 294 1630 repentina
314 1593 451 1621 mutatio?
472 1593 510 1622 De
535 1593 584 1622 Dei
612 1593 718 1630 virgine
739 1592 810 1621 faeta
831 1601 860 1621 es
885 1600 946 1621 cor-

101 1640 195 1676 ruptio
206 1643 329 1674 satanae,
344 1640 378 1668 de
393 1648 493 1677 sponsa
507 1639 608 1669 Christi
623 1643 745 1669 scortum
761 1639 944 1673 exsecrabile,

100 1685 135 1714 de
156 1686 313 1715 habitaculo
333 1686 452 1722 Spiritus
473 1686 558 1715 sancti
579 1686 650 1715 sacta
671 1694 700 1715 es
721 1685 865 1723 tugurium
887 1685 945 1714 dia-

100 1732 155 1761 boli
169 1743 196 1760 ι).
218 1733 287 1761 Haec
314 1733 458 1761 Anselmus
478 1732 512 1761 de
534 1733 647 1761 Planctu
671 1732 836 1769 virginitatis
863 1732 946 1761 amis-

101 1787 146 1808 sae
157 1780 177 1807 2.
200 1779 362 1814 Recordare,
384 1788 400 1808 o
425 1779 531 1813 anima,
553 1783 667 1816 propter
691 1779 758 1816 quid
789 1779 945 1808 vendideris

100 1826 226 1855 decorem
243 1829 332 1860 tuum,
347 1830 461 1863 propter
477 1826 543 1863 quid
558 1826 691 1855 abieceris
706 1826 838 1855 honorem
854 1829 944 1860 tunm,

101 1881 152 1910 pro
173 1881 229 1910 quo
251 1876 305 1902 tam
323 1874 442 1910 turpiter
457 1873 609 1902 foedaveris
624 1873 733 1901 vultum
755 1875 851 1907 tuum,
873 1880 944 1909 quae

104 1923 179 1948 tanta
199 1920 271 1948 bona
285 1928 336 1956 pro
351 1922 406 1948 tam
421 1919 468 1948 vili
482 1920 572 1956 pretio
587 1919 740 1948 vendidisti.

178 1967 278 1995 Annia.
302 1967 485 2002 Recognosce,
507 1974 523 1994 0
555 1966 653 2000 1101110,
681 1965 755 2002 1111011
784 1973 882 1994 verum
905 1966 944 1994 lo-

100 2013 212 2050 queris,
233 2016 260 2042 et
281 2021 335 2041 non
356 2013 494 2041 immerito
515 2021 559 2041 me
579 2012 613 2041 de
634 2015 710 2041 tanta
725 2013 943 2049 transgressione

100 2059 289 2096 reprehendis.

181 2108 224 2134 11.
248 2107 332 2135 110110.
356 2106 378 2134 Ο
399 2106 505 2140 anima,
527 2114 614 2143 quare
635 2109 662 2135 te
685 2109 723 2135 tot
744 2106 823 2135 bonis
844 2106 943 2142 spolia-

101 2153 155 2182 sti?
170 2153 261 2189 Quare
277 2153 380 2182 frustra
394 2153 477 2181 tantis
492 2157 518 2182 te
534 2153 686 2182 honoribus
701 2153 836 2190 privasti?
851 2153 943 2189 Quare

161 2328 169 2341 ¹
187 2329 247 2351 Libr.
266 2329 358 2352 xxxa.
375 2335 394 2351 e.
416 2329 434 2351 1.
451 2335 472 2351 11,
492 2330 517 2356 l,
534 2328 573 2351 ubi
591 2332 666 2351 tamen
685 2330 797 2358 posterior
815 2330 941 2358 propositio

99 2367 173 2390 (Unde
189 2367 267 2390 suncti
284 2367 338 2396 viri)
356 2373 368 2389 a
387 2371 446 2389 textu
469 2368 572 2396 originali
596 2368 671 2396 primo
693 2368 743 2391 loco
766 2369 892 2391 exhibetur.
911 2382 941 2385 —-

98 2406 209 2434 superius
227 2412 269 2434 pro
286 2407 328 2429 tua
345 2406 445 2436 cognitio
463 2408 479 2429 L
496 2408 538 2430 tua
555 2407 684 2430 convers-io.

159 2444 169 2458 ²
187 2446 241 2468 Sive
252 2446 351 2468 Meditat.
363 2447 384 2473 3,
396 2452 422 2468 ex
434 2452 480 2475 qua
493 2452 537 2468 non
550 2453 642 2474 semper
653 2446 732 2473 verba,
744 2447 785 2469 sed
798 2447 883 2475 pluries
894 2454 943 2469 sen-

98 2485 180 2507 tentiae
189 2485 332 2507 exhibentur.
341 2497 372 2501 —
382 2485 475 2507 Interius
485 2491 526 2512 pro
536 2484 666 2514 foedereris
676 2487 693 2507 A
700 2485 716 2508 C
723 2486 741 2507 D
749 2486 764 2507 l„
776 2485 870 2514 zlesoezla
875 2485 942 2508 reris.

160 2522 170 2535 ³
186 2523 234 2545 Non
252 2523 276 2545 in
294 2523 404 2545 Bernardi
422 2523 544 2552 operibus,
565 2523 604 2545 sed
628 2524 650 2545 in
671 2523 770 2545 Anselmi
789 2523 888 2546 Meditat.
908 2524 943 2545 13.

98 2562 158 2583 hunc
174 2562 249 2583 locum
267 2562 408 2589 invenimus,
426 2562 454 2584 ita
472 2562 579 2590 quidem,
592 2565 616 2584 ut
628 2562 721 2584 ultimae
736 2562 905 2590 propositiones
923 2562 942 2585 Ο

98 2599 196 2623 Domine
214 2601 287 2627 Dens,
304 2606 348 2623 cm·
365 2600 482 2623 intermisi
497 2604 539 2623 etc.
557 2602 633 2628 primo
658 2602 707 2623 loco
733 2601 820 2629 positae
845 2601 896 2623 sint.
919 2601 942 2622 ln

97 2639 178 2661 eadem
200 2640 348 2662 meditatione
366 2642 489 2667 tanguntur
509 2641 576 2662 etiam
594 2646 620 2662 ea
638 2646 697 2669 quac
715 2640 809 2662 inferius
826 2646 848 2662 n.
869 2640 942 2662 1245.

97 2681 269 2706 proponuntur,
292 2685 352 2707 111100
375 2680 397 2700 S.
416 2679 552 2702 Laurentius
574 2679 710 2701 lustinianus
726 2678 784 2701 libro
802 2685 844 2701 suo
861 2679 890 2702 de
911 2680 943 2701 ln-

97 2717 179 2739 0001110
195 2717 267 2739 divini
285 2718 382 2745 amoris,
399 2724 420 2740 c.
442 2718 468 2745 G,
486 2718 586 2740 inseruit.
610 2730 642 2734 —
671 2719 782 2746 Superius
808 2719 858 2740 Vnt.
883 2718 942 2740 ordi-

98 2762 150 2778 nem
176 2756 279 2783 invertit,
297 2757 469 2785 transponendo
494 2757 514 2780 0
529 2757 624 2786 anima,
643 2763 717 2787 quare
742 2759 763 2780 Ic
788 2758 844 2780 tot..
862 2757 944 2780 verim

97 2797 149 2816 ante
166 2794 259 2817 Anima.
279 2795 436 2824 [int-oqnosco,
454 2802 467 2818 0
485 2795 562 2818 homo.

160 2833 168 2845 ‘¹
186 2833 243 2855 Cod.
260 2834 276 2856 C
294 2834 377 2856 omittit
393 2834 455 2857 Ilaec
473 2834 626 2863 Bernardus;
643 2836 661 2857 G
678 2835 785 2863 superius
806 2834 904 2857 vocibus
923 2834 942 2857 O

98 2871 195 2894 Domina
214 2873 286 2899 Deus,
304 2878 348 2895 cm·
366 2872 483 2896 intermisi
499 2873 605 2901 praefigit
622 2873 707 2897 Anima
721 2877 742 2896 et
757 2874 792 2896 hic
809 2873 939 2896 substituit:

97 2910 249 2933 Bernartius:
268 2911 368 2940 Desluoei
377 2918 392 2933 a
405 2913 437 2939 (ι’,
452 2912 549 2935 Domine
566 2913 639 2940 Deus,
652 2914 673 2935 et
685 2912 766 2935 errari
784 2912 855 2935 11011115
871 2919 886 2935 [ι
903 2912 941 2936 1·ιά

96 2951 117 2971 et
133 2956 147 2972 a
166 2951 207 2972 [1111
225 2949 364 2977 stabilitate,
382 2950 462 2973 zlcw'us
479 2950 516 2980 sui
532 2951 556 2973 in
573 2951 729 2975 atlolrscrulirz
747 2958 798 2974 mea
821 2954 842 2975 ct
863 2952 941 2981 fartus

96 2994 149 3011 sum
167 2987 225 3011 milti
240 2988 305 3017 retst'o
322 2988 439 3017 egestatis.

189 3035 215 3058 S.
228 3035 320 3059 Bonae.
331 3048 361 3052 —
373 3036 441 3058 Tom.
453 3036 508 3059 Vlll.

1004 1035 1056 1063 bus
1070 1035 1207 1063 creaturis
1221 1038 1252 1063 tu
1266 1043 1305 1069 es,
1320 1035 1423 1072 quibus
1438 1035 1626 1064 tantummodo
1641 1044 1723 1064 unam
1739 1039 1845 1072 guttam

1004 1083 1067 1109 tuae
1088 1081 1294 1110 inaestimabilis
1315 1081 1512 1118 pulcritudinis
1539 1082 1757 1111 communicasti.
1779 1082 1846 1118 Quis

1003 1127 1075 1156 enim
1096 1128 1205 1156 ornavit
1236 1128 1342 1157 caelum
1376 1128 1529 1162 sideribus,
1550 1129 1642 1157 aerem
1670 1129 1845 1163 volucribus,

1002 1182 1103 1211 aquarn
1126 1175 1256 1211 piscibus,
1278 1178 1380 1204 terram
1403 1175 1503 1212 plantis
1524 1178 1551 1204 et
1572 1176 1731 1204 floribus5?
1753 1176 1847 1204 Nonne

1003 1224 1047 1255 tu,
1069 1221 1281 1250 clementissime
1303 1222 1403 1250 Pater?
1425 1222 1474 1250 Per
1496 1224 1522 1250 te
1543 1222 1589 1250 illa
1610 1222 1769 1251 caelestium
1791 1222 1846 1259 spi-

1003 1268 1108 1296 rituum
1130 1268 1238 1305 agmina
1260 1268 1344 1297 variis
1364 1268 1443 1297 donis
1464 1271 1529 1297 sunt
1550 1272 1654 1297 ornata.
1684 1269 1777 1297 Nonne
1797 1277 1846 1305 per

1004 1317 1030 1343 te
1050 1315 1193 1351 Seraphim
1215 1315 1313 1343 ardent
1333 1315 1493 1348 dilectione,
1515 1315 1664 1344 Cherubim
1686 1315 1779 1343 lucent
1801 1323 1846 1343 co-

1003 1361 1139 1397 gnitione,
1161 1361 1217 1389 tuis
1237 1361 1316 1389 donis
1336 1361 1459 1390 iudicant
1489 1362 1592 1390 'l'lironi
1607 1362 1627 1395 ⁶,
1649 1361 1683 1390 de
1704 1362 1759 1390 tuis
1784 1370 1846 1390 11111-

1002 1408 1117 1436 neribus
1137 1408 1315 1436 dominantur
1348 1408 1550 1437 Dominationes
1576 1409 1709 1445 inclytae,
1731 1417 1767 1437 ex
1799 1412 1847 1437 tua

1004 1453 1108 1482 virtute
1129 1458 1262 1490 praesunt
1283 1455 1470 1491 Principatus,
1493 1463 1528 1483 ex
1552 1457 1599 1483 tna
1620 1458 1753 1491 potestate
1769 1455 1846 1483 Pote-

1002 1503 1086 1529 states
1106 1500 1271 1529 daemonum
1293 1501 1410 1529 malitias
1425 1504 1535 1535 arcent,
1551 1505 1578 1530 et
1592 1510 1629 1530 ex
1645 1505 1692 1530 tua
1707 1501 1843 1538 profunda

1002 1548 1123 1584 potentia
1144 1548 1278 1577 miracula
1298 1548 1402 1577 faciunt
1424 1549 1561 1582 Virtutes,
1583 1556 1619 1577 ex
1636 1552 1683 1577 1110
1698 1551 1845 1585 praecepto

1001 1594 1163 1631 Archangeli
1184 1595 1290 1632 magnis
1311 1595 1440 1624 nuntiant
1461 1595 1580 1629 maiora,
1602 1595 1695 1632 Angeli
1714 1603 1780 1624 vero
1795 1595 1845 1623 mi-

1002 1641 1117 1670 noribus
1148 1641 1302 1678 significant
1334 1642 1463 1670 minora?
1494 1642 1545 1671 Sed
1577 1642 1643 1678 quid
1677 1645 1743 1670 511111
1778 1642 1845 1670 11000

1001 1687 1093 1715 omnia
1119 1688 1171 1716 nisi
1204 1690 1267 1716 tuae
1298 1688 1494 1725 pulcritudinis
1525 1688 1631 1717 modica
1662 1689 1801 1717 scintilla?
1822 1688 1845 1716 Ο

1001 1734 1071 1762 hone
1093 1734 1168 1768 lesu,
1190 1734 1249 1763 sons
1265 1735 1409 1763 universae
1424 1735 1633 1771 pulcritudinis!
1654 1735 1763 1771 ignosce
1779 1735 1845 1763 mihi

1001 1781 1131 1815 miserae,
1153 1781 1226 1818 quod
1248 1784 1324 1809 tuam
1341 1781 1554 1818 pulcritudinem
1571 1784 1624 1810 tam
1639 1789 1702 1810 sero
1717 1782 1844 1818 cognovi,

1002 1830 1056 1855 tam
1079 1827 1156 1856 tarde
1177 1828 1265 1856 amavi
1281 1828 1307 1862 7;
1330 1831 1476 1864 propterea
1498 1828 1691 1856 miserabiliter
1705 1828 1842 1857 oberravi.

1083 1874 1126 1902 13.
1151 1874 1275 1902 Dulcedo
1297 1874 1379 1903 etiam
1394 1878 1587 1903 creaturarum
1603 1874 1709 1911 decepit
1722 1878 1843 1912 qustum
1869 1879 1969 1926 'ffliuffi‘

1002 1928 1114 1953 meum,
1137 1924 1163 1949 et
1185 1929 1239 1949 non
1259 1920 1381 1954 adverti,
1403 1920 1476 1957 1111011
1502 1921 1581 1949 melle
1608 1920 1715 1949 dulcior
1743 1928 1780 1949 es.
1801 1921 1843 1949 Tu

1000 1967 1073 1995 enim
1087 1967 1160 1995 melli
1176 1970 1203 1996 et
1214 1967 1287 1995 omni
1303 1971 1447 1996 creaturae
1463 1967 1635 1996 dulcedinem
1652 1976 1741 2002 suam,
1757 1968 1841 1996 immo

1001 2016 1076 2042 tuam
1098 2014 1292 2047 commodasti,
1314 2017 1341 2042 et
1362 2022 1415 2042 non
1438 2017 1480 2042 est
1500 2014 1575 2042 aliud
1590 2014 1617 2042 in
1632 2017 1762 2042 creatura
1782 2014 1843 2042 dnl-

1000 2060 1065 2088 00110
1078 2061 1120 2088 vel
1134 2060 1277 2088 delectatio
1292 2060 1512 2097 qualiscumque,
1525 2061 1575 2089 nisi
1592 2064 1659 2088 citae
1673 2060 1843 2094 dulcedini&

999 2115 1090 2144 quam
1108 2106 1286 2135 abscondisti
1300 2106 1466 2135 timentibus
1481 2111 1505 2135 te
1516 2106 1537 2140 ⁸,
1553 2106 1659 2135 modica
1673 2107 1843 2135 demonstra<

1000 2153 1045 2181 tio.
1063 2152 1137 2181 Unde
1151 2152 1267 2182 dulcedo
1282 2153 1405 2181 omnium
1428 2157 1635 2187 creaturarum,
1650 2153 1671 2182 si
1687 2153 1750 2190 quis
1771 2153 1842 2182 iuste

1062 2330 1071 2342 ⁵
1088 2331 1199 2358 Anselm.,
1217 2331 1258 2352 loc.
1275 2331 1325 2353 eit.:
1344 2330 1433 2352 Ornasti
1455 2330 1543 2352 caelum
1561 2329 1688 2356 sideribus,
1706 2335 1842 2357 empyreum

998 2368 1104 2397 Angelis,
1122 2369 1174 2391 acra
1192 2369 1337 2396 volueribus,
1350 2375 1422 2397 aquas
1433 2368 1548 2396 piscibus,
1561 2371 1631 2390 terras
1646 2367 1734 2396 herbis,
1747 2367 1843 2389 floribus

998 2407 1106 2435 virgulta.
1126 2408 1171 2429 Sed
1188 2414 1234 2430 non
1252 2410 1286 2430 est
1301 2408 1391 2435 species
1408 2408 1466 2429 ultra
1484 2413 1559 2435 11011110.
1576 2407 1645 2429 decor
1662 2406 1770 2428 omnibus
1783 2406 1809 2428 iis
1821 2406 1843 2428 in

999 2446 1032 2468 tui
1049 2447 1235 2474 comparatione,
1252 2453 1266 2469 o
1283 2448 1333 2469 sons
1351 2447 1471 2469 universae
1485 2446 1658 2474 pulcritudinis,
1672 2445 1768 2467 Domine
1786 2446 1842 2467 lesu.

999 2497 1029 2501 —
1047 2485 1098 2508 Yat.
1116 2485 1151 2508 hic
1169 2486 1233 2508 addit
1249 2485 1355 2509 homines
1381 2485 1403 2508 z'n
1430 2491 1529 2515 corpore
1550 2484 1648 2508 dsrersis
1670 2483 1800 2512 coloribus,
1819 2483 1843 2507 in

999 2525 1076 2547 mente
1093 2524 1166 2547 curiis
1183 2524 1318 2548 virtutibus.

1061 2562 1071 2575 ⁰
1088 2563 1198 2590 Ansclm.,
1216 2564 1258 2586 loe.
1275 2564 1324 2586 cit.:
1344 2572 1355 2583 «
1369 2564 1409 2586 Per
1427 2566 1448 2586 te
1465 2563 1585 2591 Seraphim
1602 2563 1679 2591 ardet,
1696 2569 1737 2590 per
1754 2565 1775 2584 10
1787 2562 1843 2585 Che-

999 2601 1075 2624 rubim
1093 2602 1164 2630 111101,
1182 2609 1223 2630 per
1240 2605 1262 2624 te
1279 2603 1364 2624 Throui
1383 2602 1484 2624 iudicant
1496 2611 1518 2624 n.
1535 2602 1598 2630 Quae
1613 2605 1741 2630 sequuntur
1753 2602 1782 2624 de
1794 2602 1843 2624 aliis

998 2640 1118 2663 ordinibus
1135 2641 1204 2669 paulo
1221 2641 1326 2663 diffusius
1343 2641 1477 2663 exhibentur
1494 2640 1523 2662 ab
1541 2641 1655 2663 Anselmn.

1062 2679 1070 2692 ⁷
1087 2681 1195 2708 August,
1213 2680 1242 2702 X.
1259 2680 1361 2702 Confess.
1378 2686 1398 2702 c.
1416 2680 1454 2702 27.
1465 2686 1488 2701 n.
1501 2680 1543 2702 38:
1560 2681 1616 2701 Sero
1628 2682 1649 2702 te
1660 2679 1749 2706 ammi,
1761 2680 1843 2707 pulcri-

1000 2719 1055 2741 tudo
1072 2721 1118 2742 tatn
1136 2719 1228 2747 antiqua
1246 2722 1268 2741 et
1285 2722 1330 2741 tani
1348 2725 1422 2745 nova,
1439 2725 1490 2740 sero
1509 2721 1530 2740 te
1547 2718 1631 2740 amavi.

1061 2757 1070 2770 Β
1088 2758 1168 2780 Ρ501111.
1187 2758 1228 2784 30,
1246 2759 1281 2779 20.
1299 2770 1329 2774 —
1347 2758 1457 2784 Anselm.,
1480 2758 1521 2780 loc.
1544 2757 1594 2779 cit:
1617 2757 1674 2779 Metti
1696 2757 1842 2779 dulcedinem

999 2802 1064 2818 suani
1083 2796 1226 2825 praestitisti,
1239 2799 1261 2818 et
1273 2797 1362 2818 dulcior
1380 2797 1446 2818 melle
1458 2798 1480 2818 tn
1494 2802 1525 2818 es.
1538 2809 1567 2812 —
1578 2796 1621 2818 rm
1638 2795 1730 2818 modica
1751 2795 1843 2818 ‹lemon-

999 2835 1083 2858 strutio
1101 2836 1119 2857 l)
1132 2836 1147 2857 15
1164 2835 1308 2864 (leyttstalio,
1326 2835 1365 2863 11111
1383 2835 1450 2857 0110111
1469 2835 1562 2857 interius
1579 2838 1631 2863 post
1648 2834 1730 2857 inritat
1742 2835 1842 2857 addunt:

1000 2875 1078 2903 Eryo,
1097 2873 1206 2901 Domine,
1227 2873 1363 2903 suppliciter
1380 2875 1403 2897 et
1419 2873 1538 2897 humiliter
1553 2875 1620 2903 peto,
1638 2875 1664 2897 uc
1684 2873 1780 2896 ‹tuh-mlo
1794 2880 1843 2896 mn-

1000 2920 1080 2936 rersae
1097 2915 1222 2936 creaturae
1238 2913 1295 2936 haee
1311 2913 1371 2936 milei
1386 2915 1530 2941 anim-esent,
1550 2915 1578 2936 ‘ut
1593 2914 1618 2936 tu
1635 2913 1701 2936 solus
1716 2912 1791 2935 dulcis
1803 2919 1842 2942 ap-

996 2958 1085 2982 pareas
1101 2951 1196 2975 mn'mrte
1212 2958 1277 2975 aleae
1295 2952 1396 2981 (Soliloq.
1416 2952 1472 2975 inter
1489 2958 1559 2980 opera
1577 2953 1687 2979 August,
1704 2958 1723 2974 e.
1742 2952 1800 2980 Ἡ).
