2133 3317
288 217 342 246 CIV

288 295 409 319 Bernardi
424 296 452 319 de
469 295 580 319 laudibus
597 297 677 319 sancte
694 295 781 319 crucis.
799 296 898 324 Desinit,
910 299 935 319 111
947 298 1038 318 notatur
1055 296 1077 318 in
1090 296 1137 319 edi-

288 343 349 365 tione
366 349 419 371 pag.
439 343 483 365 668
501 346 554 365 nota
573 343 609 365 10.
634 343 663 365 ad
685 349 793 365 versum:
819 342 922 372 Nonam,
948 342 1136 373 completorium.

287 391 372 413 Amen.
392 391 456 418 Sign.
474 391 500 412 D.

349 438 379 460 Ex
398 438 434 460 his
450 437 572 460 codicibus
589 440 611 459 et
627 437 735 465 editione,
753 436 814 466 qu'ae
826 440 860 460 est
871 437 922 459 sine
933 437 1073 459 indicatione
1085 437 1136 465 loci,

287 484 341 513 sed,
359 489 383 507 ut
400 484 500 511 videtur,
518 490 554 506 an.
569 483 628 506 1484
641 484 768 512 impressa,
780 484 915 512 collegimus
926 484 1004 507 varias
1016 485 1137 514 lectiones,

286 536 347 560 quae
363 536 452 558 paucae
470 532 570 553 suerunt.

501 624 532 647 11.
548 624 639 648 Codices
656 632 670 648 a.
686 624 751 648 uobis
767 631 811 648 non
828 624 916 648 collati.

350 720 370 742 5.
389 718 550 747 Darmstadffi,
569 718 707 742 bibliotheca
725 719 827 747 Ducalis,
845 719 897 742 cod.
924 719 992 742 2775.
1014 721 1087 743 chart.
1112 720 1136 742 in

286 765 306 788 4.
325 771 385 788 saec.
404 766 456 788 XV.
472 778 503 782 —
519 766 565 789 Fol.
583 767 620 789 28.
638 773 657 788 r.
674 767 783 794 rhythmo
796 766 950 795 praemittitur
962 768 1018 790 haec
1031 766 1135 790 rubrica:

285 812 429 836 Laudismns
447 813 474 836 de
498 814 583 837 sancta
600 819 682 842 cruce,
709 820 778 843 quem
801 813 885 837 cecinit
900 813 1042 838 venerabilis
1060 814 1135 838 Bona-

284 861 386 883 ventnra
403 860 526 890 episcopus
543 860 675 884 cardinalis
692 860 771 884 cordis
788 860 815 884 de
832 860 971 884 visceribus.
991 861 1079 884 Desinit
1097 862 1135 884 101.

285 907 322 929 31.
340 913 372 929 r.:
389 906 450 930 Milli
465 906 536 930 donet
551 907 652 930 veniam.
670 908 753 931 Amen.

349 954 370 976 6.
387 953 488 983 Ibidem,
506 955 558 977 cod.
576 955 645 977 2662.
662 956 734 978 chart.
752 961 813 978 saec.
830 955 881 978 XV.
899 956 959 978 circa
977 956 1134 978 medietatem.

283 1015 314 1018 ——
330 1002 471 1025 Laudismus
488 1002 568 1030 incipit
584 1003 621 1024 101.
638 1002 675 1025 77.
694 1009 712 1025 r.
730 1009 742 1025 a
760 1002 853 1025 rubrica
879 1005 903 1026 ut
925 1003 947 1025 in
973 1003 1054 1026 codice
1071 1009 1136 1031 prae-

285 1049 383 1072 cedenti.
401 1049 487 1072 Desinit
505 1050 540 1072 101.
560 1050 598 1072 80.
615 1056 646 1072 1.;
664 1049 724 1074 Mihi
740 1049 811 1073 donet
826 1050 939 1079 yloriam.
956 1052 1039 1074 Amen.

346 1097 368 1119 7.
386 1096 486 1125 Ibidem,
504 1097 555 1120 cod.
582 1097 652 1120 2242.
675 1097 771 1120 miscell.
795 1104 855 1120 saec.
881 1098 932 1121 XV.
951 1102 1004 1126 post
1022 1099 1134 1121 medium.

284 1158 315 1161 —
332 1145 472 1167 Laudismus
488 1144 568 1173 incipit
585 1145 622 1167 101.
640 1144 676 1167 49.
687 1151 710 1167 ν.
728 1145 757 1167 ab
770 1145 852 1167 eadem
865 1145 965 1174 rubrica,
978 1152 1039 1174 quae
1051 1146 1135 1174 legitur

284 1192 306 1214 in
325 1191 527 1220 praecedentibus.
545 1192 632 1214 Desinit
650 1192 686 1214 fol.
705 1192 743 1214 51.
760 1198 778 1214 r.
796 1198 850 1214 611111
873 1192 1006 1215 additione:
1030 1192 1137 1222 Empticit

284 1238 418 1262 laudisonus
435 1240 516 1262 sancte
533 1238 612 1262 crucis
629 1238 704 1262 editus
729 1245 744 1262 a
766 1239 845 1268 flac-e
862 1240 884 1262 et
899 1238 995 1262 domino
1013 1240 1135 1263 Benacen-

283 1288 340 1309 tw'a
358 1285 450 1309 ordinis
466 1286 602 1314 Minoram,
621 1285 744 1309 cardinali
759 1286 866 1316 episcopo
893 1286 1035 1314 Alfflnensi,
1060 1286 1136 1316 maai-

283 1335 334 1357 stro
351 1339 420 1357 sacre
433 1333 523 1363 paqine
539 1335 561 1356 et
577 1333 672 1356 doctore
689 1332 784 1356 eximio.

346 1382 368 1403 8.
385 1380 526 1410 Ersordiae,
544 1380 683 1403 bibliotheca
701 1381 786 1408 Regia,
804 1381 907 1404 collectio
924 1381 1065 1404 Ersordiens.
1082 1382 1133 1404 cod.

282 1429 303 1450 2.
319 1428 413 1450 miscell.
431 1428 452 1450 in
471 1427 492 1450 4.
510 1433 570 1450 saec.
588 1428 639 1450 XV.
656 1439 687 1443 —-
704 1427 750 1450 Fol.
776 1433 823 1449 non
849 1430 970 1450 numer-ato
996 1434 1025 1450 r.:
1050 1428 1135 1458 Incipit

283 1474 417 1498 laadismns
435 1474 462 1498 de
486 1476 569 1498 sancta
596 1480 679 1501 cruce,
700 1480 770 1504 anem
788 1474 870 1498 cecinit
895 1474 1037 1498 venerabilis
1055 1476 1134 1498 Bona-

281 1523 383 1545 venam-a
400 1521 523 1551 episcopas
540 1520 673 1545 cardinatis
690 1520 769 1544 cordas
787 1520 815 1544 [le
840 1521 976 1545 visceribus.
995 1522 1082 1545 Eadem
1100 1528 1134 1544 16-

281 1572 391 1598 petuntur
408 1569 460 1591 10110
478 1569 583 1598 sequenti
601 1575 620 1592 r.
637 1571 691 1597 post
707 1568 819 1599 Emplictt.

344 1616 366 1638 9.
384 1615 483 1643 Ibidem,
504 1616 591 1639 collect.
610 1616 717 1644 Amplon.
743 1616 796 1639 cod.
823 1616 875 1638 147.
897 1617 968 1639 chart.
987 1617 1009 1639 in
1034 1616 1055 1639 4.
1072 1622 1133 1639 saec.

281 1664 331 1686 XV.
349 1675 379 1680 —
397 1663 536 1686 Laudismus
559 1663 639 1691 incipit
665 1663 702 1686 sol.
728 1664 765 1686 38.
783 1670 806 1686 v.
828 1664 877 1686 sine
895 1664 972 1692 111111ος
992 1664 1076 1686 desinit
1094 1665 1130 1687 101.

281 1712 317 1734 39.
328 1718 346 1734 r.
359 1717 412 1734 cum
425 1711 553 1733 additione:
567 1710 672 1740 Emptz'cit
689 1710 823 1734 taudz'smus
836 1711 863 1734 de
874 1713 959 1735 sancta
971 1717 1048 1740 cruce,
1062 1717 1132 1741 quem

280 1758 363 1782 cecinit
383 1757 523 1782 venerabilis
551 1758 720 1781 Benacentura
747 1758 870 1788 episcopas
896 1758 1028 1782 cardinalis
1051 1758 1130 1782 cordis

280 1805 307 1829 de
325 1805 461 1829 visceribus.
480 1806 526 1829 Deo
545 1805 644 1835 qratias.

347 1855 380 1876 10.
398 1853 498 1881 Ibidem,
517 1853 569 1876 cod.
587 1854 640 1875 206.
658 1854 730 1875 chart.
748 1859 809 1876 sace.
826 1853 877 1876 XV.
895 1866 926 1870 —
937 1854 1055 1882 Rhythmo
1067 1860 1131 1882 prae-

279 1902 389 1924 mittitur:
407 1900 551 1924 Laadismns
571 1901 735 1924 Bcnacentnre
753 1900 780 1923 de
797 1902 881 1924 sancta
898 1907 977 1924 cruce.

343 1949 379 1970 11.
399 1947 488 1976 Leodii,
510 1947 648 1970 bibliotheca
667 1947 800 1977 SeminariI,
818 1948 870 1971 cod.
889 1948 910 1970 6.
928 1949 955 1970 111.
975 1948 1011 1971 27.
1036 1949 1130 1971 miscell.

278 1996 302 2018 in
321 1995 341 2018 4.
359 2001 420 2018 saec.
438 1995 489 2017 XV.
507 1996 618 2018 exeuntis.
644 2008 674 2011 —-
699 1996 746 2018 Fol.
764 2002 809 2018 non
826 1999 949 2018 numerato
974 1996 1034 2019 circa
1061 1996 1130 2019 tinem

277 2044 404 2066 voluminis
422 2044 517 2072 legitur:
535 2043 680 2066 Landismas
706 2042 733 2066 de
758 2045 842 2066 sancta
859 2049 942 2071 cruce,
961 2049 1031 2073 quem
1048 2043 1131 2067 cecinit

277 2090 419 2114 venerabilis
437 2091 605 2114 Bonaveniara
623 2090 746 2120 episcopus
764 2090 896 2113 cardinatis
914 2090 993 2113 cordis
1010 2090 1038 2114 de
1057 2091 1129 2114 ‘visce-

278 2138 352 2162 ribns.
372 2139 457 2161 Desinit
474 2139 567 2166 stropha
586 2138 622 2160 24.
641 2138 668 2160 ad
688 2144 795 2160 versum:
814 2137 949 2161 Adhibenda
967 2137 1081 2161 stadium.

346 2186 381 2208 12.
398 2184 509 2213 Londini,
522 2184 659 2208 bibliotheca
673 2184 815 2213 Cottoniana,
828 2185 880 2207 cod.
892 2185 998 2207 Faustina
1011 2186 1036 2207 Α.
1050 2185 1086 2213 VI,
1100 2185 1129 2208 de

279 2239 325 2261 quo
343 2233 435 2261 egimus
452 2238 523 2260 supra
540 2238 594 2260 pag.
612 2232 672 2254 XVII
690 2238 711 2254 n.
734 2232 783 2254 123.
801 2245 831 2248 -—
850 2232 930 2261 Incipit
949 2233 986 2255 sol.
1007 2233 1057 2255 157.
1075 2239 1128 2255 cum

277 2279 371 2303 rubrica
390 2286 402 2301 a
420 2286 490 2302 manu
508 2279 635 2307 posteriore
651 2279 748 2307 scripta:
774 2279 867 2302 Ritmus
891 2286 934 2303 sen
955 2279 1078 2309 sequentia
1101 2279 1129 2302 de

277 2328 361 2350 sancta
383 2332 460 2350 cruce.
483 2326 569 2348 Desinit
595 2327 632 2348 101.
656 2326 708 2348 157.
735 2332 765 2348 r.:
791 2325 869 2354 corde,
887 2332 939 2354 ore,
969 2332 1038 2356 opere
1065 2327 1129 2355 (stro-

278 2375 323 2402 pha
341 2373 396 2402 22.)-

345 2421 379 2443 13.
396 2419 537 2448 Mediolani,
555 2419 694 2442 bibliotheca
719 2420 891 2447 universitatis,
910 2421 962 2443 cod.
987 2422 1012 2443 A.
1038 2421 1065 2443 D.
1092 2421 1127 2443 25.

277 2469 349 2491 chart.
367 2469 390 2490 111
415 2468 435 2490 4.

276 2521 323 2537 non
340 2518 462 2537 numerato
479 2514 528 2537 sine
552 2514 617 2537 titulo
639 2516 661 2536 et
684 2514 780 2536 1101111116
796 2514 903 2537 auctoris.
928 2514 1016 2537 Desinit
1033 2516 1127 2542 stropha

278 2562 319 2584 24:
338 2562 446 2590 Nonam,
465 2560 652 2591 completorium.

344 2608 377 2631 14.
405 2608 505 2636 Omonii,
531 2607 670 2630 bibliotheca
696 2607 832 2634 Bodleiana,
860 2608 912 2630 cod.
940 2607 1048 2630 Canonic.
1075 2608 1127 2630 303.

276 2657 348 2679 chart.
366 2657 389 2678 111
408 2656 428 2678 4.
446 2662 506 2679 saec.
525 2656 575 2678 XV.
594 2655 692 2685 (1433.).
709 2668 739 2671 —
757 2655 896 2678 Laudismus
921 2655 1001 2682 incipit
1018 2655 1056 2677 sol.
1077 2655 1126 2677 121.

277 2704 392 2726 6111111106
414 2703 489 2725 titulo:
516 2702 656 2725 Bernardns
682 2701 706 2725 in
729 2701 842 2731 passione
867 2701 967 2725 Domini.
993 2701 1127 2725 Recordare

454 2473 513 2490 saec.
540 2467 591 2490 XV.
614 2467 726 2490 exeuntis.
744 2479 774 2483 —
792 2467 931 2490 Laudismus
953 2468 1033 2495 incipit
1050 2468 1087 2490 101.
1105 2475 1128 2490 v.

275 2751 357 2773 sancte
374 2750 453 2773 crucis
470 2752 513 2772 etc.
529 2749 616 2772 Desinit
634 2749 671 2772 101.
688 2749 793 2778 sequenti
810 2755 828 2771 r.
853 2750 897 2771 hoc
914 2749 996 2772 modo:
1014 2749 1066 2772 Duc
1083 2754 1126 2772 nos

276 2796 308 2820 ad
324 2798 402 2820 eterne
420 2796 479 2819 lucis
496 2809 527 2812 —
545 2795 656 2820 Gloriosa
673 2795 770 2825 candia.
789 2796 872 2819 Amen.
884 2796 973 2818 Deinde
990 2796 1027 2818 101.
1043 2795 1126 2818 eodem

276 2850 298 2865 v.
312 2844 416 2872 sequitur
433 2843 477 2865 sub
495 2844 538 2865 hac
554 2842 660 2865 rubrica:
673 2843 732 2866 Istos
748 2842 879 2866 *versiculos
897 2842 1028 2872 composuit
1046 2841 1126 2865 beatus

276 2889 415 2913 Bernartius
429 2889 526 2919 loquens
539 2889 565 2912 de
576 2889 620 2913 Xti
632 2889 758 2919 passione:
776 2889 918 2918 Recordare,
930 2890 1007 2919 frater
1021 2889 1067 2919 pie,
1087 2889 1127 2913 Se-

275 2938 338 2966 ptem
357 2936 444 2960 uicibus
464 2936 487 2959 in
504 2936 540 2959 die
558 2939 600 2959 etc.
619 2937 704 2959 Desinit
721 2937 759 2959 10],
782 2937 831 2959 123,
849 2943 867 2959 r.
885 2936 974 2960 verbis:
993 2937 1069 2960 Donet
1085 2942 1126 2960 no-

276 2983 309 3007 bis
329 2983 429 3007 ueniam.
446 2985 529 3007 Amen.

996 218 1240 247 PROLEGOMENA
1261 219 1289 247 C.
1313 219 1353 247 111.

1260 297 1297 320 15.
1315 297 1428 327 Pclplini,
1446 298 1585 321 bibliotheca
1604 299 1737 327 Seminarii,
1755 299 1806 322 cod.
1825 299 1852 322 V.
1869 300 1898 322 K.
1923 305 1944 322 a.
1962 300 1984 322 8.
2001 300 2043 322 mi-

1195 344 1257 367 scell.
1273 350 1333 367 saec.
1351 345 1403 367 XV.
1427 358 1458 362 —
1481 346 1620 368 Laudismus
1645 346 1724 374 incipit
1742 347 1781 368 sol.
1802 347 1820 368 1.
1837 353 1856 369 r.
1873 346 1922 369 51116
1940 347 2003 369 titulo
2020 350 2043 370 et

1195 391 1278 413 desinit
1295 391 1333 413 fol.
1349 398 1398 420 seq.
1421 398 1439 414 r.
1462 395 1486 414 ut
1508 393 1651 420 praecedens
1668 393 1754 415 codex:
1771 393 1822 416 Duc
1844 399 1887 416 nos
1913 393 1945 416 ad
1966 395 2043 417 eterne

1196 436 1255 461 lucis
1271 450 1303 454 —
1321 437 1432 461 Gloriosa
1449 438 1547 468 candia..

1259 485 1295 507 16.
1314 485 1412 513 Romae,
1431 485 1570 508 bibliotheca
1592 486 1724 515 principum
1747 487 1921 514 Chisianorum,
1940 488 1991 510 cod.
2017 489 2043 511 G.

1195 532 1232 554 IV.
1249 532 1286 554 85.
1304 532 1399 555 miscell.
1415 539 1475 555 saec.
1494 533 1544 555 XV.
1563 534 1674 556 exeuntis.
1693 546 1722 550 —
1739 534 1786 556 Fol.
1804 535 1841 557 90.
1859 541 1895 557 v.:
1913 534 1998 565 Incipit
2015 535 2044 558 li-

1195 577 1243 607 ber,
1261 578 1303 609 qni
1318 581 1418 602 vocatur
1441 579 1534 609 Iiynum
1559 579 1604 603 vite
1620 580 1699 604 sancti
1720 581 1887 604 Bonaoentare
1904 581 2043 606 cardinalis.

1195 625 1328 649 Recordare
1344 627 1425 649 sancte
1442 626 1521 650 crucis
1539 629 1582 649 etc.
1601 627 1686 650 Desinit
1712 629 1805 656 stropha
1828 628 1865 651 24.
1889 634 1972 651 versu:
1998 628 2042 652 No-

1194 679 1264 702 nam,
1282 673 1471 703 completoriam.
1489 673 1600 703 Eoeplicit.

1261 720 1294 742 17.
1313 719 1461 750 Salisbarqi,
1480 720 1620 743 bibliotheca
1642 721 1772 744 lilonasterii
1798 722 1869 745 sancti
1895 723 1964 751 Petri,
1991 723 2043 746 cod.

1195 766 1218 789 b.
1236 768 1251 789 I.
1268 768 1306 789 20.
1323 768 1396 790 chart.
1413 768 1436 789 in
1454 768 1476 789 8.
1493 773 1554 790 saec.
1574 768 1624 790 XV.
1636 781 1667 785 —
1678 769 1723 791 Fol.
1742 769 1795 791 242.
1813 774 1844 791 r.:
1857 768 1971 799 Sequitur
1990 769 2042 793 lan-

1194 813 1286 837 dismas
1303 814 1330 837 de
1347 815 1431 837 sancta
1448 820 1531 843 cruce,
1544 821 1615 845 quem
1627 815 1708 839 cecinit
1720 816 1860 839 venerabilis
1873 817 2043 840 Bonaventura

1193 860 1315 890 episcopus
1333 860 1465 885 cardinalis
1482 861 1561 885 cordis
1579 861 1606 885 de
1622 861 1761 886 visceribus.
1779 863 1866 886 Desinit
1884 864 1922 886 fol.
1940 863 1993 886 246.
2011 870 2042 887 r.:

1194 907 1253 931 Milti
1268 907 1338 931 donet
1355 908 1456 932 veniam.
1476 910 1559 932 Amen.

1257 956 1294 977 18.
1314 955 1399 985 Tigyztri
1420 956 1442 978 111
1460 957 1575 984 Helvetia,
1594 956 1733 980 bibliotheca
1749 957 1892 985 Cantonalis,
1904 958 1957 981 cod.
1968 958 2041 981 CLVI.

1193 1001 1292 1025 menibr.
1310 1003 1363 1025 anni
1383 1003 1452 1026 1499.
1471 1016 1501 1020 —
1519 1004 1598 1032 Incipit
1615 1010 1670 1033 pag.
1689 1005 1733 1027 197
1759 1004 1803 1027 sub
1820 1006 1863 1027 hac
1888 1005 2040 1028 indicatione:

1192 1048 1337 1073 Landismus
1353 1049 1431 1073 sancti
1447 1051 1614 1074 Bonaeentnre
1631 1051 1659 1074 de
1682 1053 1767 1075 sancta
1784 1057 1860 1075 cruce.
1878 1052 1965 1075 Desinit
1986 1058 2042 1081 pag.

1193 1095 1251 1118 205:
1268 1095 1328 1119 Mihi
1343 1095 1414 1120 donet
1429 1097 1532 1120 veniam.
1549 1098 1633 1121 Amen.

1259 1144 1293 1166 19.
1313 1144 1407 1172 Ulmae,
1428 1144 1566 1167 bibliotheca
1584 1145 1699 1173 Civitatis,
1716 1146 1768 1168 cod.
1786 1146 1855 1168 1519.
1868 1146 1889 1168 3.
1907 1146 1967 1169 XIV.
1979 1147 2004 1169 E.
2022 1147 2042 1169 1.

1192 1192 1265 1213 chart.
1282 1197 1342 1213 saec.
1360 1191 1411 1214 XV.
1429 1192 1539 1214 exeuntis.
1557 1204 1588 1209 —
1604 1192 1651 1215 FoI.
1669 1192 1722 1215 256.
1733 1199 1755 1215 v.
1769 1192 1879 1215 habetur:
1897 1192 2042 1216 Laudismus

1192 1238 1219 1261 de
1237 1239 1321 1261 sancta
1339 1244 1421 1266 cruce,
1440 1245 1509 1268 quem
1527 1238 1610 1262 cecinit
1620 1238 1760 1263 venerabilis
1772 1240 1942 1263 Boaaventara
1957 1239 2042 1270 episco-

1188 1290 1236 1314 pus
1254 1284 1386 1308 cardinalis
1404 1285 1482 1309 cordis
1500 1285 1527 1309 de
1544 1285 1681 1310 visceribus.
1698 1287 1786 1309 Desinit
1804 1287 1841 1310 101.
1861 1287 1915 1310 257.
1931 1294 1965 1309 ν.;
1983 1287 2043 1311 Mihi

1192 1330 1262 1354 donet
1277 1331 1378 1354 reniam.
1396 1333 1479 1355 Amen.

1256 1379 1294 1401 20.
1315 1378 1477 1407 Vindobonae,
1496 1379 1634 1402 bibliotheca
1653 1380 1760 1407 Palatina,
1774 1380 1824 1403 cod.
1843 1381 1912 1403 3655.
1931 1382 2002 1404 chart.
2019 1381 2043 1404 in

1192 1426 1214 1447 8.
1233 1431 1293 1448 saec.
1311 1426 1362 1448 XV.
1388 1426 1497 1449 exeuntis.
1519 1439 1550 1442 —
1576 1427 1622 1449 Fol.
1640 1427 1677 1449 43.
1694 1433 1730 1449 v.:
1747 1426 1891 1451 Laudz‘smus
1909 1427 1937 1451 de
1958 1429 2043 1451 sancta

1191 1477 1274 1501 cruce,
1293 1479 1362 1502 quem
1380 1472 1463 1496 cecinit
1487 1473 1628 1497 venerabilis
1653 1474 1823 1497 Bonaventnra
1845 1474 1968 1504 episcopus
1990 1481 2042 1499 car-

1191 1519 1278 1543 dinalis
1296 1519 1374 1543 cordis
1392 1520 1419 1543 de
1436 1520 1573 1544 visceribus.
1593 1521 1726 1545 Recordare
1742 1523 1823 1545 sancte
1840 1522 1919 1546 crucis
1936 1525 1979 1545 etc.
1998 1523 2041 1546 De-

1190 1567 1244 1590 sinit
1261 1568 1298 1590 101.
1317 1568 1353 1590 46.
1371 1574 1402 1591 r.:
1419 1568 1480 1592 Mihi
1495 1568 1565 1592 donet
1576 1569 1678 1592 veniam.

1254 1615 1322 1638 Num.
1340 1616 1363 1637 II.
1382 1615 1530 1639 Pltilomena.

1254 1663 1302 1685 Hoc
1322 1663 1437 1685 canticum
1463 1663 1543 1691 incipit
1567 1664 1612 1686 sic:
1638 1663 1792 1693 Pltilomena,
1810 1664 1911 1694 praevia
1928 1665 2041 1695 temporis

1189 1710 1290 1733 amoeni.
1300 1711 1323 1732 In
1334 1710 1401 1733 citato
1411 1711 1546 1738 Repertorio
1556 1711 1691 1739 hymnolog.
1703 1714 1758 1734 tom.
1770 1712 1794 1734 II.
1803 1718 1858 1740 pag.
1868 1711 1913 1734 314
1923 1712 2041 1740 n.14898,

1189 1757 1219 1780 de
1236 1758 1320 1780 eodem
1337 1758 1434 1780 dicitur:
1455 1766 1466 1778 (ε
1477 1758 1528 1780 Vita
1546 1760 1569 1780 et
1585 1758 1696 1781 beneficia
1713 1757 1797 1781 Christi
1815 1759 1921 1788 (Ioannes
1936 1759 2040 1782 Hovede·

1189 1811 1245 1833 nus,
1264 1805 1359 1827 Ioannes
1375 1805 1471 1834 Pekam)
1489 1806 1513 1828 S.
1531 1806 1689 1828 Bonaventura
1702 1814 1713 1825 n
1734 1808 1776 1828 etc.
1794 1806 1896 1829 Diversis
1907 1806 2041 1830 auctoribus

1189 1851 1328 1879 opusculum
1346 1851 1467 1880 tribuitur,
1484 1851 1514 1874 de
1531 1858 1578 1880 quo
1590 1851 1644 1874 vide
1656 1857 1710 1879 pag.
1723 1852 1781 1880 669,
1793 1854 1871 1874 notam
1889 1853 1911 1875 3.
1923 1852 2039 1880 Oudinus,

1188 1898 1288 1921 editores
1306 1898 1399 1927 Veneti,
1422 1898 1552 1927 Fabricius,
1575 1898 1681 1921 Sbaralea
1706 1900 1783 1921 favent
1805 1899 1882 1922 Ioanni
1900 1900 2040 1928 Hovedeno,

1189 1947 1262 1975 Anglo
1280 1947 1368 1969 auctori
1386 1952 1446 1969 saec.
1472 1947 1528 1969 XIII.
1551 1947 1609 1969 Huic
1626 1949 1688 1969 recte
1710 1947 1844 1969 contradicit
1868 1947 1956 1970 Bonelli
1978 1947 2038 1976 (Pro-

1189 1994 1264 2017 drom.
1282 1995 1325 2017 col.
1343 1994 1410 2023 660);
1428 1994 1493 2023 quod
1510 2000 1551 2016 nos
1569 1995 1611 2016 hac
1629 1994 1717 2016 ratione
1731 1994 1907 2022 confirmamus,
1925 1994 1980 2023 quia
1997 1994 2039 2017 iste

1188 2042 1255 2065 aliam
1268 2042 1363 2065 omnino
1380 2042 1512 2070 composuit
1524 2042 1688 2064 philomenam.
1705 2043 1754 2065 Hoc
1765 2042 1820 2065 satis
1832 2043 1975 2066 demonstrat
1987 2043 2039 2066 cod.

1187 2089 1246 2111 intra
1264 2095 1287 2111 11.
1306 2089 1342 2111 15.
1360 2089 1456 2116 relatus,
1474 2089 1514 2118 qui
1531 2089 1555 2111 in
1573 2088 1686 2118 Gataloyo
1705 2088 1813 2112 codicum
1829 2095 1888 2113 msc.
1906 2089 2038 2114 Laudiano-

1186 2142 1244 2159 rum
1261 2136 1351 2165 (Oxonii
1371 2136 1441 2165 1858)
1460 2136 1489 2158 ita
1508 2135 1659 2159 describitur:
1675 2136 1751 2159 «Cod.
1769 2136 1822 2159 368.
1835 2136 1963 2159 membran.
1977 2137 2000 2160 in
2018 2137 2039 2160 4.

1188 2184 1209 2205 ff.
1227 2183 1273 2205 223
1291 2189 1352 2205 saec.
1370 2183 1425 2205 XIII.
1452 2183 1503 2205 XV.
1522 2185 1543 2205 et
1566 2183 1626 2205 XIV.
1652 2183 1730 2211 quoad
1755 2185 1845 2211 partem
1871 2183 2037 2211 posteriorem,

1187 2230 1301 2253 columnis
1319 2229 1390 2259 binis,
1409 2230 1445 2253 1116
1463 2230 1506 2253 illic
1524 2229 1598 2252 tribus
1615 2233 1743 2253 exaratus„
1764 2233 1807 2253 etc.
1831 2230 1879 2253 Sub
1891 2237 1913 2253 n.
1936 2230 1964 2253 7:
1985 2231 2039 2253 ‹⁷10-

1187 2278 1268 2300 hannis
1284 2278 1397 2300 Hoveden
1418 2277 1569 2300 LondinensiS
1586 2283 1670 2306 poema
1689 2278 1717 2300 de
1734 2278 1779 2300 vita
1797 2280 1819 2300 et
1835 2278 1943 2305 passione
1956 2277 2039 2301 Christi

1186 2326 1311 2349 Philomela
1329 2326 1395 2355 (5161)
1414 2326 1500 2349 dietum
1518 2327 1556 2348 101.
1569 2327 1613 2348 168
1631 2327 1676 2353 111.,
1694 2327 1774 2354 Incipit
1793 2327 1925 2349 PhIIOmena
1943 2330 2037 2354 vocata,

1186 2375 1272 2397 scilicet
1289 2374 1407 2396 meditatio
1432 2373 1520 2396 Ioannis
1543 2357 1654 2396 tioveden
1681 2373 1757 2396 clerici
1782 2373 1862 2401 regine
1884 2373 1979 2402 Anglie,
2009 2374 2038 2396 de

1186 2422 1317 2449 nativitate,
1335 2421 1443 2449 passIOne
1464 2423 1486 2443 et
1503 2420 1670 2443 resurrectione
1691 2420 1763 2448 edita,
1781 2423 1806 2443 ut
1827 2421 1924 2449 legentis
1947 2421 2037 2444 affectio

1185 2468 1265 2491 celitus
1282 2468 1430 2490 accendatur.
1448 2467 1532 2495 1ncip.:

1374 2531 1435 2557 Ave,
1452 2529 1564 2557 verbum,
1581 2536 1621 2552 ens
1638 2530 1660 2552 in
1677 2530 1804 2558 principio,

1406 2576 1464 2600 Caro
1483 2578 1579 2605 sactum,
1597 2577 1693 2605 pudoris
1711 2577 1813 2605 gremio,

1404 2624 1449 2647 Fac
1466 2624 1529 2653 quod
1547 2625 1633 2652 fragret
1649 2630 1745 2652 presens
1762 2624 1867 2647 Iaudacio

1406 2671 1432 2693 Et
1449 2671 1546 2699 placeris
1564 2677 1637 2698 parvo
1655 2671 1778 2698 praeconio
1791 2679 1812 2693 1).

1273 2733 1361 2756 Desin.:
1384 2742 1393 2753 a
1406 2734 1475 2756 Letus
1492 2740 1569 2762 amor,
1588 2734 1645 2756 letus
1662 2733 1683 2756 in
1701 2733 1757 2762 lilio,

1406 2781 1449 2809 Qui
1467 2787 1491 2803 es
1509 2780 1621 2808 verbum,
1638 2787 1679 2803 ens
1696 2781 1719 2803 in
1736 2781 1850 2809 prIncipio
1863 2790 1885 2803 ».

1247 2845 1269 2866 111
1287 2844 1359 2866 calce:
1380 2852 1391 2864 α
1403 2844 1497 2872 Explicit
1509 2844 1631 2867 nieditacio
1649 2844 1739 2866 Ioannis
1753 2844 1781 2866 de
1793 2844 1929 2871 Hovedene,
1947 2844 2035 2871 clerici,

1184 2897 1230 2920 que
1246 2893 1343 2913 vocatur
1361 2890 1493 2912 philomena
1505 2899 1528 2912 ³».
1552 2903 1583 2907 —
1606 2891 1628 2912 In
1645 2890 1728 2912 eodem
1752 2890 1832 2913 codice
1852 2890 1968 2913 invenitur
1991 2890 2035 2913 sub

1184 2945 1206 2961 n.
1225 2938 1260 2960 13.
1280 2938 1316 2961 101.
1335 2937 1393 2960 246:
1409 2937 1548 2960 «Meditacio
1561 2938 1636 2961 fratris
1647 2938 1736 2961 Ioannis
1748 2937 1777 2960 de
1794 2938 1879 2960 Pekam
1894 2947 1916 2965 n,
1935 2940 1960 2960 ut
1978 2937 2034 2960 infra

1184 2984 1206 3007 in
1224 2985 1318 3007 elencho
1336 2991 1359 3006 11.
1382 2984 1415 3006 15.
