2133 3317
269 225 324 255 LIV

335 304 371 326 47.
389 303 490 331 Ibidem,
508 303 565 325 Mch.
583 308 607 331 (Ι.
631 302 680 324 l06.
698 301 792 323 miscell.
803 301 826 323 in
840 300 860 322 4.
872 306 933 322 saec.
945 299 997 322 XV.
1008 299 1118 322 exeuntis.

270 364 301 367 —
319 350 419 373 nubi-ica
437 350 506 372 huius
523 348 628 377 opusculi
647 350 681 370 est
698 348 736 370 101.
754 347 807 370 257.
825 353 847 369 v.
865 349 956 369 exarata
972 345 1066 368 verbis:
1083 346 1119 368 In-

271 397 326 427 cipit
343 398 461 420 tractatus
479 397 645 419 Banacentare
662 394 689 418 de
706 400 806 423 corpore
822 393 860 416 :eti
875 394 896 416 et
904 392 1076 422 preparatione
1088 391 1120 415 ad

271 444 379 468 devotam
395 443 568 473 susceptionem
585 441 689 465 eiusdem
706 440 826 470 ritumque
843 439 1023 463 celebrationem
1034 440 1120 469 myste-

270 490 303 514 rii
320 490 397 514 Misse.
416 491 438 512 ln
451 490 496 512 fine
509 490 546 511 sol.
559 488 612 511 270.
624 495 648 511 v.
659 487 767 510 additur:
783 486 889 516 Explicit
906 487 1023 509 tractatus
1040 486 1118 509 Bona-

272 539 369 561 oentnre
394 536 422 560 de
447 542 547 566 corpore
566 535 605 559 :eti
623 540 652 558 ac
676 533 795 564 candiana
816 533 988 563 preparatione
1012 532 1121 563 mysterii

270 584 350 608 Misse.

336 631 372 653 48.
391 629 506 658 Hilarini,
525 629 663 652 bibliotheca
681 628 823 656 monasterii,
840 627 892 650 cod.
910 627 948 649 63.
965 628 1037 649 chart.
1058 626 1081 648 in
1100 626 1121 648 4.

272 686 332 704 saec.
350 679 402 702 XV.
415 678 520 701 ineuntis.
537 690 567 693 —
585 677 676 699 Initium
694 675 799 703 opusculi
818 674 918 697 occurrit
930 674 990 697 01103
1002 674 1072 696 finem
1085 679 1120 695 co-

273 727 331 750 dicis
349 727 386 749 sol.
403 732 422 748 r.
440 731 485 747 non
502 726 623 746 numerato
640 722 684 745 sub
701 722 810 745 rubrica:
831 722 956 744 Tractatus
974 719 1122 750 compendio·

270 780 312 798 sus
330 775 352 797 et
367 772 432 796 utilis
449 771 476 795 de
493 771 651 795 Sacramenta
669 769 777 799 carparis
794 770 815 792 et
825 767 953 798 sanquinis
968 767 1065 791 Christi.
1078 768 1119 789 De-

272 821 326 845 sinit
343 821 380 843 sol.
395 824 434 842 ν.;
454 817 522 846 Quod
538 817 588 847 ipse
605 816 648 840 tibi
663 818 686 840 et
700 815 760 839 mihi
772 816 884 845 prestare
900 813 1019 844 dignetur.
1038 814 1121 837 Amen.

336 868 373 890 4-9.
391 865 491 893 Ibidem,
509 865 561 888 cod.
580 864 634 887 104.
651 865 723 886 chart.
742 863 765 885 in
784 862 806 885 4.
822 868 883 885 saec.
900 862 951 884 XV.
968 874 1000 878 —
1016 861 1121 889 00115011-

272 917 319 939 lun]
337 914 437 938 occurrit
454 913 491 936 101.
509 912 546 935 27.
564 919 583 934 1.
601 911 729 940 praemisso
747 911 827 933 titulo:
844 908 928 939 Incipit
947 909 1063 932 tractatus
1080 908 1122 931 Bo-

271 964 405 986 naventnre
421 960 448 983 de
466 965 566 989 corpore
579 958 669 982 Christi
680 959 702 981 et
709 956 885 987 preparacione
896 956 928 979 acl
939 955 1047 979 deuotam
1058 961 1122 978 sum-

269 1010 379 1040 pcz'onem
395 1007 499 1032 eiusdem
516 1006 636 1036 ritamque
648 1004 828 1029 celebrationem
839 1003 948 1033 mysterii
965 1003 1044 1027 Misse.
1061 1003 1123 1025 Haec

261 1057 354 1080 ’03110111
367 1058 503 1084 repetuntur
515 1055 538 1077 in
550 1055 597 1076 fine
608 1054 645 1076 sol.
657 1054 694 1076 33.
707 1059 734 1079 r.,
745 1051 831 1081 quibus
842 1051 948 1074 additur:
960 1052 1029 1075 Anna
1044 1049 1122 1075 4425.

336 1105 373 1127 50.
390 1102 515 1131 Lambaci,
535 1101 675 1124 bibliotheca
693 1099 833 1126 monasterii,
846 1099 898 1122 cod.
913 1098 966 1121 462.
979 1099 1051 1121 chart.
1066 1098 1088 1120 in
1101 1098 1122 1120 8.

274 1158 334 1175 5300.
352 1151 404 1173 XV.
420 1152 474 1179 post
490 1149 605 1172 medium.
617 1161 646 1164 —
658 1148 705 1170 Fal.
724 1147 777 1169 167.
794 1153 831 1169 1.;
849 1145 933 1175 Incipit
944 1146 1062 1168 tractatus
1080 1145 1121 1167 Bo-

273 1200 405 1222 nauentnre
421 1197 449 1220 de
463 1195 618 1226 preparanda
635 1201 660 1218 se
677 1193 709 1217 ad
725 1193 910 1217 Sacramentum
927 1191 1063 1215 eukaristie.
1086 1191 1124 1215 Ad

274 1246 388 1269 honorem
405 1244 508 1274 gloriose
525 1249 554 1266 ac
571 1242 691 1266 individue
707 1245 750 1265 etc.
768 1243 790 1264 ln
809 1242 853 1263 tine
866 1241 903 1263 sol.
918 1240 969 1262 179.
982 1246 1000 1262 1.
1013 1240 1122 1262 additur:

274 1291 380 1321 Explicit
396 1291 566 1314 Banaventara
583 1289 611 1312 [Ie
627 1288 784 1312 Sacramenta
801 1286 937 1311 eukaristie.

337 1339 375 1361 51.
392 1337 493 1366 Ibidem,
513 1336 564 1359 cod.
583 1337 635 1359 28l.
654 1337 725 1358 chart.
743 1335 765 1357 in
785 1335 822 1357 101.
839 1340 900 1357 saec.
917 1334 968 1356 XV.
985 1345 1016 1350 —-
1034 1333 1124 1355 Titulus

275 1385 382 1414 opusculi
399 1387 433 1407 est
451 1384 487 1406 101.
510 1384 530 1406 1.
547 1389 566 1405 r.
584 1388 707 1411 expressus
724 1388 766 1410 per
783 1381 871 1404 verba:
898 1379 981 1410 Incipit
1004 1381 1123 1403 tractatas

275 1432 441 1456 Bonauenture
458 1430 485 1454 de
502 1436 602 1460 corpore
618 1429 661 1453 frti.
686 1429 772 1452 Desinit
788 1429 825 1451 101.
842 1428 864 1450 7.
882 1434 900 1450 r.
918 1434 971 1450 cum
989 1427 1125 1449 additione:

277 1478 384 1509 Eoeplicit
399 1479 516 1501 tractatus
534 1477 700 1501 Bonaventure
717 1475 745 1499 de
762 1481 862 1505 corpore
878 1474 923 1498 oeti.

339 1526 377 1548 52.
394 1524 503 1553 Lovanii,
525 1523 667 1547 bibliotheca
692 1523 807 1551 Civitatis,
833 1523 885 1545 cod.
912 1522 949 1544 15.
974 1523 1045 1544 chart.
1064 1528 1124 1544 saec.

274 1573 326 1596 XV.
345 1585 373 1588 —
391 1572 491 1595 Rubrica
509 1571 616 1600 opusculi
633 1574 667 1593 est
685 1571 722 1593 101.
740 1571 777 1593 Sl.
795 1577 829 1593 r.:
852 1569 884 1593 De
904 1569 1077 1599 preparatione
1093 1568 1125 1592 ad

274 1619 382 1644 Missam.
399 1619 436 1643 Ad
453 1619 568 1642 honorem
585 1618 688 1648 qloriase
705 1620 748 1640 etc.
765 1617 853 1640 Desinit
871 1617 906 1640 tol.
925 1617 962 1639 86.
975 1623 994 1639 r.
1007 1616 1029 1638 in
1043 1616 1087 1638 fine
1101 1618 1125 1638 ut

275 1667 298 1689 in
315 1666 390 1689 editis.

338 1712 375 1734 53.
394 1710 511 1734 Lnbeccae
523 1710 636 1740 (Liibeck)
644 1727 650 1737 ,
662 1709 802 1732 bibliotheca
812 1709 926 1737 Civitatis,
938 1709 991 1732 cod.
1003 1709 1070 1732 theol.
1088 1709 1124 1731 101.

275 1760 347 1782 chart.
367 1759 416 1781 sine
433 1764 497 1780 num.
515 1763 576 1780 saec.
592 1757 644 1780 XV.
660 1770 691 1773 —
708 1756 851 1785 Opusculum
869 1756 949 1784 incipit
967 1756 1005 1778 fol.
1022 1756 1076 1778 323.
1093 1761 1125 1782 r.,

275 1806 362 1829 omisso
380 1806 459 1838 titula:
484 1804 522 1828 Ad
538 1804 653 1828 honorem
670 1798 774 1834 ,aloriase
790 1810 819 1827 ac
836 1802 956 1827 individue
973 1805 1016 1825 010.
1039 1802 1126 1825 Desinit

276 1853 312 1876 sol.
331 1853 383 1875 325.
401 1859 424 1875 v,
441 1859 494 1875 cum
512 1852 645 1875 additione:
664 1850 768 1881 Empticit
785 1850 882 1874 devotus
899 1851 1019 1873 tracIatus
1036 1849 1064 1872 cle
1076 1855 1125 1873 car-

271 1905 332 1929 pare
349 1899 392 1922 Xti
408 1900 430 1922 et
446 1898 474 1921 de
487 1897 660 1928 preparatione
672 1896 704 1920 ad
714 1897 892 1927 suscipiendum
908 1896 970 1920 idem
983 1897 1125 1920 Sacramen-

277 1948 328 1970 tum
345 1946 508 1976 salutiferum.

338 1993 376 2016 54.
394 1992 494 2021 Ibidem,
512 1992 564 2016 cod.
582 1993 650 2015 theol.
669 1992 690 2015 4.
707 1993 779 2014 chart.
799 1998 859 2014 saec.
882 1991 933 2014 XV.
956 2004 985 2007 —
1002 1991 1049 2014 Fol.
1066 1992 1087 2013 2.
1107 1997 1125 2014 r.

275 2041 429 2069 praemittitur
446 2040 559 2068 opusculo
577 2040 668 2062 titulus:
689 2039 816 2062 Tractatus
832 2038 859 2061 de
871 2044 971 2067 corpore
982 2038 1027 2061 acti.
1040 2037 1127 2060 Desinit

276 2090 301 2110 ut
317 2088 340 2110 in
357 2087 424 2110 editis
442 2088 478 2109 101.
497 2087 518 2109 8.
536 2093 560 2109 v.

340 2134 377 2156 55.
395 2133 494 2161 Ibidem,
514 2133 565 2155 cod.
584 2133 652 2155 theol.
670 2133 691 2154 8.
710 2133 781 2154 chart.
793 2137 853 2154 saec.
867 2132 927 2154 XlV.
941 2144 972 2147 —
984 2131 1042 2153 Ante
1055 2131 1125 2153 11110111

276 2180 400 2203 voluminis
418 2180 454 2202 101.
467 2186 485 2201 r.
503 2186 550 2201 non
567 2181 690 2201 numerato
707 2181 741 2201 est
757 2178 850 2201 titulus:
865 2178 992 2201 Tractatus
1005 2177 1125 2200 Bonaven-

276 2229 330 2251 ture
346 2226 373 2250 ale
390 2226 544 2250 celebratione
561 2225 632 2250 Misse
649 2225 767 2249 notabilis.
786 2225 895 2254 Sequitur
911 2225 1052 2253 opusculum
1064 2224 1124 2246 utin

276 2275 412 2303 impressis;
430 2274 459 2297 ad
476 2275 562 2296 calcem
580 2273 689 2296 additur:
715 2273 761 2296 Hec
777 2279 792 2296 a
810 2271 912 2302 quolibet
928 2271 1050 2296 sacerdote
1067 2273 1127 2294 sant

278 2322 333 2344 ante
349 2320 451 2344 Missam
468 2319 575 2343 habenda
593 2321 663 2349 atque
681 2318 797 2342 curanda.

341 2368 378 2390 56.
395 2366 544 2396 Lnnebnryi,
563 2366 700 2389 bibliotheca
717 2366 832 2394 Civitatis⁷
849 2365 902 2388 cod.
919 2366 987 2388 theol.
1005 2365 1044 2388 lat.
1060 2365 1083 2387 in
1101 2366 1125 2388 8.

277 2422 300 2438 n.
318 2416 355 2438 66.
374 2415 467 2438 miscell.
485 2421 546 2437 saec.
563 2415 614 2437 XV.
632 2426 663 2430 —
680 2414 728 2436 Hoc
745 2420 804 2442 opus
821 2413 901 2442 incipit
918 2414 955 2436 101.
974 2413 1028 2436 176.
1044 2419 1063 2436 1.
1076 2419 1125 2435 ver-

276 2461 327 2484 bis:
345 2461 382 2485 Ad
398 2461 512 2484 honorem
529 2460 632 2490 gloriose
649 2463 691 2483 010.
710 2460 796 2482 Desinit
814 2460 849 2482 101.
868 2460 920 2482 180.
938 2466 962 2482 ν.
984 2462 1008 2482 ut
1032 2459 1054 2482 in
1077 2459 1126 2482 edi-

276 2509 317 2536 tis,
334 2509 382 2531 sine
400 2508 444 2530 ulla
461 2508 504 2530 alia
521 2507 667 2530 indicatione.

340 2556 377 2578 57.
394 2554 503 2583 Medelci,
522 2554 661 2577 bibliotheca
679 2554 821 2581 Monasterii,
843 2553 896 2576 cod.
914 2554 938 2575 E.
956 2554 994 2575 88.
1011 2554 1082 2576 chart.
1100 2553 1123 2575 in

281 2603 315 2625 12.
332 2608 391 2625 saec.
409 2603 461 2625 XV.
478 2614 509 2618 ——
525 2602 571 2624 Fol.
594 2602 652 2624 155:
675 2601 759 2630 Incipit
779 2602 896 2624 tractatus
915 2601 1081 2624 Banaventure
1098 2599 1125 2623 cle

276 2649 434 2673 Sacramenta
451 2648 586 2672 eukaristie.
606 2648 642 2672 Ad
658 2648 772 2671 honorem
790 2647 894 2678 gloriose
911 2649 934 2671 et
949 2647 1069 2670 individue
1081 2650 1124 2670 etc.

277 2697 363 2719 Desinit
380 2697 416 2719 101.
435 2697 487 2718 161.
504 2702 523 2718 r.
542 2699 566 2718 ut
583 2696 606 2718 in
624 2696 699 2718 editis.

341 2744 379 2766 58.
395 2742 491 2771 Ibidem,
504 2743 555 2766 cod.
568 2743 595 2765 H.
613 2743 650 2765 80.
667 2744 740 2766 chart.
757 2743 779 2765 in
798 2743 819 2764 8.
837 2748 898 2765 saec.
915 2742 966 2764 XV.
978 2755 1009 2758 ——
1021 2741 1124 2770 Opuscu-

276 2791 324 2813 lum
341 2790 441 2813 occurrit
457 2796 511 2818 pag.
530 2790 575 2812 559
598 2789 642 2812 sub
667 2789 775 2812 rubrica:
801 2788 884 2819 Incipit
907 2790 1026 2812 tractatus
1052 2788 1125 2811 Bana-

276 2838 375 2860 venture
392 2836 420 2859 de
436 2836 593 2860 Sacramenta
610 2836 746 2860 eukaristie.
773 2835 810 2859 Ad
833 2836 947 2859 honorem
970 2834 1074 2865 ⁸[lloriose
1096 2840 1125 2857 ac

277 2883 397 2907 individue
413 2886 455 2906 010.
472 2884 559 2906 Desinit
576 2886 601 2906 ut
617 2884 640 2906 in
657 2883 725 2906 editis
741 2889 795 2911 pag.
813 2883 868 2906 578.

341 2931 378 2953 59.
396 2930 496 2958 Ibidem,
514 2931 566 2953 cod.
584 2931 608 2953 L.
626 2930 664 2953 35.
680 2931 752 2953 chart.
777 2930 800 2952 in
822 2931 855 2952 12.
875 2935 936 2952 saec.
954 2929 1005 2952 XV.
1023 2941 1053 2945 —
1070 2929 1125 2956 pag.

274 2978 323 3001 314
339 2978 438 3006 legitur:
455 2977 540 3007 Incipit
556 2978 673 3000 tractatas
689 2978 855 3000 Bonaventnre
871 2976 899 2999 cle
915 2976 1073 3000 Sacramenta
1090 2975 1124 2998 cli-

985 219 1229 249 PROLEGOMENA
1249 220 1277 248 C.
1301 220 1318 248 l.

1176 298 1296 322 cinissime
1312 297 1441 321 eukaristie
1458 297 1523 321 utilis
1547 296 1621 320 ualde.
1638 297 1675 320 Ad
1691 296 1807 319 honorem
1824 295 1927 325 ylariase
1944 301 1972 319 ac
1989 279 2023 319 in-

1176 344 1269 368 dividae
1285 348 1328 367 etc.
1346 345 1432 367 Desinit
1449 347 1474 366 ut
1490 344 1656 373 praecedentes
1673 350 1700 366 ac
1717 350 1772 372 pag.
1789 344 1842 365 330.

1240 392 1277 415 60.
1296 391 1394 420 Ibidem,
1412 391 1464 414 cod.
1481 392 1504 414 L.
1522 391 1561 413 93.
1578 392 1651 413 chart.
1673 391 1694 413 iu
1723 391 1755 413 l2.
1782 396 1842 413 saec.
1860 390 1911 412 XV.
1928 402 1960 406 —
1976 390 2022 413 Fol.

1177 439 1230 461 226.
1247 445 1283 461 r.:
1302 437 1386 467 Incipit
1402 439 1519 461 tractatus
1538 437 1704 461 Bonacenture
1722 436 1796 460 bonas
1815 438 1836 460 et
1853 435 1918 460 utilis
1936 436 1964 459 de
1981 436 2024 459 Sa-

1177 487 1298 509 cramenta
1316 484 1460 508 divinissime
1485 484 1620 508 eukaristie.
1638 484 1674 508 Ad
1691 484 1806 508 honorem
1823 483 1926 514 qloriose
1942 489 1970 507 ac
1987 483 2022 507 in-

1178 531 1271 555 dividue
1289 534 1331 555 etc.
1349 532 1436 554 Desinit
1452 532 1490 554 tol.
1507 531 1560 554 244.
1577 537 1611 554 r.:
1631 531 1699 559 Quod
1715 531 1764 561 ipse
1784 531 1825 554 tibi
1848 533 1869 554 et
1891 530 1951 554 mihi
1969 537 2022 561 pre-

1177 579 1242 601 stare
1259 577 1379 607 dignene:
1397 578 1480 600 Amen.

1242 625 1279 647 61.
1296 624 1396 652 Ibidem,
1416 624 1468 647 cod.
1486 625 1512 646 G.
1530 625 1567 647 19.
1584 625 1655 647 chart.
1673 625 1695 646 in
1714 624 1735 647 4.

1178 684 1209 688 —
1225 671 1273 694 Fol.
1290 671 1344 693 272.
1362 677 1386 693 v.
1403 675 1437 693 est
1454 670 1562 693 rubrica:
1582 671 1708 694 Tractatas
1726 670 1823 694 devotus
1839 671 1866 694 de
1878 673 2025 700 001Ῥο1·οω11

1761 631 1821 647 saec.
1843 625 1895 647 XV.
1917 625 2024 647 ineuntis.

1179 720 1200 742 et
1216 718 1244 742 de
1259 718 1429 748 preparatione
1446 717 1478 741 ad
1493 717 1670 747 suscipiendum
1684 717 1744 741 idem
1757 717 1943 741 Sacramentum
1959 717 2026 741 saln-

1179 765 1284 795 tifernm.
1302 765 1389 788 Desinit
1407 765 1444 787 101.
1464 765 1518 787 282.
1535 764 1713 787 venubricator
1725 764 1804 787 tribuit
1815 765 1859 787 hoc
1871 765 2025 792 opusculum:

1179 811 1380 835 Reverendissima
1402 810 1471 840 patri
1496 809 1591 833 domino
1618 809 1737 833 cardinali
1766 809 1932 834 cameracensi
1958 815 2026 833 sacre

1180 858 1294 889 theoloqze
1310 858 1484 882 solemnissimo
1502 857 1600 881 doctori.

1243 906 1281 928 62.
1299 905 1399 934 Ibidem,
1418 905 1469 928 cod.
1487 906 1536 927 G....
1554 906 1626 928 chart.
1644 905 1665 927 in
1684 904 1705 927 4.
1725 911 1784 927 saec.
1798 905 1847 927 XV.
1864 917 1895 921 —
1909 905 1955 927 Fol.
1974 905 2027 928 201.

1180 960 1198 976 r.
1215 953 1313 981 legitur:
1332 953 1460 976 Tractatus
1477 953 1644 975 Banaventure
1661 951 1688 975 de
1705 952 1863 976 Sacramenta
1880 951 2025 976 divinissime

1180 1000 1329 1024 eucharistie.
1347 999 1383 1023 Ad
1400 1000 1515 1023 honorem
1527 999 1630 1029 gloriose
1645 1005 1674 1022 ac
1691 998 1810 1022 individue
1827 1002 1870 1022 etc.
1889 999 1975 1022 Desinit
1990 999 2026 1022 101.

1181 1048 1233 1070 206.
1250 1054 1284 1070 1.;
1303 1047 1373 1076 011011
1388 1047 1437 1077 ipse
1454 1046 1495 1070 tibi
1511 1048 1532 1070 et
1548 1046 1608 1069 mihi
1620 1048 1731 1076 prestare
1749 1046 1867 1076 diffitetur.
1884 1047 1968 1069 Amen.

1244 1095 1282 1117 63.
1301 1094 1448 1124 Meininqen,
1465 1094 1603 1117 bibliotheca
1626 1094 1749 1122 Principis,
1775 1094 1827 1117 cod.
1850 1094 1873 1116 ll.
1896 1094 1933 1116 lat.
1951 1094 1972 1116 in
1991 1095 2029 1117 sol.

1180 1149 1298 1171 progress.
1316 1143 1369 1165 208.
1386 1143 1458 1165 chart.
1475 1148 1535 1164 saec.
1555 1142 1605 1164 XV.
1624 1154 1653 1157 —
1670 1142 1718 1164 Hoc
1737 1134 1875 1169 opusculum
1893 1141 1973 1170 incipit
1990 1142 2028 1165 101.

1181 1190 1221 1212 251
1230 1206 1235 1212 .
1246 1196 1265 1211 1.
1277 1188 1322 1211 sub
1335 1189 1412 1211 titulo:
1424 1189 1457 1211 De
1468 1188 1636 1218 preparatione
1648 1187 1679 1211 ad
1691 1187 1857 1212 celebrandam
1868 1188 1975 1212 Missam.
1989 1189 2027 1211 Dc-

1181 1237 1233 1259 sinit
1245 1237 1281 1259 fol.
1292 1236 1345 1258 253.
1358 1242 1390 1258 r.:
1403 1235 1472 1263 Quod
1482 1235 1531 1265 ipse
1542 1235 1584 1259 tibi
1594 1237 1617 1258 et
1627 1235 1686 1258 mihi
1694 1237 1804 1265 prestare
1816 1235 1936 1265 [liquetur.
1944 1236 2030 1259 Amen.

1245 1283 1282 1305 64.
1299 1282 1366 1306 IlIetis
1383 1283 1406 1305 in
1424 1282 1583 1311 Lotharingia,
1610 1282 1749 1305 bibliotheca
1766 1282 1880 1310 Civitatis,
1898 1283 1950 1306 cod.
1975 1283 2030 1307 355.

1181 1332 1253 1353 chart.
1270 1331 1294 1353 in
1313 1330 1333 1352 4.
1351 1336 1411 1352 saec.
1430 1330 1480 1353 XV.
1499 1343 1529 1346 —
1547 1330 1600 1352 Post
1625 1330 1666 1352 alia
1692 1336 1763 1358 opera
1787 1330 1866 1359 incipit
1889 1331 2029 1358 opusculum

1182 1378 1219 1401 tol.
1236 1383 1281 1400 non
1299 1380 1420 1400 numerato
1438 1380 1460 1399 et
1477 1377 1526 1400 sine
1543 1377 1625 1399 titulo:
1642 1376 1679 1400 Ad
1690 1377 1805 1400 honorem
1817 1377 1920 1407 qloriose
1931 1380 1973 1400 etc.
1987 1378 2027 1400 De·

1181 1425 1249 1448 sinit:
1269 1424 1337 1453 Quod
1353 1424 1401 1454 ipse
1418 1424 1478 1447 mihi
1492 1426 1514 1447 et
1531 1423 1572 1447 tibi
1586 1425 1694 1453 prestare
1711 1423 1831 1454 cliynetar.
1852 1425 1933 1447 Amen.

1246 1472 1282 1494 65.
1300 1470 1432 1499 Monachii,
1451 1471 1588 1493 bibliotheca
1606 1471 1692 1498 Regia,
1709 1471 1762 1493 cod.
1780 1470 1849 1493 4712.
1866 1472 1937 1493 chart.
1955 1471 1978 1493 in
1994 1471 2031 1493 101.

1182 1525 1242 1542 saec.
1265 1519 1317 1542 XV.
1339 1531 1369 1535 —
1392 1518 1536 1547 Opuscnlum
1554 1519 1598 1541 hoc
1615 1519 1695 1546 incipit
1713 1519 1750 1540 sol.
1769 1519 1805 1541 93.
1824 1525 1843 1541 r.
1860 1518 1904 1541 sub
1921 1517 2028 1541 rubrica:

1184 1568 1311 1590 Tractatas
1329 1567 1508 1594 Bonacentare,
1530 1565 1557 1589 de
1579 1565 1737 1589 Sacramenta
1762 1565 1907 1589 divinissime
1923 1565 2030 1589 euchari-

1182 1614 1237 1643 stie,
1256 1614 1330 1637 rutilis.
1349 1614 1435 1636 Desinit
1452 1616 1476 1635 ut
1493 1613 1515 1635 in
1533 1613 1601 1635 editis
1619 1613 1655 1635 101.
1673 1613 1711 1635 98.
1728 1619 1753 1635 v.

1246 1661 1283 1683 66.
1302 1660 1401 1688 Ibidem,
1418 1660 1470 1682 cod.
1487 1659 1555 1682 7007.
1574 1660 1646 1682 chart.
1659 1660 1680 1681 in
1702 1660 1738 1682 101.
1751 1666 1810 1682 saec.
1824 1659 1874 1682 XV.
1888 1672 1918 1675 —-
1929 1659 2029 1682 Rubrica

1182 1709 1252 1731 huius
1268 1707 1373 1736 opusculi
1391 1706 1489 1729 habetur
1507 1707 1543 1729 fol.
1561 1707 1583 1728 8.
1602 1712 1621 1728 r.
1638 1706 1674 1728 his
1691 1706 1784 1728 verbis:
1802 1706 1893 1729 Forma
1905 1705 2032 1729 accedendi

1182 1755 1214 1779 acl
1231 1755 1331 1778 Missam
1347 1753 1479 1778 secundnm
1497 1754 1698 1777 Bonaaentnram.
1717 1753 1795 1782 1911111·
1812 1752 1850 1776 :cti
1864 1753 1977 1776 sacerdos
1994 1752 2029 1776 de-

1182 1804 1234 1826 vote
1250 1801 1282 1825 ad
1298 1801 1444 1825 dominicum
1460 1806 1603 1824 accessuras
1620 1800 1698 1823 altare
1714 1803 1758 1823 etc.
1775 1800 1863 1823 Desinit
1880 1801 1916 1823 101.
1939 1801 1946 1822 t
1958 1801 1974 1822 1.
1992 1806 2031 1824 v.:

1184 1848 1253 1878 Quod
1270 1848 1311 1872 tibi
1327 1850 1349 1871 et
1364 1847 1424 1871 mihi
1436 1849 1548 1877 prestare
1564 1846 1675 1877 diffitetur
1693 1847 1735 1877 qui
1750 1846 1807 1870 vicit
1823 1848 1846 1870 et
1861 1848 1948 1877 reynat
1964 1846 1988 1870 in
1999 1853 2032 1870 se-

1183 1896 1239 1920 cula
1255 1895 1400 1919 seculorum.
1419 1896 1500 1918 Amen.
1519 1895 1645 1924 Hucusque
1662 1895 1841 1918 Bonaeentura.

1246 1944 1285 1966 67.
1302 1942 1403 1971 Ibidem,
1420 1943 1472 1965 cod.
1490 1943 1559 1965 8862.
1581 1943 1653 1965 chart.
1679 1942 1702 1964 in
1728 1942 1765 1964 sol.
1791 1947 1850 1964 saec.
1869 1941 1919 1964 XV.
1937 1953 1968 1957 —
1985 1941 2032 1963 Fol.

1184 1990 1237 2013 174.
1254 1997 1292 2012 v.:
1310 1989 1397 2019 Incipit
1411 1988 1537 2018 speculum
1553 1988 1692 2011 conscientie
1709 1988 1881 2011 Banaaentnre.
1908 1986 1945 2010 Ad
1962 1987 2032 2011 hono-

1183 2043 1234 2060 rem
1251 2036 1354 2066 ylariase
1370 2042 1399 2059 ac
1415 2035 1536 2059 individue
1552 2038 1595 2058 etc.
1614 2035 1707 2058 Desinit.
1725 2035 1761 2058 101.
1781 2035 1832 2057 Ἰ178.
1851 2042 1889 2057 v.:
1904 2034 1973 2063 Quod
1984 2034 2033 2064 ipse

1183 2083 1224 2107 tibi
1239 2085 1262 2107 et
1277 2083 1337 2106 mihi
1350 2084 1461 2112 prestare
1486 2082 1604 2112 alienetur.
1631 2083 1714 2105 Amen.
1738 2082 1785 2105 Hec
1810 2082 1981 2105 Bonaventnra
2004 2081 2031 2105 de

1180 2130 1342 2161 preparandis
1359 2136 1384 2153 se
1400 2129 1432 2153 ad
1448 2129 1646 2153 communionem.

1247 2178 1284 2200 68.
1302 2177 1402 2205 Ibidem,
1420 2177 1471 2200 cod.
1490 2177 1559 2199 9729.
1577 2178 1649 2199 chart.
1667 2177 1688 2199 in
1708 2177 1744 2199 101.
1762 2183 1822 2200 saec.
1835 2177 1887 2199 XV.
1898 2189 1929 2194 —
1941 2177 2030 2201 Titulus

1183 2225 1261 2253 operis
1278 2227 1312 2247 051
1330 2225 1367 2247 101.
1385 2225 1438 2247 267.
1454 2231 1473 2246 r.
1491 2225 1514 2246 in
1531 2224 1652 2252 superiore
1669 2224 1789 2251 margine:
1804 2224 1931 2247 Tractatus
1944 2223 1971 2247 de
1982 2230 2034 2248 car-

1182 2278 1241 2302 pare
1257 2269 1295 2295 :z'ti
1311 2271 1402 2294 domini
1418 2272 1592 2294 Banaeenture.
1608 2270 1645 2294 Ad
1662 2270 1777 2294 honorem
1794 2270 1898 2300 ¹qloriose
1915 2273 1956 2293 etc.
1970 2271 2032 2294 Finis

1184 2321 1218 2342 est
1235 2320 1273 2341 101.
1290 2319 1342 2341 270.
1361 2325 1384 2341 v.
1401 2325 1454 2341 cum
1472 2319 1515 2341 hac
1532 2318 1630 2346 simplici
1648 2318 1767 2341 additione
1787 2318 1828 2340 l49
1840 2335 1845 2345 ,
1868 2318 1890 2340 id
1908 2321 1943 2341 est
1963 2318 2031 2346 liet,

1184 2367 1209 2388 ut
1225 2365 1280 2387 31135
1297 2365 1318 2387 in
1336 2365 1388 2387 cod.
1406 2364 1512 2387 habetur.

1248 2413 1285 2434 69.
1302 2411 1402 2440 Ibidem,
1428 2412 1480 2435 cod.
1506 2412 1590 2434 16511.
1616 2413 1688 2434 chart.
1712 2412 1734 2434 iu
1752 2412 1772 2434 4.
1791 2418 1852 2435 saec.
1869 2412 1920 2435 XV.
1937 2424 1969 2429 —
1985 2412 2033 2435 Fol.

1184 2459 1238 2481 151.
1255 2466 1293 2482 v.:
1311 2458 1395 2488 Incipit
1417 2459 1535 2482 tractatas
1551 2458 1712 2482 sacratissimi
1728 2464 1756 2482 ac
1773 2458 1966 2482 excellentissimi
1981 2464 2031 2482 car·

1179 2506 1247 2536 poris
1264 2507 1286 2529 et
1301 2505 1427 2535 sanquinis
1444 2505 1546 2528 Domini.
1565 2506 1674 2534 Sequitur
1693 2505 1832 2533 opusculum
1851 2511 1926 2534 usque
1946 2505 1974 2528 ad
1992 2506 2030 2527 101.

1185 2553 1237 2575 160.
1257 2559 1294 2579 v.,
1312 2552 1365 2575 inde
1386 2551 1521 2575 subiicitur:
1547 2551 1653 2581 Eoeplicit
1678 2552 1797 2575 tractatas
1822 2551 1850 2574 de
1874 2551 2031 2575 Sacramenta

1182 2598 1291 2629 corporis
1308 2600 1330 2622 et
1346 2598 1473 2628 sanyuinis
1489 2598 1539 2627 atti,
1557 2599 1644 2621 omisso
1662 2598 1762 2621 auctoris
1779 2598 1881 2621 nomine.

1245 2646 1282 2668 70.
1300 2645 1400 2674 Ibidem,
1427 2646 1478 2668 cod.
1501 2645 1584 2668 17851.
1601 2647 1673 2668 chart.
1692 2645 1713 2668 in
1732 2646 1752 2667 8.
1770 2651 1831 2668 5300.
1850 2646 1900 2668 XV.
1917 2645 2029 2668 exeuntis.

1182 2705 1213 2709 —
1230 2693 1373 2721 Opusculum
1391 2693 1491 2716 occurrit
1508 2693 1545 2716 fol.
1563 2693 1615 2715 185.
1627 2699 1647 2715 r.
1658 2692 1702 2715 sub
1719 2692 1827 2715 rubrica:
1845 2692 1929 2722 Incipit
1946 2693 2032 2715 tracta-

1183 2740 1220 2763 tus
1237 2739 1264 2762 de
1278 2739 1449 2769 preparatione
1460 2739 1493 2763 ad
1503 2739 1602 2763 Missam
1614 2739 1705 2762 domini
1715 2739 1836 2769 seraphici
1850 2739 1937 2768 fratris
1955 2739 2031 2762 Bona-

1182 2788 1288 2810 venture.
1307 2787 1393 2809 Eadem
1414 2789 1467 2809 sunt
1489 2787 1511 2809 111
1532 2787 1577 2809 tine
1599 2787 1637 2809 101.
1655 2787 1708 2809 201.
1723 2793 1741 2809 1.
1759 2787 1847 2810 Deinde
1864 2786 1969 2816 Eccplicit
1988 2789 2031 2809 etc.

1244 2834 1283 2856 7l.
1304 2832 1403 2862 Ibidem,
1421 2834 1472 2856 cod.
1491 2834 1575 2856 19855.
1593 2835 1665 2856 chart.
1682 2834 1705 2856 in
1723 2835 1745 2856 8.
1762 2840 1821 2857 saec.
1834 2834 1886 2856 XV.
1898 2833 1987 2863 (1457).
2001 2846 2031 2849 -

1182 2881 1240 2903 inter
1257 2881 1299 2903 alia
1317 2881 1390 2903 sancti
1407 2881 1511 2904 Doctoris
1528 2887 1600 2909 opera
1617 2881 1654 2903 hic
1671 2880 1769 2904 habetur
1786 2882 1832 2903 sere
1847 2881 1962 2908 integrum
1975 2886 2031 2908 opu-

1181 2928 1271 2950 sculum
1289 2928 1319 2950 ad
1336 2927 1407 2950 instar
1424 2928 1533 2955 extracti3
1551 2928 1588 2950 101.
1604 2928 1664 2950 enim
1686 2928 1736 2950 140.
1758 2934 1777 2950 r.
1800 2928 1898 2956 legitur:
1922 2927 1961 2950 Ea·
1984 2928 2030 2950 tra-

1181 2976 1247 2998 ctatu.
1263 2975 1430 2998 Bonaventure
1446 2974 1474 2998 de
1491 2974 1564 3005 diana
1577 2975 1749 3004 preparatione
1771 2974 1803 2998 acl
1825 2974 1933 2998 Missam.
1950 2973 2029 2997 Nota:
