2133 3317
0 361 11 380 J-

7 1001 45 1022 mdo
54 1000 74 1028 in

0 1496 31 1602 ΕΙ
37 1514 72 1532 ter-

15 1537 72 1556 nstan-

16 1559 72 1579 'nutis

0 1582 64 1603 ‚diat

14 353 76 373 rosim.

558 216 754 244 OPUSCULUM
775 216 817 244 xl.
839 215 1000 244 APOLOGlA
1022 216 1202 246 PAUPERUM.
1225 218 1293 246 CAP.
1317 218 1357 246 vt.

92 294 243 325 cuiusmodi
265 296 306 323 est
326 294 427 323 veritas
447 293 555 322 divinae
576 293 658 330 legis,
680 293 751 321 sicut
777 293 842 321 dicit
870 294 932 321 Am-

92 342 215 375 brosius,
237 341 282 369 ubi
306 341 431 377 supra¹:
458 351 472 364 «ε
487 340 607 376 Moyses,
639 340 744 377 inquit,
775 340 808 369 de
830 340 932 369 ieiunio

91 390 187 426 Legem
208 387 296 421 dedit,
325 387 416 423 ipsum
444 395 555 423 quoque
587 386 754 415 ieiunantem
775 395 829 415 non
852 394 932 415 voces

92 442 220 472 magnae,
243 442 296 462 non
317 433 430 470 fulgura
450 437 477 462 et
500 433 586 461 nubes
608 433 732 461 nimbosa
753 437 780 462 et
794 433 932 470 fumigans

91 481 153 510 Sina
173 480 332 517 perterruit.
355 480 449 516 Neque
470 479 543 508 enim
564 480 704 508 introisset
725 480 752 508 in
774 480 876 508 nubem
905 483 931 508 et

91 535 182 557 vocem
203 526 251 555 Dei
273 526 411 563 loquentis
431 526 465 555 de
485 526 575 555 medio
589 527 660 564 ignis
674 527 732 555 sine
751 527 874 564 periculo
889 534 931 555 sa—

90 574 154 603 lutis
184 573 319 606 audisset,
351 573 402 601 nisi
429 573 554 602 munitus
575 573 661 602 armis
682 574 785 602 ieiunii.
808 573 931 610 Quadra-

90 620 163 657 ginta
183 619 255 648 enim
276 619 373 648 diebus
394 619 526 648 ieiunavit
547 620 573 647 in
593 623 700 653 monte,
722 623 754 648 ut
775 620 872 656 Legem
886 627 930 648 ac-

91 667 192 703 ciperet
212 674 228 693 a
248 665 364 694 Domino
385 666 441 694 Deo
455 668 558 694 nostro.
576 667 607 694 Et
622 666 649 694 in
664 666 856 703 superioribus
869 665 931 703 qui-

89 712 149 741 dem
170 712 270 740 montis
292 712 348 740 Lex
369 712 487 741 dabatur
509 713 592 749 Moysi
614 712 762 746 ieiunanti,
778 713 804 741 in
820 712 931 741 inferio-

89 759 166 787 ribus
185 758 288 795 populo
315 759 491 787 manducanti
513 759 713 795 praevaricatio
733 759 866 795 sacrilega
887 766 931 787 ac-

89 805 255 834 cendebatur
274 805 454 841 epulantium.
477 806 537 842 Quo
557 806 713 842 spectaculo
737 808 829 834 motus
850 805 931 842 fregit

89 851 194 881 tabulas
215 852 336 888 Moyses,
358 851 500 889 indignum
522 852 661 886 iudicans,
682 855 714 880 ut
731 851 808 880 ebrio
829 852 931 888 populo

88 899 143 927 Lex
164 897 279 926 daretur
294 910 320 926 ».

168 945 211 972 17.
234 944 400 980 Impetratur
421 944 503 972 etiam
526 952 575 980 per
596 944 730 972 ieiunium
752 943 931 980 intelligentia

89 991 211 1020 veritatis
232 991 263 1019 in
284 991 486 1028 speculandis,
519 991 598 1019 iuxta
620 990 692 1027 quod
714 990 779 1019 dicit
800 991 930 1026 Hierony-

88 1045 150 1066 mus
171 1040 267 1066 contra
288 1037 457 1066 lovinianum
471 1038 497 1065 ²:
524 1049 538 1061 «
553 1037 648 1066 Daniel
668 1040 751 1074 atque
772 1040 829 1065 tres
851 1036 930 1073 pueri

88 1084 280 1113 revelationem
302 1084 472 1112 somniorum
504 1084 605 1112 ieiunio
633 1087 776 1112 merentur
805 1083 930 1120 pastique

87 1130 280 1168 leguminibus,
292 1130 447 1166 pulcriores
461 1133 487 1159 et
502 1130 696 1167 prudentiores
711 1130 891 1158 inveniuntur
902 1141 929 1157 1).

88 1177 184 1206 Eodem
206 1185 317 1215 quoque
342 1177 452 1205 libro‘:
480 1188 493 1201 α
509 1177 593 1211 Elias,
619 1177 801 1214 quadraginta
821 1176 929 1205 dierum

87 1224 187 1253 ieiunio
218 1227 415 1260 praeparatus,
443 1224 530 1252 Deum
561 1223 626 1252 vidit
657 1223 683 1251 in
717 1226 809 1252 monte
840 1223 929 1251 Horeb

87 1270 246 1307 audivitque
267 1270 301 1299 ab
322 1278 372 1298 eo:
403 1270 481 1306 Quid
509 1274 539 1298 ιιι
561 1269 607 1298 lac
629 1270 708 1307 ayla,
732 1269 821 1298 Elia?
846 1270 930 1298 Multo

86 1316 245 1346 familiarior
267 1316 319 1345 ista
346 1325 401 1345 vox
430 1324 512 1353 quam
540 1316 584 1345 illa
616 1317 643 1344 in
671 1316 785 1344 Genesi:
815 1316 929 1349 Adam,

87 1364 138 1392 ubi
156 1363 206 1392 es?
225 1364 272 1392 llla
286 1363 359 1392 enim
380 1367 489 1400 pastum
513 1363 635 1392 terrebat
649 1366 676 1392 et
690 1363 847 1400 perditum,
863 1364 930 1391 haec

87 1410 217 1439 ieiunanti
239 1410 342 1438 famulo
364 1410 557 1439 blandiebatur
571 1421 598 1437 ».

167 1457 210 1485 18.
233 1457 357 1493 Denique
378 1464 428 1493 per
449 1456 583 1485 ieiunium
613 1456 769 1493 acquiritur
797 1459 930 1484 constan-

88 1503 129 1532 tia
145 1502 291 1541 perfectae
314 1503 448 1538 virtutis,
477 1503 600 1540 primum
629 1502 740 1540 quidem
765 1503 799 1531 ad
819 1502 930 1540 facten-

87 1549 157 1578 dum
185 1550 302 1584 ardua,
331 1550 410 1578 iuxta
437 1550 511 1587 quod
536 1549 712 1583 Ambrosius,
734 1549 781 1578 ubi
804 1549 929 1586 supra4:

91 1607 105 1622 α
119 1597 214 1634 Magna
234 1600 275 1626 est
296 1597 386 1625 virtus
406 1596 509 1625 ieiunii.
525 1596 649 1633 Denique
671 1599 725 1624 tam
747 1596 869 1633 speciosa
883 1596 931 1624 1111-

86 1643 143 1672 litia
163 1646 220 1678 est,
243 1646 275 1672 ut
295 1643 419 1672 ieiunare
437 1643 586 1672 delectaret
600 1646 627 1672 et
641 1643 799 1677 Christum,
814 1645 868 1671 tam
884 1650 930 1671 va-

86 1690 155 1724 lida,
176 1693 208 1718 ut
228 1689 261 1718 ad
282 1690 389 1718 caelum
411 1689 536 1718 homines
558 1690 686 1718 elevaret.
716 1689 747 1717 Et
775 1692 806 1718 ut
831 1689 930 1718 liuma-

85 1737 128 1766 nis
148 1736 235 1773 magis
262 1744 345 1773 quam
366 1736 466 1765 divinis
487 1739 550 1764 utar
572 1736 723 1773 exemplis,
748 1736 818 1764 Elias
839 1736 931 1764 ieiuno

86 1791 134 1812 ore
155 1783 261 1812 caelum
283 1783 397 1817 clausit,
419 1783 529 1812 ieiunus
553 1783 640 1812 filium
663 1783 761 1811 viduae
781 1783 815 1811 ab
836 1782 931 1811 inferis

86 1830 244 1863 suscitavit,
259 1830 369 1859 ieiunus
383 1830 492 1867 pluvias
506 1838 554 1858 ore
569 1830 711 1866 deposuit,
730 1829 840 1858 ieiunus
855 1829 931 1866 ignes

86 1876 202 1906 deduxit
222 1877 255 1905 de
276 1877 367 1911 caelo,
388 1876 499 1905 ieiunus
520 1884 607 1905 curru
630 1880 670 1905 est
692 1879 788 1913 raptus
812 1876 845 1904 ad
871 1884 930 1905 cae-

86 1923 144 1952 lum
165 1927 191 1952 et
212 1923 395 1960 quadraginta
415 1923 525 1952 dierum
546 1923 649 1952 ieiunio
670 1923 789 1951 divinam
811 1923 930 1960 acquisi-

86 1971 125 2000 vit
145 1970 337 2008 praesentiam.
360 1971 437 1999 Tunc
458 1970 577 2007 denique
599 1970 661 2007 plus
683 1970 799 2004 meruit,
821 1969 931 2007 quando

86 2017 149 2054 plus
179 2017 319 2046 ieiunavit.
352 2017 419 2053 Quis
450 2017 522 2046 enim
554 2017 677 2045 humana
708 2017 810 2045 virtute
837 2017 931 2053 igneos

86 2071 172 2101 equos
192 2067 219 2092 et
240 2071 343 2092 currus
363 2063 498 2100 potuisset
519 2063 681 2098 ascendere,
704 2063 755 2092 nisi
781 2063 827 2100 qui
851 2066 931 2091 natu-

87 2118 145 2139 ram
167 2111 316 2139 humanam
338 2110 463 2147 corporis
484 2110 703 2147 incorruptibilis
718 2109 811 2139 ieiunii
828 2110 931 2138 virtute

86 2160 219 2186 mutasset
233 2160 265 2185 »7

167 2204 210 2232 19.
239 2204 291 2232 Dat
321 2203 402 2232 etiam
433 2203 568 2232 virtulem
594 2203 757 2240 superandi
787 2203 930 2237 aduersa,

61 2257 66 2261 ·
87 2249 158 2279 sicut
178 2250 250 2279 idem
272 2249 432 2279 Ambrosius
452 2250 518 2279 dicit
538 2250 681 2279 ibidem5:
702 2261 715 2275 a
730 2250 776 2278 Est
796 2249 930 2287 quaedam

87 2300 230 2326 creaturae
251 2300 364 2331 natura,
383 2305 465 2333 quam
488 2297 638 2325 amiantum
660 2299 773 2331 vocant,
795 2297 871 2325 nullo
892 2296 931 2325 fa-

1776 220 1828 247 271

988 294 1046 323 cilis
1066 295 1127 331 igne
1149 295 1288 329 consumi,
1311 304 1381 332 quae
1403 296 1530 333 imposita
1549 296 1615 325 focis
1643 296 1773 333 ignescit,
1800 296 1832 324 il-

988 341 1039 369 lico
1060 341 1168 369 sublata
1189 341 1221 370 de
1244 342 1366 376 flamma,
1386 345 1516 379 tanquam
1538 351 1675 380 aquarum
1697 342 1833 371 infusione

988 387 1091 415 munda
1107 388 1270 424 resplendet.
1287 389 1361 417 Talia
1376 392 1454 417 erant
1469 389 1656 418 Hebraeorum
1678 397 1831 426 puerorum

987 441 1119 470 corpora,
1141 442 1212 470 quae
1243 434 1276 463 de
1308 435 1409 463 ieiunio
1440 436 1467 464 in
1496 436 1606 464 amianti
1639 436 1833 465 transformata

987 483 1115 508 naturam
1137 488 1239 517 vapore
1254 481 1323 517 ignis
1345 490 1399 510 non
1420 482 1453 510 ad
1473 482 1647 519 dispendium
1663 483 1722 517 sui,
1737 482 1784 511 sed
1798 481 1832 510 ad

987 526 1102 562 gratiam
1125 527 1315 555 mutabantur.
1337 528 1432 557 Daniel
1447 537 1558 566 quoque
1579 529 1663 558 trium
1685 529 1832 558 hebdoma-

987 573 1085 601 darum
1108 573 1210 601 ieiunio
1231 574 1323 602 leones
1347 574 1441 603 docuit
1462 575 1601 609 ieiunare,
1623 576 1724 605 missus
1744 576 1771 604 111
1794 576 1833 604 la-

988 627 1050 647 cum
1073 623 1100 648 et
1121 620 1149 648 in
1170 619 1371 649 adamantinam
1394 621 1557 650 soliditatem
1587 622 1767 650 abstinentiae
1796 621 1832 650 ri-

987 674 1053 703 gore
1074 666 1198 695 membra
1228 667 1355 701 duratus,
1377 676 1431 696 non
1453 668 1542 705 patuit
1564 669 1680 697 vulneri.
1703 669 1746 697 Sic
1767 676 1830 697 eum

988 713 1212 742 constrinxerant
1244 713 1360 747 ieiunia,
1390 717 1421 742 ut
1441 715 1468 743 in
1490 715 1550 744 eius
1571 723 1687 752 corpore
1708 716 1832 744 ferarum

988 759 1126 788 morsibus
1147 760 1224 788 locus
1245 768 1304 789 esse
1325 769 1379 789 non
1401 764 1500 797 posset.
1520 762 1618 790 Clausa
1633 762 1762 791 tenebant
1777 762 1833 791 leo-

987 814 1036 834 nes
1056 814 1121 840 ora,
1136 814 1207 843 quae
1222 807 1402 836 abstinentiae
1417 808 1594 844 propheticae
1609 809 1738 837 sanctitas
1759 816 1833 837 com-

988 852 1139 888 primebat,
1172 856 1202 881 ut
1233 861 1264 881 ea
1295 853 1369 882 ferae
1390 855 1498 890 aperire
1520 863 1574 883 non
1596 858 1723 892 possent,
1746 855 1831 884 veluti

987 898 1152 935 quibusdam
1175 899 1292 927 vinculis
1312 900 1421 936 alligata
1436 912 1461 928 ».

1066 946 1111 973 ΞΟ.
1135 945 1175 972 Ex
1197 945 1240 973 1115
1260 945 1345 981 igitur
1366 949 1393 974 et
1414 946 1474 974 aliis
1499 947 1645 983 praedictis
1677 948 1830 984 colligitur,

987 991 1060 1028 quod
1082 999 1145 1020 cum
1167 999 1217 1027 per
1238 991 1371 1020 ieiunium
1394 992 1552 1021 obtineatur
1581 994 1712 1030 perfectio
1733 994 1832 1022 sancti-

987 1036 1066 1070 tatis,
1089 1036 1237 1073 sapientiae
1259 1040 1286 1065 et
1308 1037 1434 1072 virtutis,
1457 1046 1506 1075 per
1528 1047 1598 1076 quae
1621 1047 1697 1068 mens
1712 1040 1833 1068 humana

987 1087 1141 1120 purgatur,
1163 1083 1336 1112 illuminatur
1352 1087 1379 1112 et
1394 1085 1537 1121 perficitur
1552 1086 1638 1114 instar
1660 1086 1833 1115 hierarchiae

987 1130 1127 1164 caelestis,
1159 1130 1193 1158 ab
1224 1131 1353 1159 omuibus
1374 1131 1455 1160 debet
1476 1133 1581 1161 servari
1603 1136 1630 1161 et
1650 1133 1757 1170 appeti,
1786 1132 1833 1161 sed

987 1177 1108 1205 maxime
1129 1177 1163 1205 ab
1186 1177 1228 1205 1115
1249 1177 1296 1214 qui
1318 1178 1435 1215 cupiunt
1459 1187 1518 1207 esse
1550 1180 1671 1216 perfecti.
1704 1180 1779 1208 Unde
1807 1182 1834 1208 et

988 1223 1054 1252 haec
1078 1224 1130 1251 tria
1161 1224 1283 1252 breviter
1313 1225 1446 1261 exprimit
1470 1225 1639 1263 Gregoriana
1659 1227 1705 1255 illa
1727 1226 1833 1255 Praefa-

987 1270 1062 1304 ti0⁶,
1084 1279 1140 1307 qua
1160 1270 1277 1304 dicitur,
1300 1271 1373 1307 quod
1400 1283 1413 1296 «
1429 1272 1501 1300 Deus
1522 1273 1659 1309 corporali
1675 1273 1777 1301 ieiunio
1793 1272 1832 1301 vi-

988 1317 1024 1345 tia
1045 1317 1216 1353 comprimit,
1245 1321 1364 1345 mentem
1387 1319 1491 1352 elevat,
1513 1319 1645 1348 virtutem
1668 1319 1785 1356 largitur
1806 1322 1833 1348 et

987 1363 1109 1400 praemia
1123 1375 1150 1391 υ.
1174 1364 1204 1391 Et
1219 1364 1388 1400 Augustinus
1403 1365 1429 1392 in
1445 1365 1563 1402 quodam
1579 1374 1706 1394 sermone
1719 1366 1745 1393 ⁷:
1765 1377 1778 1390 «
1795 1366 1833 1394 Ie-

986 1410 1110 1443 iunium,
1142 1410 1247 1447 inquit,
1277 1414 1377 1447 purgat
1398 1414 1533 1446 mentem,
1555 1412 1681 1441 sublevat
1702 1420 1831 1447 sensum,

987 1464 1097 1485 carnem
1120 1457 1229 1494 spiritui
1259 1457 1384 1492 subiicit,
1407 1466 1454 1487 cor
1475 1458 1540 1487 facit
1561 1459 1709 1488 contritum
1732 1463 1759 1488 et
1780 1460 1832 1488 hu-

986 1503 1138 1538 miliatum,
1170 1504 1245 1540 quod
1275 1504 1349 1533 Deus
1378 1513 1431 1533 non
1454 1505 1574 1542 spernit,
1596 1506 1833 1542 concupiscentiae

987 1550 1102 1579 nebulas
1123 1550 1272 1587 dispergit,
1295 1551 1440 1580 libidinum
1461 1552 1575 1581 ardores
1599 1553 1767 1590 exstinguit,
1789 1561 1833 1582 ca-

988 1597 1087 1625 stitatis
1110 1597 1201 1626 lumen
1223 1598 1363 1632 accendit,
1386 1598 1580 1628 verbositatem
1605 1608 1660 1628 non
1681 1603 1771 1633 amat,
1792 1599 1832 1628 di-

988 1644 1117 1672 vitiarum
1150 1644 1357 1681 superfluitates
1387 1645 1510 1680 abdicat,
1542 1646 1701 1683 superbiam
1731 1647 1831 1681 calcat,

988 1690 1172 1720 humilitatem
1194 1691 1409 1720 commendat».
1433 1693 1592 1721 Ambrosius
1610 1693 1707 1727 etiam,
1723 1693 1770 1722 ubi
1786 1702 1832 1722 511-

987 1737 1077 1773 111118ε
1106 1738 1268 1766 «Ieiunium
1291 1739 1473 1768 continentiae
1494 1740 1683 1776 magisterium
1704 1743 1760 1774 est,
1782 1749 1833 1777 pu-

987 1784 1094 1812 dicitiae
1115 1784 1271 1821 disciplina,
1294 1785 1435 1814 humilitas
1456 1786 1572 1820 mentis,
1604 1787 1745 1823 castigatio
1773 1795 1833 1816 car-

987 1830 1044 1864 nis,
1076 1831 1165 1859 forma
1196 1831 1367 1866 sobrietatis,
1400 1840 1497 1860 norma
1528 1832 1654 1867 virtutis,
1677 1833 1833 1870 purificatio

987 1877 1109 1911 animae,
1132 1877 1316 1906 miserationis
1335 1886 1472 1915 expensa,
1488 1879 1607 1908 lenitatis
1622 1879 1773 1914 institutio,
1789 1888 1833 1909 ca-

988 1923 1087 1952 stitatis
1107 1924 1200 1961 origo,
1222 1925 1315 1953 senilis
1329 1925 1432 1962 gratia,
1448 1926 1572 1954 custodia
1586 1926 1738 1955 iuventutis
1752 1939 1778 1955 ».
1796 1943 1832 1947 —

987 1971 1056 1999 Haec
1077 1971 1110 1999 de
1132 1971 1225 2000 ieiunii
1248 1972 1328 2001 laude
1349 1972 1476 2001 diffusius
1501 1972 1639 2007 diximus,
1662 1976 1694 2002 ut
1715 1974 1832 2003 carnali*

987 2020 1029 2046 ter
1051 2018 1181 2054 sapientis
1202 2018 1322 2047 hominis
1343 2022 1370 2047 et
1391 2019 1547 2048 intellectus
1568 2020 1725 2049 instruatur
1746 2024 1772 2049 et
1791 2021 1833 2049 in-

987 2064 1145 2092 flammetur
1172 2065 1302 2099 affectus,
1334 2068 1487 2102 quatenus,
1519 2074 1601 2095 suum
1634 2074 1832 2104 recognoscens

987 2118 1129 2145 errorem,
1150 2111 1180 2139 in
1202 2112 1311 2140 z'ez'um'o
1332 2116 1356 2140 el
1376 2112 1445 2149 fletu
1466 2116 1492 2141 et
1509 2113 1631 2150 planetu
1653 2117 1832 2143 convertatur

988 2157 1028 2185 acl
1049 2157 1251 2192 Dominwn⁹;
1282 2167 1366 2196 super
1398 2168 1453 2196 quo
1485 2160 1557 2188 Patri
1578 2161 1831 2190 misericordiarum

987 2204 1153 2232 sacrificium
1182 2205 1296 2234 devotae
1321 2206 1411 2242 precis
1431 2206 1589 2241 offerimus,
1622 2210 1668 2242 ut,
1700 2207 1772 2236 sicut
1799 2207 1832 2236 de

987 2250 1074 2287 ipsius
1095 2251 1275 2281 subversione
1296 2252 1436 2282 doluimus
1455 2253 1604 2288 hactenus,
1619 2254 1657 2282 ita
1670 2254 1703 2282 de
1718 2262 1833 2283 conver-

988 2297 1063 2325 sione
1086 2297 1111 2325 in
1134 2302 1277 2334 posterum
1301 2299 1478 2335 gaudeamus.

150 2412 158 2425 ²
177 2413 232 2441 Cap.
250 2414 272 2434 6.
290 2419 312 2434 n.
332 2413 367 2434 slss.
386 2412 431 2435 Csr.
450 2413 520 2435 Exod.
537 2413 580 2440 24,
602 2413 635 2435 12.
653 2420 716 2442 seqq.
734 2417 755 2436 et
767 2414 810 2441 32,
828 2414 848 2436 l.
865 2420 929 2442 seqq.

150 2451 159 2464 ⁵¹
176 2451 238 2474 Libr.
255 2453 279 2474 ll.
296 2458 319 2474 n.
340 2451 376 2474 15.
394 2452 453 2474 Vide
470 2452 526 2474 Dan.
548 2453 565 2480 l,
583 2454 604 2474 8.
621 2458 688 2481 seqq.

151 2490 161 2503 ⁸
177 2492 230 2513 Loc.
248 2491 285 2513 cit.
303 2491 435 2518 Allegantur
453 2492 485 2513 111.
504 2492 560 2519 lleg.
582 2492 619 2518 19,
638 2492 673 2513 13.
691 2494 713 2513 et
729 2492 784 2513 Gen.
803 2492 829 2518 3,
846 2492 868 2513 9.

150 2529 160 2542 ¹
177 2529 238 2552 Libr.
256 2529 285 2551 110
302 2530 346 2552 Elia
365 2532 387 2552 et
403 2530 502 2557 ieiunio,
520 2536 539 2552 c.
557 2531 577 2551 2.
596 2537 618 2552 n.
636 2531 657 2552 2.
675 2536 723 2558 seq.
747 2533 768 2552 et
790 2536 809 2551 r.
828 2530 848 2551 3.
867 2536 888 2551 n.
907 2529 931 2556 lt,

88 2575 114 2591 ex
131 2575 178 2598 quo
195 2572 228 2591 est
245 2569 322 2591 ultima
341 2569 468 2596 propositio
487 2569 544 2596 Quis
561 2569 623 2591 euim
640 2572 695 2596 etc.,
720 2569 743 2591 in
770 2575 814 2597 qua
833 2575 875 2596 pro
892 2575 932 2591 mt-

89 2609 169 2630 turam
186 2606 318 2630 humanam
335 2607 442 2636 corporis
460 2610 533 2630 textus
558 2608 673 2635 originalis
697 2609 813 2630 naturam
833 2607 933 2630 lemnam*

89 2645 202 2675 corporis.
220 2646 252 2668 De
269 2645 351 2669 Christi
370 2646 453 2669 ieiunio
471 2648 513 2668 cfr.
532 2647 606 2668 Mnttti.
625 2646 651 2673 4,
670 2647 689 2668 l.
708 2653 771 2675 seq.;
789 2647 818 2669 de
831 2647 876 2668 Elia
889 2648 930 2669 cfr.

91 2685 122 2707 ΙΙΙ.
138 2686 194 2713 Reg.
217 2686 250 2712 17,
272 2686 288 2707 l.
307 2688 329 2707 et
346 2686 391 2712 223
413 2686 450 2713 18,
469 2685 504 2708 42.
523 2692 603 2714 seqq.;
621 2685 657 2707 tv.
677 2686 734 2713 lteg.
756 2686 777 2713 l,
795 2685 832 2707 r10.
851 2691 932 2713 seqq.;

90 2725 116 2752 2,
136 2725 171 2746 tt.
189 2727 210 2747 et
228 2725 259 2746 111.
278 2725 334 2752 [teg.
354 2725 393 2753 19,
412 2725 432 2747 8.
450 2731 514 2753 seqq.

152 2762 161 2775 ⁶
178 2762 232 2791 Cap.
250 2763 272 2785 7.
290 2769 311 2785 n.
333 2764 367 2785 19,
386 2766 408 2785 et
425 2764 461 2785 20.
478 2763 638 2790 Bespiciuntur
650 2763 705 2784 Dan.
724 2763 750 2789 3,
766 2763 803 2784 23.
815 2768 879 2791 seqq,
893 2762 932 2790 (de

91 2801 163 2824 tribus
180 2802 257 2830 pueris
274 2802 296 2824 in
313 2802 405 2824 camino
423 2802 491 2830 ignis)
510 2805 532 2824 et
550 2801 591 2828 1¹4,
609 2802 645 2823 30.
663 2807 728 2830 seqq.
747 2801 785 2829 (de
802 2801 893 2823 Daniele
911 2801 932 2823 in

90 2840 138 2862 lacu
156 2841 267 2869 leonum).
284 2840 340 2863 Cum
359 2843 418 2863 textu
436 2841 540 2868 originali
565 2846 606 2868 pro
629 2846 686 2862 voce
709 2839 875 2863 adamannum
893 2840 930 2867 (ita

90 2879 157 2902 codd.
174 2882 196 2902 et
213 2879 276 2908 edd.)
293 2879 452 2902 substituimus
469 2879 603 2902 amiantum
621 2879 653 2907 (in
670 2879 775 2907 originali
797 2880 893 2901 refertur
910 2879 931 2901 in

91 2920 142 2940 nota
159 2918 246 2940 adiecta
264 2919 332 2940 altera
351 2918 426 2946 lectio)
444 2921 466 2940 et
488 2924 531 2946 pro
548 2918 656 2946 autiquae
678 2918 713 2940 ed.
734 2918 829 2940 lectione
845 2924 933 2948 vapore

92 2956 175 2986 197113...
192 2957 348 2980 mutabantur
366 2958 415 2985 ipse
431 2957 547 2980 substituit
560 2964 673 2987 vaporem
691 2958 775 2987 iffltis...
791 2958 932 2982 mutuaban-

91 2997 130 3019 tur
142 2999 164 3018 et
175 2996 259 3019 deinde
272 2997 336 3024 plura
352 2996 416 3019 addit
432 2999 501 3025 atque
519 2997 541 3019 in
558 2997 601 3019 fine
619 3003 661 3024 pro
678 2997 750 3020 veluti
767 2997 831 3025 ponit
847 2997 931 3020 meriti.

1051 2413 1061 2427 Β
1078 2415 1138 2437 Libr.
1156 2416 1371 2443 Sam-umentorum,
1388 2416 1450 2437 Feria
1469 2416 1506 2438 lV.
1523 2416 1644 2443 Cinerum,
1667 2417 1689 2438 111
1712 2417 1785 2444 capite
1803 2417 1832 2438 ic-

989 2453 1052 2475 iunii.
1072 2455 1092 2475 ln
1111 2454 1192 2476 Missali
1210 2455 1328 2482 Romano,
1347 2456 1456 2478 Praefatio
1474 2456 1495 2477 111
1513 2456 1710 2484 Quadi-agesima:
1736 2457 1832 2478 Aeterne

990 2492 1061 2520 Deus,
1079 2492 1118 2521 qui
1136 2493 1249 2520 corporali
1268 2493 1353 2515 ieiunio
1371 2494 1425 2516 vitia
1447 2494 1595 2521 00101111ῐηί5,
1619 2497 1717 2517 mentem
1742 2495 1830 2522 elevas,

988 2531 1095 2552 virtutem
1114 2531 1204 2558 largiris
1221 2534 1243 2553 et
1261 2532 1371 2559 praemia.

1052 2568 1060 2581 ⁷
1078 2571 1151 2592 serm.
1169 2570 1208 2592 73.
1225 2570 1246 2592 in
1264 2570 1397 2598 Appendice
1421 2571 1484 2599 (alias
1502 2571 1554 2593 230.
1572 2571 1601 2593 (10
1619 2571 1752 2600 Tempore),
1770 2578 1792 2593 11.
1810 2572 1831 2593 ι1.

988 2608 1118 2635 Respicitur
1135 2609 1170 2630 Ps.
1183 2608 1211 2630 50
1220 2626 1225 2635 ,
1247 2609 1272 2631 19
1284 2617 1288 2631 :
1306 2608 1350 2631 Cor
1361 2610 1483 2631 contritum
1496 2612 1518 2631 et
1530 2609 1687 2636 humiliatum,
1700 2610 1773 2638 Deus,
1785 2616 1831 2632 non

989 2647 1110 2674 despicies.
1137 2647 1221 2670 Textus
1246 2647 1363 2675 originalis
1381 2648 1496 2670 substituit
1513 2647 1699 2671 contribulatum
1717 2655 1759 2676 pro
1776 2654 1831 2672 con-

988 2685 1084 2713 tritum,
1102 2686 1152 2708 voci
1171 2686 1249 2709 lumen
1268 2687 1374 2714 praefigit
1398 2693 1479 2709 rerum
1496 2691 1518 2709 et
1536 2693 1577 2715 pro
1595 2687 1733 2710 divitiarum
1749 2694 1832 2717 super-

987 2724 1089 2754 fluitates
1106 2724 1200 2748 abdicat
1216 2726 1308 2748 exbibet
1324 2725 1462 2749 diuitiarum
1478 2726 1668 2755 superfluitatem
1686 2726 1775 2750 iudicat
1792 2727 1831 2755 (ita

988 2763 1056 2786 etiam
1074 2764 1140 2791 AC),
1159 2764 1174 2786 Β
1191 2763 1284 2787 divilias
1300 2764 1489 2794 superfluitatem
1508 2764 1602 2788 iudicat.

1051 2801 1060 2814 Β
1077 2802 1138 2825 Libr.
1156 2803 1185 2825 de
1203 2803 1248 2825 Elia
1266 2806 1287 2826 et
1305 2804 1400 2831 ieiunio,
1419 2810 1437 2825 c.
1456 2805 1476 2826 8.
1495 2810 1515 2826 n.
1529 2805 1566 2826 22.
1579 2804 1621 2826 Pro
1633 2803 1746 2827 castitatis
1763 2804 1830 2834 oriyo

989 2844 1062 2863 textus
1078 2842 1196 2869 originalis
1213 2842 1320 2865 caritatis
1338 2841 1454 2865 illecebra.

1050 2879 1060 2892 ⁹
1078 2881 1119 2903 loel
1137 2881 1163 2908 2,
1182 2881 1217 2903 l2.
1236 2887 1300 2910 seq:
1317 2880 1480 2904 Convertimini
1498 2882 1526 2904 ad
1545 2888 1582 2904 me
1600 2882 1620 2904 in
1639 2884 1685 2904 toto
1706 2882 1776 2905 eorde
1793 2888 1830 2904 ve-

988 2922 1047 2946 stro,
1066 2920 1086 2941 in
1105 2919 1189 2941 ieiunio
1206 2923 1228 2942 et
1247 2920 1268 2941 in
1286 2921 1340 2942 fletu
1359 2922 1381 2942 et
1396 2920 1418 2942 in
1437 2921 1537 2948 planctu.
1554 2921 1580 2943 Et
1597 2921 1693 2943 scindite
1710 2921 1779 2943 corda
1792 2927 1830 2943 ve-

988 2961 1058 2981 stra...
1075 2961 1097 2980 et
1113 2959 1272 2981 convertimini
1285 2959 1315 2981 ad
1328 2959 1450 2981 Dominum
1465 2959 1536 2981 Deum
1549 2962 1658 2982 vestrum.
1672 2960 1694 2982 ΙΙ.
1707 2960 1758 2982 Cor.
1775 2961 1791 2988 l,
1805 2961 1830 2982 3:

988 2998 1058 3020 Pater
1076 2996 1304 3020 m[seriem-diarum.

1847 957 1931 984 Hcrtatio
1942 957 1966 976 ad

1859 985 1958 999 ieiunium.

1849 1236 1957 1260 Gregorius.

1849 1376 1972 1399 Augustinus.

1849 1702 1966 1721 Ambrosius.

1849 1982 1945 2006 Epilogus.
