<?xml version="1.0" encoding="UTF-8"?>
<!DOCTYPE html PUBLIC "-//W3C//DTD XHTML 1.0 Transitional//EN"
    "http://www.w3.org/TR/xhtml1/DTD/xhtml1-transitional.dtd">
<html xmlns="http://www.w3.org/1999/xhtml" xml:lang="en" lang="en">
 <head>
  <title>
</title>
<meta http-equiv="Content-Type" content="text/html;charset=utf-8" />
  <meta name='ocr-system' content='tesseract 3.04.00' />
  <meta name='ocr-capabilities' content='ocr_page ocr_carea ocr_par ocr_line ocrx_word'/>
</head>
<body>
  <div class='ocr_page' id='page_1' title='image "./doctorisseraphic08bona_0800.png"; bbox 0 0 2133 3317; ppageno 0'>
   <div class='ocr_carea' id='block_1_1' title="bbox 271 230 326 258">
    <p class='ocr_par' dir='ltr' id='par_1_1' title="bbox 271 230 326 258">
     <span class='ocr_line' id='line_1_1' title="bbox 271 230 326 258; baseline 0 0"><span class='ocrx_word' id='word_1_1' title='bbox 271 230 326 258; x_wconf 82' lang='lat'>668</span> 
     </span>
    </p>
   </div>
   <div class='ocr_carea' id='block_1_2' title="bbox 428 307 469 333">
    <p class='ocr_par' dir='ltr' id='par_1_2' title="bbox 428 307 469 333">
     <span class='ocr_line' id='line_1_2' title="bbox 428 307 469 333; baseline 0.024 -1"><span class='ocrx_word' id='word_1_2' title='bbox 428 307 469 333; x_wconf 88' lang='lat'>10.</span> 
     </span>
    </p>
   </div>
   <div class='ocr_carea' id='block_1_3' title="bbox 431 564 462 590">
    <p class='ocr_par' dir='ltr' id='par_1_3' title="bbox 431 564 462 590">
     <span class='ocr_line' id='line_1_3' title="bbox 431 564 462 590; baseline 0 0"><span class='ocrx_word' id='word_1_3' title='bbox 431 564 462 590; x_wconf 92' lang='lat'>11</span> 
     </span>
    </p>
   </div>
   <div class='ocr_carea' id='block_1_4' title="bbox 431 820 1938 2588">
    <p class='ocr_par' dir='ltr' id='par_1_4' title="bbox 431 820 1787 852">
     <span class='ocr_line' id='line_1_4' title="bbox 431 820 1787 852; baseline -0.004 -3"><span class='ocrx_word' id='word_1_4' title='bbox 431 823 473 849; x_wconf 83' lang='lat'>12.</span> <span class='ocrx_word' id='word_1_5' title='bbox 493 824 554 849; x_wconf 86' lang='lat' dir='ltr'>Cum</span> <span class='ocrx_word' id='word_1_6' title='bbox 574 823 687 848; x_wconf 85' lang='lat' dir='ltr'>tentatus</span> <span class='ocrx_word' id='word_1_7' title='bbox 706 823 731 847; x_wconf 86' lang='lat' dir='ltr'>et</span> <span class='ocrx_word' id='word_1_8' title='bbox 749 823 871 852; x_wconf 85' lang='lat' dir='ltr'>afflictus,</span> <span class='ocrx_word' id='word_1_9' title='bbox 1432 821 1532 845; x_wconf 84' lang='lat' dir='ltr'>Summa</span> <span class='ocrx_word' id='word_1_10' title='bbox 1550 820 1597 845; x_wconf 87' lang='lat' dir='ltr'>fide</span> <span class='ocrx_word' id='word_1_11' title='bbox 1617 827 1713 845; x_wconf 86' lang='lat' dir='ltr'>crucem</span> <span class='ocrx_word' id='word_1_12' title='bbox 1732 820 1787 845; x_wconf 90' lang='lat' dir='ltr'>vide</span> 
     </span>
    </p>

    <p class='ocr_par' dir='ltr' id='par_1_5' title="bbox 518 862 1797 1025">
     <span class='ocr_line' id='line_1_5' title="bbox 520 862 1753 898; baseline -0.004 -6"><span class='ocrx_word' id='word_1_13' title='bbox 520 867 672 896; x_wconf 86' lang='lat' dir='ltr'>Derelictus,</span> <span class='ocrx_word' id='word_1_14' title='bbox 687 867 759 898; x_wconf 90' lang='lat' dir='ltr'>quasi</span> <span class='ocrx_word' id='word_1_15' title='bbox 777 867 858 891; x_wconf 87' lang='lat' dir='ltr'>victus</span> <span class='ocrx_word' id='word_1_16' title='bbox 1432 863 1465 887; x_wconf 86' lang='lat' dir='ltr'>Et</span> <span class='ocrx_word' id='word_1_17' title='bbox 1484 863 1627 894; x_wconf 82' lang='lat' dir='ltr'>plenissime</span> <span class='ocrx_word' id='word_1_18' title='bbox 1646 862 1753 891; x_wconf 88' lang='lat' dir='ltr'>confide,</span> 
     </span>
     <span class='ocr_line' id='line_1_6' title="bbox 518 906 1730 941; baseline -0.004 -6"><span class='ocrx_word' id='word_1_19' title='bbox 518 910 553 935; x_wconf 86' lang='lat' dir='ltr'>Es</span> <span class='ocrx_word' id='word_1_20' title='bbox 567 909 576 922; x_wconf 74' lang='lat'>³</span> <span class='ocrx_word' id='word_1_21' title='bbox 595 910 661 935; x_wconf 86' lang='lat' dir='ltr'>inter</span> <span class='ocrx_word' id='word_1_22' title='bbox 680 909 828 941; x_wconf 82' lang='lat' dir='ltr'>angustias;</span> <span class='ocrx_word' id='word_1_23' title='bbox 1431 906 1514 931; x_wconf 89' lang='lat' dir='ltr'>Donec</span> <span class='ocrx_word' id='word_1_24' title='bbox 1532 907 1610 931; x_wconf 88' lang='lat' dir='ltr'>vitam</span> <span class='ocrx_word' id='word_1_25' title='bbox 1628 906 1730 931; x_wconf 81' lang='lat' dir='ltr'>habeas.</span> 
     </span>
     <span class='ocr_line' id='line_1_7' title="bbox 519 949 1735 985; baseline -0.004 -6"><span class='ocrx_word' id='word_1_26' title='bbox 519 954 575 979; x_wconf 84' lang='lat' dir='ltr'>Non</span> <span class='ocrx_word' id='word_1_27' title='bbox 596 954 630 978; x_wconf 86' lang='lat' dir='ltr'>sis</span> <span class='ocrx_word' id='word_1_28' title='bbox 649 954 719 985; x_wconf 83' lang='lat' dir='ltr'>piger</span> <span class='ocrx_word' id='word_1_29' title='bbox 738 960 816 984; x_wconf 85' lang='lat' dir='ltr'>neque</span> <span class='ocrx_word' id='word_1_30' title='bbox 835 953 932 983; x_wconf 80' lang='grc'>10111115,</span> <span class='ocrx_word' id='word_1_31' title='bbox 1343 950 1386 975; x_wconf 82' lang='lat'>22.</span> <span class='ocrx_word' id='word_1_32' title='bbox 1407 949 1477 974; x_wconf 89' lang='lat' dir='ltr'>Circa</span> <span class='ocrx_word' id='word_1_33' title='bbox 1495 957 1591 974; x_wconf 89' lang='lat' dir='ltr'>crucem</span> <span class='ocrx_word' id='word_1_34' title='bbox 1611 956 1735 979; x_wconf 84' lang='lat' dir='ltr'>exercere,</span> 
     </span>
     <span class='ocr_line' id='line_1_8' title="bbox 520 993 1797 1025; baseline -0.004 -3"><span class='ocrx_word' id='word_1_35' title='bbox 520 997 566 1022; x_wconf 84' lang='lat' dir='ltr'>Sed</span> <span class='ocrx_word' id='word_1_36' title='bbox 586 997 690 1022; x_wconf 74' lang='lat' dir='ltr'>sollicite</span> <span class='ocrx_word' id='word_1_37' title='bbox 710 996 837 1025; x_wconf 86' lang='lat' dir='ltr'>intentus,</span> <span class='ocrx_word' id='word_1_38' title='bbox 1431 993 1514 1018; x_wconf 87' lang='lat' dir='ltr'>Mente</span> <span class='ocrx_word' id='word_1_39' title='bbox 1532 993 1605 1017; x_wconf 84' lang='lat' dir='ltr'>debes</span> <span class='ocrx_word' id='word_1_40' title='bbox 1624 993 1682 1017; x_wconf 85' lang='lat' dir='ltr'>huic</span> <span class='ocrx_word' id='word_1_41' title='bbox 1700 993 1797 1024; x_wconf 90' lang='lat' dir='ltr'>placere</span> 
     </span>
    </p>

    <p class='ocr_par' dir='ltr' id='par_1_6' title="bbox 521 1035 1777 1067">
     <span class='ocr_line' id='line_1_9' title="bbox 521 1035 1777 1067; baseline -0.004 -2"><span class='ocrx_word' id='word_1_42' title='bbox 521 1040 598 1065; x_wconf 90' lang='lat' dir='ltr'>Cruce</span> <span class='ocrx_word' id='word_1_43' title='bbox 616 1040 724 1065; x_wconf 85' lang='lat' dir='ltr'>frontem</span> <span class='ocrx_word' id='word_1_44' title='bbox 742 1040 848 1064; x_wconf 87' lang='lat' dir='ltr'>munias.</span> <span class='ocrx_word' id='word_1_45' title='bbox 1432 1036 1466 1060; x_wconf 88' lang='lat' dir='ltr'>Et</span> <span class='ocrx_word' id='word_1_46' title='bbox 1484 1036 1549 1061; x_wconf 89' lang='lat' dir='ltr'>hanc</span> <span class='ocrx_word' id='word_1_47' title='bbox 1568 1036 1640 1061; x_wconf 89' lang='lat' dir='ltr'>corde</span> <span class='ocrx_word' id='word_1_48' title='bbox 1659 1044 1744 1067; x_wconf 79' lang='lat' dir='ltr'>gerere</span> <span class='ocrx_word' id='word_1_49' title='bbox 1758 1035 1777 1060; x_wconf 61' lang='grc' dir='ltr'>Β.</span> 
     </span>
    </p>

    <p class='ocr_par' dir='ltr' id='par_1_7' title="bbox 433 1079 1756 1244">
     <span class='ocr_line' id='line_1_10' title="bbox 433 1079 1756 1114; baseline -0.004 -6"><span class='ocrx_word' id='word_1_50' title='bbox 433 1083 475 1108; x_wconf 85' lang='lat'>13.</span> <span class='ocrx_word' id='word_1_51' title='bbox 497 1083 558 1108; x_wconf 92' lang='lat' dir='ltr'>Cum</span> <span class='ocrx_word' id='word_1_52' title='bbox 578 1084 694 1114; x_wconf 87' lang='lat' dir='ltr'>quiescis,</span> <span class='ocrx_word' id='word_1_53' title='bbox 715 1083 759 1108; x_wconf 89' lang='lat' dir='ltr'>aut</span> <span class='ocrx_word' id='word_1_54' title='bbox 777 1083 891 1110; x_wconf 80' lang='lat' dir='ltr'>laboras.</span> <span class='ocrx_word' id='word_1_55' title='bbox 1433 1079 1486 1105; x_wconf 84' lang='lat' dir='ltr'>Hoc</span> <span class='ocrx_word' id='word_1_56' title='bbox 1505 1079 1544 1104; x_wconf 88' lang='lat' dir='ltr'>est</span> <span class='ocrx_word' id='word_1_57' title='bbox 1563 1086 1625 1110; x_wconf 89' lang='lat' dir='ltr'>opus</span> <span class='ocrx_word' id='word_1_58' title='bbox 1645 1079 1756 1104; x_wconf 85' lang='lat' dir='ltr'>salutare</span> 
     </span>
     <span class='ocr_line' id='line_1_11' title="bbox 525 1122 1753 1157; baseline -0.005 -5"><span class='ocrx_word' id='word_1_59' title='bbox 525 1126 628 1156; x_wconf 82' lang='lat' dir='ltr'>Quando</span> <span class='ocrx_word' id='word_1_60' title='bbox 648 1127 726 1156; x_wconf 87' lang='lat' dir='ltr'>rides,</span> <span class='ocrx_word' id='word_1_61' title='bbox 747 1126 845 1157; x_wconf 88' lang='lat' dir='ltr'>quando</span> <span class='ocrx_word' id='word_1_62' title='bbox 866 1125 963 1157; x_wconf 79' lang='lat' dir='ltr'>ploras,</span> <span class='ocrx_word' id='word_1_63' title='bbox 1435 1122 1505 1147; x_wconf 87' lang='lat' dir='ltr'>Circa</span> <span class='ocrx_word' id='word_1_64' title='bbox 1524 1130 1620 1147; x_wconf 89' lang='lat' dir='ltr'>crucem</span> <span class='ocrx_word' id='word_1_65' title='bbox 1639 1122 1753 1147; x_wconf 86' lang='lat' dir='ltr'>laborare</span> 
     </span>
     <span class='ocr_line' id='line_1_12' title="bbox 522 1166 1730 1201; baseline -0.003 -7"><span class='ocrx_word' id='word_1_66' title='bbox 522 1170 597 1195; x_wconf 91' lang='lat' dir='ltr'>Doles</span> <span class='ocrx_word' id='word_1_67' title='bbox 616 1170 667 1194; x_wconf 88' lang='lat' dir='ltr'>sive</span> <span class='ocrx_word' id='word_1_68' title='bbox 686 1169 803 1201; x_wconf 54' lang='lat' dir='ltr'>gaudeas-2,</span> <span class='ocrx_word' id='word_1_69' title='bbox 1434 1166 1526 1196; x_wconf 83' lang='lat' dir='ltr'>Corde,</span> <span class='ocrx_word' id='word_1_70' title='bbox 1546 1173 1587 1191; x_wconf 87' lang='lat' dir='ltr'>ore</span> <span class='ocrx_word' id='word_1_71' title='bbox 1606 1166 1631 1190; x_wconf 89' lang='lat' dir='ltr'>et</span> <span class='ocrx_word' id='word_1_72' title='bbox 1649 1173 1730 1196; x_wconf 86' lang='lat' dir='ltr'>opere.</span> 
     </span>
     <span class='ocr_line' id='line_1_13' title="bbox 521 1209 1730 1244; baseline -0.003 -6"><span class='ocrx_word' id='word_1_73' title='bbox 521 1213 624 1243; x_wconf 79' lang='lat' dir='ltr'>Quando</span> <span class='ocrx_word' id='word_1_74' title='bbox 643 1212 725 1242; x_wconf 87' lang='lat' dir='ltr'>vadis,</span> <span class='ocrx_word' id='word_1_75' title='bbox 746 1212 844 1244; x_wconf 86' lang='lat' dir='ltr'>quando</span> <span class='ocrx_word' id='word_1_76' title='bbox 863 1212 946 1241; x_wconf 87' lang='lat' dir='ltr'>venis,</span> <span class='ocrx_word' id='word_1_77' title='bbox 1347 1209 1389 1235; x_wconf 83' lang='lat'>23.</span> <span class='ocrx_word' id='word_1_78' title='bbox 1408 1209 1559 1239; x_wconf 82' lang='lat' dir='ltr'>Recordare,</span> <span class='ocrx_word' id='word_1_79' title='bbox 1579 1209 1658 1234; x_wconf 85' lang='lat' dir='ltr'>frater</span> <span class='ocrx_word' id='word_1_80' title='bbox 1677 1210 1730 1241; x_wconf 85' lang='lat' dir='ltr'>pie,</span> 
     </span>
    </p>

    <p class='ocr_par' dir='ltr' id='par_1_8' title="bbox 522 1253 1747 1325">
     <span class='ocr_line' id='line_1_14' title="bbox 522 1253 1747 1287; baseline -0.002 -7"><span class='ocrx_word' id='word_1_81' title='bbox 522 1256 554 1281; x_wconf 86' lang='lat' dir='ltr'>In</span> <span class='ocrx_word' id='word_1_82' title='bbox 574 1256 684 1285; x_wconf 85' lang='lat' dir='ltr'>solatiis,</span> <span class='ocrx_word' id='word_1_83' title='bbox 704 1256 730 1280; x_wconf 91' lang='lat' dir='ltr'>in</span> <span class='ocrx_word' id='word_1_84' title='bbox 749 1256 835 1287; x_wconf 90' lang='lat' dir='ltr'>poenis</span> <span class='ocrx_word' id='word_1_85' title='bbox 1433 1253 1533 1284; x_wconf 88' lang='lat' dir='ltr'>Septem</span> <span class='ocrx_word' id='word_1_86' title='bbox 1551 1253 1646 1278; x_wconf 88' lang='lat' dir='ltr'>vicibus</span> <span class='ocrx_word' id='word_1_87' title='bbox 1665 1253 1691 1277; x_wconf 91' lang='grc'>111</span> <span class='ocrx_word' id='word_1_88' title='bbox 1709 1253 1747 1278; x_wconf 92' lang='lat' dir='ltr'>die</span> 
     </span>
     <span class='ocr_line' id='line_1_15' title="bbox 522 1297 1689 1325; baseline -0.003 -1"><span class='ocrx_word' id='word_1_89' title='bbox 522 1300 624 1324; x_wconf 80' lang='lat' dir='ltr'>Crucem</span> <span class='ocrx_word' id='word_1_90' title='bbox 644 1299 715 1324; x_wconf 88' lang='lat' dir='ltr'>corde</span> <span class='ocrx_word' id='word_1_91' title='bbox 735 1299 828 1323; x_wconf 88' lang='lat' dir='ltr'>teneas.</span> <span class='ocrx_word' id='word_1_92' title='bbox 1434 1297 1563 1322; x_wconf 80' lang='lat' dir='ltr'>Passionis</span> <span class='ocrx_word' id='word_1_93' title='bbox 1582 1297 1689 1325; x_wconf 86' lang='lat' dir='ltr'>Domini,</span> 
     </span>
    </p>

    <p class='ocr_par' dir='ltr' id='par_1_9' title="bbox 436 1340 1801 1459">
     <span class='ocr_line' id='line_1_16' title="bbox 436 1340 1801 1374; baseline -0.004 -5"><span class='ocrx_word' id='word_1_94' title='bbox 436 1343 477 1369; x_wconf 85' lang='lat'>14.</span> <span class='ocrx_word' id='word_1_95' title='bbox 500 1343 566 1369; x_wconf 86' lang='lat' dir='ltr'>Crux</span> <span class='ocrx_word' id='word_1_96' title='bbox 583 1344 608 1368; x_wconf 89' lang='lat' dir='ltr'>in</span> <span class='ocrx_word' id='word_1_97' title='bbox 628 1343 742 1368; x_wconf 90' lang='lat' dir='ltr'>omnibus</span> <span class='ocrx_word' id='word_1_98' title='bbox 762 1343 886 1374; x_wconf 86' lang='lat' dir='ltr'>pressuris</span> <span class='ocrx_word' id='word_1_99' title='bbox 1435 1340 1484 1365; x_wconf 84' lang='lat' dir='ltr'>Per</span> <span class='ocrx_word' id='word_1_100' title='bbox 1502 1348 1576 1372; x_wconf 86' lang='lat' dir='ltr'>quam</span> <span class='ocrx_word' id='word_1_101' title='bbox 1596 1347 1682 1365; x_wconf 90' lang='lat' dir='ltr'>sumus</span> <span class='ocrx_word' id='word_1_102' title='bbox 1701 1340 1801 1365; x_wconf 89' lang='lat' dir='ltr'>liberati</span> 
     </span>
     <span class='ocr_line' id='line_1_17' title="bbox 524 1383 1761 1419; baseline -0.004 -7"><span class='ocrx_word' id='word_1_103' title='bbox 524 1387 558 1412; x_wconf 87' lang='lat' dir='ltr'>Et</span> <span class='ocrx_word' id='word_1_104' title='bbox 577 1388 603 1412; x_wconf 90' lang='lat' dir='ltr'>in</span> <span class='ocrx_word' id='word_1_105' title='bbox 621 1387 741 1419; x_wconf 84' lang='lat' dir='ltr'>gravibus</span> <span class='ocrx_word' id='word_1_106' title='bbox 762 1386 787 1411; x_wconf 90' lang='lat' dir='ltr'>et</span> <span class='ocrx_word' id='word_1_107' title='bbox 806 1386 875 1411; x_wconf 86' lang='lat' dir='ltr'>duris</span> <span class='ocrx_word' id='word_1_108' title='bbox 1435 1384 1468 1408; x_wconf 87' lang='lat' dir='ltr'>Et</span> <span class='ocrx_word' id='word_1_109' title='bbox 1487 1384 1603 1408; x_wconf 84' lang='lat' dir='ltr'>aeternae</span> <span class='ocrx_word' id='word_1_110' title='bbox 1623 1384 1689 1408; x_wconf 89' lang='lat' dir='ltr'>vitae</span> <span class='ocrx_word' id='word_1_111' title='bbox 1708 1383 1761 1408; x_wconf 85' lang='lat' dir='ltr'>dati</span> 
     </span>
     <span class='ocr_line' id='line_1_18' title="bbox 524 1426 1742 1459; baseline -0.003 -4"><span class='ocrx_word' id='word_1_112' title='bbox 524 1431 571 1455; x_wconf 86' lang='lat' dir='ltr'>Est</span> <span class='ocrx_word' id='word_1_113' title='bbox 590 1430 673 1455; x_wconf 86' lang='lat' dir='ltr'>tutum</span> <span class='ocrx_word' id='word_1_114' title='bbox 688 1429 697 1442; x_wconf 81' lang='lat'><strong>⁴</strong></span> <span class='ocrx_word' id='word_1_115' title='bbox 717 1430 860 1455; x_wconf 90' lang='lat' dir='ltr'>remedium.</span> <span class='ocrx_word' id='word_1_116' title='bbox 1434 1428 1468 1452; x_wconf 90' lang='lat' dir='ltr'>Et</span> <span class='ocrx_word' id='word_1_117' title='bbox 1487 1435 1602 1459; x_wconf 85' lang='lat' dir='ltr'>supremo</span> <span class='ocrx_word' id='word_1_118' title='bbox 1616 1426 1626 1439; x_wconf 73' lang='lat'><strong>⁹</strong></span> <span class='ocrx_word' id='word_1_119' title='bbox 1645 1428 1742 1452; x_wconf 89' lang='lat' dir='ltr'>lumini.</span> 
     </span>
    </p>

    <p class='ocr_par' dir='ltr' id='par_1_10' title="bbox 524 1470 1795 1591">
     <span class='ocr_line' id='line_1_19' title="bbox 524 1470 1795 1505; baseline -0.003 -6"><span class='ocrx_word' id='word_1_120' title='bbox 524 1474 590 1499; x_wconf 88' lang='lat' dir='ltr'>Crux</span> <span class='ocrx_word' id='word_1_121' title='bbox 608 1474 633 1498; x_wconf 90' lang='grc'>111</span> <span class='ocrx_word' id='word_1_122' title='bbox 653 1474 739 1505; x_wconf 87' lang='grc'>11001115</span> <span class='ocrx_word' id='word_1_123' title='bbox 758 1473 783 1498; x_wconf 86' lang='grc'>01</span> <span class='ocrx_word' id='word_1_124' title='bbox 802 1473 934 1498; x_wconf 82' lang='grc' dir='ltr'>101111οΠ115</span> <span class='ocrx_word' id='word_1_125' title='bbox 1348 1471 1390 1496; x_wconf 80' lang='lat'>24.</span> <span class='ocrx_word' id='word_1_126' title='bbox 1411 1471 1482 1496; x_wconf 82' lang='lat' dir='ltr'>Hanc</span> <span class='ocrx_word' id='word_1_127' title='bbox 1502 1471 1523 1495; x_wconf 91' lang='lat' dir='ltr'>si</span> <span class='ocrx_word' id='word_1_128' title='bbox 1541 1478 1611 1495; x_wconf 91' lang='lat' dir='ltr'>amas</span> <span class='ocrx_word' id='word_1_129' title='bbox 1630 1470 1655 1495; x_wconf 88' lang='lat' dir='ltr'>et</span> <span class='ocrx_word' id='word_1_130' title='bbox 1673 1470 1795 1500; x_wconf 87' lang='lat' dir='ltr'>honoras,</span> 
     </span>
     <span class='ocr_line' id='line_1_20' title="bbox 524 1513 1771 1547; baseline -0.002 -6"><span class='ocrx_word' id='word_1_131' title='bbox 524 1517 571 1541; x_wconf 88' lang='lat' dir='ltr'>Est</span> <span class='ocrx_word' id='word_1_132' title='bbox 590 1516 692 1541; x_wconf 77' lang='lat' dir='ltr'>dulcedo</span> <span class='ocrx_word' id='word_1_133' title='bbox 710 1517 766 1547; x_wconf 87' lang='lat' dir='ltr'>piae</span> <span class='ocrx_word' id='word_1_134' title='bbox 785 1515 875 1540; x_wconf 87' lang='lat' dir='ltr'>mentis</span> <span class='ocrx_word' id='word_1_135' title='bbox 1435 1514 1509 1539; x_wconf 81' lang='lat' dir='ltr'>Dicas</span> <span class='ocrx_word' id='word_1_136' title='bbox 1528 1514 1566 1538; x_wconf 93' lang='lat' dir='ltr'>illi</span> <span class='ocrx_word' id='word_1_137' title='bbox 1584 1514 1666 1539; x_wconf 87' lang='lat' dir='ltr'>certas</span> <span class='ocrx_word' id='word_1_138' title='bbox 1684 1513 1771 1543; x_wconf 89' lang='lat' dir='ltr'>horas,</span> 
     </span>
     <span class='ocr_line' id='line_1_21' title="bbox 524 1556 1732 1591; baseline -0.003 -6"><span class='ocrx_word' id='word_1_139' title='bbox 524 1560 558 1585; x_wconf 88' lang='lat' dir='ltr'>Et</span> <span class='ocrx_word' id='word_1_140' title='bbox 576 1567 662 1585; x_wconf 86' lang='lat' dir='ltr'>verum</span> <span class='ocrx_word' id='word_1_141' title='bbox 680 1559 812 1591; x_wconf 80' lang='lat' dir='ltr'>refugium.</span> <span class='ocrx_word' id='word_1_142' title='bbox 1438 1556 1584 1582; x_wconf 89' lang='lat' dir='ltr'>Adhibendo</span> <span class='ocrx_word' id='word_1_143' title='bbox 1605 1556 1732 1581; x_wconf 86' lang='lat' dir='ltr'>studium:</span> 
     </span>
    </p>

    <p class='ocr_par' dir='ltr' id='par_1_11' title="bbox 438 1599 1923 1847">
     <span class='ocr_line' id='line_1_22' title="bbox 438 1599 1859 1634; baseline -0.003 -6"><span class='ocrx_word' id='word_1_144' title='bbox 438 1602 480 1628; x_wconf 88' lang='grc'>15.</span> <span class='ocrx_word' id='word_1_145' title='bbox 500 1603 566 1628; x_wconf 90' lang='lat' dir='ltr'>Crux</span> <span class='ocrx_word' id='word_1_146' title='bbox 585 1603 623 1628; x_wconf 92' lang='lat' dir='ltr'>est</span> <span class='ocrx_word' id='word_1_147' title='bbox 642 1602 715 1634; x_wconf 88' lang='lat' dir='ltr'>porta</span> <span class='ocrx_word' id='word_1_148' title='bbox 735 1602 859 1634; x_wconf 77' lang='lat' dir='ltr'>paradisi,</span> <span class='ocrx_word' id='word_1_149' title='bbox 1438 1599 1532 1625; x_wconf 82' lang='lat' dir='ltr'>Horam</span> <span class='ocrx_word' id='word_1_150' title='bbox 1552 1601 1673 1631; x_wconf 86' lang='lat' dir='ltr'>primam,</span> <span class='ocrx_word' id='word_1_151' title='bbox 1694 1599 1859 1629; x_wconf 85' lang='lat' dir='ltr'>matutinam,</span> 
     </span>
     <span class='ocr_line' id='line_1_23' title="bbox 526 1641 1923 1678; baseline -0.004 -7"><span class='ocrx_word' id='word_1_152' title='bbox 526 1647 557 1671; x_wconf 85' lang='lat' dir='ltr'>In</span> <span class='ocrx_word' id='word_1_153' title='bbox 576 1653 626 1678; x_wconf 89' lang='lat' dir='ltr'>qua</span> <span class='ocrx_word' id='word_1_154' title='bbox 644 1646 729 1671; x_wconf 80' lang='lat' dir='ltr'>Sancti</span> <span class='ocrx_word' id='word_1_155' title='bbox 748 1646 808 1670; x_wconf 87' lang='lat' dir='ltr'>sunt</span> <span class='ocrx_word' id='word_1_156' title='bbox 826 1645 926 1674; x_wconf 88' lang='lat' dir='ltr'>confisi,</span> <span class='ocrx_word' id='word_1_157' title='bbox 1437 1643 1547 1668; x_wconf 77' lang='lat' dir='ltr'>Tertiam</span> <span class='ocrx_word' id='word_1_158' title='bbox 1560 1642 1590 1672; x_wconf 87' lang='lat'>¹⁰,</span> <span class='ocrx_word' id='word_1_159' title='bbox 1611 1643 1720 1671; x_wconf 80' lang='lat' dir='ltr'>sextam,</span> <span class='ocrx_word' id='word_1_160' title='bbox 1740 1641 1923 1674; x_wconf 81' lang='lat' dir='ltr'>vespertinam,</span> 
     </span>
     <span class='ocr_line' id='line_1_24' title="bbox 525 1685 1771 1719; baseline -0.003 -5"><span class='ocrx_word' id='word_1_161' title='bbox 525 1689 571 1719; x_wconf 83' lang='lat' dir='ltr'>Qui</span> <span class='ocrx_word' id='word_1_162' title='bbox 590 1689 705 1714; x_wconf 86' lang='lat' dir='ltr'>vicerunt</span> <span class='ocrx_word' id='word_1_163' title='bbox 724 1689 816 1714; x_wconf 86' lang='lat' dir='ltr'>omnia.</span> <span class='ocrx_word' id='word_1_164' title='bbox 1436 1686 1549 1716; x_wconf 85' lang='lat' dir='ltr'>Nonam,</span> <span class='ocrx_word' id='word_1_165' title='bbox 1568 1685 1771 1718; x_wconf 88' lang='lat' dir='ltr'>Completorium.</span> 
     </span>
     <span class='ocr_line' id='line_1_25' title="bbox 525 1728 1834 1761; baseline -0.003 -4"><span class='ocrx_word' id='word_1_166' title='bbox 525 1733 591 1758; x_wconf 83' lang='lat' dir='ltr'>Crux</span> <span class='ocrx_word' id='word_1_167' title='bbox 610 1732 649 1757; x_wconf 88' lang='lat' dir='ltr'>est</span> <span class='ocrx_word' id='word_1_168' title='bbox 668 1732 753 1757; x_wconf 90' lang='lat' dir='ltr'>mundi</span> <span class='ocrx_word' id='word_1_169' title='bbox 772 1732 904 1761; x_wconf 86' lang='lat' dir='ltr'>medicina,</span> <span class='ocrx_word' id='word_1_170' title='bbox 1351 1729 1393 1754; x_wconf 88' lang='lat'>25.</span> <span class='ocrx_word' id='word_1_171' title='bbox 1414 1728 1516 1759; x_wconf 84' lang='lat' dir='ltr'>Quando</span> <span class='ocrx_word' id='word_1_172' title='bbox 1536 1729 1620 1759; x_wconf 78' lang='lat' dir='ltr'>sedes,</span> <span class='ocrx_word' id='word_1_173' title='bbox 1640 1730 1693 1754; x_wconf 85' lang='lat' dir='ltr'>stas</span> <span class='ocrx_word' id='word_1_174' title='bbox 1712 1729 1738 1754; x_wconf 89' lang='lat' dir='ltr'>et</span> <span class='ocrx_word' id='word_1_175' title='bbox 1755 1729 1834 1758; x_wconf 89' lang='lat' dir='ltr'>iaces,</span> 
     </span>
     <span class='ocr_line' id='line_1_26' title="bbox 525 1772 1813 1808; baseline -0.003 -8"><span class='ocrx_word' id='word_1_176' title='bbox 525 1776 574 1801; x_wconf 86' lang='lat' dir='ltr'>Per</span> <span class='ocrx_word' id='word_1_177' title='bbox 594 1783 669 1808; x_wconf 90' lang='lat' dir='ltr'>quam</span> <span class='ocrx_word' id='word_1_178' title='bbox 688 1776 788 1800; x_wconf 82' lang='lat' dir='ltr'>bonitas</span> <span class='ocrx_word' id='word_1_179' title='bbox 806 1775 891 1800; x_wconf 84' lang='lat' dir='ltr'>divina</span> <span class='ocrx_word' id='word_1_180' title='bbox 1438 1772 1541 1802; x_wconf 81' lang='lat' dir='ltr'>Quando</span> <span class='ocrx_word' id='word_1_181' title='bbox 1560 1773 1668 1804; x_wconf 89' lang='lat' dir='ltr'>loqueris</span> <span class='ocrx_word' id='word_1_182' title='bbox 1687 1772 1712 1797; x_wconf 91' lang='lat' dir='ltr'>et</span> <span class='ocrx_word' id='word_1_183' title='bbox 1731 1772 1813 1801; x_wconf 85' lang='lat' dir='ltr'>taces,</span> 
     </span>
     <span class='ocr_line' id='line_1_27' title="bbox 527 1816 1755 1847; baseline -0.003 -3"><span class='ocrx_word' id='word_1_184' title='bbox 527 1820 597 1845; x_wconf 84' lang='lat' dir='ltr'>Fecit</span> <span class='ocrx_word' id='word_1_185' title='bbox 610 1818 619 1831; x_wconf 79' lang='lat'>⁵</span> <span class='ocrx_word' id='word_1_186' title='bbox 639 1819 771 1844; x_wconf 87' lang='lat' dir='ltr'>mirabilia.</span> <span class='ocrx_word' id='word_1_187' title='bbox 1438 1816 1530 1841; x_wconf 82' lang='lat' dir='ltr'>Fessus</span> <span class='ocrx_word' id='word_1_188' title='bbox 1549 1823 1604 1841; x_wconf 86' lang='lat' dir='ltr'>cum</span> <span class='ocrx_word' id='word_1_189' title='bbox 1624 1816 1755 1847; x_wconf 83' lang='lat' dir='ltr'>quieveris,</span> 
     </span>
    </p>

    <p class='ocr_par' dir='ltr' id='par_1_12' title="bbox 440 1859 1938 1936">
     <span class='ocr_line' id='line_1_28' title="bbox 440 1859 1938 1891; baseline -0.004 -2"><span class='ocrx_word' id='word_1_190' title='bbox 440 1863 482 1889; x_wconf 89' lang='lat'>16.</span> <span class='ocrx_word' id='word_1_191' title='bbox 503 1863 569 1889; x_wconf 84' lang='lat' dir='ltr'>Crux</span> <span class='ocrx_word' id='word_1_192' title='bbox 588 1863 627 1888; x_wconf 90' lang='lat' dir='ltr'>est</span> <span class='ocrx_word' id='word_1_193' title='bbox 646 1863 715 1888; x_wconf 88' lang='lat' dir='ltr'>salus</span> <span class='ocrx_word' id='word_1_194' title='bbox 733 1863 888 1891; x_wconf 84' lang='lat' dir='ltr'>animarum,</span> <span class='ocrx_word' id='word_1_195' title='bbox 1438 1859 1567 1884; x_wconf 88' lang='lat' dir='ltr'>Christum</span> <span class='ocrx_word' id='word_1_196' title='bbox 1585 1866 1706 1891; x_wconf 86' lang='lat' dir='ltr'>quaeras,</span> <span class='ocrx_word' id='word_1_197' title='bbox 1725 1859 1751 1883; x_wconf 90' lang='lat' dir='ltr'>in</span> <span class='ocrx_word' id='word_1_198' title='bbox 1770 1865 1818 1890; x_wconf 91' lang='lat' dir='ltr'>quo</span> <span class='ocrx_word' id='word_1_199' title='bbox 1837 1864 1938 1890; x_wconf 80' lang='lat' dir='ltr'>speras,</span> 
     </span>
     <span class='ocr_line' id='line_1_29' title="bbox 527 1902 1787 1936; baseline -0.004 -4"><span class='ocrx_word' id='word_1_200' title='bbox 527 1907 620 1932; x_wconf 87' lang='lat' dir='ltr'>Verum</span> <span class='ocrx_word' id='word_1_201' title='bbox 639 1907 723 1931; x_wconf 87' lang='lat' dir='ltr'>lumen</span> <span class='ocrx_word' id='word_1_202' title='bbox 742 1906 767 1930; x_wconf 88' lang='lat' dir='ltr'>et</span> <span class='ocrx_word' id='word_1_203' title='bbox 786 1905 943 1936; x_wconf 80' lang='lat' dir='ltr'>praeclarum</span> <span class='ocrx_word' id='word_1_204' title='bbox 1439 1902 1589 1928; x_wconf 88' lang='lat' dir='ltr'>Crucifixum</span> <span class='ocrx_word' id='word_1_205' title='bbox 1608 1902 1679 1927; x_wconf 85' lang='lat' dir='ltr'>corde</span> <span class='ocrx_word' id='word_1_206' title='bbox 1698 1909 1787 1934; x_wconf 82' lang='lat' dir='ltr'>geras,</span> 
     </span>
    </p>

    <p class='ocr_par' dir='ltr' id='par_1_13' title="bbox 528 1945 1695 1977">
     <span class='ocr_line' id='line_1_30' title="bbox 528 1945 1695 1977; baseline -0.004 -2"><span class='ocrx_word' id='word_1_207' title='bbox 528 1950 562 1975; x_wconf 89' lang='lat' dir='ltr'>Et</span> <span class='ocrx_word' id='word_1_208' title='bbox 581 1950 683 1975; x_wconf 76' lang='lat' dir='ltr'>dulcedo</span> <span class='ocrx_word' id='word_1_209' title='bbox 701 1949 820 1974; x_wconf 87' lang='lat' dir='ltr'>cordium.</span> <span class='ocrx_word' id='word_1_210' title='bbox 1439 1946 1591 1977; x_wconf 81' lang='lat' dir='ltr'>Ubicumque</span> <span class='ocrx_word' id='word_1_211' title='bbox 1610 1945 1695 1970; x_wconf 82' lang='lat' dir='ltr'>fueris.</span> 
     </span>
    </p>

    <p class='ocr_par' dir='ltr' id='par_1_14' title="bbox 529 1988 1764 2022">
     <span class='ocr_line' id='line_1_31' title="bbox 529 1988 1764 2022; baseline -0.005 -3"><span class='ocrx_word' id='word_1_212' title='bbox 529 1994 595 2019; x_wconf 91' lang='lat' dir='ltr'>Crux</span> <span class='ocrx_word' id='word_1_213' title='bbox 613 1994 652 2018; x_wconf 88' lang='lat' dir='ltr'>est</span> <span class='ocrx_word' id='word_1_214' title='bbox 670 1994 723 2018; x_wconf 88' lang='lat' dir='ltr'>vita</span> <span class='ocrx_word' id='word_1_215' title='bbox 742 1993 877 2018; x_wconf 81' lang='lat' dir='ltr'>Beatorum</span> <span class='ocrx_word' id='word_1_216' title='bbox 1354 1990 1397 2015; x_wconf 85' lang='lat'>26.</span> <span class='ocrx_word' id='word_1_217' title='bbox 1416 1990 1556 2022; x_wconf 81' lang='lat' dir='ltr'>Diligenter</span> <span class='ocrx_word' id='word_1_218' title='bbox 1574 1997 1636 2021; x_wconf 85' lang='lat' dir='ltr'>pone</span> <span class='ocrx_word' id='word_1_219' title='bbox 1655 1988 1764 2014; x_wconf 81' lang='lat' dir='ltr'>mentem</span> 
     </span>
    </p>

    <p class='ocr_par' dir='ltr' id='par_1_15' title="bbox 526 2032 1822 2112">
     <span class='ocr_line' id='line_1_32' title="bbox 529 2032 1822 2068; baseline -0.004 -6"><span class='ocrx_word' id='word_1_220' title='bbox 529 2038 562 2062; x_wconf 87' lang='lat' dir='ltr'>Et</span> <span class='ocrx_word' id='word_1_221' title='bbox 581 2037 716 2062; x_wconf 84' lang='lat' dir='ltr'>thesaurus</span> <span class='ocrx_word' id='word_1_222' title='bbox 735 2036 900 2068; x_wconf 85' lang='lat' dir='ltr'>perfectorum</span> <span class='ocrx_word' id='word_1_223' title='bbox 1439 2034 1518 2065; x_wconf 84' lang='lat' dir='ltr'>Super</span> <span class='ocrx_word' id='word_1_224' title='bbox 1538 2033 1666 2058; x_wconf 86' lang='lat' dir='ltr'>Christum</span> <span class='ocrx_word' id='word_1_225' title='bbox 1685 2032 1822 2064; x_wconf 85' lang='lat' dir='ltr'>patientem</span> 
     </span>
     <span class='ocr_line' id='line_1_33' title="bbox 526 2077 1698 2112; baseline -0.004 -6"><span class='ocrx_word' id='word_1_226' title='bbox 526 2081 560 2106; x_wconf 87' lang='lat' dir='ltr'>Et</span> <span class='ocrx_word' id='word_1_227' title='bbox 579 2081 650 2106; x_wconf 86' lang='lat' dir='ltr'>decor</span> <span class='ocrx_word' id='word_1_228' title='bbox 669 2081 694 2106; x_wconf 88' lang='lat' dir='ltr'>et</span> <span class='ocrx_word' id='word_1_229' title='bbox 712 2080 840 2112; x_wconf 84' lang='lat' dir='ltr'>gaudium.</span> <span class='ocrx_word' id='word_1_230' title='bbox 1441 2077 1475 2101; x_wconf 89' lang='lat' dir='ltr'>Et</span> <span class='ocrx_word' id='word_1_231' title='bbox 1494 2077 1541 2101; x_wconf 92' lang='lat' dir='ltr'>sibi</span> <span class='ocrx_word' id='word_1_232' title='bbox 1560 2077 1698 2102; x_wconf 86' lang='lat' dir='ltr'>condoleas.</span> 
     </span>
    </p>

    <p class='ocr_par' dir='ltr' id='par_1_16' title="bbox 440 2119 1878 2372">
     <span class='ocr_line' id='line_1_34' title="bbox 440 2119 1848 2155; baseline -0.004 -6"><span class='ocrx_word' id='word_1_233' title='bbox 440 2123 483 2149; x_wconf 84' lang='lat'>17.</span> <span class='ocrx_word' id='word_1_234' title='bbox 504 2124 571 2149; x_wconf 86' lang='lat' dir='ltr'>Crux</span> <span class='ocrx_word' id='word_1_235' title='bbox 590 2124 629 2149; x_wconf 87' lang='lat' dir='ltr'>est</span> <span class='ocrx_word' id='word_1_236' title='bbox 648 2124 776 2155; x_wconf 86' lang='lat' dir='ltr'>speculum</span> <span class='ocrx_word' id='word_1_237' title='bbox 794 2122 913 2153; x_wconf 86' lang='lat' dir='ltr'>virtutis,</span> <span class='ocrx_word' id='word_1_238' title='bbox 1441 2120 1535 2144; x_wconf 85' lang='lat' dir='ltr'>Christi</span> <span class='ocrx_word' id='word_1_239' title='bbox 1553 2120 1672 2149; x_wconf 88' lang='lat' dir='ltr'>mortem,</span> <span class='ocrx_word' id='word_1_240' title='bbox 1693 2119 1848 2149; x_wconf 87' lang='lat' dir='ltr'>Christiane,</span> 
     </span>
     <span class='ocr_line' id='line_1_35' title="bbox 531 2163 1797 2195; baseline -0.004 -3"><span class='ocrx_word' id='word_1_241' title='bbox 531 2167 659 2192; x_wconf 84' lang='lat' dir='ltr'>Gloriosae</span> <span class='ocrx_word' id='word_1_242' title='bbox 679 2167 728 2191; x_wconf 87' lang='lat' dir='ltr'>dux</span> <span class='ocrx_word' id='word_1_243' title='bbox 747 2166 850 2194; x_wconf 81' lang='lat' dir='ltr'>salutis,</span> <span class='ocrx_word' id='word_1_244' title='bbox 1440 2163 1537 2195; x_wconf 84' lang='lat' dir='ltr'>Plange</span> <span class='ocrx_word' id='word_1_245' title='bbox 1557 2170 1611 2188; x_wconf 88' lang='lat' dir='ltr'>sero</span> <span class='ocrx_word' id='word_1_246' title='bbox 1630 2163 1705 2194; x_wconf 85' lang='lat' dir='ltr'>atque</span> <span class='ocrx_word' id='word_1_247' title='bbox 1725 2170 1797 2188; x_wconf 88' lang='lat' dir='ltr'>mane</span> 
     </span>
     <span class='ocr_line' id='line_1_36' title="bbox 527 2206 1777 2241; baseline -0.004 -6"><span class='ocrx_word' id='word_1_248' title='bbox 527 2211 590 2236; x_wconf 89' lang='lat' dir='ltr'>Tota</span> <span class='ocrx_word' id='word_1_249' title='bbox 605 2209 615 2222; x_wconf 79' lang='lat'>⁶</span> <span class='ocrx_word' id='word_1_250' title='bbox 635 2217 692 2241; x_wconf 88' lang='lat' dir='ltr'>spes</span> <span class='ocrx_word' id='word_1_251' title='bbox 711 2209 830 2234; x_wconf 87' lang='lat' dir='ltr'>fidelium.</span> <span class='ocrx_word' id='word_1_252' title='bbox 1439 2206 1473 2231; x_wconf 85' lang='lat' dir='ltr'>Et</span> <span class='ocrx_word' id='word_1_253' title='bbox 1490 2206 1516 2231; x_wconf 89' lang='lat' dir='ltr'>in</span> <span class='ocrx_word' id='word_1_254' title='bbox 1536 2206 1640 2237; x_wconf 86' lang='lat' dir='ltr'>planctu</span> <span class='ocrx_word' id='word_1_255' title='bbox 1657 2206 1777 2238; x_wconf 82' lang='lat' dir='ltr'>gaudeas.</span> 
     </span>
     <span class='ocr_line' id='line_1_37' title="bbox 529 2248 1878 2281; baseline -0.003 -3"><span class='ocrx_word' id='word_1_256' title='bbox 529 2254 595 2279; x_wconf 88' lang='lat' dir='ltr'>Crux</span> <span class='ocrx_word' id='word_1_257' title='bbox 613 2253 651 2278; x_wconf 88' lang='lat' dir='ltr'>est</span> <span class='ocrx_word' id='word_1_258' title='bbox 669 2253 743 2278; x_wconf 84' lang='lat' dir='ltr'>decus</span> <span class='ocrx_word' id='word_1_259' title='bbox 761 2252 939 2277; x_wconf 86' lang='lat' dir='ltr'>salvandorum</span> <span class='ocrx_word' id='word_1_260' title='bbox 1351 2249 1393 2274; x_wconf 83' lang='lat'>27.</span> <span class='ocrx_word' id='word_1_261' title='bbox 1413 2249 1492 2279; x_wconf 79' lang='lat' dir='ltr'>Quam</span> <span class='ocrx_word' id='word_1_262' title='bbox 1511 2249 1655 2280; x_wconf 85' lang='lat' dir='ltr'>despectus,</span> <span class='ocrx_word' id='word_1_263' title='bbox 1676 2257 1750 2281; x_wconf 89' lang='lat' dir='ltr'>quam</span> <span class='ocrx_word' id='word_1_264' title='bbox 1769 2248 1878 2274; x_wconf 85' lang='lat' dir='ltr'>deiectus</span> 
     </span>
     <span class='ocr_line' id='line_1_38' title="bbox 531 2292 1824 2322; baseline -0.005 0"><span class='ocrx_word' id='word_1_265' title='bbox 531 2296 565 2322; x_wconf 86' lang='lat' dir='ltr'>Et</span> <span class='ocrx_word' id='word_1_266' title='bbox 584 2297 700 2322; x_wconf 87' lang='lat' dir='ltr'>solatium</span> <span class='ocrx_word' id='word_1_267' title='bbox 720 2303 804 2321; x_wconf 89' lang='lat' dir='ltr'>eorum</span> <span class='ocrx_word' id='word_1_268' title='bbox 1440 2293 1491 2318; x_wconf 85' lang='lat' dir='ltr'>Rex</span> <span class='ocrx_word' id='word_1_269' title='bbox 1510 2293 1634 2317; x_wconf 86' lang='lat' dir='ltr'>caelorum</span> <span class='ocrx_word' id='word_1_270' title='bbox 1653 2292 1692 2317; x_wconf 91' lang='lat' dir='ltr'>est</span> <span class='ocrx_word' id='word_1_271' title='bbox 1711 2292 1824 2322; x_wconf 85' lang='lat' dir='ltr'>effectus,</span> 
     </span>
     <span class='ocr_line' id='line_1_39' title="bbox 531 2336 1763 2372; baseline -0.004 -7"><span class='ocrx_word' id='word_1_272' title='bbox 531 2340 614 2372; x_wconf 85' lang='lat' dir='ltr'>Atque</span> <span class='ocrx_word' id='word_1_273' title='bbox 634 2340 790 2365; x_wconf 88' lang='lat' dir='ltr'>desiderium.</span> <span class='ocrx_word' id='word_1_274' title='bbox 1440 2336 1474 2360; x_wconf 92' lang='lat' dir='ltr'>Ut</span> <span class='ocrx_word' id='word_1_275' title='bbox 1493 2336 1605 2360; x_wconf 89' lang='lat' dir='ltr'>salvaret</span> <span class='ocrx_word' id='word_1_276' title='bbox 1623 2336 1763 2361; x_wconf 85' lang='lat' dir='ltr'>saeculum!</span> 
     </span>
    </p>

    <p class='ocr_par' dir='ltr' id='par_1_17' title="bbox 443 2378 1707 2413">
     <span class='ocr_line' id='line_1_40' title="bbox 443 2378 1707 2413; baseline -0.005 -4"><span class='ocrx_word' id='word_1_277' title='bbox 443 2383 485 2409; x_wconf 84' lang='lat'>18.</span> <span class='ocrx_word' id='word_1_278' title='bbox 505 2384 571 2409; x_wconf 84' lang='lat' dir='ltr'>Crux</span> <span class='ocrx_word' id='word_1_279' title='bbox 590 2383 629 2408; x_wconf 90' lang='lat' dir='ltr'>est</span> <span class='ocrx_word' id='word_1_280' title='bbox 647 2384 734 2413; x_wconf 85' lang='lat' dir='ltr'>navis,</span> <span class='ocrx_word' id='word_1_281' title='bbox 753 2390 813 2407; x_wconf 87' lang='lat' dir='ltr'>crux</span> <span class='ocrx_word' id='word_1_282' title='bbox 832 2382 871 2407; x_wconf 91' lang='lat' dir='ltr'>est</span> <span class='ocrx_word' id='word_1_283' title='bbox 889 2381 989 2413; x_wconf 86' lang='lat' dir='ltr'>portus,</span> <span class='ocrx_word' id='word_1_284' title='bbox 1439 2379 1553 2404; x_wconf 87' lang='lat' dir='ltr'>Esurivit</span> <span class='ocrx_word' id='word_1_285' title='bbox 1572 2379 1598 2404; x_wconf 89' lang='lat' dir='ltr'>et</span> <span class='ocrx_word' id='word_1_286' title='bbox 1616 2378 1707 2408; x_wconf 81' lang='lat' dir='ltr'>sitivit,</span> 
     </span>
    </p>

    <p class='ocr_par' dir='ltr' id='par_1_18' title="bbox 529 2421 1761 2588">
     <span class='ocr_line' id='line_1_41' title="bbox 529 2421 1761 2454; baseline -0.004 -3"><span class='ocrx_word' id='word_1_287' title='bbox 529 2427 595 2452; x_wconf 87' lang='lat' dir='ltr'>Crux</span> <span class='ocrx_word' id='word_1_288' title='bbox 612 2426 755 2451; x_wconf 85' lang='lat' dir='ltr'>deliciarum</span> <span class='ocrx_word' id='word_1_289' title='bbox 774 2425 877 2454; x_wconf 85' lang='lat' dir='ltr'>hortus,</span> <span class='ocrx_word' id='word_1_290' title='bbox 1442 2421 1542 2453; x_wconf 84' lang='lat' dir='ltr'>Pauper</span> <span class='ocrx_word' id='word_1_291' title='bbox 1560 2422 1585 2447; x_wconf 85' lang='lat' dir='ltr'>et</span> <span class='ocrx_word' id='word_1_292' title='bbox 1604 2429 1696 2454; x_wconf 77' lang='lat' dir='ltr'>egenus</span> <span class='ocrx_word' id='word_1_293' title='bbox 1715 2422 1761 2447; x_wconf 83' lang='lat' dir='ltr'>ivit</span> 
     </span>
     <span class='ocr_line' id='line_1_42' title="bbox 529 2465 1743 2501; baseline -0.005 -6"><span class='ocrx_word' id='word_1_294' title='bbox 529 2470 561 2495; x_wconf 89' lang='lat' dir='ltr'>Iu</span> <span class='ocrx_word' id='word_1_295' title='bbox 580 2477 628 2501; x_wconf 90' lang='lat' dir='ltr'>quo</span> <span class='ocrx_word' id='word_1_296' title='bbox 647 2469 738 2495; x_wconf 88' lang='lat' dir='ltr'>florent</span> <span class='ocrx_word' id='word_1_297' title='bbox 757 2469 847 2494; x_wconf 81' lang='lat' dir='ltr'>omnia.</span> <span class='ocrx_word' id='word_1_298' title='bbox 1440 2465 1523 2497; x_wconf 88' lang='lat' dir='ltr'>Usque</span> <span class='ocrx_word' id='word_1_299' title='bbox 1543 2465 1574 2490; x_wconf 89' lang='lat' dir='ltr'>ad</span> <span class='ocrx_word' id='word_1_300' title='bbox 1593 2465 1743 2497; x_wconf 86' lang='lat' dir='ltr'>patibulum.</span> 
     </span>
     <span class='ocr_line' id='line_1_43' title="bbox 535 2508 1729 2540; baseline -0.004 -2"><span class='ocrx_word' id='word_1_301' title='bbox 535 2513 601 2538; x_wconf 84' lang='lat' dir='ltr'>Crux</span> <span class='ocrx_word' id='word_1_302' title='bbox 620 2513 658 2537; x_wconf 85' lang='lat' dir='ltr'>est</span> <span class='ocrx_word' id='word_1_303' title='bbox 677 2512 749 2537; x_wconf 79' lang='lat' dir='ltr'>fortis</span> <span class='ocrx_word' id='word_1_304' title='bbox 769 2511 899 2536; x_wconf 84' lang='lat' dir='ltr'>armatura</span> <span class='ocrx_word' id='word_1_305' title='bbox 1352 2508 1395 2533; x_wconf 80' lang='lat'>28.</span> <span class='ocrx_word' id='word_1_306' title='bbox 1414 2508 1551 2534; x_wconf 84' lang='lat' dir='ltr'>Recordare</span> <span class='ocrx_word' id='word_1_307' title='bbox 1571 2508 1729 2540; x_wconf 86' lang='lat' dir='ltr'>paupertatis</span> 
     </span>
     <span class='ocr_line' id='line_1_44' title="bbox 531 2551 1741 2588; baseline -0.004 -7"><span class='ocrx_word' id='word_1_308' title='bbox 531 2556 565 2581; x_wconf 85' lang='lat' dir='ltr'>Et</span> <span class='ocrx_word' id='word_1_309' title='bbox 584 2556 705 2588; x_wconf 85' lang='lat' dir='ltr'>protectio</span> <span class='ocrx_word' id='word_1_310' title='bbox 725 2562 825 2584; x_wconf 87' lang='lat' dir='ltr'>secura,</span> <span class='ocrx_word' id='word_1_311' title='bbox 1440 2551 1474 2576; x_wconf 87' lang='lat' dir='ltr'>Et</span> <span class='ocrx_word' id='word_1_312' title='bbox 1493 2552 1616 2577; x_wconf 85' lang='lat' dir='ltr'>extremae</span> <span class='ocrx_word' id='word_1_313' title='bbox 1635 2552 1741 2577; x_wconf 90' lang='lat' dir='ltr'>vilitatis</span> 
     </span>
    </p>
   </div>
   <div class='ocr_carea' id='block_1_5' title="bbox 900 225 1391 255">
    <p class='ocr_par' dir='ltr' id='par_1_19' title="bbox 900 225 1391 255">
     <span class='ocr_line' id='line_1_45' title="bbox 900 225 1391 255; baseline -0.002 0"><span class='ocrx_word' id='word_1_314' title='bbox 900 225 1097 255; x_wconf 85' lang='lat' dir='ltr'>OPUSCULUM</span> <span class='ocrx_word' id='word_1_315' title='bbox 1118 226 1170 254; x_wconf 92' lang='lat' dir='ltr'>VII.</span> <span class='ocrx_word' id='word_1_316' title='bbox 1194 225 1391 254; x_wconf 78' lang='lat' dir='ltr'>RHYTHMICA.</span> 
     </span>
    </p>
   </div>
   <div class='ocr_carea' id='block_1_6' title="bbox 468 348 963 805">
    <p class='ocr_par' dir='ltr' id='par_1_20' title="bbox 516 348 963 547">
     <span class='ocr_line' id='line_1_46' title="bbox 516 348 963 380; baseline -0.004 -6"><span class='ocrx_word' id='word_1_317' title='bbox 516 350 582 374; x_wconf 87' lang='lat' dir='ltr'>Crux</span> <span class='ocrx_word' id='word_1_318' title='bbox 602 348 733 380; x_wconf 85' lang='lat' dir='ltr'>praecedat</span> <span class='ocrx_word' id='word_1_319' title='bbox 753 356 848 373; x_wconf 90' lang='lat' dir='ltr'>omnem</span> <span class='ocrx_word' id='word_1_320' title='bbox 867 348 963 377; x_wconf 88' lang='lat' dir='ltr'>actum,</span> 
     </span>
     <span class='ocr_line' id='line_1_47' title="bbox 518 392 852 423; baseline -0.006 -6"><span class='ocrx_word' id='word_1_321' title='bbox 518 393 552 417; x_wconf 87' lang='lat' dir='ltr'>Ut</span> <span class='ocrx_word' id='word_1_322' title='bbox 572 392 705 417; x_wconf 85' lang='lat' dir='ltr'>succedant</span> <span class='ocrx_word' id='word_1_323' title='bbox 724 399 852 423; x_wconf 87' lang='lat' dir='ltr'>prospera.</span> 
     </span>
     <span class='ocr_line' id='line_1_48' title="bbox 519 426 881 466; baseline -0.006 -6"><span class='ocrx_word' id='word_1_324' title='bbox 519 426 590 460; x_wconf 82' lang='lat' dir='ltr'>Crux</span> <span class='ocrx_word' id='word_1_325' title='bbox 604 435 642 460; x_wconf 88' lang='lat' dir='ltr'>est</span> <span class='ocrx_word' id='word_1_326' title='bbox 661 435 755 466; x_wconf 88' lang='lat' dir='ltr'>optima</span> <span class='ocrx_word' id='word_1_327' title='bbox 774 434 881 463; x_wconf 82' lang='lat' dir='ltr'>medela,</span> 
     </span>
     <span class='ocr_line' id='line_1_49' title="bbox 517 476 850 503; baseline -0.006 0"><span class='ocrx_word' id='word_1_328' title='bbox 517 479 610 503; x_wconf 88' lang='lat' dir='ltr'>Contra</span> <span class='ocrx_word' id='word_1_329' title='bbox 629 478 757 503; x_wconf 85' lang='lat' dir='ltr'>zabulonis</span> <span class='ocrx_word' id='word_1_330' title='bbox 771 476 780 489; x_wconf 69' lang='lat'>²⁵</span> <span class='ocrx_word' id='word_1_331' title='bbox 800 477 850 502; x_wconf 87' lang='lat' dir='ltr'>tela</span> 
     </span>
     <span class='ocr_line' id='line_1_50' title="bbox 516 521 753 547; baseline -0.008 -1"><span class='ocrx_word' id='word_1_332' title='bbox 516 522 595 547; x_wconf 86' lang='lat' dir='ltr'>Valde</span> <span class='ocrx_word' id='word_1_333' title='bbox 615 521 753 546; x_wconf 82' lang='lat' dir='ltr'>salutifera.</span> 
     </span>
    </p>

    <p class='ocr_par' dir='ltr' id='par_1_21' title="bbox 468 564 883 676">
     <span class='ocr_line' id='line_1_51' title="bbox 468 564 883 593; baseline -0.007 -3"><span class='ocrx_word' id='word_1_334' title='bbox 468 584 473 590; x_wconf 87' lang='lat'>.</span> <span class='ocrx_word' id='word_1_335' title='bbox 493 565 531 590; x_wconf 88' lang='lat' dir='ltr'>Sis</span> <span class='ocrx_word' id='word_1_336' title='bbox 550 566 576 589; x_wconf 90' lang='lat' dir='ltr'>iu</span> <span class='ocrx_word' id='word_1_337' title='bbox 595 572 666 589; x_wconf 84' lang='lat' dir='ltr'>cruce</span> <span class='ocrx_word' id='word_1_338' title='bbox 686 564 781 588; x_wconf 80' lang='lat' dir='ltr'>Christi</span> <span class='ocrx_word' id='word_1_339' title='bbox 800 564 883 593; x_wconf 89' lang='lat' dir='ltr'>totus,</span> 
     </span>
     <span class='ocr_line' id='line_1_52' title="bbox 519 606 877 638; baseline -0.008 -5"><span class='ocrx_word' id='word_1_340' title='bbox 519 607 640 638; x_wconf 87' lang='lat' dir='ltr'>Prompto</span> <span class='ocrx_word' id='word_1_341' title='bbox 659 608 742 631; x_wconf 88' lang='lat' dir='ltr'>animo</span> <span class='ocrx_word' id='word_1_342' title='bbox 760 606 877 635; x_wconf 83' lang='lat' dir='ltr'>devotus,</span> 
     </span>
     <span class='ocr_line' id='line_1_53' title="bbox 514 650 760 676; baseline -0.004 -1"><span class='ocrx_word' id='word_1_343' title='bbox 514 651 597 676; x_wconf 90' lang='lat' dir='ltr'>Iubilo</span> <span class='ocrx_word' id='word_1_344' title='bbox 615 650 760 675; x_wconf 88' lang='lat' dir='ltr'>dulcedinis.</span> 
     </span>
    </p>

    <p class='ocr_par' dir='ltr' id='par_1_22' title="bbox 516 693 902 805">
     <span class='ocr_line' id='line_1_54' title="bbox 516 693 902 722; baseline -0.003 -4"><span class='ocrx_word' id='word_1_345' title='bbox 516 694 619 718; x_wconf 89' lang='lat' dir='ltr'>Servum</span> <span class='ocrx_word' id='word_1_346' title='bbox 639 693 683 718; x_wconf 89' lang='lat' dir='ltr'>Dei</span> <span class='ocrx_word' id='word_1_347' title='bbox 702 700 762 718; x_wconf 82' lang='lat' dir='ltr'>crux</span> <span class='ocrx_word' id='word_1_348' title='bbox 781 693 902 722; x_wconf 85' lang='lat' dir='ltr'>defendit,</span> 
     </span>
     <span class='ocr_line' id='line_1_55' title="bbox 520 736 884 768; baseline -0.005 -6"><span class='ocrx_word' id='word_1_349' title='bbox 520 737 713 768; x_wconf 86' lang='lat' dir='ltr'>Comprehendit</span> <span class='ocrx_word' id='word_1_350' title='bbox 731 737 756 761; x_wconf 83' lang='lat' dir='ltr'>et</span> <span class='ocrx_word' id='word_1_351' title='bbox 775 736 884 761; x_wconf 85' lang='lat' dir='ltr'>ostendit</span> 
     </span>
     <span class='ocr_line' id='line_1_56' title="bbox 519 780 789 805; baseline -0.004 0"><span class='ocrx_word' id='word_1_352' title='bbox 519 780 605 805; x_wconf 85' lang='lat' dir='ltr'>Vitam</span> <span class='ocrx_word' id='word_1_353' title='bbox 624 780 789 805; x_wconf 86' lang='lat' dir='ltr'>rectitudinis.</span> 
     </span>
    </p>
   </div>
   <div class='ocr_carea' id='block_1_7' title="bbox 531 2599 821 2625">
    <p class='ocr_par' dir='ltr' id='par_1_23' title="bbox 531 2599 821 2625">
     <span class='ocr_line' id='line_1_57' title="bbox 531 2599 821 2625; baseline -0.003 -1"><span class='ocrx_word' id='word_1_354' title='bbox 531 2599 667 2625; x_wconf 88' lang='lat' dir='ltr'>Conterens</span> <span class='ocrx_word' id='word_1_355' title='bbox 685 2599 821 2624; x_wconf 88' lang='lat' dir='ltr'>daemonia.</span> 
     </span>
    </p>
   </div>
   <div class='ocr_carea' id='block_1_8' title="bbox 442 2641 870 2670">
    <p class='ocr_par' dir='ltr' id='par_1_24' title="bbox 442 2641 870 2670">
     <span class='ocr_line' id='line_1_58' title="bbox 442 2641 870 2670; baseline -0.007 -2"><span class='ocrx_word' id='word_1_356' title='bbox 442 2642 484 2668; x_wconf 85' lang='lat'>19.</span> <span class='ocrx_word' id='word_1_357' title='bbox 506 2642 572 2667; x_wconf 85' lang='lat' dir='ltr'>Crux</span> <span class='ocrx_word' id='word_1_358' title='bbox 591 2642 629 2667; x_wconf 90' lang='lat' dir='ltr'>est</span> <span class='ocrx_word' id='word_1_359' title='bbox 648 2643 723 2667; x_wconf 90' lang='lat' dir='ltr'>arbor</span> <span class='ocrx_word' id='word_1_360' title='bbox 742 2641 870 2670; x_wconf 87' lang='lat' dir='ltr'>decorata,</span> 
     </span>
    </p>
   </div>
   <div class='ocr_carea' id='block_1_9' title="bbox 531 2684 901 2760">
    <p class='ocr_par' dir='ltr' id='par_1_25' title="bbox 531 2684 901 2760">
     <span class='ocr_line' id='line_1_59' title="bbox 534 2684 901 2717; baseline -0.005 -7"><span class='ocrx_word' id='word_1_361' title='bbox 534 2686 627 2711; x_wconf 85' lang='lat' dir='ltr'>Christi</span> <span class='ocrx_word' id='word_1_362' title='bbox 647 2686 768 2717; x_wconf 80' lang='lat' dir='ltr'>sauguine</span> <span class='ocrx_word' id='word_1_363' title='bbox 788 2684 901 2713; x_wconf 87' lang='lat' dir='ltr'>sacrata,</span> 
     </span>
     <span class='ocr_line' id='line_1_60' title="bbox 531 2727 883 2760; baseline -0.006 -6"><span class='ocrx_word' id='word_1_364' title='bbox 531 2729 633 2754; x_wconf 87' lang='lat' dir='ltr'>Cunctis</span> <span class='ocrx_word' id='word_1_365' title='bbox 653 2729 727 2760; x_wconf 86' lang='lat' dir='ltr'>plena</span> <span class='ocrx_word' id='word_1_366' title='bbox 746 2727 883 2757; x_wconf 77' lang='lat' dir='ltr'>fructibus,</span> 
     </span>
    </p>
   </div>
   <div class='ocr_carea' id='block_1_10' title="bbox 489 305 969 338">
    <p class='ocr_par' dir='ltr' id='par_1_26' title="bbox 489 305 969 338">
     <span class='ocr_line' id='line_1_61' title="bbox 489 305 969 338; baseline -0.004 -6"><span class='ocrx_word' id='word_1_367' title='bbox 489 306 583 332; x_wconf 86' lang='lat' dir='ltr'>Istud¹</span> <span class='ocrx_word' id='word_1_368' title='bbox 607 306 707 338; x_wconf 87' lang='lat' dir='ltr'>pactum</span> <span class='ocrx_word' id='word_1_369' title='bbox 726 313 775 331; x_wconf 88' lang='grc'>11011</span> <span class='ocrx_word' id='word_1_370' title='bbox 796 306 830 330; x_wconf 86' lang='grc'>511</span> <span class='ocrx_word' id='word_1_371' title='bbox 848 305 969 335; x_wconf 84' lang='lat' dir='ltr'>fractum,</span> 
     </span>
    </p>
   </div>
   <div class='ocr_carea' id='block_1_11' title="bbox 1149 899 1166 2603">
    <p class='ocr_par' dir='ltr' id='par_1_27' title="bbox 1149 899 1166 2603">
     <span class='ocr_line' id='line_1_62' title="bbox 1149 899 1166 2603; baseline 0 0"><span class='ocrx_word' id='word_1_372' title='bbox 1149 899 1166 2603; x_wconf 95' lang='lat' dir='ltr'> </span> 
     </span>
    </p>
   </div>
   <div class='ocr_carea' id='block_1_12' title="bbox 1339 301 1816 587">
    <p class='ocr_par' dir='ltr' id='par_1_28' title="bbox 1425 301 1803 415">
     <span class='ocr_line' id='line_1_63' title="bbox 1425 301 1803 334; baseline -0.003 -5"><span class='ocrx_word' id='word_1_373' title='bbox 1425 304 1519 334; x_wconf 80' lang='lat' dir='ltr'>Quibus</span> <span class='ocrx_word' id='word_1_374' title='bbox 1537 305 1634 329; x_wconf 87' lang='lat' dir='ltr'>animae</span> <span class='ocrx_word' id='word_1_375' title='bbox 1652 303 1772 328; x_wconf 84' lang='lat' dir='ltr'>fruuntur</span> <span class='ocrx_word' id='word_1_376' title='bbox 1786 301 1803 332; x_wconf 82' lang='lat'>⁷,</span> 
     </span>
     <span class='ocr_line' id='line_1_64' title="bbox 1427 346 1790 379; baseline -0.003 -7"><span class='ocrx_word' id='word_1_377' title='bbox 1427 347 1487 372; x_wconf 88' lang='lat' dir='ltr'>Cum</span> <span class='ocrx_word' id='word_1_378' title='bbox 1507 348 1622 379; x_wconf 85' lang='lat' dir='ltr'>supernis</span> <span class='ocrx_word' id='word_1_379' title='bbox 1641 346 1790 371; x_wconf 90' lang='lat' dir='ltr'>nutriuntur</span> 
     </span>
     <span class='ocr_line' id='line_1_65' title="bbox 1428 390 1715 415; baseline -0.003 0"><span class='ocrx_word' id='word_1_380' title='bbox 1428 390 1494 415; x_wconf 90' lang='lat' dir='ltr'>Cibis</span> <span class='ocrx_word' id='word_1_381' title='bbox 1513 391 1538 415; x_wconf 92' lang='lat' dir='ltr'>in</span> <span class='ocrx_word' id='word_1_382' title='bbox 1558 390 1715 415; x_wconf 85' lang='lat' dir='ltr'>caelestibus.</span> 
     </span>
    </p>

    <p class='ocr_par' dir='ltr' id='par_1_29' title="bbox 1339 433 1816 587">
     <span class='ocr_line' id='line_1_66' title="bbox 1339 433 1778 464; baseline 0.002 -7"><span class='ocrx_word' id='word_1_383' title='bbox 1339 433 1381 457; x_wconf 85' lang='lat'>20.</span> <span class='ocrx_word' id='word_1_384' title='bbox 1401 433 1421 458; x_wconf 92' lang='grc' dir='ltr'><strong>Ο</strong></span> <span class='ocrx_word' id='word_1_385' title='bbox 1440 441 1514 464; x_wconf 85' lang='grc'>11113111</span> <span class='ocrx_word' id='word_1_386' title='bbox 1533 434 1591 458; x_wconf 83' lang='lat' dir='ltr'>felix</span> <span class='ocrx_word' id='word_1_387' title='bbox 1610 433 1778 464; x_wconf 80' lang='lat' dir='ltr'>permanebiS,</span> 
     </span>
     <span class='ocr_line' id='line_1_67' title="bbox 1426 476 1816 505; baseline 0 -4"><span class='ocrx_word' id='word_1_388' title='bbox 1426 476 1500 501; x_wconf 85' lang='lat' dir='ltr'>Nunc</span> <span class='ocrx_word' id='word_1_389' title='bbox 1518 477 1544 501; x_wconf 90' lang='lat' dir='ltr'>in</span> <span class='ocrx_word' id='word_1_390' title='bbox 1563 484 1633 501; x_wconf 87' lang='lat' dir='ltr'>cruce</span> <span class='ocrx_word' id='word_1_391' title='bbox 1653 477 1674 501; x_wconf 92' lang='lat' dir='ltr'>si</span> <span class='ocrx_word' id='word_1_392' title='bbox 1692 476 1816 505; x_wconf 80' lang='lat' dir='ltr'>studebis,</span> 
     </span>
     <span class='ocr_line' id='line_1_68' title="bbox 1427 519 1743 544; baseline 0 -1"><span class='ocrx_word' id='word_1_393' title='bbox 1427 519 1510 544; x_wconf 88' lang='lat' dir='ltr'>Donec</span> <span class='ocrx_word' id='word_1_394' title='bbox 1529 519 1620 544; x_wconf 89' lang='lat' dir='ltr'>mundo</span> <span class='ocrx_word' id='word_1_395' title='bbox 1639 519 1743 543; x_wconf 84' lang='lat' dir='ltr'>vixeris!</span> 
     </span>
     <span class='ocr_line' id='line_1_69' title="bbox 1428 562 1719 587; baseline 0 -1"><span class='ocrx_word' id='word_1_396' title='bbox 1428 562 1484 587; x_wconf 88' lang='lat' dir='ltr'>Sine</span> <span class='ocrx_word' id='word_1_397' title='bbox 1503 562 1552 586; x_wconf 89' lang='lat' dir='ltr'>fine</span> <span class='ocrx_word' id='word_1_398' title='bbox 1570 562 1652 586; x_wconf 81' lang='lat' dir='ltr'>laetus</span> <span class='ocrx_word' id='word_1_399' title='bbox 1671 563 1719 586; x_wconf 87' lang='lat' dir='ltr'>eris</span> 
     </span>
    </p>
   </div>
   <div class='ocr_carea' id='block_1_13' title="bbox 1429 604 1921 636">
    <p class='ocr_par' dir='ltr' id='par_1_30' title="bbox 1429 604 1921 636">
     <span class='ocr_line' id='line_1_70' title="bbox 1429 604 1921 636; baseline 0 -7"><span class='ocrx_word' id='word_1_400' title='bbox 1429 605 1479 635; x_wconf 81' lang='lat' dir='ltr'>Tu,</span> <span class='ocrx_word' id='word_1_401' title='bbox 1500 606 1542 636; x_wconf 91' lang='lat' dir='ltr'>qui</span> <span class='ocrx_word' id='word_1_402' title='bbox 1561 605 1674 629; x_wconf 85' lang='lat' dir='ltr'>sanctam</span> <span class='ocrx_word' id='word_1_403' title='bbox 1693 612 1791 630; x_wconf 89' lang='lat' dir='ltr'>crucem</span> <span class='ocrx_word' id='word_1_404' title='bbox 1810 604 1921 636; x_wconf 82' lang='lat' dir='ltr'>quaeris,</span> 
     </span>
    </p>
   </div>
   <div class='ocr_carea' id='block_1_14' title="bbox 1341 648 1838 808">
    <p class='ocr_par' dir='ltr' id='par_1_31' title="bbox 1427 648 1677 679">
     <span class='ocr_line' id='line_1_71' title="bbox 1427 648 1677 679; baseline -0.004 -6"><span class='ocrx_word' id='word_1_405' title='bbox 1427 648 1453 673; x_wconf 82' lang='lat' dir='ltr'>Si</span> <span class='ocrx_word' id='word_1_406' title='bbox 1471 648 1677 679; x_wconf 86' lang='lat' dir='ltr'>perseveraveris.</span> 
     </span>
    </p>

    <p class='ocr_par' dir='ltr' id='par_1_32' title="bbox 1341 690 1838 808">
     <span class='ocr_line' id='line_1_72' title="bbox 1341 690 1838 722; baseline -0.002 -6"><span class='ocrx_word' id='word_1_407' title='bbox 1341 690 1384 716; x_wconf 84' lang='lat'>21.</span> <span class='ocrx_word' id='word_1_408' title='bbox 1405 691 1507 716; x_wconf 87' lang='lat' dir='ltr'>Crucem</span> <span class='ocrx_word' id='word_1_409' title='bbox 1526 698 1630 722; x_wconf 83' lang='lat' dir='ltr'>quaere,</span> <span class='ocrx_word' id='word_1_410' title='bbox 1649 698 1746 715; x_wconf 86' lang='lat' dir='ltr'>crucem</span> <span class='ocrx_word' id='word_1_411' title='bbox 1765 697 1838 722; x_wconf 87' lang='lat' dir='ltr'>gere,</span> 
     </span>
     <span class='ocr_line' id='line_1_73' title="bbox 1432 734 1770 763; baseline 0 -5"><span class='ocrx_word' id='word_1_412' title='bbox 1432 734 1525 758; x_wconf 86' lang='lat' dir='ltr'>Christi</span> <span class='ocrx_word' id='word_1_413' title='bbox 1544 741 1641 759; x_wconf 88' lang='lat' dir='ltr'>crucem</span> <span class='ocrx_word' id='word_1_414' title='bbox 1660 734 1770 763; x_wconf 89' lang='lat' dir='ltr'>intuere,</span> 
     </span>
     <span class='ocr_line' id='line_1_74' title="bbox 1430 777 1712 808; baseline 0 -7"><span class='ocrx_word' id='word_1_415' title='bbox 1430 777 1465 801; x_wconf 89' lang='lat' dir='ltr'>Ut</span> <span class='ocrx_word' id='word_1_416' title='bbox 1483 784 1565 802; x_wconf 89' lang='lat' dir='ltr'>amore</span> <span class='ocrx_word' id='word_1_417' title='bbox 1583 777 1712 808; x_wconf 82' lang='lat' dir='ltr'>langueas.</span> 
     </span>
    </p>
   </div>
   <div class='ocr_carea' id='block_1_15' title="bbox 1440 2594 1769 2749">
    <p class='ocr_par' dir='ltr' id='par_1_33' title="bbox 1440 2594 1769 2749">
     <span class='ocr_line' id='line_1_75' title="bbox 1440 2594 1722 2626; baseline 0.004 -8"><span class='ocrx_word' id='word_1_418' title='bbox 1440 2594 1475 2619; x_wconf 86' lang='lat' dir='ltr'>Et</span> <span class='ocrx_word' id='word_1_419' title='bbox 1493 2595 1578 2626; x_wconf 80' lang='lat' dir='ltr'>gravis</span> <span class='ocrx_word' id='word_1_420' title='bbox 1598 2595 1722 2626; x_wconf 84' lang='lat' dir='ltr'>supplicii.</span> 
     </span>
     <span class='ocr_line' id='line_1_76' title="bbox 1441 2637 1765 2669; baseline 0 -7"><span class='ocrx_word' id='word_1_421' title='bbox 1441 2637 1466 2662; x_wconf 86' lang='lat' dir='ltr'>Si</span> <span class='ocrx_word' id='word_1_422' title='bbox 1485 2645 1510 2662; x_wconf 91' lang='lat' dir='ltr'>es</span> <span class='ocrx_word' id='word_1_423' title='bbox 1530 2645 1629 2669; x_wconf 90' lang='lat' dir='ltr'>compos</span> <span class='ocrx_word' id='word_1_424' title='bbox 1648 2637 1765 2667; x_wconf 88' lang='lat' dir='ltr'>rationis,</span> 
     </span>
     <span class='ocr_line' id='line_1_77' title="bbox 1440 2681 1769 2713; baseline 0 -7"><span class='ocrx_word' id='word_1_425' title='bbox 1440 2681 1502 2706; x_wconf 85' lang='lat' dir='ltr'>Esto</span> <span class='ocrx_word' id='word_1_426' title='bbox 1520 2689 1613 2707; x_wconf 89' lang='lat' dir='ltr'>memor</span> <span class='ocrx_word' id='word_1_427' title='bbox 1632 2681 1769 2713; x_wconf 86' lang='lat' dir='ltr'>passionis,</span> 
     </span>
     <span class='ocr_line' id='line_1_78' title="bbox 1440 2724 1707 2749; baseline 0 0"><span class='ocrx_word' id='word_1_428' title='bbox 1440 2725 1516 2749; x_wconf 86' lang='lat' dir='ltr'>Fellis</span> <span class='ocrx_word' id='word_1_429' title='bbox 1536 2725 1561 2749; x_wconf 93' lang='lat' dir='ltr'>et</span> <span class='ocrx_word' id='word_1_430' title='bbox 1579 2724 1707 2749; x_wconf 84' lang='lat' dir='ltr'>absinthii.</span> 
     </span>
    </p>
   </div>
   <div class='ocr_carea' id='block_1_16' title="bbox 907 2800 1425 2808">
    <p class='ocr_par' dir='ltr' id='par_1_34' title="bbox 907 2800 1425 2808">
     <span class='ocr_line' id='line_1_79' title="bbox 907 2800 1425 2808; baseline 0 0"><span class='ocrx_word' id='word_1_431' title='bbox 907 2800 1425 2808; x_wconf 95' lang='lat' dir='ltr'> </span> 
     </span>
    </p>
   </div>
   <div class='ocr_carea' id='block_1_17' title="bbox 346 2845 2041 3006">
    <p class='ocr_par' dir='ltr' id='par_1_35' title="bbox 346 2845 2041 3006">
     <span class='ocr_line' id='line_1_80' title="bbox 346 2845 2041 2877; baseline -0.004 -2"><span class='ocrx_word' id='word_1_432' title='bbox 346 2851 353 2864; x_wconf 89' lang='lat'>¹</span> <span class='ocrx_word' id='word_1_433' title='bbox 372 2852 429 2875; x_wconf 88' lang='lat' dir='ltr'>Cod.</span> <span class='ocrx_word' id='word_1_434' title='bbox 446 2853 463 2874; x_wconf 87' lang='lat' dir='ltr'>B</span> <span class='ocrx_word' id='word_1_435' title='bbox 482 2851 552 2874; x_wconf 79' lang='lat' dir='ltr'>Illud.</span> <span class='ocrx_word' id='word_1_436' title='bbox 1254 2847 1264 2861; x_wconf 70' lang='lat'>⁸</span> <span class='ocrx_word' id='word_1_437' title='bbox 1281 2849 1309 2871; x_wconf 88' lang='lat' dir='ltr'>Hi</span> <span class='ocrx_word' id='word_1_438' title='bbox 1327 2849 1374 2871; x_wconf 89' lang='lat' dir='ltr'>duo</span> <span class='ocrx_word' id='word_1_439' title='bbox 1392 2855 1474 2871; x_wconf 81' lang='lat' dir='ltr'>versus</span> <span class='ocrx_word' id='word_1_440' title='bbox 1491 2849 1600 2875; x_wconf 71' lang='lat' dir='ltr'>leguntur</span> <span class='ocrx_word' id='word_1_441' title='bbox 1618 2847 1640 2869; x_wconf 90' lang='lat' dir='ltr'>in</span> <span class='ocrx_word' id='word_1_442' title='bbox 1658 2847 1676 2869; x_wconf 91' lang='lat' dir='ltr'>D</span> <span class='ocrx_word' id='word_1_443' title='bbox 1693 2848 1737 2870; x_wconf 87' lang='lat' dir='ltr'>sic:</span> <span class='ocrx_word' id='word_1_444' title='bbox 1762 2846 1834 2870; x_wconf 78' lang='lat' dir='ltr'>Debes</span> <span class='ocrx_word' id='word_1_445' title='bbox 1858 2845 1968 2869; x_wconf 74' lang='lat' dir='ltr'>omnibus</span> <span class='ocrx_word' id='word_1_446' title='bbox 1990 2845 2041 2877; x_wconf 81' lang='lat' dir='ltr'>pla-</span> 
     </span>
     <span class='ocr_line' id='line_1_81' title="bbox 346 2880 1585 2911; baseline -0.004 -5"><span class='ocrx_word' id='word_1_447' title='bbox 346 2882 355 2895; x_wconf 77' lang='lat'><strong>2</strong></span> <span class='ocrx_word' id='word_1_448' title='bbox 373 2883 428 2906; x_wconf 89' lang='lat' dir='ltr'>Cod.</span> <span class='ocrx_word' id='word_1_449' title='bbox 446 2885 465 2906; x_wconf 87' lang='lat' dir='ltr'><strong>A</strong></span> <span class='ocrx_word' id='word_1_450' title='bbox 482 2882 644 2911; x_wconf 75' lang='lat' dir='ltr'>zabulonwn,</span> <span class='ocrx_word' id='word_1_451' title='bbox 664 2884 680 2905; x_wconf 87' lang='grc' dir='ltr'>Β</span> <span class='ocrx_word' id='word_1_452' title='bbox 699 2886 719 2905; x_wconf 78' lang='lat' dir='ltr'>et</span> <span class='ocrx_word' id='word_1_453' title='bbox 737 2883 774 2905; x_wconf 80' lang='lat' dir='ltr'>ed.</span> <span class='ocrx_word' id='word_1_454' title='bbox 795 2883 803 2904; x_wconf 65' lang='lat' dir='ltr'>rl</span> <span class='ocrx_word' id='word_1_455' title='bbox 825 2881 968 2905; x_wconf 66' lang='lat' dir='ltr'>zabztlomz&#39;s.</span> <span class='ocrx_word' id='word_1_456' title='bbox 1192 2886 1244 2904; x_wconf 77' lang='lat' dir='ltr'>cere</span> <span class='ocrx_word' id='word_1_457' title='bbox 1262 2880 1293 2904; x_wconf 78' lang='lat' dir='ltr'>Et</span> <span class='ocrx_word' id='word_1_458' title='bbox 1309 2880 1371 2903; x_wconf 76' lang='lat' dir='ltr'>hanc</span> <span class='ocrx_word' id='word_1_459' title='bbox 1387 2886 1480 2909; x_wconf 80' lang='lat' dir='ltr'>semper</span> <span class='ocrx_word' id='word_1_460' title='bbox 1498 2885 1585 2909; x_wconf 72' lang='lat' dir='ltr'>qerere.</span> 
     </span>
     <span class='ocr_line' id='line_1_82' title="bbox 347 2908 2041 2942; baseline -0.003 -5"><span class='ocrx_word' id='word_1_461' title='bbox 347 2913 356 2926; x_wconf 82' lang='lat'>¹³</span> <span class='ocrx_word' id='word_1_462' title='bbox 373 2914 431 2937; x_wconf 88' lang='lat' dir='ltr'>Cum</span> <span class='ocrx_word' id='word_1_463' title='bbox 448 2915 467 2937; x_wconf 96' lang='lat' dir='ltr'>D</span> <span class='ocrx_word' id='word_1_464' title='bbox 485 2914 647 2937; x_wconf 75' lang='lat' dir='ltr'>substituimus</span> <span class='ocrx_word' id='word_1_465' title='bbox 665 2915 696 2937; x_wconf 78' lang='lat' dir='ltr'>Es</span> <span class='ocrx_word' id='word_1_466' title='bbox 714 2920 756 2942; x_wconf 86' lang='lat' dir='ltr'>pro</span> <span class='ocrx_word' id='word_1_467' title='bbox 773 2913 809 2936; x_wconf 72' lang='lat' dir='ltr'>Et.</span> <span class='ocrx_word' id='word_1_468' title='bbox 1255 2910 1264 2924; x_wconf 80' lang='lat'>⁹</span> <span class='ocrx_word' id='word_1_469' title='bbox 1281 2912 1338 2935; x_wconf 90' lang='lat' dir='ltr'>Cod.</span> <span class='ocrx_word' id='word_1_470' title='bbox 1355 2912 1374 2934; x_wconf 96' lang='lat' dir='ltr'>D</span> <span class='ocrx_word' id='word_1_471' title='bbox 1391 2918 1435 2933; x_wconf 88' lang='lat' dir='ltr'>non</span> <span class='ocrx_word' id='word_1_472' title='bbox 1454 2912 1513 2933; x_wconf 81' lang='lat' dir='ltr'>male</span> <span class='ocrx_word' id='word_1_473' title='bbox 1529 2916 1650 2939; x_wconf 53' lang='lat' dir='ltr'>superum</span> <span class='ocrx_word' id='word_1_474' title='bbox 1668 2913 1688 2932; x_wconf 84' lang='lat' dir='ltr'>ct</span> <span class='ocrx_word' id='word_1_475' title='bbox 1706 2910 1776 2938; x_wconf 79' lang='lat' dir='ltr'>paulo</span> <span class='ocrx_word' id='word_1_476' title='bbox 1793 2912 1846 2938; x_wconf 83' lang='lat' dir='ltr'>post</span> <span class='ocrx_word' id='word_1_477' title='bbox 1862 2915 1906 2938; x_wconf 87' lang='lat' dir='ltr'>pro</span> <span class='ocrx_word' id='word_1_478' title='bbox 1918 2908 1955 2932; x_wconf 72' lang='lat' dir='ltr'>illi</span> <span class='ocrx_word' id='word_1_479' title='bbox 1964 2910 2041 2932; x_wconf 71' lang='lat' dir='ltr'>certas</span> 
     </span>
     <span class='ocr_line' id='line_1_83' title="bbox 346 2942 1579 2973; baseline -0.003 -5"><span class='ocrx_word' id='word_1_480' title='bbox 346 2943 356 2957; x_wconf 71' lang='lat'>⁴</span> <span class='ocrx_word' id='word_1_481' title='bbox 374 2945 431 2968; x_wconf 88' lang='lat' dir='ltr'>Cum</span> <span class='ocrx_word' id='word_1_482' title='bbox 452 2946 468 2968; x_wconf 91' lang='lat' dir='ltr'>D</span> <span class='ocrx_word' id='word_1_483' title='bbox 487 2946 649 2968; x_wconf 72' lang='lat' dir='ltr'>substituimus</span> <span class='ocrx_word' id='word_1_484' title='bbox 666 2947 741 2968; x_wconf 75' lang='lat' dir='ltr'>tutum</span> <span class='ocrx_word' id='word_1_485' title='bbox 761 2951 804 2973; x_wconf 75' lang='lat' dir='ltr'>pro</span> <span class='ocrx_word' id='word_1_486' title='bbox 822 2946 904 2968; x_wconf 76' lang='lat' dir='ltr'>totmn.</span> <span class='ocrx_word' id='word_1_487' title='bbox 1192 2943 1266 2967; x_wconf 76' lang='lat' dir='ltr'>horas</span> <span class='ocrx_word' id='word_1_488' title='bbox 1282 2943 1344 2966; x_wconf 86' lang='lat' dir='ltr'>idem</span> <span class='ocrx_word' id='word_1_489' title='bbox 1362 2942 1398 2965; x_wconf 71' lang='lat' dir='ltr'>illi</span> <span class='ocrx_word' id='word_1_490' title='bbox 1415 2942 1483 2966; x_wconf 73' lang='lat' dir='ltr'>cruci</span> <span class='ocrx_word' id='word_1_491' title='bbox 1499 2942 1579 2965; x_wconf 80' lang='lat' dir='ltr'>horas.</span> 
     </span>
     <span class='ocr_line' id='line_1_84' title="bbox 348 2975 812 3006; baseline 0 -7"><span class='ocrx_word' id='word_1_492' title='bbox 348 2975 357 2988; x_wconf 84' lang='lat'>⁵</span> <span class='ocrx_word' id='word_1_493' title='bbox 374 2977 405 2999; x_wconf 81' lang='lat' dir='ltr'>lta</span> <span class='ocrx_word' id='word_1_494' title='bbox 422 2977 492 2999; x_wconf 72' lang='grc' dir='ltr'>ΑΒΕ</span> <span class='ocrx_word' id='word_1_495' title='bbox 504 2978 520 2999; x_wconf 91' lang='lat' dir='ltr'>D</span> <span class='ocrx_word' id='word_1_496' title='bbox 539 2980 560 2999; x_wconf 78' lang='lat' dir='ltr'>et</span> <span class='ocrx_word' id='word_1_497' title='bbox 577 2977 615 2999; x_wconf 88' lang='lat' dir='ltr'>ed.</span> <span class='ocrx_word' id='word_1_498' title='bbox 639 2978 643 2999; x_wconf 94' lang='grc'>1</span> <span class='ocrx_word' id='word_1_499' title='bbox 657 2995 661 3004; x_wconf 83' lang='grc'><em>,</em></span> <span class='ocrx_word' id='word_1_500' title='bbox 682 2977 732 2999; x_wconf 70' lang='grc' dir='ltr'>Υειῑ.</span> <span class='ocrx_word' id='word_1_501' title='bbox 748 2977 812 3006; x_wconf 73' lang='lat' dir='ltr'>fucit.</span> 
     </span>
    </p>
   </div>
   <div class='ocr_carea' id='block_1_18' title="bbox 348 3006 987 3067">
    <p class='ocr_par' dir='ltr' id='par_1_36' title="bbox 348 3006 987 3067">
     <span class='ocr_line' id='line_1_85' title="bbox 348 3006 676 3035; baseline 0.003 -5"><span class='ocrx_word' id='word_1_502' title='bbox 348 3006 358 3019; x_wconf 65' lang='grc' dir='ltr'><strong>Β</strong></span> <span class='ocrx_word' id='word_1_503' title='bbox 374 3008 404 3030; x_wconf 85' lang='lat' dir='ltr'>lta</span> <span class='ocrx_word' id='word_1_504' title='bbox 422 3008 454 3035; x_wconf 74' lang='lat' dir='ltr'>D,</span> <span class='ocrx_word' id='word_1_505' title='bbox 472 3009 493 3030; x_wconf 86' lang='lat' dir='ltr'>in</span> <span class='ocrx_word' id='word_1_506' title='bbox 512 3008 561 3030; x_wconf 79' lang='lat' dir='ltr'>aliis</span> <span class='ocrx_word' id='word_1_507' title='bbox 580 3008 676 3031; x_wconf 75' lang='lat' dir='ltr'>Cuncta.</span> 
     </span>
     <span class='ocr_line' id='line_1_86' title="bbox 349 3037 987 3067; baseline -0.002 -5"><span class='ocrx_word' id='word_1_508' title='bbox 349 3037 357 3051; x_wconf 92' lang='lat'>⁷</span> <span class='ocrx_word' id='word_1_509' title='bbox 374 3039 404 3062; x_wconf 80' lang='lat' dir='ltr'>lta</span> <span class='ocrx_word' id='word_1_510' title='bbox 422 3039 466 3062; x_wconf 84' lang='lat' dir='ltr'>AB</span> <span class='ocrx_word' id='word_1_511' title='bbox 477 3040 495 3061; x_wconf 92' lang='lat' dir='ltr'>D</span> <span class='ocrx_word' id='word_1_512' title='bbox 512 3042 534 3062; x_wconf 83' lang='grc'>01</span> <span class='ocrx_word' id='word_1_513' title='bbox 551 3040 588 3062; x_wconf 87' lang='lat' dir='ltr'>ed.</span> <span class='ocrx_word' id='word_1_514' title='bbox 609 3041 631 3067; x_wconf 82' lang='lat' dir='ltr'>l,</span> <span class='ocrx_word' id='word_1_515' title='bbox 649 3040 700 3062; x_wconf 80' lang='lat' dir='ltr'>Vat.</span> <span class='ocrx_word' id='word_1_516' title='bbox 717 3045 839 3067; x_wconf 80' lang='lat' dir='ltr'>perperam</span> <span class='ocrx_word' id='word_1_517' title='bbox 858 3040 987 3062; x_wconf 72' lang='lat' dir='ltr'>erumztur.</span> 
     </span>
    </p>
   </div>
   <div class='ocr_carea' id='block_1_19' title="bbox 1189 2970 2042 3036">
    <p class='ocr_par' dir='ltr' id='par_1_37' title="bbox 1189 2970 2042 3036">
     <span class='ocr_line' id='line_1_87' title="bbox 1255 2970 2042 3002; baseline -0.004 -5"><span class='ocrx_word' id='word_1_518' title='bbox 1255 2973 1274 2986; x_wconf 78' lang='lat'>¹⁰</span> <span class='ocrx_word' id='word_1_519' title='bbox 1292 2975 1322 2997; x_wconf 79' lang='lat' dir='ltr'>lta</span> <span class='ocrx_word' id='word_1_520' title='bbox 1340 2974 1371 3002; x_wconf 80' lang='lat' dir='ltr'>D,</span> <span class='ocrx_word' id='word_1_521' title='bbox 1388 2974 1404 2997; x_wconf 94' lang='lat' dir='ltr'>C</span> <span class='ocrx_word' id='word_1_522' title='bbox 1424 2974 1540 3000; x_wconf 72' lang='lat' dir='ltr'>Yet-num,</span> <span class='ocrx_word' id='word_1_523' title='bbox 1553 2974 1575 2995; x_wconf 90' lang='lat' dir='ltr'>in</span> <span class='ocrx_word' id='word_1_524' title='bbox 1590 2973 1639 2995; x_wconf 84' lang='lat' dir='ltr'>aliis</span> <span class='ocrx_word' id='word_1_525' title='bbox 1653 2972 1759 2995; x_wconf 71' lang='lat' dir='ltr'>Triuum.</span> <span class='ocrx_word' id='word_1_526' title='bbox 1771 2984 1803 2989; x_wconf 92' lang='lat'>--</span> <span class='ocrx_word' id='word_1_527' title='bbox 1815 2973 1867 2995; x_wconf 80' lang='lat' dir='ltr'>Post</span> <span class='ocrx_word' id='word_1_528' title='bbox 1880 2977 1961 2995; x_wconf 85' lang='lat' dir='ltr'>vocem</span> <span class='ocrx_word' id='word_1_529' title='bbox 1974 2970 2042 2994; x_wconf 82' lang='lat' dir='ltr'>Gom-</span> 
     </span>
     <span class='ocr_line' id='line_1_88' title="bbox 1189 3004 1781 3036; baseline -0.005 -7"><span class='ocrx_word' id='word_1_530' title='bbox 1189 3005 1320 3036; x_wconf 79' lang='lat' dir='ltr'>pletorz&#39;um</span> <span class='ocrx_word' id='word_1_531' title='bbox 1336 3005 1355 3027; x_wconf 92' lang='lat' dir='ltr'>D</span> <span class='ocrx_word' id='word_1_532' title='bbox 1372 3005 1477 3034; x_wconf 72' lang='lat' dir='ltr'>adiungit</span> <span class='ocrx_word' id='word_1_533' title='bbox 1494 3006 1576 3028; x_wconf 76' lang='lat' dir='ltr'>Amen.</span> <span class='ocrx_word' id='word_1_534' title='bbox 1594 3004 1671 3027; x_wconf 68' lang='lat' dir='ltr'>Cetera</span> <span class='ocrx_word' id='word_1_535' title='bbox 1690 3004 1781 3026; x_wconf 82' lang='lat' dir='ltr'>desunt.</span> 
     </span>
    </p>
   </div>
   <div class='ocr_carea' id='block_1_20' title="bbox 1159 2944 1164 3059">
    <p class='ocr_par' dir='ltr' id='par_1_38' title="bbox 1159 2944 1164 3059">
     <span class='ocr_line' id='line_1_89' title="bbox 1159 2944 1164 3059; baseline 0 0"><span class='ocrx_word' id='word_1_536' title='bbox 1159 2944 1164 3059; x_wconf 95' lang='lat' dir='ltr'> </span> 
     </span>
    </p>
   </div>
  </div>
 </body>
</html>
