2133 3317
0 2222 65 2243 mun.

548 217 744 246 OPUSCULUM
764 217 807 246 XI.
828 218 989 247 APOLOGIA
1010 219 1191 249 PAUPERUM.
1212 219 1281 248 CAP.
1303 220 1345 249 IX.

80 296 284 335 spiritualibus,
306 295 386 324 iuxta
406 295 489 324 illud:
512 295 604 324 Nolite
624 295 697 324 dare
716 298 852 324 sanctum
873 304 922 324 ca-

81 343 167 373 nibus
187 350 276 380 neque
296 341 418 370 mittatis
439 341 625 379 mar-qarttas
646 345 713 370 ante
729 350 853 378 porcos;
868 350 922 370 non

80 390 254 419 innotescunt
275 388 444 417 amatoribus
465 387 640 422 divitiarum,
661 387 709 417 sed
730 391 921 425 paupertatem

80 435 235 465 amantibus
255 437 282 463 et
303 434 442 471 expertis,
463 434 511 472 qui
533 434 587 462 iam
614 434 742 463 vicerunt
769 434 921 469 mundum,

79 483 158 512 iuxta
179 481 247 510 illud
268 481 458 518 Apocalypsis:
486 481 614 510 Vincenti
633 481 707 510 dabo
728 489 842 510 manna
856 481 922 510 abs·-

80 528 226 558 condz'tum
247 531 272 556 et
292 527 367 556 dabo
388 527 415 556 ei
434 527 582 556 calculum.
602 527 762 556 candidum
778 532 804 556 ct
818 527 849 556 in
863 527 922 556 cal-

79 575 142 605 culo
163 583 264 603 nomen
286 582 382 602 mcum
402 574 563 611 scriptum,
585 574 662 613 quod
681 583 763 603 nemo
777 574 847 608 scit,
863 574 923 603 m'sz·

79 621 130 660 qui
149 621 262 658 accipit.
286 620 347 649 ldeo
368 623 517 657 paupertas
545 620 703 649 huiusmodi
731 628 781 657 per
807 620 922 650 thesau-

79 676 146 697 rum
161 667 363 696 absconditum
384 667 414 695 in
435 676 509 704 αρν-ο
523 667 693 705 designatur,
708 676 792 706 quem
806 667 858 706 qui
878 668 922 697 in-

79 715 155 744 venit
175 713 258 742 homo
279 713 431 743 abscondit
449 717 475 742 ct
492 723 568 751 prae
592 714 705 751 glaudio
732 714 812 743 illius
840 715 922 744 vadit

80 765 104 790 et
124 761 220 790 vendit
241 761 398 795 universa,
419 769 495 799 quae
515 760 614 795 habet,
636 765 662 789 ct
681 761 750 790 cinit
763 770 873 799 aprum
888 761 922 790 il-

80 810 140 838 lum
151 809 171 836 ¹.
188 824 224 829 —
239 808 265 836 Si
281 807 344 845 quis
358 807 443 844 igitur
458 810 567 836 sanctae
583 808 753 844 paupertatis
768 808 827 836 vult
841 816 922 837 nosse

79 856 216 889 valorem,
238 858 286 883 aut
307 854 365 891 ipse
386 854 413 882 in
434 862 463 883 se
484 854 607 891 experiri
623 854 746 889 studeat,
762 858 810 883 aut
824 862 923 892 exper-

78 906 170 932 torum
192 901 342 930 sententiae
363 901 534 937 acquiescat,
556 901 636 929 iuxta
664 900 738 938 quod
766 901 922 931 Bernartius

78 950 105 978 in
126 948 255 986 epistola,
277 956 360 985 quam
382 947 478 977 scribit
498 947 531 976 ad
553 948 685 976 Thomam
699 948 718 982 2,
750 948 797 985 qui
828 956 922 978 amore

78 995 206 1025 scientiae
227 994 385 1023 retardabat
406 994 579 1031 propositum
601 994 725 1023 veniendi
747 994 782 1023 ad
807 995 922 1032 Religio-

77 1050 156 1076 nem,
177 1042 231 1070 ait:
258 1052 271 1066 a
286 1041 373 1077 Quam
395 1040 535 1069 salubrius
556 1040 677 1070 disceres
706 1040 856 1070 Christum
884 1041 922 1070 le-

78 1097 138 1119 sum
159 1092 185 1117 et
206 1087 283 1116 hunc
310 1087 506 1124 crucifixionis
537 1095 620 1124 quam
651 1088 748 1124 utique
780 1088 921 1116 scientiam

77 1135 152 1165 haud
172 1135 265 1169 facile,
287 1134 338 1163 nisi
354 1134 401 1171 qui
416 1134 519 1163 mundo
540 1134 695 1163 crucifixus
712 1134 808 1168 fuerit,
824 1142 922 1171 appre-

77 1181 180 1212 hendit.
196 1181 319 1216 Falleris,
335 1181 389 1215 fili,
404 1181 522 1215 falleris,
537 1181 559 1210 si
574 1184 601 1209 16
615 1184 696 1218 putas
711 1181 834 1210 invenire
849 1181 922 1218 apud

76 1228 172 1258 mundi
193 1228 355 1265 magistros,
376 1236 460 1265 quam
482 1228 530 1256 soli
553 1228 654 1256 Christi
675 1228 818 1265 discipuli,
840 1228 867 1256 id
881 1231 922 1256 est

77 1275 172 1305 mundi
194 1278 413 1311 contemptores,
435 1274 483 1303 Dei
506 1282 622 1303 munere
644 1278 840 1312 assequuntur.
869 1275 922 1303 Nec

77 1323 149 1352 enim
171 1322 242 1351 hanc
263 1321 343 1351 lectio
364 1321 457 1355 docet,
480 1321 528 1350 sed
558 1322 669 1356 unctio,
701 1330 755 1350 non
786 1321 921 1356 eruditio,

78 1369 125 1399 sed
145 1368 308 1398 exercitatio
330 1368 357 1397 in
378 1368 513 1397 mandatis
534 1368 641 1397 Domini
658 1380 684 1396 ».

155 1417 200 1445 27.
223 1415 268 1444 His
289 1415 419 1444 Bernardi
448 1415 534 1444 sacris
562 1415 679 1453 eloquiis
709 1415 922 1452 chrysostomus

52 1480 59 1485 -
77 1465 207 1492 consonat
228 1462 341 1491 homilia
355 1462 495 1499 trigesima
509 1465 604 1491 octava
616 1462 626 1479 ³
642 1470 726 1499 super
741 1463 921 1497 Mattliaeum‚

77 1510 115 1539 sic
135 1509 244 1538 dicens:
269 1520 284 1534 «
299 1509 508 1543 Verumtamen,
531 1517 724 1546 quaecumque
745 1509 858 1543 dixero,
880 1509 922 1538 ni-

78 1556 117 1585 hil
138 1555 356 1593 repraesentabit
377 1555 430 1584 tale
445 1563 552 1590 sermo,
568 1556 650 1592 quale
664 1564 760 1584 rerum
775 1556 922 1593 experien-

77 1603 128 1638 tia3
150 1602 210 1632 ideo
232 1602 346 1636 vellem,
378 1602 515 1639 quendam
547 1602 674 1637 illorum,
705 1603 752 1640 qui
785 1603 812 1631 in
843 1603 920 1632 illum

77 1650 130 1679 iam
151 1649 323 1678 devenerunt
343 1649 533 1686 philosophiae
555 1649 702 1684 verticem,
717 1649 797 1678 nobis
810 1649 920 1685 adesse,

77 1699 104 1725 61
134 1699 201 1724 tunc
223 1695 365 1724 manifeste
386 1695 494 1724 videres
518 1696 603 1724 huius
630 1695 670 1724 rei
698 1696 921 1731 delectationem,

78 1746 105 1773 et
124 1743 243 1780 qualiter
274 1742 343 1771 nulli
365 1750 461 1771 eorum
493 1743 540 1779 qui
569 1743 686 1780 diligunt
714 1746 921 1780 paupertatem,

77 1792 251 1827 acceptarent
271 1789 352 1818 ditari
373 1789 467 1818 decem
489 1789 610 1818 millibus
638 1790 802 1826 praebendis
813 1791 833 1824 ⁴,
862 1793 922 1819 tan-

79 1844 162 1875 quam
182 1836 230 1873 qui
253 1844 307 1865 non
329 1836 515 1865 lamentantur
543 1837 570 1865 16
599 1836 846 1871 sollicitudinibus,
875 1837 922 1866 sed

78 1883 169 1912 rident
188 1886 216 1912 et
236 1883 336 1912 saltant
356 1886 383 1911 et
404 1883 460 1917 his,
481 1883 529 1920 qui
550 1883 675 1912 diadema
695 1883 745 1912 sibi
765 1883 921 1921 circumpo-

77 1932 157 1965 nunt,
172 1929 259 1967 magis
273 1929 301 1958 in
316 1933 478 1967 paupertate
492 1930 660 1959 decorantur
671 1942 697 1957 ».
714 1930 739 1958 Si
755 1930 840 1967 igitur
854 1930 922 1959 haec

78 1984 174 2006 rerum
195 1976 367 2013 experientia
387 1976 480 2011 docet,
502 1980 529 2006 et
550 1977 597 2014 qui
619 1976 742 2011 divitias,
764 1977 874 2006 delicias
895 1980 922 2006 et

78 2023 196 2052 11060166
217 2023 318 2052 saeculi
341 2023 564 2060 complectuntur
585 2031 635 2052 nec
656 2024 764 2060 experti
787 2028 851 2052 sunt
873 2032 922 2052 nec

78 2070 201 2107 experiri
223 2070 335 2104 volunt;
357 2078 467 2099 6666666
489 2070 592 2099 habent
619 2071 666 2108 qui
695 2071 828 2100 eiusmodi
858 2074 922 2100 sunt

78 2124 162 2154 super
183 2117 235 2145 hac
256 2116 372 2145 materia
392 2116 513 2146 indicere
538 2117 589 2146 sibi
618 2117 773 2151 silentium,
802 2125 835 2146 ne
864 2120 922 2145 tan-

79 2171 160 2200 quam
182 2163 254 2192 caeci
283 2163 316 2192 de
345 2163 484 2192 coloribus
516 2164 677 2201 syllogizare
709 2164 862 2192 videantur.
886 2180 921 2183 —

79 2210 184 2239 Talium
206 2210 306 2239 etenim
330 2210 513 2239 temeritatem
542 2210 739 2247 Hieronymus,
765 2210 798 2239 ad
826 2211 922 2239 Deme-

79 2256 194 2285 triadem
206 2257 217 2274 ⁵
238 2257 374 2291 scribens,
390 2257 548 2294 redarguit:
569 2269 582 2282 «
597 2257 726 2294 Quidam,
741 2258 843 2295 inquit,
859 2265 922 2286 cum

79 2303 153 2341 loqui
174 2303 312 2338 nesciant,
334 2307 425 2332 tacere
446 2312 501 2333 606
527 2307 642 2341 possunt
669 2304 823 2341 docentque
851 2305 923 2333 Scri-

79 2352 191 2386 pturas,
213 2358 283 2387 quas
304 2358 357 2379 non
380 2350 550 2387 intelligunt;
573 2353 600 2379 et
620 2358 684 2379 cum
705 2350 764 2379 aliis
779 2358 923 2387 persuase-

80 2396 149 2431 rint,
171 2397 347 2426 eruditorum
368 2397 419 2426 sibi
446 2401 592 2430 assumunt
621 2397 816 2434 supercilium,
845 2398 923 2434 prius

143 2576 151 2589 ¹
169 2577 245 2599 Matth.
267 2577 305 2605 13,
324 2577 360 2600 44.

143 2615 152 2628 ²
170 2616 239 2644 Epist.
261 2617 309 2638 108.
333 2623 355 2638 6.
378 2617 398 2639 2.
422 2617 537 2645 Allegatur
561 2619 575 2639 l.
597 2617 648 2640 Cor.
672 2618 698 2644 2,
720 2618 741 2640 2.
766 2618 926 2645 Respiciuntur

82 2655 130 2677 Gal.
146 2655 173 2683 6,
193 2655 235 2677 14:
253 2656 304 2678 Mihi
323 2656 423 2678 mundus
440 2656 562 2679 crucifixus
578 2659 623 2683 est,
635 2659 656 2678 et
668 2662 713 2684 ego
726 2656 825 2684 mund0;
839 2657 853 2678 l.
866 2657 926 2678 ioan.

82 2694 107 2721 2,
125 2693 169 2716 27:
187 2694 212 2716 Et
230 2700 274 2716 non
293 2700 386 2716 6666666
403 2694 504 2721 Habetis,
518 2697 541 2717 ut
553 2695 636 2723 aliquis
653 2695 734 2717 doceat
746 2701 801 2721 ves,
815 2695 854 2717 sed
867 2695 925 2717 sicut

82 2732 157 2755 unctio
175 2732 224 2755 eius
241 2733 308 2755 docet
325 2739 367 2755 vos
384 2736 427 2756 etc.

144 2770 153 2784 ³
170 2772 231 2795 Alias
248 2773 284 2794 39.
302 2778 324 2795 n.
343 2773 364 2795 3.
382 2776 404 2795 et
421 2773 442 2795 4.

144 2810 154 2822 ¹
172 2811 256 2834 Textus
273 2811 390 2839 originalis
407 2812 570 2841 prosequitur:
589 2812 614 2834 Et
631 2811 667 2839 tii,
685 2811 785 2840 inquies,
797 2817 824 2833 an
838 2817 924 2839 paupe-

82 2855 119 2872 res
136 2856 238 2879 unquam
256 2850 304 2872 sieri
322 2851 405 2873 vellent
427 2854 448 2873 et
471 2850 642 2879 possessionum
660 2856 739 2873 curam
762 2850 881 2872 abiicere?
899 2851 924 2873 Et

83 2888 138 2917 quid
156 2889 198 2911 1106
215 2890 268 2911 est‘.>
286 2890 454 2917 Argumentum
475 2893 536 2912 certe
549 2889 656 2912 stultitiae
668 2892 689 2911 et
701 2889 832 2917 gravissimi
848 2889 923 2911 morbi

83 2933 125 2949 nec
141 2927 173 2950 rei
192 2928 356 2950 iucunditatem
373 2929 499 2951 declarans.
515 2928 586 2951 Cuius
607 2928 639 2950 rei
662 2928 729 2950 nobis
752 2931 819 2950 testes
841 2928 924 2950 suerint

83 2965 113 2988 illi
133 2966 173 2994 qui
197 2967 301 2995 quotidie
318 2966 347 2989 de
365 2967 399 2989 his
421 2966 613 2989 sollicitudinibus
635 2968 786 2989 lamentantur
808 2969 830 2989 et
852 2967 923 2989 vitam

84 3004 214 3027 huiusmodi
233 3012 277 3028 non
296 3005 387 3028 vitatem
405 3011 455 3028 esse
473 3008 561 3033 putant.
576 3006 602 3028 At
619 3006 648 3027 illi
668 3005 721 3028 tales
738 3011 784 3028 non
801 3009 866 3034 sunt,
882 3006 923 3028 sed

1767 221 1824 251 303

979 296 1172 334 imperitorum
1192 298 1316 335 magistri
1338 306 1421 335 quam
1442 298 1586 327 doctorum
1607 298 1744 335 discipuli.
1774 299 1824 327 Bo-

979 351 1046 371 num
1067 347 1108 372 est
1129 344 1201 372 enim
1223 344 1334 373 obedire
1356 345 1508 374 maioribus
1530 348 1557 374 et
1581 353 1679 382 parere
1694 345 1822 382 perfectis

978 392 1006 417 et
1026 393 1088 426 post
1109 390 1219 427 regulas
1247 391 1456 428 Scripturarum
1483 392 1554 420 vitae
1585 399 1652 421 suae
1682 392 1821 421 tramitem

978 435 1013 464 ab
1033 436 1093 465 aliis
1113 436 1218 466 discere
1240 445 1290 466 nec
1311 441 1489 475 praeceptore
1511 439 1550 467 uti
1579 438 1713 476 pessimo,
1742 446 1821 476 prae-

978 482 1116 511 sumtione
1137 490 1187 511 sua
1202 495 1228 511 ».
1252 500 1287 504 —-
1310 484 1364 513 Hoc
1395 488 1574 522 praeceptore
1601 485 1720 522 pessimo
1747 485 1769 514 si
1798 485 1821 514 is

978 528 1023 556 cui
1046 529 1259 565 respondemus,
1281 538 1349 559 usus
1380 539 1434 559 non
1466 534 1553 566 esset,
1585 539 1762 569 nequaquam
1793 531 1822 560 in

979 574 1180 611 sugillationem
1208 577 1378 613 paupertatis
1400 578 1662 607 commendationem
1686 583 1823 615 tempora-

978 620 1046 649 lium
1068 622 1271 658 possessionum
1300 623 1426 661 improba
1454 624 1608 654 temeritate
1637 625 1823 662 dogmatizare

979 668 1197 704 praesumsisset.
1220 670 1394 707 Quamquam
1416 671 1488 700 enim
1510 671 1649 700 interdum
1670 679 1706 700 ex
1726 679 1821 700 rerum

979 713 1070 751 inopia
1092 716 1253 751 proveniant
1275 717 1346 745 mala
1366 721 1393 746 et
1413 725 1449 746 ex
1471 718 1612 747 affluentia
1636 719 1722 753 bona;
1751 727 1823 747 nun-

979 769 1062 797 quam
1084 764 1174 791 tamen
1197 763 1267 791 mala
1287 772 1324 792 ex
1340 768 1514 801 paupertate
1528 765 1632 794 dilecta
1646 765 1822 802 proveniunt,

979 807 1025 836 sed
1047 808 1143 843 odila,
1165 817 1214 838 nec
1236 810 1307 839 bona
1327 818 1363 839 ex
1389 811 1498 840 amatis
1525 812 1653 845 divitiis,
1682 812 1729 841 sed
1757 820 1823 841 con-

979 855 1107 892 tcmptz's,
1130 856 1272 885 Salomone
1287 860 1403 886 testante
1415 858 1441 886 6;
1459 858 1517 894 Qui
1530 862 1613 887 amat
1625 859 1745 887 divitias
1759 858 1823 896 fru-

979 904 1057 929 ctum
1079 910 1136 930 11οη
1157 903 1251 939 capiet
1271 912 1306 931 cx
1327 904 1374 932 eis.

1059 949 1104 977 28.
1126 948 1237 978 Constat
1258 954 1367 985 autem,
1389 951 1463 988 quod
1484 952 1556 980 sicut
1577 952 1636 981 laus
1651 952 1768 981 alicuius
1782 952 1823 981 rei

979 994 1082 1023 excitat
1103 995 1137 1024 ad
1158 996 1232 1025 illius
1252 1005 1390 1032 amorem,
1412 998 1450 1027 sic
1471 1002 1498 1027 et
1519 999 1689 1036 vituperium
1710 999 1743 1027 ad
1758 1007 1823 1027 606-

980 1044 1124 1078 temptum.
1145 1043 1213 1071 Cum
1237 1043 1321 1080 igitur
1343 1048 1518 1074 contemnere
1538 1045 1647 1074 divitias
1674 1048 1701 1074 et
1728 1053 1822 1074 amare

980 1088 1139 1124 pauperiem
1159 1089 1194 1117 sit
1215 1090 1378 1127 exstirpatio
1400 1091 1531 1120 vitiorum
1551 1095 1578 1120 et
1600 1092 1713 1121 insertio
1736 1092 1823 1121 virtu-

979 1137 1052 1168 tum,
1067 1138 1095 1163 et
1108 1143 1123 1164 e
1137 1137 1276 1165 contrario
1291 1140 1467 1167 contemnere
1482 1142 1672 1175 paupertatem
1689 1142 1715 1167 et
1729 1147 1823 1168 amare

978 1181 1086 1211 divitias
1107 1182 1143 1211 sit
1163 1183 1310 1212 eradicatIO
1331 1184 1467 1213 virtutum
1489 1188 1516 1214 et
1537 1185 1650 1214 insertio
1675 1185 1822 1221 vitiorum3

979 1229 1122 1258 manifesta
1134 1230 1239 1259 ratione
1251 1231 1398 1268 colligitur,
1410 1232 1493 1268 quod,
1505 1232 1737 1269 quemadmodum
1749 1240 1823 1261 com-

979 1275 1116 1304 mendatio
1138 1277 1309 1313 paupertatis
1336 1280 1363 1306 et
1390 1278 1576 1314 spiritualium
1609 1287 1763 1316 pauperum
1796 1282 1823 1308 et

979 1322 1118 1351 vilificatio
1138 1322 1297 1352 divitiarum
1319 1328 1346 1353 et
1373 1324 1489 1353 divitum
1521 1325 1662 1354 doctrinae
1693 1326 1824 1363 competit

979 1368 1096 1403 Christi,
1118 1369 1156 1397 sic
1178 1373 1204 1398 et
1226 1370 1310 1398 liuius
1331 1371 1502 1400 contrarium
1523 1380 1647 1401 asserere
1668 1372 1701 1401 ad
1723 1372 1823 1409 dogma

979 1415 1125 1452 profanum
1146 1417 1266 1453 pertinet
1286 1417 1449 1446 antichristi.
1478 1418 1553 1447 Unde
1580 1419 1763 1456 Hieronymus
1789 1419 1823 1448 de

979 1462 1034 1491 vita
1056 1463 1191 1492 Paulae⁷:
1219 1464 1303 1492 «Non
1336 1464 1424 1493 laudis
1455 1468 1496 1494 est
1526 1465 1667 1502 possidere
1697 1465 1822 1500 divitias,

979 1509 1025 1538 sed
1047 1517 1093 1538 eas
1113 1518 1164 1546 pro
1185 1510 1293 1539 Christo
1315 1514 1505 1546 contemnere,
1527 1520 1581 1540 non
1603 1515 1711 1541 tumere
1725 1512 1760 1541 ad
1774 1512 1823 1541 lio-

978 1564 1076 1590 nores,
1098 1557 1144 1585 sed
1166 1565 1212 1586 eos
1234 1557 1441 1594 parvipendere.
1465 1559 1578 1595 Propter
1600 1558 1674 1596 quod
1694 1561 1721 1587 et
1741 1559 1824 1587 Paula

979 1603 1107 1640 fugiendo
1128 1604 1243 1640 gloriam
1265 1604 1379 1641 gloriam
1410 1605 1579 1640 merebatur,
1607 1613 1678 1643 quae
1706 1606 1824 1635 virtutes

979 1650 1056 1686 quasi
1078 1650 1179 1679 umbra
1200 1651 1327 1688 sequitur
1358 1654 1384 1680 et
1412 1652 1580 1689 appetitores
1607 1652 1650 1681 sui
1678 1652 1823 1687 deserens,

979 1697 1084 1734 appetit
1112 1698 1346 1734 contemptores?
1375 1699 1481 1727 Saeculi
1513 1699 1638 1728 homines
1669 1699 1824 1736 suspiciunt

979 1752 1025 1772 eos
1046 1744 1093 1781 qui
1116 1744 1159 1773 his
1180 1744 1330 1782 privilegiis
1351 1745 1468 1782 pollent;
1491 1753 1541 1774 nos
1556 1746 1700 1775 laudamus
1714 1754 1760 1775 eos
1774 1746 1823 1783 qui

979 1798 1030 1827 pro
1051 1791 1190 1820 Salvatore
1211 1791 1262 1820 ista
1282 1791 1475 1828 despexerint,
1497 1795 1523 1821 et
1545 1793 1646 1821 mirum
1668 1792 1695 1821 in
1711 1793 1824 1822 modum

979 1845 1049 1874 quos
1070 1837 1202 1866 habentes
1224 1838 1465 1875 parvipendimus,
1487 1839 1508 1867 si
1534 1839 1637 1868 habere
1665 1840 1820 1874 noluerint,

979 1883 1171 1921 praedicamus
1186 1896 1212 1912 ».
1235 1884 1382 1922 Hucusque
1404 1885 1593 1922 Hieronymus.

1059 1931 1104 1959 29.
1127 1930 1228 1967 Quodsi
1261 1931 1330 1960 sorte
1362 1932 1448 1960 hostis
1469 1940 1624 1969 pauperum
1652 1932 1739 1968 dicat,
1767 1941 1822 1962 non

979 1985 1007 2006 se
1030 1977 1142 2006 laudare
1163 1977 1282 2006 11060166
1303 1981 1329 2006 61
1350 1978 1457 2007 divitias
1478 1979 1596 2014 saeculi,
1618 1979 1665 2008 sed
1692 1979 1823 2009 eeclesia-

978 2025 1064 2052 sucos
1086 2027 1209 2059 tantum;
1232 2025 1408 2062 requiremus
1428 2025 1463 2054 ab
1484 2033 1530 2060 eo,
1553 2034 1587 2055 an
1609 2026 1715 2061 credat,
1730 2027 1758 2055 in
1775 2027 1824 2056 ho-

980 2078 1042 2099 rum
1071 2070 1192 2107 appetitu
1226 2078 1285 2099 esse
1313 2071 1495 2107 periculum,
1527 2080 1561 2101 an
1596 2071 1824 2111 indifferentiam

980 2117 1133 2154 quandam,
1155 2125 1189 2145 an
1210 2117 1348 2146 meritum
1359 2117 1373 2146 ἕ)
1388 2119 1413 2146 Si
1429 2121 1559 2156 appetere
1573 2119 1769 2148 ecclesiasticas
1783 2119 1823 2148 di-

980 2164 1059 2192 vitias
1080 2167 1107 2192 et
1129 2164 1247 2193 honores
1265 2164 1432 2201 periculmn
1453 2165 1554 2200 credit,
1576 2168 1604 2194 et
1624 2169 1731 2201 tamen,
1756 2166 1823 2195 dum

980 2211 1088 2245 laudat,
1109 2211 1270 2247 appetibiles
1292 2211 1391 2246 efficit,
1412 2215 1460 2241 aut
1474 2212 1614 2242 auditores
1628 2221 1693 2242 suos
1707 2213 1823 2251 decipit,

980 2261 1028 2286 aut
1050 2258 1158 2286 insanit.
1181 2258 1206 2286 Si
1229 2266 1295 2287 vero
1317 2259 1384 2287 haec
1405 2262 1534 2296 appetere
1555 2259 1722 2298 indifferens
1743 2260 1824 2289 aesti-

979 2307 1036 2333 mat
1063 2312 1113 2333 nec
1135 2305 1209 2333 16169
1231 2305 1366 2334 laudando
1397 2305 1565 2342 persuadere
1592 2309 1722 2341 conatur,
1750 2306 1824 2344 quod

979 2351 1079 2388 aliquis
1099 2354 1225 2388 appetat;
1248 2352 1274 2380 in
1297 2360 1399 2380 vanum
1421 2352 1545 2389 loquitur
1566 2356 1593 2382 et
1616 2353 1721 2382 frustra
1748 2353 1825 2383 labo-

980 2400 1031 2426 rat.
1054 2398 1079 2426 Si
1101 2401 1193 2427 autem
1215 2398 1372 2427 desiderare
1392 2406 1458 2436 opes
1489 2402 1515 2428 et
1543 2399 1662 2429 honores
1690 2400 1823 2430 Ecclesiae

982 2579 1069 2606 rident,
1086 2579 1209 2606 exsultant,
1227 2585 1269 2601 nec
1287 2579 1363 2601 minus
1379 2579 1409 2602 de
1426 2582 1560 2608 paupertate
1577 2586 1647 2609 quam
1659 2586 1726 2608 reges
1738 2581 1767 2603 dc
1778 2581 1825 2604 dia-

982 2618 1073 2639 demate
1091 2617 1223 2644 gloriantur.

1045 2655 1053 2668 5
1071 2656 1141 2683 Epist.
1160 2657 1212 2678 130.
1231 2656 1294 2682 (alias
1312 2656 1342 2685 8.)
1360 2663 1381 2679 n.
1396 2656 1430 2678 17.
1444 2657 1529 2680 Textus
1543 2657 1660 2685 originalis
1672 2657 1717 2685 (ed.
1730 2658 1825 2680 Maurin.

981 2698 1085 2717 recenset
1102 2695 1169 2717 etiam
1189 2696 1246 2717 hanc
1264 2695 1383 2718 lectionem
1400 2702 1486 2725 parcre
1504 2696 1624 2726 perfectis)
1647 2696 1763 2719 substituit
1781 2702 1824 2726 pa-

981 2740 1034 2756 rere
1048 2733 1181 2763 praefectis.
1644 2734 1653 2748 Β
1670 2736 1742 2759 Ε6616.
1760 2736 1785 2764 5,
1804 2736 1826 2759 9.

1044 2770 1052 2784 ⁷
1071 2772 1140 2800 Epist.
1159 2773 1210 2794 1108.
1229 2772 1294 2802 (alias
1310 2773 1352 2801 273
1370 2775 1411 2796 csr.
1427 2779 1495 2802 supra
1514 2780 1568 2802 pag.
1586 2775 1645 2802 280,
1659 2779 1711 2797 nota
1724 2775 1755 2804 3.)
1769 2781 1790 2797 n.
1803 2776 1824 2798 3.

982 2811 1039 2833 Voci
1053 2810 1226 2840 parvipendere
1242 2811 1259 2833 A
1270 2811 1312 2834 BC
1330 2812 1460 2840 praefigunt
1473 2818 1520 2842 pro
1538 2812 1642 2841 Christo,
1662 2816 1735 2836 textus
1756 2814 1824 2842 origi-

982 2850 1038 2872 nalis
1052 2855 1099 2879 pro
1116 2849 1159 2872 Dei
1173 2849 1231 2880 fide,
1251 2850 1290 2879 qui
1308 2851 1377 2873 etiam
1395 2851 1478 2874 deinde
1496 2852 1560 2880 plura
1578 2852 1650 2875 addit.

1043 2888 1052 2900 Β
1070 2889 1087 2911 Α
1106 2891 1165 2911 textu
1183 2889 1289 2917 originali
1306 2890 1412 2912 nonnulla
1429 2890 1603 2914 subnectuntur.
1615 2892 1678 2920 Quae
1695 2895 1824 2921 sequuntur

981 2927 1094 2950 habentur
1112 2934 1131 2950 6,
1146 2927 1171 2956 4,
1184 2928 1224 2950 ubi
1241 2928 1309 2951 codd.
1327 2932 1349 2952 et
1366 2930 1419 2953 edd.
1433 2929 1565 2960 suscipiunt
1581 2934 1659 2953 contra
1677 2933 1761 2953 textum
1780 2931 1826 2954 ori-

980 2967 1079 2995 ginalem
1098 2967 1130 2994 (in
1148 2967 1184 2990 ed.
1202 2968 1297 2990 lliaurin.
1314 2968 1356 2991 alia
1374 2969 1439 2992 lectio
1456 2970 1594 2998 annotatur).

1042 3004 1052 3017 ⁹
1069 3006 1098 3028 lta
1116 3006 1133 3028 Α
1144 3006 1172 3034 Β,
1190 3006 1244 3028 edd.
1260 3013 1302 3031 nec
1318 3007 1382 3031 istas.

1837 490 1910 517 Contra-
1925 490 1958 509 ad-

1839 519 1951 533 versarium.

1837 956 1968 976 Continuatur.

1838 1941 1925 1961 obiectio
1934 1941 1973 1961 sol·

1874 1965 1932 1984 vitur.
