2133 3317
97 522 142 541 'l'ria
152 522 172 541 iu
180 522 232 541 caelo

104 546 142 565 iam
154 548 227 570 parata.

120 616 148 634 De
160 615 228 640 primo.

99 1129 128 1149 De
139 1129 229 1149 secundo.

125 2023 154 2042 De
168 2023 230 2042 tertio.

244 251 299 280 126

243 329 308 363 Dei,
341 337 441 366 sponsa
472 329 533 357 Iesu
563 327 682 361 Christi,
714 326 849 355 columba
870 326 950 363 Regis
970 325 1092 360 aeterni,

243 376 324 410 veni,
342 384 474 413 propera
504 374 538 403 ad
566 374 678 410 nuptias
699 373 757 401 Filii
780 373 844 407 Dei,
866 373 932 410 quia
954 376 1011 401 tota
1032 380 1094 401 oae-

244 422 320 451 lestis
341 422 420 450 curia
440 424 467 450 te
488 423 647 457 exspectat,
673 420 739 457 quia
760 420 861 449 omnia
881 423 952 448 sunt
970 423 1092 457 parata.

325 469 351 497 3.
374 468 420 497 Est
440 468 513 496 enim
535 470 650 504 paratus
670 467 819 504 speciosus
839 475 943 495 seruus
964 470 991 496 et
1016 467 1093 495 nobi-

245 516 293 550 lis,
315 519 347 544 ut
368 515 417 543 tibi
439 514 556 548 serviat;
580 513 662 542 cibus
680 513 829 550 pretiosus
860 516 888 542 et
908 513 1094 548 delectabilis,

245 566 276 591 ut
298 565 324 591 te
346 561 466 595 reficiam
487 561 611 589 societas
632 560 727 589 duleis
748 563 775 589 et
796 560 1047 597 praeamicabilis1,
1062 563 1095 589 ut

245 609 294 638 tibi
326 608 505 645 congaudeat.
527 623 566 627 —
587 607 683 645 Surye
710 615 777 644 ergo
804 610 831 635 et
859 615 989 644 propera
1019 606 1095 635 festi-

244 658 343 684 nanter
364 655 397 683 ad
419 654 546 691 nuptias,
569 654 636 691 quia
656 654 693 682 ibi
715 656 757 683 est
779 657 894 691 paratus
908 662 1012 682 servas
1032 662 1095 691 spe-

244 703 357 736 ciosus,
380 701 427 739 qui
451 701 498 730 tibi
521 701 632 730 serviat.
664 701 717 729 Iste
748 708 847 729 servus
869 709 923 729 505
955 704 997 729 est
1025 701 1096 729 alter

245 749 296 777 nisi
319 752 414 777 coetus
435 748 593 785 angelicus,
614 748 700 776 immo
721 747 780 784 ipse
801 747 906 776 aeterni
929 747 976 776 Dei
998 747 1095 781 Filius,

245 795 317 824 sicut
338 795 396 832 ipse
418 795 451 823 de
473 803 502 823 se
523 795 583 831 ipso
599 797 717 823 testatur
739 794 766 822 in
794 794 963 831 Evaugelio2
984 794 1094 823 diceus:

245 843 339 870 Amen
359 842 423 870 dieo
446 841 542 875 vobis,
564 841 636 879 qaia
654 841 826 878 praecinyet
845 849 875 869 se
888 845 913 869 et
927 839 1018 878 faciet
1032 840 1096 869 illos

245 888 426 917 discumbere
456 892 482 917 et
512 888 661 916 transiens
692 887 875 916 ministrabit
894 887 943 916 ets.
966 887 989 916 O
1011 895 1094 924 quam

245 943 344 972 magna
365 935 453 973 gloria
470 938 535 964 tuuc
550 935 604 964 erit
618 935 790 972 pauperibus
805 938 832 963 et
846 934 969 969 ablectis
985 934 1096 971 quando

245 982 406 1011 ministrum
428 982 571 1011 habebunt
591 982 690 1010 Filium
712 982 770 1016 Dei,
793 982 893 1010 summi
910 981 998 1018 Regis,
1014 984 1041 1010 et
1056 983 1096 1010 to-

247 1033 307 1058 tum
329 1032 496 1058 conventum
519 1029 662 1058 exercitus
684 1029 761 1066 regni
783 1029 927 1057 caelestis!

324 1076 351 1104 [ι.
376 1076 420 1104 Est
441 1075 522 1104 etiam
545 1076 581 1104 ibi
605 1078 719 1113 paratus
740 1075 822 1104 cibus
841 1075 990 1112 pretiosus
1004 1078 1031 1103 et
1049 1075 1096 1103 de-

246 1123 395 1157 lectabilis,
418 1127 449 1152 ut
471 1127 497 1152 te
518 1123 633 1152 reficiat.
657 1123 715 1160 lpse
737 1123 809 1151 enim
832 1122 880 1151 Dei
908 1122 992 1151 Filius
1020 1130 1096 1151 men-

247 1179 305 1200 sam
331 1171 452 1207 propriis
481 1171 610 1199 manibus
642 1173 741 1207 ponet,
773 1170 845 1198 sicut
876 1170 936 1206 ipse
956 1169 990 1198 de
1018 1169 1096 1198 sein

248 1217 393 1254 Evangelio
404 1218 415 1234 ³
439 1220 557 1246 testatur
576 1217 684 1246 dicens:
703 1217 762 1254 Eyo
777 1216 900 1253 dispono
914 1216 1005 1250 vobis,
1020 1216 1098 1244 sieut

248 1264 394 1301 disposuit
414 1263 489 1292 mihi
510 1265 600 1292 Pater
621 1272 703 1292 meus
731 1272 872 1300 regnum,
896 1266 928 1291 ut
949 1263 1043 1291 edatis
1072 1266 1097 1291 et

247 1310 353 1339 bibatis
379 1319 469 1347 super
499 1319 631 1339 mensam
663 1318 759 1338 meam
790 1310 821 1338 in
853 1318 942 1347 reyno
974 1318 1044 1338 meo.
1074 1309 1097 1338 Ο

247 1365 330 1394 quam
353 1357 447 1386 suavis
468 1359 495 1386 et
515 1357 663 1385 deliciosus
694 1360 736 1385 est
756 1356 802 1385 ille
823 1356 915 1390 cibus,
938 1364 1021 1393 quem
1041 1365 1097 1393 pa-

246 1404 328 1432 ravit
358 1404 389 1432 in
422 1403 572 1432 dulcedine
593 1412 651 1431 sua
668 1403 800 1440 pauperi
822 1403 938 1431 Deus4!
965 1402 987 1431 Ο
1013 1410 1096 1439 quam

246 1450 345 1479 beatus
365 1453 406 1479 est
438 1450 482 1479 ille
510 1450 558 1487 qui
589 1450 615 1478 15
645 1457 730 1486 regno
756 1449 896 1478 caelorum
919 1449 1097 1478 manducabit

247 1505 346 1534 panem
368 1497 461 1531 illum,
484 1497 531 1534 qui
554 1497 581 1525 15
603 1497 711 1525 clibano
733 1496 876 1533 virginalis
904 1496 977 1525 uteri
1003 1499 1098 1525 coctus

248 1547 289 1572 est
310 1544 372 1581 igne
393 1544 479 1573 sancti
502 1544 636 1581 Spiritus!
661 1543 694 1572 Si
713 1543 780 1581 qais
810 1543 1038 1571 manducaverit
1063 1551 1097 1570 ex

246 1589 298 1619 hoe
317 1600 407 1628 pane,
431 1591 504 1619 vibet
524 1591 556 1619 in
577 1593 736 1619 aeternum.
766 1589 822 1618 Tali
849 1589 925 1623 cibo,
952 1589 999 1618 tali
1028 1597 1098 1626 pane

246 1638 319 1667 cibat
350 1641 377 1666 et
406 1638 494 1666 reficit
526 1645 592 1666 suos
623 1637 724 1666 electos
755 1636 800 1665 ille
830 1637 887 1665 Rex
916 1636 1042 1665 caelestis
1070 1636 1098 1664 in

246 1693 341 1714 mensa
362 1693 425 1719 sua,
447 1685 519 1713 sicut
534 1685 560 1712 in
582 1684 654 1713 libro
676 1683 852 1720 Sapientiae⁵
868 1683 986 1712 dicitur:
1003 1684 1097 1720 Anye-

247 1732 343 1761 lorum
364 1740 430 1760 esea
451 1731 606 1760 nutrivisti
632 1730 777 1768 populum
803 1734 888 1758 tuum
909 1734 933 1759 et
951 1734 1098 1767 paratum

243 1787 352 1816 panem
374 1779 407 1807 de
428 1778 505 1807 caelo
534 1778 712 1815 praestitisti
742 1778 768 1806 ei
798 1777 861 1805 sine
882 1776 990 1811 labore,
1013 1785 1096 1805 omne

246 1826 481 1854 delectamentum
502 1825 534 1853 in
564 1833 593 1853 se
625 1824 774 1853 habentem
805 1828 831 1852 et
854 1824 948 1852 omnis
977 1823 1097 1860 Saporis

245 1873 420 1902 suavitatem
443 1889 479 1894 ——
500 1876 526 1901 et
546 1872 709 1900 deserviens
737 1871 972 1910 uniuscuiusque
996 1870 1097 1899 volun-

247 1920 308 1948 tati.
331 1921 413 1954 Ecce,
436 1920 497 1949 talis
517 1923 558 1949 est
579 1919 692 1948 refectio
712 1919 821 1947 divinae
844 1926 964 1947 mensae.

326 1968 351 1995 5
375 1967 420 1995 Est
441 1966 621 1995 nibilominus
642 1968 738 2002 parata
759 1965 796 1994 ibi
817 1965 940 1993 societas
955 1964 1050 1993 dulcis
1071 1966 1099 1993 et

247 2013 497 2050 praeamicabilisss,
520 2015 551 2041 ut
573 2013 621 2041 tibi
647 2012 827 2050 congaudeat.
854 2012 910 2040 Illic
939 2012 1013 2041 enim
1044 2011 1098 2040 erit

248 2061 322 2089 Iesus
343 2069 407 2089 oum
428 2061 508 2089 Patre
529 2064 556 2089 et
577 2060 682 2096 Spiritu
714 2062 825 2093 saucto;
847 2059 902 2087 illic
924 2059 1010 2087 Maria
1031 2066 1095 2087 cum

246 2107 376 2145 florIgero
397 2107 525 2142 exercitu
546 2107 708 2143 Virginum;
730 2107 786 2135 illic
807 2106 936 2143 Apostoli,
952 2106 1096 2142 Martyres,

247 2154 422 2183 Confessores
443 2158 470 2183 et
488 2154 613 2182 omnium
635 2154 787 2182 electorum
803 2153 928 2182 caelestis
946 2153 1096 2182 exercitus.

247 2201 409 2230 Miserabilis
436 2209 566 2238 prorsus,
598 2200 646 2238 qui
678 2203 733 2229 tam
762 2199 948 2228 nobilissimae
970 2199 1096 2228 societati

248 2256 302 2276 non
316 2248 401 2277 fuerit
415 2248 550 2281 sociatus;
572 2247 650 2276 valde
673 2249 815 2275 mortuum
832 2246 916 2275 babet
929 2245 1097 2275 desiderium

247 2295 295 2332 qui
316 2295 383 2324 huic
404 2295 525 2324 societati
548 2294 625 2331 iungi
647 2302 702 2322 non
724 2293 870 2322 desiderat.

565 249 762 278 OPUSCULUM
783 249 825 278 VI.
848 249 891 277 DE
912 247 1136 277 PERFECTIONE
1158 247 1254 276 VITAE
1276 248 1319 276 AD
1341 247 1498 277 SORORES.
1520 248 1589 277 CAP.
1612 248 1675 276 VIII.

1231 326 1256 354 6.
1279 326 1331 354 Sed
1353 329 1399 360 tu,
1420 334 1437 354 ο
1451 326 1672 363 praeclarissima
1687 325 1788 354 Christi
1803 325 1922 360 famula,
1943 325 1999 354 scio

1151 371 1279 409 quidem,
1295 375 1321 401 te
1335 372 1493 401 desiderare
1514 373 1672 407 Christum,
1694 373 1764 406 scio,
1780 372 1844 401 totis
1859 374 1885 401 te
1900 372 1933 401 ad
1948 373 2000 401 hoc

1151 418 1201 447 niti
1223 419 1346 453 viribus,
1368 419 1507 456 quomodo
1529 419 1608 456 Regis
1621 419 1726 448 aeterni
1743 419 1831 455 possis
1845 419 1921 456 iungi
1937 427 2001 448 con-

1151 465 1237 494 sortio
1258 468 1286 494 et
1305 465 1491 502 amplexibus.
1514 466 1546 494 Et
1570 477 1584 491 (t
1598 473 1673 494 nunc
1694 465 1786 494 excita
1808 473 1856 494 cor
1878 469 1958 494 tuum
1974 468 2002 494 et

1151 512 1272 541 animam
1294 515 1369 541 tuam
1397 515 1425 541 et
1455 512 1531 549 erige
1552 515 1642 541 totum
1667 512 1839 541 intellectum
1873 515 1952 541 tuum
1974 515 2001 541 et

1152 559 1254 596 cogita,
1275 562 1411 596 quantum
1434 563 1519 596 potes.
1535 559 1560 588 Si
1576 559 1648 588 enim
1670 559 1778 596 singula
1800 559 1870 588 bona
1884 559 2002 588 delecta-

1152 606 1217 635 bilia
1238 609 1318 640 sunt,
1341 607 1430 643 cogita
1451 606 1571 640 intente,
1592 614 1677 643 quam
1698 606 1859 635 delectabile
1878 606 1913 635 sit
1933 606 2003 635 illud

1153 653 1272 687 bonum,
1294 653 1368 690 quod
1390 653 1511 681 continet
1531 652 1731 681 iucunditatem
1762 653 1887 681 omnium
1916 653 2001 681 bono-

1153 708 1236 734 rum;
1263 700 1283 729 si
1307 700 1378 728 bona
1398 703 1439 728 est
1460 699 1517 728 vita
1537 703 1642 734 creata,
1664 707 1748 736 quam
1770 699 1841 728 bona
1872 703 1914 728 est
1945 700 2002 728 vita

1153 746 1291 780 creatrix;
1314 746 1335 774 si
1358 745 1480 774 iucunda
1500 749 1542 774 est
1563 746 1639 775 salus
1664 746 1751 780 facta,
1774 754 1858 783 quam
1880 745 2003 774 iucunda

1153 796 1195 821 est
1215 793 1299 826 salus,
1321 800 1393 830 quae
1413 792 1477 821 fecit
1497 800 1607 821 omnem
1628 792 1746 821 salutem
1762 793 1772 810 ⁷
1785 795 1817 820 »ἵ
1844 792 1924 829 «Qui
1952 793 2003 821 boc

1152 839 1224 868 bono
1245 839 1372 873 fruetur,
1394 839 1461 876 quid
1492 839 1531 868 illi
1563 839 1631 873 erit,
1653 843 1681 868 et
1702 839 1770 876 quid
1791 839 1828 868 illi
1851 848 1906 868 non
1928 839 2002 868 erit?

1153 886 1233 915 Certe
1254 886 1390 924 quidquid
1412 887 1485 915 volet
1506 886 1574 920 erit,
1596 886 1733 923 quidquid
1762 886 1837 915 nolet
1864 894 1918 915 non
1940 886 2002 915 erit.

1154 933 1191 962 151
1213 933 1316 970 quippe
1347 937 1431 962 erunt
1462 933 1534 962 bona
1561 933 1686 970 corporis
1714 936 1742 962 et
1762 933 1885 967 animae,
1911 933 2004 970 qualia

1153 989 1204 1009 nec
1225 980 1327 1009 oculus
1348 980 1437 1014 vidit,
1458 989 1510 1009 nee
1530 980 1618 1008 auris
1646 980 1778 1014 audivit,
1807 988 1858 1008 nee
1879 988 1930 1008 cor
1955 978 2004 1008 ho-

1153 1027 1243 1055 minis
1264 1027 1400 1055 intellexit
1411 1027 1430 1055 ⁸.
1453 1027 1509 1056 Cur
1530 1035 1606 1064 ergo,
1628 1027 1732 1055 famula
1759 1027 1818 1061 Dei,
1839 1035 1889 1064 per
1916 1027 2004 1056 multa

1154 1074 1278 1111 vagaris,
1300 1074 1459 1111 quaerendo
1490 1074 1562 1102 bona
1592 1073 1701 1102 animae
1733 1075 1797 1102 tuae
1818 1076 1846 1102 et
1878 1073 2003 1110 corporis

1154 1121 1217 1149 tui?
1238 1121 1305 1149 Ama
1325 1129 1413 1150 unum
1436 1121 1556 1155 bonum,
1579 1121 1607 1149 in
1628 1129 1684 1158 quo
1706 1123 1772 1149 sunt
1802 1120 1895 1149 omnia
1923 1120 2004 1154 bona,

1154 1170 1181 1196 et
1202 1168 1319 1202 sufficit;
1341 1168 1467 1196 desidera
1488 1168 1607 1204 simplex
1628 1167 1748 1202 bonum,
1771 1167 1846 1205 quod
1868 1169 1909 1196 est
1923 1174 2005 1196 omne

1154 1214 1274 1249 bonum,
1296 1217 1323 1243 et
1344 1218 1385 1243 est
1406 1215 1472 1243 satis
1487 1226 1514 1242 ».

1234 1263 1259 1289 7.
1290 1274 1299 1285 «
1315 1261 1352 1290 lbi
1369 1264 1410 1290 est
1425 1261 1499 1298 quod
1514 1269 1604 1296 amas,
1620 1265 1708 1290 mater
1724 1269 1793 1296 mea,
1809 1261 1883 1299 quod
1898 1261 2004 1290 deside-

1155 1316 1213 1342 ras,
1229 1308 1307 1344 virgo
1322 1308 1409 1336 beata.
1432 1308 1503 1344 Quid
1524 1316 1617 1342 amas,
1639 1310 1728 1336 mater
1749 1316 1826 1342 mea,
1841 1308 1909 1345 quid
1930 1308 2002 1337 desi-

1154 1355 1250 1389 deras,
1272 1355 1350 1392 virgo
1371 1355 1470 1384 beata?
1492 1355 1530 1383 Ibi
1545 1357 1587 1383 est
1607 1354 1743 1391 quidquid
1759 1363 1845 1389 amas,
1868 1355 2004 1392 quidquid

1154 1402 1302 1431 desideras.
1325 1402 1350 1430 Si
1373 1405 1400 1431 te
1421 1402 1538 1431 delectat
1555 1402 1744 1439 pulcritudo,
1765 1401 1919 1439 fulgebant
1933 1402 2006 1431 iusti

1154 1449 1231 1477 sieut
1250 1448 1323 1477 s0l⁰.
1347 1449 1373 1477 si
1394 1448 1512 1477 delectat
1533 1448 1621 1485 lonya
1648 1452 1675 1476 et
1694 1448 1826 1477 salubris
1858 1448 1937 1482 vita,
1966 1448 2003 1477 ibi

1155 1499 1197 1524 est
1217 1504 1284 1524 sana
1305 1496 1469 1529 aeternitas,
1492 1495 1557 1532 quia
1578 1495 1650 1523 iusti
1665 1496 1696 1523 in
1708 1498 1883 1532 perpetuum
1897 1495 2004 1530 vivent,

1155 1545 1182 1571 et
1202 1542 1286 1571 salus
1307 1542 1454 1570 iustorum
1476 1545 1596 1570 aeterna.
1619 1542 1645 1570 Si
1678 1545 1705 1571 te
1726 1542 1844 1571 delectat
1868 1542 2005 1576 satietas,

1154 1589 1358 1623 satiabantur,
1374 1597 1441 1617 cum
1455 1589 1632 1626 apparuerit
1646 1588 1745 1626 yloria
1761 1589 1813 1617 Dei
1824 1589 1865 1622 10;
1880 1589 1900 1618 si
1917 1588 2006 1618 ebrie-

1156 1640 1218 1670 tas,
1240 1636 1468 1665 inebriabuntur
1500 1635 1536 1664 ab
1565 1635 1695 1664 ubertate
1720 1636 1825 1664 domus
1848 1636 1907 1664 Dei.
1930 1635 1957 1664 Si
1979 1638 2005 1665 te

1155 1683 1272 1712 delectat
1293 1683 1388 1712 duleis
1408 1683 1548 1716 melodia,
1570 1683 1607 1711 ibi
1629 1683 1795 1720 Angelorum
1814 1683 1892 1712 chori
1914 1682 2005 1712 conci-

1155 1734 1241 1764 nunt,
1264 1730 1323 1759 sine
1344 1730 1398 1759 fine
1420 1729 1563 1759 laudantes
1584 1730 1681 1758 Deum.
1698 1730 1724 1758 Si
1746 1732 1772 1758 te
1793 1729 1910 1758 delectat
1931 1729 2006 1758 ami-

1155 1777 1242 1811 citia,
1265 1777 1302 1806 ibi
1323 1777 1415 1806 Sancti
1443 1777 1557 1814 diligent
1579 1777 1666 1806 Deum
1688 1777 1752 1813 plus
1773 1785 1857 1814 quam
1880 1784 1909 1805 se
1931 1776 2005 1813 ipsos

1155 1827 1183 1853 et
1204 1824 1321 1853 invicem
1343 1827 1476 1861 tanquam
1508 1831 1538 1852 se
1569 1824 1660 1860 ipsos,
1681 1827 1708 1852 et
1729 1823 1804 1852 Deus
1828 1823 1923 1860 diliget
1942 1823 2005 1852 illos

1155 1871 1218 1908 plus
1240 1879 1323 1908 quam
1345 1871 1383 1899 illi
1405 1878 1434 1900 se
1455 1871 1537 1908 ipsos.
1553 1871 1579 1899 Si
1595 1870 1754 1899 eoncordia
1769 1870 1901 1904 delectat,
1917 1870 2006 1899 omni-

1156 1918 1208 1947 bus
1229 1918 1283 1947 illis
1304 1918 1358 1947 erit
1379 1926 1435 1946 una
1456 1918 1597 1952 voluntas,
1619 1917 1685 1954 quia
1706 1917 1783 1946 nulla
1804 1917 1857 1946 illis
1878 1917 1933 1946 erit
1951 1917 2005 1946 nisi

1155 1965 1203 1994 Dei
1224 1965 1361 1993 voluntas.
1384 1965 1410 1993 Si
1432 1968 1459 1993 te
1479 1964 1596 1993 delectat
1617 1963 1710 1992 honor
1731 1967 1757 1992 et
1777 1963 1914 1998 divitiae,
1930 1964 2005 1993 Deus

1155 2020 1251 2040 servos
1271 2020 1337 2040 suos
1359 2015 1386 2040 et
1406 2011 1519 2040 ancillas
1540 2019 1606 2040 suas
1626 2011 1713 2040 bonos
1743 2013 1771 2039 et
1794 2010 1890 2040 fideles
1909 2019 2006 2048 supra

1155 2058 1248 2087 multa
1270 2058 1466 2092 constituet11,
1489 2058 1573 2086 immo
1593 2057 1650 2095 filii
1663 2061 1691 2086 et
1706 2057 1777 2086 filiae
1794 2057 1847 2086 Dei
1859 2057 2006 2086 vocabun-

1155 2109 1205 2134 tur
1226 2108 1253 2134 et
1277 2108 1380 2139 erunt;
1402 2105 1450 2134 ubi
1474 2105 1549 2133 Deus
1574 2105 1642 2139 erit,
1664 2104 1700 2133 151
1723 2107 1807 2133 erunt
1834 2107 1862 2133 et
1883 2104 1937 2139 illi,
1959 2103 2006 2133 he-

1154 2152 1236 2181 redes
1257 2152 1373 2190 quidem
1397 2152 1460 2185 Dei,
1483 2150 1632 2180 coheredes
1654 2155 1751 2180 autem
1776 2150 1924 2180 Christi».

1234 2199 1260 2227 8.
1287 2209 1300 2223 «ι
1315 2198 1402 2235 Quale
1422 2201 1532 2232 autem,
1553 2198 1597 2226 vel
1628 2201 1765 2235 quantum
1791 2197 1924 2235 gaudium
1947 2200 2005 2232 est,

1153 2245 1202 2274 ubi
1223 2245 1277 2274 tale
1297 2253 1329 2274 ac
1351 2248 1458 2274 tantum
1480 2247 1522 2274 est
1542 2245 1666 2273 bonum?
1688 2245 1781 2279 Certe,
1798 2245 1912 2273 Domine
1934 2244 2004 2279 Iesu,

1153 2301 1204 2321 nee
1225 2292 1327 2321 oculus
1348 2292 1437 2326 vicht,
1458 2300 1509 2321 nee
1541 2292 1629 2320 auris
1651 2292 1782 2326 audivit,
1809 2300 1861 2320 nee
1891 2292 1923 2321 in
1955 2300 2006 2320 eor

311 2459 318 2472 ¹
337 2460 394 2483 Cod.
406 2460 421 2482 F
436 2459 619 2489 praeconabilis,
637 2459 700 2488 quod
717 2459 786 2481 etiam
804 2459 898 2482 inferius
909 2466 931 2482 n.
945 2460 967 2482 5.
981 2460 1030 2482 Vat.
1043 2465 1098 2482 con-

247 2501 281 2521 tra
298 2499 340 2522 BC
359 2499 436 2522 habet.

311 2538 319 2551 ²
336 2540 392 2561 Luc.
412 2540 453 2567 1-2,
471 2539 508 2561 37.
521 2538 566 2561 Cir.
578 2544 649 2566 supra
661 2538 805 2566 Opusculum
818 2539 840 2560 ll.
854 2538 949 2567 Soliloq.
960 2544 981 2561 c.
993 2538 1014 2560 4.
1026 2545 1047 2560 5.
1062 2538 1098 2561 l2.

246 2591 277 2594 —
296 2578 406 2606 Superius
422 2584 465 2606 pro
483 2584 530 2601 non
548 2579 581 2600 est
597 2577 658 2600 alter
670 2577 718 2600 nisi
735 2578 750 2599 B
760 2577 775 2599 F
789 2583 838 2600 non
854 2578 889 2600 est
905 2576 966 2600 alter
978 2583 1063 2606 quam,
1076 2579 1099 2599 et

247 2623 290 2644 pro
307 2617 398 2640 aeterni
413 2617 456 2640 Dei
472 2616 501 2646 [C
518 2617 582 2639 addit
599 2616 692 2646 Patris]
709 2616 798 2644 Filius,
817 2616 881 2645 quod
893 2615 978 2638 babent
989 2616 1005 2638 B
1016 2616 1097 2643 CDF,

249 2656 301 2678 Vat.
316 2658 428 2679 aeternas
445 2655 488 2679 Dei
503 2655 593 2683 Filias,
611 2662 671 2684 quae
689 2656 757 2678 etiam
775 2655 870 2678 inferius
887 2661 929 2683 pro
949 2655 1097 2685 pauperibus

247 2696 269 2717 et
285 2694 380 2718 abiectis
398 2695 436 2723 (ita
456 2695 481 2724 C)
500 2695 618 2717 substituit
631 2693 780 2724 pauperibus
797 2693 899 2717 abiectis.

310 2734 318 2747 ³
337 2735 391 2757 Luc.
409 2736 451 2762 22,
470 2735 507 2757 ΞΕ).
524 2737 546 2757 01
563 2735 599 2756 30.

310 2773 319 2785 4
337 2774 420 2796 Psalmi,
437 2774 478 2799 67,
500 2774 534 2796 11.
552 2786 581 2789 —-—
598 2772 701 2795 Subinde
719 2773 830 2801 allegatur
848 2773 908 2795 loan.
925 2774 952 2800 6,
970 2773 1008 2795 52.

311 2811 320 2824 ⁵
337 2812 393 2840 Cap.
412 2813 454 2840 16,
473 2813 509 2834 20.
528 2819 576 2841 seq.
595 2813 647 2834 Post
663 2811 806 2835 suavitatem
824 2812 922 2839 Vulgata
935 2811 1096 2840 prosequitur:

249 2851 379 2873 Substantia
398 2852 459 2873 enim
477 2855 514 2874 tua
532 2851 680 2874 dulcedinem
698 2854 774 2878 tuam,
792 2857 862 2879 quam
886 2851 907 2872 in
931 2851 990 2873 filios
1013 2850 1097 2877 habes,

248 2890 397 2917 ostendebat,
420 2893 441 2913 et
464 2891 598 2913 deserviens
615 2893 658 2912 etc.
676 2890 719 2912 Pro
738 2889 762 2913 in
778 2896 803 2913 se
819 2889 943 2913 habentem
960 2889 1056 2912 BCDF
1073 2889 1098 2912 in

247 2936 272 2952 se
289 2928 383 2952 habens.
401 2941 432 2946 --
448 2929 494 2951 Csr.
517 2936 587 2957 supra
610 2929 754 2957 Opuseulum
777 2930 800 2951 ll.
824 2929 917 2958 soliloq.
937 2935 958 2951 c.
976 2929 997 2951 4.
1015 2935 1036 2950 5.
1056 2929 1096 2957 1Ι;

247 2968 305 2990 ibid.
321 2975 342 2990 n.
365 2968 398 2990 12.
415 2974 479 2997 seqq.
498 2968 571 2990 fusius
587 2968 709 2996 exponitur
726 2968 790 2996 quod
807 2968 864 2990 intra
882 2974 903 2989 5.
922 2968 944 2989 5.
962 2967 1071 2995 tangitur.

310 3006 320 3019 ⁶
337 3008 367 3029 lta
385 3007 440 3034 BC,
458 3007 508 3029 Vat.
523 3006 710 3036 praeamabilis;
727 3008 769 3029 cfr.
786 3013 857 3034 supra
880 3010 932 3029 nota
958 3007 978 3028 vl.
1003 3006 1097 3028 inferius

247 3046 264 3068 B
276 3045 345 3068 CDF
362 3046 469 3068 omittunt
485 3045 602 3075 Apostoli,
620 3048 642 3068 et
658 3046 758 3068 subinde
775 3046 858 3068 omittit
874 3045 891 3068 C
909 3045 1022 3069 caelestis.

1218 2458 1226 2471 ⁷
1244 2459 1357 2487 anselm„
1375 2459 1477 2486 Proslog.
1494 2464 1513 2480 c.
1532 2457 1569 2480 24.
1582 2458 1667 2480 Textus
1679 2450 1797 2485 originalis
1809 2457 1862 2479 hinc
1874 2457 1927 2479 iude
1939 2457 2005 2485 plura

1155 2499 1276 2521 interserit.
1294 2498 1350 2520 lbid.
1369 2504 1388 2520 c.
1406 2498 1443 2520 25.
1462 2497 1575 2520 habentur
1593 2503 1653 2526 quae
1670 2499 1808 2525 sequuntur.

1217 2537 1227 2552 ⁸
1244 2538 1315 2565 Epist.
1332 2538 1345 2559 1.
1365 2537 1417 2560 Cor.
1435 2538 1460 2565 ⁴2,
1479 2537 1501 2559 9.

1218 2575 1227 2588 ⁰
1245 2577 1320 2598 Matth.
1343 2576 1381 2604 13,
1400 2575 1437 2598 43.
1454 2588 1484 2591 —
1501 2575 1551 2597 Duo
1564 2581 1629 2604 seqq.
1641 2574 1684 2597 loci
1696 2577 1749 2597 sunt
1761 2575 1815 2601 Sap.
1830 2574 1857 2601 5,
1876 2574 1912 2596 116.
1930 2576 1952 2596 01
1969 2574 2005 2596 Ps.

1155 2616 1198 2642 36,
1215 2616 1257 2637 39:
1276 2615 1342 2637 Salus
1359 2617 1436 2637 autem
1454 2615 1567 2636 iustorum
1580 2620 1595 2636 a
1609 2613 1707 2636 Domino
1721 2613 1759 2641 (ita
1772 2613 1841 2635 etiam
1853 2615 1927 2635 textus
1938 2612 2005 2641 origi-

1154 2654 1229 2683 nalis).
1242 2654 1275 2676 lbi
1289 2654 1305 2677 C
1315 2654 1333 2676 D
1344 2654 1383 2676 EF
1396 2654 1503 2676 omittunt
1514 2654 1623 2681 aeterna,
1637 2659 1680 2681 pro
1692 2658 1739 2681 quo
1752 2652 1769 2674 B
1780 2651 1805 2674 in
1816 2653 1940 2674 aeternum.
1952 2651 2004 2675 erit.

1218 2693 1237 2706 ¹⁰
1254 2693 1336 2715 Psalm.
1354 2693 1395 2720 16,
1417 2693 1451 2714 15.
1468 2705 1499 2708 -
1517 2692 1625 2720 Sequitur
1642 2692 1678 2714 Ps.
1695 2691 1738 2718 35,
1756 2691 1777 2713 9,
1795 2703 1825 2707 -
1848 2690 1944 2712 Inferius
1962 2696 2005 2718 pro

1155 2732 1293 2760 concinunt,
1312 2732 1362 2755 sine
1378 2731 1425 2762 fine
1442 2731 1567 2754 laudantes
1584 2731 1660 2754 Deum
1678 2730 1717 2759 (ita
1735 2729 1777 2753 BC
1788 2730 1839 2758 DF)
1859 2729 1909 2751 vat.
1927 2728 2006 2752 conei-

1154 2773 1216 2795 nnnt
1231 2771 1330 2794 alleluia
1348 2770 1486 2798 laudantes,
1504 2773 1578 2793 textus
1595 2770 1713 2798 originalis
1736 2768 1864 2792 concinunt
1886 2768 1937 2792 sine
1958 2768 2005 2799 fine

1154 2811 1209 2833 Deo.
1227 2810 1330 2833 Subinde
1347 2816 1374 2832 ex
1391 2809 1459 2832 BCF
1485 2810 1647 2837 supplevimus
1669 2810 1692 2832 et
1715 2808 1814 2831 invicem
1840 2809 1956 2837 tanquam
1980 2813 2006 2831 se

1155 2849 1217 2879 ipsos
1235 2849 1274 2878 (ita
1292 2849 1360 2871 etiam
1379 2852 1452 2871 textus
1470 2848 1596 2877 originalis)
1614 2851 1637 2870 et
1648 2854 1675 2870 ex
1687 2848 1703 2869 B
1713 2847 1729 2870 C
1741 2847 1903 2870 substituimus
1914 2846 1943 2870 Si
1953 2852 2005 2869 con-

1154 2888 1237 2911 cordia
1255 2888 1353 2911 delectat
1369 2894 1411 2916 pro
1429 2887 1457 2911 Si
1472 2886 1600 2910 concordia
1617 2886 1740 2910 delectaris
1746 2894 1756 2915 ,·
1773 2892 1816 2914 pro
1834 2885 1943 2908 omnibus
1957 2884 2004 2908 illis

1154 2926 1200 2950 erit
1215 2926 1232 2949 C
1249 2926 1359 2950 omnibus
1378 2926 1426 2949 illic
1442 2926 1498 2953 erit,
1517 2929 1539 2948 et
1556 2932 1598 2954 pro
1615 2924 1685 2948 nulla
1702 2924 1750 2948 illis
1766 2924 1813 2947 erit
1829 2924 1869 2953 (ita
1886 2924 1928 2946 BF
1951 2929 2004 2946 cum

1155 2969 1216 2988 textu
1234 2966 1349 2994 originali)
1367 2965 1420 2988 Vat.
1436 2965 1506 2987 nulla
1523 2965 1567 2988 erit
1583 2964 1622 2987 ibi.

1218 3004 1236 3017 ¹¹
1255 3005 1330 3027 Matth.
1349 3004 1392 3031 25,
1409 3005 1447 3026 21.
1460 3007 1482 3026 et
1494 3005 1531 3026 23.
1543 3016 1575 3020 —
1586 3004 1639 3032 seq.
1651 3004 1716 3026 locus
1727 3006 1762 3025 est
1774 3002 1828 3025 ibid.
1841 3003 1868 3030 5,
1881 3002 1907 3030 9;
1919 3001 2005 3024 deinde

1154 3043 1276 3072 respicitur
1293 3044 1354 3066 loun.
1372 3044 1414 3070 12,
1431 3043 1475 3065 26:
1493 3042 1535 3065 Ubi
1553 3049 1605 3065 sum
1622 3048 1679 3070 ego,
1701 3042 1747 3064 illic
1768 3044 1791 3064 et
1813 3041 1916 3064 minister
1938 3046 2005 3063 meus

2016 332 2115 354 Admonui(

2020 1271 2048 1290 lbi
2057 1273 2085 1290 est
2093 1276 2122 1290 cot

2024 1295 2122 1318 plementui

2018 1318 2100 1337 omnium
2111 1319 2122 1337 d

2023 1341 2122 1361 sidet-iurat
