2133 3317
181 577 198 596 N
199 582 262 596 onum.

166 1702 268 1721 Decimum.

145 2405 275 2425 Undecimum.

282 211 337 240 538

282 289 331 317 tibi
352 288 507 317 chartulam
529 287 610 316 istam
632 289 659 315 et
680 294 770 322 nsque
791 286 825 314 ad
850 285 923 314 diem
944 285 1042 314 mortis
1067 288 1131 314 tuae

282 336 420 365 custodias
434 335 579 371 diligenter
591 345 618 361 ».
630 333 733 370 Accipit
748 333 842 361 Frater
857 333 959 361 donum
972 332 1040 361 illud
1055 335 1131 369 opta—

282 386 358 416 tum,
380 384 407 410 et
421 381 512 409 statim
528 380 617 409 omnis
632 380 678 408 illa
699 380 814 408 tentatio
835 379 982 416 effugatur.
999 380 1131 408 Servatur

282 429 390 462 littera,
412 431 439 457 et
461 436 523 456 cum
547 428 574 455 111
596 430 739 464 posterum
760 426 886 455 miranda
911 426 1047 461 effecerit,
1077 426 1133 455 vir-

284 478 377 504 tutum
398 474 533 503 Francisci
557 473 746 502 testimonium
768 473 828 501 fuit.

364 523 408 550 lo.
430 522 525 550 Frater
547 521 658 558 quidam
680 523 755 554 erat,
777 523 914 557 quantum
935 528 951 548 a
972 520 1039 549 foris
1057 520 1132 549 vide-

283 569 382 603 batur,
404 569 548 597 sanctitate
570 568 743 604 praeclarus,
773 567 981 596 conversatione
1008 567 1132 604 insignis,

283 619 374 644 tamen
396 615 546 644 admodum
572 614 728 651 singularis.
758 613 838 642 Omni
864 616 988 651 tempore
1015 614 1131 643 orationi

285 670 400 696 vacans,
422 665 499 690 tanta
520 661 692 690 districtione
708 661 848 689 silentium
864 661 1044 695 observabat,
1059 661 1133 698 quod

284 711 468 738 consueverat
488 717 543 737 non
558 708 667 742 verbis,
689 708 737 736 sed
752 707 867 736 nutibus
882 707 1016 736 confiteri.
1032 708 1134 736 Accidit

283 760 392 790 autem,
415 758 542 784 sanctum
564 755 672 784 Patrem
690 751 786 783 ve'nire
807 754 841 783 ad
856 755 947 783 locum
962 755 1056 783 videre
1070 755 1135 783 Fra-

283 806 354 831 trem
384 806 411 831 et
432 802 466 831 de
487 803 547 839 ipso
568 810 631 831 cum
653 802 714 830 aliis
734 802 877 830 Fratribus
899 802 1002 830 habere
1030 809 1134 830 sermo-

283 858 356 879 nem.
379 849 643 878 Commendantibus
664 852 757 878 autem
772 849 902 877 omnihus
916 852 943 877 et
957 848 1134 885 magnifican-

283 898 359 926 tibus
379 897 458 925 illum
481 896 623 933 respondit
644 896 687 924 vir
708 896 772 924 Dei:
800 907 814 921 «
828 896 929 930 Sinite,
951 896 1076 930 Fratres,
1100 903 1134 924 ne

284 944 352 973 mihi
375 944 402 972 10
424 952 456 972 eo
487 943 621 972 diabolica
645 943 778 980 figmenta
805 943 931 971 laudetis.
961 943 988 971 ln
1019 943 1135 971 veritate

285 991 390 1025 sciatis,
412 990 487 1028 quod
508 990 643 1019 diabolica
664 990 779 1019 tentatio
801 992 842 1018 est
862 992 890 1018 et
910 990 1035 1026 deceptio
1059 990 1136 1018 frau-

284 1038 396 1067 dulenta
412 1050 438 1066 ».
456 1038 532 1066 Dure
547 1040 715 1074 acceperunt
733 1037 785 1065 1100
800 1037 922 1070 Fratres,
938 1040 1070 1073 tanquam
1085 1037 1135 1065 im-

285 1085 415 1122 possibile
444 1085 611 1117 iudicantes,
640 1084 715 1121 quod
750 1087 789 1112 tot
822 1084 997 1120 perfectionis
1028 1084 1136 1113 indiciis

284 1132 391 1161 fraudis
422 1139 451 1160 se
483 1134 637 1160 commenta
664 1131 825 1159 fucarent1.
855 1131 959 1159 Verum
988 1139 1042 1159 non
1072 1134 1136 1167 post

285 1180 387 1208 multos
408 1179 483 1212 dies,
504 1186 536 1207 eo
558 1178 725 1215 Religionem
748 1186 875 1215 egresso,
897 1178 1038 1207 evidenter
1053 1186 1136 1215 appa-

285 1227 358 1259 ruit,
381 1229 485 1263 quanta
507 1226 658 1254 luculentia
679 1225 819 1254 interioris
847 1225 989 1254 contuitus
1017 1225 1059 1253 vir
1088 1225 1135 1254 Dei

286 1273 377 1301 cordis
398 1273 458 1301 eius
484 1275 589 1301 secreta
619 1271 771 1308 perspexit.
793 1289 832 1292 —-
853 1272 1003 1300 Multorum
1025 1280 1137 1309 quoque

286 1328 335 1357 per
351 1320 426 1348 hunc
441 1319 569 1353 modum,
586 1319 633 1355 (1111
656 1322 730 1347 stare
751 1318 932 1352 videbantur,
949 1319 1074 1353 ruinam,
1090 1318 1137 1347 sed

286 1370 313 1396 et
333 1367 458 1404 plurium
481 1374 678 1403 perversorum
701 1365 908 1394 conversionem
937 1365 971 1393 ad
995 1365 1137 1394 Christum

287 1414 419 1442 immobili
441 1413 558 1442 veritate
590 1413 803 1449 praenuntians,
832 1413 1070 1449 appropinquasse
1098 1413 1137 1441 vi-

286 1461 404 1490 debatur
419 1460 452 1489 ad
471 1463 600 1489 aeternae
623 1460 692 1488 lucis
713 1459 857 1496 speculum
880 1459 1137 1495 contemplandum,

287 1508 368 1536 cuius
400 1507 507 1544 fulgore
539 1506 658 1535 mirabili
690 1506 814 1535 absentia
846 1506 1043 1543 corporaliter,
1079 1509 1138 1534 tan-

287 1563 370 1592 quam
386 1554 408 1583 si
429 1557 521 1583 essent
541 1554 713 1590 praesentia,
736 1553 836 1582 mentis
858 1553 917 1581 eius
939 1553 1069 1581 cernebat
1090 1553 1137 1582 ob-

288 1604 366 1630 tutus
382 1602 400 1629 2.

368 1650 412 1676 ll.
435 1648 559 1684 Quodam
581 1646 702 1684 namque
723 1650 848 1684 tempore
870 1647 997 1675 vicarius
1015 1654 1084 1675 suus
1099 1649 1138 1675 te—

286 1695 369 1724 nebat
390 1695 565 1732 Capitulum,
588 1695 645 1732 ipse
664 1703 730 1723 vero
750 1694 777 1722 in
799 1694 867 1723 cella
881 1702 980 1727 orans,
995 1697 1138 1731 sequester

287 1745 347 1770 erat
368 1746 393 1770 et
414 1741 529 1770 medius
550 1742 622 1770 inter
644 1742 754 1770 Fratres
775 1743 802 1769 et
822 1741 911 1769 Deum
927 1740 946 1768 ³.
969 1740 1037 1768 Cum
1054 1740 1138 1777 igitur

288 1797 362 1818 unus
383 1797 420 1818 ex
441 1789 523 1826 ipsis,
546 1788 712 1817 defensionis
733 1788 853 1825 quodam
876 1790 1019 1816 contectus
1041 1787 1138 1824 pallio,

287 1844 342 1865 11011
364 1844 393 1865 50
414 1836 546 1865 subderet
567 1835 741 1872 disciplinae3
765 1835 860 1864 videns
880 1835 933 1863 1100
958 1834 1001 1863 vir
1027 1837 1139 1863 50001115

287 1883 313 1912 10
337 1884 453 1920 spiritu,
475 1883 583 1912 vocavit
604 1883 742 1920 quendam
758 1882 792 1911 de
813 1882 956 1910 Fratribus
977 1884 1004 1910 01
1019 1881 1091 1910 dixit
1105 1881 1139 1910 ad

288 1938 368 1959 eum:
397 1930 501 1965 «Vidi,
523 1931 634 1964 Frater,
657 1930 797 1958 diabolum
824 1937 908 1966 super
936 1929 1011 1957 illius
1036 1928 1140 1957 Fratris

289 1978 471 2007 inobedientis
486 1977 617 2012 dorsum,
634 1977 736 2006 collum
751 1977 811 2005 eius
827 1979 965 2005 tenentem
980 1975 1139 2010 astrictum,

289 2025 336 2061 qui
359 2025 406 2053 tali
429 2032 536 2054 sessore
558 2025 706 2058 subactus,
729 2024 901 2053 obedientiae
931 2023 1009 2052 freno
1030 2025 1139 2060 spreto,

288 2072 437 2100 instinctus
458 2072 518 2100 eius
539 2071 709 2108 sequebatur
731 2071 860 2099 habenas.
883 2071 916 2099 Et
933 2078 996 2099 cum
1012 2077 1139 2107 rogarem

290 2119 377 2147 Deum
400 2127 451 2155 pro
472 2119 583 2153 Fratre,
606 2118 698 2147 subito
719 2118 835 2146 daemon
852 2117 984 2146 confusus
998 2117 1139 2145 abscessit.

290 2165 364 2194 Vade
386 2166 470 2202 igitur
492 2169 519 2194 et
534 2165 577 2194 dic
592 2165 696 2199 Fratri,
718 2167 750 2193 111
764 2164 936 2193 obedientiae
951 2166 1061 2192 sanctae
1077 2163 1140 2199 iugo

291 2212 393 2241 collum
425 2212 483 2240 sine
510 2220 588 2240 mora
617 2211 803 2240 submittat».
833 2211 952 2239 1110011115
981 2218 1029 2246 per
1055 2210 1140 2238 inter-

291 2259 420 2287 nuntium
443 2260 537 2287 Frater
559 2259 708 2295 statimque
730 2265 881 2286 conversus
910 2257 944 2285 ad
972 2257 1078 2291 Deum,
1107 2256 1140 2284 ad

291 2306 374 2342 pedes
397 2306 497 2335 Vicarii
520 2305 663 2334 humiliter
685 2313 714 2333 50
736 2304 859 2341 proiecit.

372 2355 416 2381 12.
440 2353 496 2381 Alio
518 2360 630 2390 quoque
651 2355 777 2388 tempore
799 2351 928 2388 contigit,
947 2351 1017 2379 dnos
1032 2350 1141 2378 Fratres

291 2400 325 2428 ad
346 2400 536 2429 eremitorium
559 2399 665 2427 Graecii
686 2398 719 2427 de
741 2398 854 2427 remotis
875 2398 983 2432 venire,
999 2400 1028 2426 ut
1048 2397 1140 2425 virum

292 2447 340 2475 Dei
373 2449 520 2475 cernerent
547 2449 574 2475 et
599 2445 817 2474 benedictionem
842 2445 931 2473 multo
958 2444 1140 2473 desideratam

674 208 875 237 OPUSCULUM
896 207 985 236 XXIll.
1008 207 1159 236 LEGENDA
1180 207 1294 236 SANCTI
1315 208 1490 236 FRANCISCI.
1512 207 1580 236 CAP.
1604 208 1645 236 Xl.

1188 286 1242 314 iam
1264 288 1389 322 tempore
1410 288 1595 322 reportarent.
1618 286 1765 314 Venientes
1779 289 1806 314 et
1820 294 1875 314 non
1896 286 2035 315 invenien-

1189 335 1242 366 tes,
1264 333 1330 369 quia
1350 332 1384 361 de
1405 333 1517 369 publico
1538 332 1591 361 iam
1612 332 1646 360 ad
1669 332 1765 361 cellam
1794 332 1930 367 redierat,
1959 333 2036 362 deso-

1189 379 1235 407 lati
1267 379 1387 408 abibant.
1420 379 1452 407 Et
1483 387 1561 413 ecce,
1593 379 1788 408 recedentibus
1815 379 1884 413 illis,
1913 387 1976 408 cum
2004 380 2037 409 de

1189 426 1315 462 ipsorum
1335 426 1455 454 adventu
1477 427 1520 455 vel
1542 434 1655 455 recessu
1675 426 1744 454 nihil
1766 426 1918 455 secundum
1939 426 2037 455 huma-

1189 481 1257 501 num
1289 481 1401 502 sensum
1433 473 1577 509 percipere
1608 473 1758 509 potuisset,
1788 476 1898 509 praeter
1927 473 2037 502 solitum

1189 528 1295 548 morem
1315 528 1443 557 egressus
1464 528 1479 548 e
1494 520 1577 553 cella,
1599 520 1728 548 clamavit
1742 523 1803 556 post
1825 527 1871 548 eos
1892 523 1920 548 et
1933 520 2006 556 ipsos
2017 520 2037 555 4,

1189 567 1268 596 iuxta
1290 566 1364 603 quod
1386 570 1565 603 optaverant,
1587 566 1665 603 signo
1686 567 1778 595 crucis
1798 566 1870 595 facto
1890 567 1917 595 10
1937 566 2037 596 Christi

1191 614 1300 642 nomine
1322 613 1473 642 benedixit.

1273 660 1316 689 13.
1339 660 1400 688 Duo
1428 660 1537 688 Fratres
1558 662 1696 688 venerunt
1717 660 1865 696 aliquando
1892 660 1926 689 de
1954 661 2040 689 Terra

1191 707 1303 736 Laboris
1318 707 1338 741 ⁵,
1360 714 1481 743 qnorum
1511 706 1652 743 antiquior
1680 707 1813 735 nonnulla
1841 707 1935 735 intulit
1963 715 2039 735 scan-

1191 754 1252 782 dala
1280 754 1390 782 iuniori.
1419 753 1487 781 Cum
1513 756 1605 781 autem
1635 753 1826 789 pervenissent
1853 753 1887 782 ad
1916 754 2038 789 Patrem,

1191 801 1328 838 quaesivit
1350 800 1394 828 ille
1408 808 1424 828 a
1439 800 1560 834 iuniore,
1575 800 1694 837 qualiter
1710 808 1775 837 erga
1790 800 1880 837 ipsum
1903 808 1931 829 se
1946 801 2039 830 Frater

1192 848 1283 876 socius
1305 847 1447 875 habuisset
1469 847 1495 875 111
1517 847 1569 875 via.
1599 847 1659 883 Quo
1681 847 1880 883 respondente:
1914 859 1927 872 «
1942 847 2040 884 Utique

1192 894 1258 923 satis
1280 894 1349 922 bene
1364 905 1390 927 ›>‚
1407 893 1568 922 subiunxit:
1596 905 1609 918 «
1624 894 1710 928 Cave,
1732 894 1842 928 Frater,
1865 902 1899 923 ne
1914 894 1967 923 sub
1990 894 2040 923 hu-

1192 940 1315 969 militatis
1337 941 1427 977 specie
1450 940 1607 975 mentiaris,
1630 941 1686 969 5010
1707 941 1795 975 enim,
1817 941 1888 975 scio;
1917 941 1965 970 scd
1992 949 2041 970 ex-

1193 991 1285 1024 specta
1299 987 1438 1016 modicum
1454 990 1481 1016 et
1496 987 1600 1016 videbis
1611 1000 1637 1016 ».
1654 988 1768 1017 Miratus
1782 991 1824 1017 est
1838 989 2041 1025 perplurimum

1192 1035 1300 1068 Frater,
1322 1034 1461 1071 quomodo
1482 1037 1537 1062 tarn
1559 1034 1683 1062 absentia
1704 1042 1754 1071 per
1785 1035 1914 1071 spiritum
1943 1043 2041 1072 cogno-

1193 1082 1285 1110 visset.
1308 1081 1393 1118 Igitur
1415 1090 1468 1109 non
1491 1084 1553 1118 post
1574 1081 1677 1110 multos
1698 1081 1771 1115 dies,
1794 1084 1952 1118 contempta
1972 1082 2041 1111 Reli—

1193 1128 1283 1165 gione,
1304 1128 1378 1156 toras
1400 1127 1542 1164 egreditur
1564 1128 1610 1165 qui
1634 1128 1794 1157 scandalum
1823 1128 1927 1157 fecerat
1953 1129 2040 1158 Fratri

1193 1179 1220 1204 et
1242 1184 1257 1203 a
1278 1175 1357 1204 Patre
1380 1183 1433 1204 non
1456 1175 1574 1212 petierat
1594 1175 1702 1204 veniam
1725 1183 1774 1204 000
1796 1176 1976 1205 correctionis
1996 1176 2042 1205 de-

1194 1222 1278 1250 bitam
1300 1225 1444 1258 receperat
1465 1222 1645 1258 disciplinam.
1678 1222 1822 1259 Simulque
1847 1223 1902 1251 duo
1927 1223 1955 1251 in
1987 1231 2042 1251 nna

1194 1269 1268 1297 illius
1290 1269 1417 1297 claruere
1438 1269 1535 1297 ruina:
1558 1269 1683 1306 aequitas
1705 1270 1809 1298 scilicet
1829 1270 1937 1298 divinae
1964 1270 2042 1299 111511-

1194 1316 1247 1344 tiae
1269 1319 1296 1345 et
1317 1316 1513 1352 perspicacitas
1535 1316 1650 1353 spiritus
1672 1316 1841 1353 prophetiae.

1277 1363 1319 1391 lli.
1349 1363 1473 1399 Qualiter
1499 1366 1591 1391 autem
1623 1363 1784 1392 absentibus
1811 1371 1839 1392 se
1871 1366 2041 1400 praesentem

1195 1410 1340 1444 exhibuit,
1361 1410 1454 1438 divina
1476 1410 1592 1438 faciente
1613 1410 1733 1444 virtute,
1755 1410 1896 1439 evidenter
1911 1418 1947 1438 ex
1962 1418 2043 1447 supe-

1195 1456 1318 1485 rioribus
1332 1457 1342 1473 6
1365 1457 1527 1491 innotescit,
1549 1456 1571 1485 si
1593 1460 1740 1485 revocetur
1763 1457 1796 1485 ad
1818 1459 1953 1491 mentem,
1975 1465 2043 1494 qua-

1196 1504 1258 1532 liter
1279 1504 1378 1532 absens
1400 1504 1426 1531 in
1449 1512 1538 1532 curru
1560 1504 1639 1540 igneo
1659 1504 1803 1532 Fratribus
1829 1504 2044 1540 transfiguratus

1195 1550 1339 1587 apparuit,
1361 1553 1388 1578 et
1402 1550 1540 1586 quomodo
1555 1558 1584 1578 se
1599 1550 1747 1579 Arelatensi
1770 1550 1895 1587 Capitulo
1910 1550 1935 1578 in
1953 1550 2044 1579 crucis

1195 1597 1285 1633 effigie
1313 1597 1507 1633 praesentavit.
1530 1597 1608 1633 Quod
1631 1596 1732 1625 sactum
1761 1604 1821 1625 esse
1841 1597 1934 1625 divina
1953 1597 2044 1634 dispo-

1196 1644 1293 1672 sitione
1314 1643 1483 1672 credendum
1506 1646 1562 1677 est,
1585 1647 1616 1672 ut
1638 1651 1673 1672 cx
1697 1644 1868 1680 praesentiae
1893 1644 2045 1681 corporalis

1196 1691 1367 1727 apparitione
1390 1691 1508 1719 mirabili
1525 1694 1651 1727 patenter
1667 1691 1844 1725 claresceret,
1867 1699 1950 1728 quam
1966 1699 2045 1728 prae-

1196 1746 1259 1766 sens
1280 1741 1307 1766 et
1335 1737 1448 1774 pervius
1477 1738 1592 1774 spiritus
1620 1738 1680 1766 eius
1711 1738 1766 1766 luci
1795 1738 1944 1774 sapientiae
1974 1738 2045 1767 foret

1196 1788 1341 1818 aeternae,
1364 1792 1435 1821 quae
1456 1784 1592 1813 ommibus
1613 1784 1768 1813 mobilibus
1789 1784 1924 1813 mobilior
1952 1788 1992 1813 est
2019 1788 2046 1814 et

1196 1831 1302 1870 tibique
1324 1832 1469 1869 attingens
1487 1835 1608 1869 propter
1633 1832 1683 1860 sui·
1707 1832 1885 1860 nitioiditiam
1913 1841 1965 1869 per
1992 1840 2045 1860 na-

1198 1879 1288 1907 tiones
1311 1878 1339 1907 in
1362 1879 1483 1907 (mimas
1503 1882 1623 1907 sanctas
1644 1887 1673 1907 se
1695 1877 1841 1916 transfert
1861 1882 1887 1907 ct
1908 1879 1961 1907 Dei
1974 1878 2046 1907 ami-

1197 1934 1244 1954 cos
1265 1930 1291 1954 et
1308 1924 1468 1962 prophetes
1494 1925 1643 1954 constituit
1657 1926 1678 1953 ⁷.
1710 1925 1886 1962 Simplicibus
1917 1925 1991 1954 enim
2019 1928 2045 1954 01

1198 1973 1322 2010 parvulis
1343 1981 1394 2002 sua
1414 1973 1536 2010 pandere
1558 1973 1626 2002 solet
1640 1973 1772 2009 mysteria
1786 1973 1887 2002 Doctor
1901 1974 2045 2008 excelsus,

1197 2021 1269 2049 510111
1290 2020 1369 2057 1111115
1390 2020 1520 2056 apparuit
1541 2020 1569 2048 in
1589 2019 1691 2053 David,
1714 2020 1915 2056 Prophetarum
1930 2019 2045 2054 eximio,

1197 2071 1224 2096 et
1246 2071 1307 2104 post
1327 2067 1354 2095 in
1377 2067 1570 2103 Apostolorum
1593 2067 1717 2103 principe
1738 2067 1819 2095 Petro
1840 2069 1867 2095 01
1888 2066 1997 2095 tandem
2018 2066 2044 2095 in

1197 2114 1368 2150 pauperculo
1389 2113 1492 2142 Christi
1517 2113 1669 2141 Francisco.
1699 2113 1729 2141 Hi
1758 2113 1847 2147 euim,
1870 2120 1933 2142 curn
1956 2116 2047 2142 essent

1198 2161 1354 2189 litterarum
1377 2160 1516 2197 imperitia.
1536 2160 1689 2196 simplices,
1711 2159 1774 2188 facti
1796 2163 1862 2188 sunt
1883 2160 1970 2189 500011
1991 2159 2047 2196 Spi-

1198 2208 1269 2236 ritus
1290 2207 1445 2236 eruditione
1466 2207 1603 2235 illustres:
1626 2207 1648 2235 is
1669 2207 1781 2244 quidem
1801 2211 1921 2244 pastor,
1939 2210 1971 2236 ut
1985 2215 2047 2244 gre-

1197 2262 1258 2291 gem
1281 2257 1407 2291 pasceret
1428 2255 1586 2291 Synagogae
1610 2254 1643 2283 de
1665 2254 1785 2290 Aegypto
1806 2254 1939 2282 eductum
1953 2253 1979 2288 ⁸3
1996 2254 2046 2283 iste

1195 2302 1343 2339 piscator,
1365 2304 1397 2329 ut
1418 2309 1546 2338 sagenam
1562 2302 1683 2337 repleret
1705 2301 1840 2329 Ecclesiae
1870 2300 2047 2329 multiformi-

1198 2352 1253 2378 tate
1274 2349 1462 2383 credentium3
1486 2348 1530 2377 hic
1551 2351 1644 2377 autem
1666 2348 1846 2385 neyotiator,
1868 2351 1900 2377 ut
1924 2356 2047 2385 1111ον901-

1198 2396 1290 2424 ritem
1310 2400 1413 2424 emeret
1435 2395 1608 2432 evangelicae
1630 2395 1717 2429 vitae,
1739 2394 1857 2423 venditis
1875 2397 1902 2423 et
1916 2395 2047 2431 dispersis

1198 2443 1328 2471 omnibus
1350 2445 1464 2479 propter
1486 2442 1635 2470 Christum.

294 2617 369 2645 (thau,
388 2618 426 2638 csr.
445 2622 514 2644 supra
535 2622 588 2643 pag.
606 2616 664 2643 515γ
682 2618 735 2637 11010
753 2615 783 2643 5.)
797 2616 852 2637 etin
868 2615 913 2637 fine
930 2615 1048 2638 additum:
1066 2615 1142 2637 Domi-

293 2662 337 2678 nus
355 2655 476 2678 benedicat
490 2656 592 2677 Fratrem
605 2656 713 2677 Leonem.
725 2667 756 2671 —
769 2654 824 2677 Cod.
843 2656 848 2677 l
867 2654 1049 2677 benedictionem
1063 2660 1141 2677 snam.

295 2695 390 2717 Interius
407 2701 449 2722 pro
468 2694 557 2723 Accipit
574 2694 628 2717 edd.
645 2693 746 2723 Accepit.

356 2734 364 2746 ¹
383 2734 433 2756 Vat.
452 2740 505 2756 cum
523 2733 560 2755 ed.
579 2734 586 2755 1
608 2733 739 2762 fuscarent.

356 2772 364 2784 2
383 2772 428 2795 Ct'r.
446 2772 581 2800 Wadding„
593 2773 634 2794 loc.
653 2773 698 2798 cit„
716 2772 743 2794 ad
762 2778 798 2793 an.
816 2772 884 2798 1220,
902 2778 924 2793 n.
943 2771 984 2798 333
997 2770 1051 2793 ibid.
1068 2776 1090 2792 11.
1104 2771 1141 2793 32.

295 2812 323 2834 dc
346 2818 393 2841 seq.
416 2813 487 2839 sacto,
506 2815 527 2834 et
546 2812 687 2839 insinuatur,
714 2811 832 2833 Vivarium
856 2811 925 2833 tuisse
948 2811 1039 2832 Petrum
1063 2809 1142 2832 Catha-

295 2851 367 2872 nium.

357 2889 366 2902 ³
383 2890 449 2912 Deut.
468 2890 493 2917 5,
512 2890 536 2918 5,
554 2889 593 2912 ubi
611 2890 701 2917 Moyses
724 2890 767 2911 ait:
793 2890 841 2916 Ego
863 2891 981 2917 sequester
1006 2891 1028 2911 et
1051 2888 1142 2910 medius

296 2929 326 2951 tui
344 2929 402 2950 iuter
420 2929 541 2950 Dominum
563 2932 584 2950 et
602 2935 650 2951 vos.
676 2941 706 2944 —
732 2928 826 2950 inferius
851 2934 893 2955 pro
916 2927 991 2957 pallio
1017 2927 1071 2949 edd.
1089 2926 1143 2956 pal-

296 2966 358 2990 tiolo.

358 3006 367 3018 ⁴
386 3007 435 3028 Vat.
454 3012 506 3028 cum
524 3007 561 3028 ed.
580 3007 588 3028 11
610 3007 692 3029 00111111
709 3005 779 3035 ipsos.

1262 2613 1271 2626 5
1288 2614 1361 2641 Regni
1380 2613 1521 2641 Neapolitani
1538 2612 1657 2640 provincia
1675 2612 1697 2633 10
1720 2617 1759 2634 ora
1780 2611 1848 2633 maris
1872 2612 1992 2639 Tyrrheni.
2015 2623 2045 2627 —

1199 2653 1243 2676 Csr.
1262 2653 1397 2680 Wadding„
1415 2653 1457 2674 loc.
1475 2653 1520 2678 cit,
1537 2651 1566 2673 ad
1585 2657 1620 2673 an.
1643 2651 1713 2677 1218,
1731 2657 1752 2673 n.
1773 2650 1792 2672 1.

1261 2691 1270 2704 ⁵
1287 2691 1342 2719 Cap.
1362 2691 1382 2713 li.
1401 2697 1422 2712 n.
1442 2691 1462 2712 4..
1480 2693 1503 2712 et
1525 2691 1558 2712 10,

1263 2730 1271 2742 ⁷
1289 2732 1343 2758 Sap.
1360 2730 1386 2758 7,
1405 2729 1441 2752 24.
1460 2732 1482 2751 et
1507 2730 1544 2751 27.
1571 2741 1599 2745 --—
1625 2729 1702 2751 11101111.
1730 2729 1768 2754 ll,
1792 2728 1834 2750 25:
1858 2728 1972 2750 Confiteor
1995 2728 2046 2756 tihi,

1198 2770 1275 2796 Pater,
1295 2769 1391 2791 Domine
1408 2768 1463 2790 caeli
1482 2771 1504 2790 et
1522 2771 1607 2795 terrae,
1625 2768 1679 2796 quia
1696 2766 1835 2789 abscondisti
1854 2768 1910 2789 haec
1926 2773 1939 2789 a
1959 2767 2046 2795 sapien-

1199 2809 1261 2831 tibus
1277 2811 1299 2830 et
1315 2807 1469 2836 prudentibus
1486 2810 1508 2829 et
1525 2807 1630 2829 revelasti
1648 2813 1675 2829 ea
1692 2806 1803 2834 parvulis.
1820 2819 1851 2823 —
1868 2807 1920 2828 Post
1932 2805 2046 2835 Simplici-

1199 2847 1242 2871 bus
1260 2848 1309 2869 Vat.
1327 2853 1381 2869 cum
1399 2847 1435 2869 ed.
1454 2847 1462 2868 1
1485 2846 1568 2868 omittit
1585 2845 1655 2868 zuzim.

1262 2884 1271 2898 Β
1288 2885 1350 2908 Libr.
1368 2886 1391 2907 11.
1408 2886 1467 2912 Reg.
1484 2885 1511 2912 5,
1524 2885 1550 2906 2:
1563 2884 1597 2906 Tu
1611 2889 1691 2911 pasces
1709 2884 1821 2911 populum
1836 2890 1912 2905 meum
1926 2883 1992 2905 lsrael
2003 2885 2045 2905 etc.

1199 2926 1275 2947 11101111.
1292 2925 1330 2951 13,
1344 2924 1419 2946 45-47.
1432 2924 1570 2946 assimilatur
1585 2929 1683 2950 reguum
1696 2923 1812 2945 caelorum
1825 2921 1968 2951 negotiatori
1978 2928 2046 2950 quae-

1199 2964 1257 2986 renti
1275 2963 1348 2986 bonas
1371 2963 1506 2991 margaritus
1524 2965 1579 2990 ete,
1597 2965 1619 2985 et
1635 2967 1738 2991 50901100
1755 2961 1838 2984 0115500
1856 2961 1878 2983 10
1895 2967 1958 2983 mare
1976 2963 1998 2983 et
2019 2966 2045 2982 ex

1200 3003 1263 3025 omni
1282 3008 1368 3030 genere
1386 3002 1483 3029 piscium
1502 3001 1658 3029 congreganti.

2066 667 2125 689 Duoui.

2073 1368 2098 1387 Ex
2116 1369 2133 1388 011

2066 1392 2099 1419 ctis
2112 1392 2132 1421 '1¹⁶¹

2067 1420 2099 1434 510.
2113 1426 2114 1439 1

2113 1444 2114 1459 l
