2133 3317
9 807 84 828 Tertius.

0 1552 31 1572 11οι
35 1554 86 1572 actus

0 1576 65 1596 11113113.

0 1925 6 1945 i
13 1925 80 1951 duplici

0 1950 82 1992 ’,11111

0 1995 54 2016 nitur.

577 205 773 234 OPUSCULUM
794 205 836 233 XI.
858 205 1019 234 APOLOGIA
1040 206 1221 236 PAUPERUM.
1243 207 1311 235 CAP.
1335 207 1375 235 111.

15 297 86 318 primus.
103 284 246 321 Scriptura
266 291 345 313 sacra
364 283 515 319 descripta:
537 290 593 311 una
617 282 729 319 quidem
750 283 946 317 necessitatis,

102 332 136 361 de
155 338 211 368 qua
232 331 258 358 in
274 330 489 359 Deuteronomio
502 330 525 357 ¹:
548 328 700 366 Perfectus
721 329 780 357 eris
794 332 819 357 et
840 329 947 367 absque

100 377 219 407 macuta
239 384 341 406 coram
363 376 485 405 Domino
509 376 564 404 Deo
586 379 650 409 tuo‚·
670 375 779 404 Glossa:
806 386 820 400 α
833 375 947 413 Absque

102 424 219 454 macula
239 423 374 452 criminali
391 435 418 451 1›.
441 423 472 451 Et
493 423 527 451 de
547 423 599 451 hac
620 422 737 459 Prosper
751 422 785 450 de
806 422 867 450 Vita
882 429 947 450 con-

102 470 296 508 temptativa2:
323 482 337 496 «ι
352 469 465 499 Perfecti
488 472 553 498 sunt
574 469 620 506 qui
643 468 760 497 volendo
774 468 847 505 quod
873 468 947 497 Deus

101 518 160 547 vult
180 517 264 546 nullis
283 517 415 554 peccatis,
431 516 534 554 quibus
554 515 712 549 offenditur,
727 515 945 552 acquiescunt».

80 581 137 593 .—
162 564 287 593 Secunda
307 566 349 593 est
373 563 505 600 perfectio
529 561 811 600 supererogationis,
833 561 867 590 de
891 569 947 598 qua

100 612 127 641 in
147 610 321 640 Mattiaco-³:
344 611 378 639 Si
396 610 441 638 vis
458 608 606 647 perfectus
626 617 698 642 esse,
720 609 793 637 vade
814 611 840 636 et
859 608 947 636 vende

99 658 212 692 omnia,
234 665 309 696 quae
329 656 433 691 ltabes,
454 660 479 685 et
493 656 532 685 cta
550 655 742 693 pauperibus
757 655 796 684 De
818 655 869 684 hac
887 654 947 683 Hie-

99 711 231 741 ronymus
261 704 296 732 ad
326 703 519 733 Heliodorum:
545 714 559 728 a
575 702 714 731 Perfectus
745 709 843 731 servus
867 701 947 730 Chri-

100 751 134 780 sti
165 751 234 779 nihil
265 754 375 787 praeter
400 750 542 779 Christum
573 749 675 783 habet,
707 751 756 777 aut
786 748 946 785 sipraeter

100 799 191 835 ipsum
212 797 317 834 aliquid
338 797 434 831 habet,
455 796 595 833 perfectus
622 804 677 825 non
698 798 739 824 est
753 807 780 823 n.
803 812 839 815 —
855 795 946 824 Tertia

99 844 230 882 perfectio
250 847 292 873 est
311 844 465 872 ultimatae
478 843 684 881 plenitudinis,
705 842 739 871 de
760 850 816 879 qua
834 842 946 878 Sapiens

98 893 125 921 in
147 891 340 920 Proverbiis4:
362 891 515 919 Iustorum
541 889 646 918 semita
666 889 755 927 quast
782 888 833 917 lux
853 888 946 925 spten-

99 938 167 967 dens
182 937 285 966 crescit
307 941 333 966 et
345 937 477 974 procedit
496 945 588 975 usque
613 936 653 964 act
671 935 833 973 perfectam
854 935 945 969 (ticon,

98 983 125 1013 id
139 987 180 1013 est
200 984 308 1013 divinae
329 983 442 1012 visionis
462 983 593 1020 fulgidam
615 982 776 1011 claritatem.
797 982 828 1010 Et
842 982 875 1010 de
895 982 946 1010 1130

97 1031 266 1068 Augustinus
293 1030 383 1067 primo
414 1030 646 1067 soliloquiorum:
673 1040 687 1054 α
709 1029 794 1063 Vere,
825 1028 946 1065 perfecta

97 1078 187 1108 virtus
207 1080 249 1106 est
276 1077 348 1106 ratio
369 1077 533 1114 perveniens
561 1084 650 1113 usque
678 1076 712 1105 ad
737 1076 833 1109 finem,
862 1083 944 1112 quem

97 1125 176 1154 beata
195 1124 251 1153 vita
272 1124 452 1161 consequitur
467 1135 493 1152 ».

175 1171 201 1200 3.
224 1171 315 1200 Prima
342 1171 427 1208 igitur
455 1173 482 1199 et
509 1170 629 1199 secunda
660 1169 792 1207 perfectio
818 1177 834 1198 a
865 1169 946 1198 tertia

97 1217 243 1252 differunt,
265 1217 337 1246 sicut
364 1217 495 1246 meritum
517 1217 610 1246 differt
636 1225 653 1245 a
676 1216 799 1253 praemio
810 1216 830 1244 ⁵.
860 1216 945 1244 Media

97 1272 208 1302 quoque
222 1264 314 1293 differt
334 1272 350 1292 a
370 1264 472 1301 prima,
488 1264 560 1292 sicut
573 1263 753 1300 distinguitur
768 1263 913 1292 consilium
928 1270 945 1291 a

96 1313 251 1349 praecepto.
270 1311 368 1339 Omnia
382 1318 461 1345 vero,
478 1313 532 1339 tam
554 1313 701 1347 praecepta
720 1317 803 1347 quarn
818 1310 944 1344 consilia,

96 1358 257 1388 referuntur
278 1358 312 1387 ad
327 1358 449 1387 caritatis
463 1357 537 1386 1111116
553 1357 739 1394 impletionem
754 1360 781 1385 et
795 1357 944 1385 observan-

96 1405 175 1440 tiam,
195 1413 279 1442 quam
300 1404 339 1433 sic
359 1404 490 1433 describit
511 1404 656 1441 Apostolus
676 1403 711 1432 ad
732 1403 906 1432 Timotheum
919 1403 943 1431 ⁶:

98 1452 216 1482 Caritas
247 1455 288 1480 est
317 1451 387 1488 finis
410 1451 560 1489 praecepti
586 1451 620 1479 cte
644 1451 729 1479 corde
757 1459 849 1487 puro,
878 1458 944 1479 con-

96 1499 217 1528 scientia
238 1499 313 1528 bona
334 1503 359 1528 et
379 1498 435 1535 fide
455 1507 514 1527 non
534 1497 617 1534 ficta,
639 1497 782 1526 insinuans
807 1497 944 1534 triplicem

97 1549 189 1575 actum
210 1545 345 1580 caritatis,
367 1545 492 1574 videlicet
520 1545 667 1573 declinare
691 1543 786 1578 mata,
807 1544 947 1582 prosequi

97 1592 172 1621 bona
193 1595 220 1620 et
242 1592 386 1628 patienter
413 1590 492 1628 ferre
512 1591 647 1620 ctdversa.
670 1591 736 1619 Nam
764 1594 878 1627 propter
898 1591 945 1620 de-

96 1639 269 1668 clinationem
293 1638 430 1667 malorum
452 1638 553 1667 dicitur
568 1638 601 1666 (le
616 1638 701 1666 corde
716 1646 809 1674 ραν-0,·
831 1640 945 1675 propter

95 1685 317 1722 prosecutionem
331 1685 477 1719 bonorum,
489 1685 523 1714 (Ie
535 1684 710 1713 conscientia
725 1684 800 1713 bona
805 1695 815 1718 ;
830 1687 945 1722 propter

96 1732 268 1761 tolerantiam
287 1732 468 1761 adversorum
479 1755 486 1766 ,
507 1732 541 1761 (Ie
558 1731 615 1768 fide
635 1739 693 1759 non
710 1731 797 1768 ficta,·
814 1731 908 1760 Glossa
920 1731 943 1760 ⁷:

99 1790 113 1804 α
128 1778 156 1807 111
184 1781 300 1807 estnon
328 1778 404 1807 fictili
433 1778 476 1807 vel
504 1778 606 1815 fragili,
634 1777 681 1806 sed
710 1780 806 1806 contra
829 1777 945 1806 adversa

95 1825 158 1854 forti
174 1837 201 1853 1).
717 1849 720 1853 .

174 1872 201 1901 [ι.
224 1873 294 1909 Quia
315 1880 381 1901 vero
402 1872 448 1901 hic
469 1871 572 1908 triplex
593 1871 715 1900 caritatis
736 1874 815 1900 actus
833 1870 943 1899 duobus

96 1919 184 1948 modis
205 1919 240 1948 ab
254 1919 352 1948 habitu
372 1919 485 1948 virtutis
499 1918 654 1955 egreditur,
676 1918 718 1946 vel
740 1917 892 1946 secundum
908 1917 943 1946 te-

95 1974 160 2003 yem
178 1966 328 2003 praecepti
344 1969 372 1995 et
398 1965 571 2002 obligationis
592 1965 762 1994 necessariae
783 1967 811 1993 et
831 1964 943 1993 univer-

97 2013 177 2048 salis,
205 2013 249 2042 vel
276 2013 429 2042 secundum
459 2012 546 2050 leyem
574 2011 689 2040 consilii
715 2014 743 2040 61
770 2011 943 2048 obligationis

96 2063 261 2097 spontaneae
282 2062 309 2088 et
330 2059 468 2096 specialis,
490 2062 517 2088 et
545 2066 663 2095 sequens
684 2057 800 2087 includit
820 2057 941 2094 primum

95 2109 122 2135 et
142 2106 318 2143 superaddit,
339 2108 475 2143 quantum
491 2105 656 2142 possibilitas
670 2104 784 2133 viatoris
804 2104 941 2133 admittit:

94 2153 159 2182 hinc
180 2156 234 2188 est,
263 2153 337 2190 quod
358 2152 510 2182 secundum
539 2160 602 2181 cum
631 2151 721 2189 primo
748 2151 850 2180 dicitur
874 2159 941 2188 pcr-

1794 207 1850 236 245

1002 282 1126 320 fectum,
1155 285 1275 321 primum
1302 292 1368 313 vero
1395 285 1499 322 absque
1521 284 1657 318 secundo,
1679 292 1850 322 quamquam

1003 330 1038 358 sit
1052 331 1171 367 quodam
1187 331 1267 360 modo
1281 332 1450 368 perfectum,
1472 335 1600 368 respectu
1624 335 1715 360 tamen
1736 331 1850 361 secundi

1002 376 1103 405 (11011111
1125 377 1341 415 imperfectum,
1363 378 1434 407 sicut
1454 379 1520 407 dicit
1541 379 1701 408 Ambrosius
1729 378 1756 407 in
1779 378 1850 407 libro

1002 422 1036 450 de
1057 422 1173 457 Officiis,
1195 424 1222 452 in
1244 425 1408 453 auctoritate
1426 425 1547 462 capitulo
1568 425 1764 462 111360611611118
1786 432 1850 461 pro-

1002 468 1098 504 posita.
1121 469 1189 497 Cum
1210 470 1295 506 igitur
1323 470 1356 499 de
1384 471 1551 507 perfectione
1579 471 1736 508 evangelica
1764 470 1851 508 loqui—

1003 522 1067 543 mur
1104 515 1255 544 secundum
1285 524 1459 545 communem
1494 518 1699 554 acceptionem,
1737 518 1770 547 de
1798 518 1850 547 hac

1002 561 1091 589 media
1112 561 1299 598 intelligimus.
1329 563 1360 591 Et
1380 563 1535 592 istiusmodi
1563 564 1738 601 perfectionis
1759 564 1850 593 notifi-

1003 607 1137 636 cationem
1159 616 1193 637 ex
1221 609 1450 644 praecedentibus
1471 611 1599 647 colligere
1620 619 1780 647 possumus,
1810 611 1850 639 vi-

1002 654 1101 683 delicet
1132 655 1206 692 quod
1228 656 1286 692 ipsa
1307 656 1341 684 sit
1372 656 1548 686 conformitas
1568 658 1681 687 viatoris
1709 658 1742 686 ad
1770 658 1850 687 Chri-

1003 703 1077 729 stum
1097 709 1146 738 per
1172 702 1251 730 illum
1266 702 1378 730 virtutis
1394 702 1532 737 habitum,
1554 712 1610 740 quo
1625 705 1850 741 supererogative

1002 747 1177 777 declinantur
1209 749 1293 783 mala,
1326 749 1486 778 efficiuntur
1517 750 1588 779 bona
1615 754 1642 779 et
1669 752 1850 787 perferuntur

1002 793 1126 823 adversa.
1150 794 1177 822 ln
1200 795 1243 823 his
1265 803 1384 832 namque
1407 795 1497 824 tribus
1518 799 1574 825 tres
1596 800 1688 833 partes
1713 797 1850 834 evangeli-

1002 847 1050 869 cae
1071 841 1246 877 perfectionis
1266 842 1428 870 consistunt.

1082 888 1107 915 5.
1124 888 1220 922 Porro,
1236 896 1299 917 cum
1314 896 1350 917 ex
1365 889 1550 917 conversione
1564 890 1737 918 inordinata
1751 890 1784 919 ad
1799 891 1849 919 tri-

1002 935 1067 972 plex
1086 934 1189 963 honum
1211 935 1421 969 commutabile,
1443 936 1546 964 scilicet
1564 937 1708 970 exterius,
1724 937 1848 966 interius

1002 984 1029 1010 et
1041 980 1178 1018 inferius,
1190 989 1271 1010 omne
1283 986 1425 1018 peccatum
1439 982 1530 1010 trahat
1540 983 1684 1019 originem,
1696 983 1849 1012 secundum

1002 1028 1252 1065 concupiscentiam
1273 1028 1435 1063 oculorum,
1458 1029 1616 1066 snperbiam
1639 1030 1709 1058 vitae
1737 1033 1764 1058 61
1785 1038 1849 1058 0011-

1002 1075 1198 1112 cupiscentiam
1215 1075 1306 1104 carnis
1321 1076 1347 1109 9;
1370 1079 1395 1104 01
1414 1076 1482 1104 haec
1498 1076 1550 1104 tria
1566 1076 1644 1104 vitari
1661 1076 1780 1105 habeant
1795 1084 1848 1105 non

1002 1122 1092 1151 solum
1113 1125 1249 1159 quantum
1275 1122 1308 1151 ad
1335 1126 1428 1152 actum
1458 1126 1485 1151 et
1512 1131 1697 1157 consensum,
1719 1123 1792 1160 quod
1820 1123 1850 1152 fit

1002 1177 1051 1207 per
1073 1169 1191 1198 virtutes
1219 1169 1272 1198 illis
1299 1170 1451 1206 oppositas,
1478 1177 1575 1198 verum
1601 1170 1683 1198 etiam
1713 1171 1849 1207 quantum

1001 1216 1035 1245 ad
1056 1216 1252 1250 occasionem,
1275 1219 1302 1245 et
1328 1216 1380 1245 hoc
1401 1216 1512 1254 quidem
1542 1217 1576 1245 sit
1608 1217 1792 1253 promotivum
1823 1217 1850 1246 in

1002 1262 1101 1291 merito
1123 1265 1150 1290 et
1164 1263 1314 1299 expediens
1328 1263 1361 1291 ad
1377 1263 1493 1292 salutem
1510 1263 1700 1300 perfectionis:
1720 1263 1850 1300 magister

1001 1309 1129 1338 Christus
1156 1309 1190 1337 ad
1217 1310 1337 1346 perfecte
1362 1310 1555 1339 declinandum
1584 1310 1848 1347 concupiscentiam

1001 1355 1152 1384 oculorum
1175 1356 1309 1390 consulit,
1331 1356 1405 1393 quod
1427 1356 1495 1385 haec
1516 1356 1608 1384 onmia
1629 1357 1791 1392 temporalia
1806 1364 1850 1385 re-

1002 1402 1177 1439 linquantur,
1199 1402 1352 1431 secundum
1375 1402 1442 1431 illud
1465 1403 1591 1431 Matthaei
1610 1403 1646 1431 ¹⁰:
1670 1403 1702 1431 Si
1721 1403 1765 1431 vis
1783 1411 1850 1440 per-

1000 1448 1093 1486 fectas
1113 1457 1172 1477 esse
1192 1452 1243 1478 etc.
1266 1449 1303 1478 Ad
1325 1450 1445 1486 perfecte
1465 1449 1659 1479 declinandum
1680 1450 1850 1487 superbiam

1001 1496 1077 1524 vitae
1098 1496 1207 1530 suadet,
1226 1496 1300 1533 quod
1315 1496 1442 1525 voluntas
1457 1497 1569 1534 propria
1583 1497 1748 1534 abnegetur,
1771 1497 1850 1525 iuxta

1001 1543 1068 1571 illud
1091 1543 1233 1572 Matthaei:
1258 1543 1317 1579 Qui
1337 1543 1398 1572 vult
1418 1544 1515 1572 ventre
1532 1547 1598 1580 post
1612 1552 1656 1572 me
1670 1543 1787 1581 abneget
1807 1552 1850 1572 se-

1001 1590 1163 1626 metipsum.
1180 1590 1216 1618 Ad
1232 1590 1352 1627 perfecte
1373 1590 1565 1620 declinandum
1585 1591 1849 1628 concupiscentiam

1001 1637 1104 1665 carnis
1134 1637 1245 1671 edocet,
1274 1637 1347 1674 quod
1376 1638 1465 1666 omnis
1496 1638 1669 1674 experientia
1696 1637 1848 1666 secundum

1001 1686 1093 1712 actum
1112 1684 1286 1721 gener-ativae
1301 1684 1438 1721 potentiae
1453 1684 1646 1718 abscindatur,
1661 1684 1699 1713 sic
1721 1684 1849 1721 inquiens

1002 1730 1029 1759 in
1051 1730 1202 1759 Matthaeo:
1225 1730 1298 1759 Sunt
1327 1729 1469 1765 eunuchi,
1501 1731 1553 1768 qui
1581 1739 1611 1759 se
1642 1733 1849 1759 castraverunt

998 1779 1120 1814 propter
1135 1785 1259 1814 ‘requam
1273 1777 1437 1811 caelorum;
1451 1777 1504 1815 qui
1515 1780 1605 1814 potest
1619 1785 1722 1814 capere
1740 1777 1846 1814 capiat.

1000 1840 1039 1844 —
1050 1824 1077 1852 ln
1095 1824 1145 1852 hac
1160 1824 1245 1861 igitur
1256 1824 1357 1860 triplici
1372 1824 1597 1861 supererogativa
1607 1824 1787 1853 declinatione
1799 1823 1848 1852 tri-

999 1870 1097 1899 formis
1117 1871 1231 1907 originis
1255 1871 1344 1899 omnis
1362 1871 1425 1899 mali
1445 1871 1561 1908 primam
1583 1874 1690 1908 partem
1711 1870 1848 1907 evangeli-

1000 1925 1047 1946 cae
1077 1917 1252 1954 perfectionis
1280 1918 1442 1951 consistere,
1468 1921 1495 1946 et
1520 1925 1598 1946 sacra
1619 1917 1762 1954 Scriptura
1782 1917 1848 1946 insi—

999 1966 1079 1998 nuat,
1098 1966 1126 1993 et
1140 1964 1198 1993 veri
1219 1964 1346 1993 doctores
1367 1968 1513 1999 astruunt,
1536 1967 1563 1993 et
1582 1964 1667 1993 sancti
1691 1965 1783 1993 Patres
1803 1971 1848 1993 re—

999 2010 1131 2047 ligionum
1153 2011 1325 2040 institutores
1346 2011 1493 2040 affirmant.

1079 2058 1104 2085 6.
1127 2057 1251 2086 Secunda
1271 2065 1338 2086 vero
1352 2057 1527 2094 perfectionis
1541 2065 1605 2095 pars
1620 2057 1743 2086 consistit
1757 2057 1784 2086 in
1800 2065 1846 2086 su·
1859 2066 1977 2114 bfficugggii

998 2104 1190 2141 pererogativa
1207 2104 1408 2141 prosecutione
1423 2104 1581 2138 bonorum,
1604 2112 1674 2142 quae
1693 2104 1845 2133 secundum
1870 2113 1974 2160 cffugiggss·

998 2150 1136 2188 duplicem
1152 2151 1253 2185 vitam,
1268 2150 1371 2180 scilicet
1392 2151 1519 2180 activam
1535 2153 1562 2180 et
1576 2151 1845 2188 contemplativam,

160 2293 167 2306 ¹
187 2293 243 2322 Cap.
265 2294 302 2322 18,
325 2294 361 2320 13,
379 2293 418 2316 ubi
436 2300 479 2322 pro
497 2299 578 2316 corum
598 2294 695 2321 Vulgata
708 2299 776 2322 cum,
794 2294 942 2322 Septuaginta

95 2336 170 2355 autem
194 2333 315 2356 omittite!
338 2332 426 2362 ubsque
451 2332 555 2355 macula.
573 2333 650 2354 Glossa
677 2333 700 2354 in
724 2333 785 2354 hunc
810 2333 885 2355 10011111
909 2335 942 2355 est

95 2371 157 2400 apud
174 2372 290 2399 Lxranum
303 2371 470 2394 interlinearis.

157 2409 166 2423 ²
184 2410 245 2433 Libr.
263 2411 294 2433 111,
312 2417 331 2433 0.
354 2410 386 2433 15.
404 2417 427 2433 11.
446 2410 472 2432 4:
494 2410 530 2432 Sic
551 2416 607 2438 ergo
624 2412 722 2438 possunt
743 2409 765 2432 iu
782 2411 825 2432 1130
847 2410 894 2432 vita
912 2410 941 2432 1111

96 2455 147 2472 esse
163 2450 270 2478 perfecti,
288 2450 328 2478 qui
345 2451 445 2478 pei-secte
457 2449 555 2477 diligunt
572 2449 658 2476 Deum;
676 2451 698 2471 et
709 2449 738 2471 1111
757 2449 855 2476 perfecte
869 2449 942 2471 Deum

95 2489 205 2517 diligunt,
223 2489 264 2518 qui
285 2488 384 2511 volendo
401 2488 464 2517 quod
488 2488 537 2510 vult
554 2488 627 2515 Deus,
650 2490 672 2510 et
694 2487 793 2510 nolendo
810 2487 873 2516 quod
896 2493 940 2510 non

95 2527 155 2555 vult,
174 2533 216 2550 uec
233 2527 284 2550 ullis
301 2528 401 2555 peccatis
418 2530 461 2549 etc.
479 2526 533 2555 (Cfr.
551 2532 621 2554 supra
639 2532 692 2554 pag.
714 2527 767 2553 112,
785 2529 836 2548 nota
853 2525 894 2554 7.).

158 2565 167 2578 ³
184 2565 240 2594 Cap.
259 2566 301 2594 ⁴9,
319 2566 356 2589 21.
372 2578 404 2583 -·
422 2566 536 2588 Sententia
554 2566 645 2588 Hieron.
663 2565 760 2588 habetur
777 2565 800 2587 in
817 2565 886 2593 Epist.
908 2564 942 2586 lsi.

96 2604 161 2633 (alias
179 2605 210 2634 l.)
228 2611 250 2627 n.
268 2605 288 2627 6.

157 2643 167 2655 ⁴
184 2643 240 2671 Cap.
253 2643 279 2670 4,
292 2644 368 2666 18.-
379 2644 410 2666 De
422 2643 553 2666 definitione
565 2644 680 2671 perfectae
691 2643 782 2665 virtutis
793 2649 819 2665 ex
832 2644 941 2670 August,

95 2683 110 2705 Ι.
128 2683 220 2711 soliloq.
238 2689 258 2705 0.
275 2683 297 2705 6.
314 2689 336 2705 n.
356 2683 397 2710 Ἰ13,
413 2684 454 2705 cfr.
471 2689 541 2710 supra
559 2688 612 2710 pag.
630 2682 687 2710 240,
704 2684 757 2704 nota
774 2681 798 2704 7.

158 2721 167 2733 ⁵
185 2722 248 2744 Sicut
264 2722 333 2744 etiam
350 2722 425 2744 differt
442 2721 514 2749 gratia
532 2727 544 2743 a
562 2721 646 2749 gloria3
664 2722 703 2743 cfr.
721 2721 818 2747 Bonav.,
835 2721 858 2742 11.
877 2721 939 2743 Sent.

96 2760 119 2783 d.
135 2760 173 2783 27.
189 2766 210 2782 3.
232 2761 250 2783 1.
267 2767 290 2789 q.
308 2761 329 2783 3.

159 2798 170 2812 ⁶
186 2799 258 2827 Epist.
275 2801 291 2822 l.
310 2805 330 2822 0.
348 2800 374 2826 i,
391 2799 412 2822 5.
436 2799 481 2822 Csr.
498 2800 607 2827 August.,
629 2799 644 2821 l.
662 2799 691 2821 de
714 2799 790 2820 Doctr.
807 2797 941 2824 christiana,

95 2844 116 2861 c.
133 2838 169 2861 40.
187 2844 210 2860 n.
229 2838 265 2860 44.
283 2841 306 2861 et
321 2839 422 2860 Enarrat.
440 2838 465 2861 ΙΙ.
482 2838 503 2860 111
522 2839 557 2861 Ρ6.
574 2838 613 2860 31.
629 2844 652 2860 n.
677 2837 699 2859 5.
723 2843 785 2866 seq,
808 2836 847 2859 ubi
873 2836 941 2859 etiam

96 2877 164 2900 dicit:
182 2877 242 2905 Quid
259 2877 319 2899 euim
337 2877 390 2900 facit
405 2877 512 2900 dilectio?
530 2876 626 2900 Decltna
643 2882 658 2899 a
674 2876 738 2899 mato
756 2877 777 2899 et
797 2876 837 2905 fac
854 2875 942 2899 bouum

97 2914 141 2945 [Ρ6.
160 2916 201 2943 36,
219 2915 274 2944 27.].
291 2927 322 2932 —
340 2916 363 2938 in
380 2915 431 2938 cod.
449 2917 465 2938 E
483 2916 620 2939 omittuntur
636 2921 697 2945 quae
717 2918 845 2944 sequuntur
867 2921 942 2944 usque

96 2954 125 2977 ad
142 2961 163 2977 n.
183 2954 219 2976 14.
238 2955 281 2977 Sed
302 2954 363 2977 idem
381 2955 433 2977 cod.
450 2957 498 2977 tum
516 2961 586 2982 supra
598 2957 646 2977 tum
665 2955 722 2976 infra
733 2960 778 2976 non
792 2959 866 2982 pauca
878 2953 942 2976 omit-

97 2993 122 3015 tit
139 2996 160 3016 et
177 2994 246 3016 etiam
264 2993 406 3023 quandoque
424 2993 534 3021 Glossas,
553 2996 576 3016 ut
593 2993 659 3021 dicit,
677 2993 790 3021 adiungit.

1061 2292 1070 2305 ⁷
1088 2293 1178 2315 Scilicet
1204 2292 1364 2316 interlinearis
1389 2293 1451 2320 apud
1477 2293 1607 2320 Lyrauum;
1632 2294 1672 2315 cfr.
1698 2293 1766 2315 etiam
1788 2293 1846 2315 Petr.

999 2331 1122 2354 Lombard.
1140 2332 1161 2354 iu
1179 2333 1239 2354 1111110
1257 2333 1341 2354 locum.
1359 2332 1437 2353 Glossu
1451 2331 1588 2354 ordinaria:
1607 2331 1637 2354 Et
1652 2331 1697 2361 fide
1714 2337 1760 2354 non
1777 2331 1845 2361 sicta,

999 2371 1035 2393 vel
1053 2378 1097 2393 uon
1117 2371 1177 2393 fictili
1195 2374 1216 2393 ct
1234 2371 1321 2398 fragili,
1334 2371 1369 2392 vel
1387 2371 1409 2392 in
1426 2376 1472 2399 qua
1488 2377 1534 2392 non
1551 2370 1650 2399 quisque
1667 2370 1710 2392 sibi
1728 2369 1847 2398 quodlibet

999 2409 1077 2437 fingit,
1094 2410 1135 2432 sed
1153 2409 1262 2432 catholica
1280 2409 1406 2431 dumtaxat.

1061 2448 1070 2460 ⁵
1087 2449 1154 2470 Num.
1175 2449 1209 2470 15.
1226 2460 1257 2465 -
1275 2448 1369 2470 inferius
1386 2454 1428 2476 pro
1445 2447 1472 2471 de
1484 2447 1529 2471 leuc
1540 2447 1615 2470 media
1633 2448 1671 2475 (ita
1689 2447 1705 2469 A
1716 2447 1846 2476 BCDEF)

999 2487 1052 2510 edd.
1070 2487 1097 2510 de
1114 2486 1159 2510 lure
1176 2486 1292 2515 11111101“ί(1,·
1310 2488 1350 2509 cfr.
1368 2493 1438 2514 supra
1456 2493 1479 2509 n.
1497 2488 1517 2509 2.

1061 2524 1071 2538 ⁹
1087 2526 1158 2554 Epist.
1175 2527 1190 2548 1.
1208 2526 1269 2548 10311.
1286 2526 1313 2553 2,
1332 2526 1372 2547 1161
1390 2525 1475 2552 Omne,
1491 2525 1555 2554 quod
1572 2525 1640 2547 estin
1653 2525 1752 2552 mundo,
1764 2531 1848 2548 concu-

998 2565 1107 2593 piscentia
1125 2565 1201 2587 carnis
1213 2567 1247 2586 est
1258 2568 1279 2587 et
1292 2564 1477 2592 eoncupiscentia
1490 2564 1610 2586 oculorum
1622 2566 1645 2586 et
1656 2563 1764 2592 superbia
1776 2564 1844 2586 vitae.

998 2604 1043 2627 Cfr.
1060 2604 1160 2632 Bonam,
1172 2602 1300 2626 Comment.
1313 2602 1335 2625 in
1347 2603 1403 2625 Luc.
1422 2608 1441 2625 0.
1460 2603 1482 2625 4.
1499 2609 1521 2625 11.
1539 2602 1575 2625 93.
1593 2603 1698 2631 August„
1716 2603 1739 2625 11.
1756 2602 1784 2625 dc
1797 2602 1846 2626 Lib.

998 2642 1052 2665 Arb.
1070 2648 1089 2664 c.
1109 2642 1116 2664 Ἰ
1124 2642 1144 2664 9.
1163 2648 1185 2664 n.
1202 2642 1244 2664 53:
1263 2642 1374 2664 Voluntas
1390 2645 1467 2664 autem
1484 2647 1566 2663 aversa
1583 2640 1613 2663 ab
1630 2641 1812 2664 incommutabili
1824 2644 1847 2664 et

998 2681 1116 2704 communi
1135 2680 1196 2703 bono
1213 2684 1236 2703 ct
1252 2686 1364 2703 conversa
1382 2680 1411 2702 ad
1424 2680 1544 2708 proprium
1557 2679 1644 2702 bonum
1654 2680 1733 2703 autad
1746 2681 1845 2703 exterius

998 2719 1083 2742 autad
1102 2719 1195 2742 inferius
1218 2721 1304 2747 peccat.
1327 2719 1361 2741 Ad
1381 2719 1509 2748 proprium
1535 2719 1688 2747 convertitur,
1710 2724 1763 2741 cum
1789 2725 1845 2741 61136

998 2758 1116 2787 potestatis
1134 2759 1182 2781 vult
1193 2764 1256 2785 esse;
1269 2758 1298 2780 ad
1310 2757 1427 2785 caterius,
1445 2764 1498 2780 cum
1511 2757 1608 2780 aliorum
1621 2758 1714 2786 propria
1727 2758 1763 2780 vel
1776 2764 1845 2787 quae-

998 2804 1099 2826 cumque
1116 2797 1146 2819 ad
1164 2803 1188 2819 se
1204 2803 1249 2819 non
1273 2797 1387 2825 pertinent
1407 2802 1548 2824 cognoscere
1569 2797 1657 2824 studet;
1680 2797 1710 2819 ad
1731 2796 1844 2826 iuferius,

998 2843 1051 2860 cum
1069 2836 1212 2864 voluptatem
1229 2836 1333 2864 eorporis
1349 2836 1421 2863 diligit
1438 2839 1480 2858 etc.
1497 2835 1543 2859 Cfr.
1560 2836 1655 2863 Bonav„
1672 2835 1801 2859 Commeat.
1822 2836 1844 2858 111

998 2876 1051 2898 Luc.
1070 2882 1089 2898 c.
1108 2874 1129 2897 4.
1146 2881 1168 2898 n.
1185 2876 1206 2897 8.
1225 2877 1246 2897 et
1263 2881 1283 2897 0.
1301 2875 1321 2897 8.
1339 2881 1360 2897 n.
1379 2875 1417 2897 20.

1061 2913 1081 2926 ¹⁰
1097 2913 1152 2942 Cap.
1172 2914 1212 2941 119,
1238 2914 1274 2936 21.
1298 2926 1326 2930 --
1349 2914 1399 2936 Duo
1421 2920 1487 2943 seqq.
1509 2913 1551 2936 loci
1573 2916 1625 2936 sunt
1644 2913 1721 2936 Matth.
1745 2914 1786 2942 16,
1807 2914 1844 2937 24.

998 2956 1020 2976 01
1037 2953 1078 2982 19,
1097 2953 1133 2975 12,

1872 574 1923 593 Vera
1936 574 1996 599 perse-

1865 598 1933 616 ottonis
1949 597 1997 617 noti-

1866 621 1934 640 ficatio.

1871 900 1941 923 Primo,
1955 900 1987 919 tri-

1864 923 1907 948 plex
1920 923 1989 943 malum

1880 947 1975 966 declinan-

1900 970 1951 989 dum.

1865 1832 1979 1852 Notandum.
