2133 3317
9 0 13 140 l

0 1507 63 1528 mdo.

544 210 739 239 OPUSCULUM
760 210 802 239 xl.
824 210 985 240 APOLOGIA
1006 211 1186 241 PAUPERUM.
1209 212 1277 241 CAP.
1300 212 1352 241 ΧΠ.

160 290 186 319 3.
202 290 247 319 Est
260 292 354 318 autem
368 288 544 318 sacerdotalis
558 288 639 317 officii
654 296 725 325 opus
746 288 927 325 praecipuum

84 337 206 367 reductio
234 336 355 373 plebium
380 335 568 364 subiectarum
599 335 627 363 in
649 335 736 363 Deum
766 342 815 371 per
846 335 929 372 septi-

83 384 198 413 formem
223 382 362 411 inssuxum
384 381 588 410 hierarchicum
605 382 623 415 ¹,
644 380 771 409 videlieet
791 388 840 417 per
861 390 929 409 eru—

83 431 219 460 ditionem
233 428 433 462 credibilium,
449 436 498 465 per
513 428 758 456 instaurationem
773 428 927 461 virtutum,

83 485 132 515 per
159 475 359 505 exhibitionem
380 474 594 512 exemplorum,
616 474 848 503 interventionem
862 482 928 511 pre-

83 531 162 556 cum,
183 522 365 551 curationem
391 521 551 559 plagarum
582 520 747 555 hostilium,
777 529 928 558 praenun-

84 569 230 599 tiationem
251 568 432 597 insidiarum
448 571 475 597 et
489 568 714 605 repulsationem.
726 566 926 596 hostilitatum.

83 617 113 645 Et
134 616 185 645 hoe
200 615 311 652 quidem
332 615 491 652 septiforme
508 622 578 651 opus
597 614 764 643 sacerdotale
785 615 928 651 Scriptura

82 671 159 692 saera
178 662 299 691 declarat
320 662 372 691 sub
393 661 545 699 septiformi
567 662 729 698 metaphora
750 661 853 690 scilicet
877 670 928 690 ar-

82 708 206 743 chitecti,
228 709 392 746 ayricolae,
423 708 568 746 pastoris,
589 707 787 745 fideiussoris,
812 708 926 742 medici,

81 755 272 793 speculatoris
293 758 320 784 et
340 755 432 784 ducis.

159 802 295 831 Describit
316 802 400 839 igitur
422 802 512 839 primo
533 801 585 830 sub
600 801 762 838 metaphora
777 801 928 841 architecti

25 856 30 861 ·
60 869 66 875 .
83 849 237 887 pontificale
258 848 379 877 officium
401 851 515 885 propter
529 847 718 876 eruditionem
732 847 925 882 credibilium,

83 895 234 925 secundum
255 894 323 923 illud
344 894 378 923 ad
399 894 555 923 Corinthios
569 894 595 922 2;
632 894 666 922 Ut
686 894 803 931 sapiens
828 893 926 923 arclii-

82 945 169 971 tectus
189 941 415 979 fundamentum
433 941 530 978 posui.
553 941 631 977 Quod
652 941 724 970 enim
740 944 805 969 sunt
824 941 927 977 lapides

81 989 109 1018 in
129 988 252 1018 aedificio
272 991 337 1017 sunt
357 988 467 1017 articuli
488 988 551 1017 fidei
572 988 599 1016 in
621 987 729 1021 anime,
751 987 779 1015 in
800 995 856 1024 quo
878 988 926 1016 ha-

81 1036 148 1065 bitat
168 1035 295 1064 Christus
323 1037 453 1072 tanquam
486 1034 514 1063 in
545 1034 647 1071 templo
678 1042 741 1068 suo,
773 1034 925 1063 secundum

80 1082 148 1111 illud
168 1081 286 1119 Apostoli
307 1081 340 1110 ad
369 1081 500 1118 Ephesios
515 1081 540 1109 ³:
570 1080 814 1118 Superaedilieati
837 1088 927 1118 super

79 1128 305 1167 fundamentum
327 1127 533 1165 Apostolorum
554 1132 580 1156 et
600 1126 834 1164 Prophetarum,
863 1127 926 1164 ipso

79 1184 193 1205 summo
214 1175 358 1212 anyulari
372 1175 468 1212 lapide
484 1173 599 1203 Christo
613 1175 696 1208 Iesu,
716 1174 747 1202 in
761 1182 817 1212 quo
832 1173 926 1202 omnis

80 1221 243 1259 aedificatio
264 1223 431 1250 constructa
452 1221 554 1250 crescit
574 1221 607 1249 in
627 1220 764 1257 templum
789 1224 926 1248 sanctum

80 1268 112 1297 in
133 1268 274 1302 Domino;
294 1270 322 1297 et
342 1268 424 1305 paulo
445 1271 522 1305 post:
547 1267 697 1297 Christum
722 1266 855 1296 habitare
873 1275 928 1304 per

79 1315 164 1352 fidem
185 1315 217 1343 in
237 1315 375 1344 cordibus
395 1315 507 1344 vestris.
530 1315 565 1343 Ae
587 1322 636 1351 per
657 1314 723 1348 hoe,
744 1314 817 1342 sicut
830 1321 859 1342 se
878 1314 927 1342 ha-

79 1362 126 1391 bet
145 1361 303 1390 aedificator
324 1361 358 1390 ad
379 1361 552 1395 aedificium,
574 1361 613 1389 sic
633 1364 661 1389 et
681 1360 809 1389 sacerdos
830 1359 863 1388 ad
879 1368 926 1396 po—

79 1409 176 1446 pulum
197 1408 224 1437 in
246 1408 309 1437 fidei
331 1408 447 1437 veritate
469 1407 640 1436 fundandum
656 1410 683 1436 et
698 1406 925 1444 promovendum.

157 1455 297 1489 Secund0‚
319 1455 372 1484 sub
392 1455 556 1492 metaphora
576 1453 725 1491 agricolae
745 1456 860 1490 propter
881 1452 926 1481 in-

79 1502 292 1531 staurationem
319 1502 480 1536 virtutum,
511 1509 581 1538 quas
615 1501 733 1537 irrigare
764 1500 845 1529 debet
876 1508 925 1537 per

80 1549 244 1578 documenta
258 1549 466 1586 scripturarum
479 1571 485 1583 ‚
508 1547 661 1577 seeundum
676 1547 743 1576 illud
758 1547 875 1584 Apostoli
891 1547 925 1575 ad

79 1596 235 1625 Corinthios
248 1597 273 1624 4:
296 1597 356 1633 Epo
373 1595 525 1633 plantavi,
548 1594 650 1631 Apollo
670 1594 788 1632 riyavit.
811 1594 836 1622 Si
852 1594 924 1623 enim

79 1642 279 1672 ecclesiasticus
300 1642 421 1679 populus
442 1642 542 1670 hortus
562 1644 604 1670 est
624 1644 651 1670 et
676 1641 821 1681 paradisus
848 1641 926 1677 plan-

80 1692 153 1718 tatus
173 1691 201 1718 et
221 1689 314 1718 virens
335 1688 555 1718 multiformitate
576 1688 726 1722 virtutum,
748 1691 823 1716 recte
840 1687 925 1716 infor-

80 1738 169 1764 mator
188 1735 311 1773 plebium
332 1735 360 1764 in
381 1735 506 1764 doctrina
519 1743 630 1764 morum
645 1734 747 1763 dicitur
761 1734 925 1772 ayricultor

80 1782 238 1819 designatus
248 1790 298 1819 per
310 1782 450 1811 hominem
465 1782 603 1819 primum,
619 1789 701 1818 quem
712 1781 811 1818 posuit
826 1781 902 1809 Deus
913 1781 924 1798 ⁵

80 1829 112 1858 in
127 1828 291 1866 paradiso,
313 1832 345 1857 ut
366 1831 541 1865 operaretur
561 1831 588 1856 et
607 1827 765 1856 custodiret
785 1827 877 1856 illum.

157 1875 185 1904 li.
201 1875 308 1909 Tertio,
330 1875 383 1904 sub
399 1874 562 1912 metaphora
573 1874 704 1911 pastoris
718 1877 832 1911 propter
846 1873 926 1902 cxlii-

59 1921 214 1951 -bitionem
234 1921 448 1958 exemplorum,
474 1921 628 1950 secundum
659 1921 727 1949 illud
759 1920 865 1949 Domini
896 1920 924 1949 in

80 1969 178 1998 loanne
191 1969 217 1997 ⁶:
240 1969 298 2005 Qui
318 1969 410 1998 intrat
429 1977 484 2005 per
503 1969 611 1997 ostium
629 1971 734 2005 pastor
754 1971 794 1996 est
812 1967 924 2002 ovium,

79 2019 190 2045 etcum
210 2016 353 2053 proprias
383 2024 448 2044 oves
478 2015 621 2049 emiserit,
650 2018 716 2043 ante
746 2023 796 2043 eas
825 2014 925 2048 vadit,-

79 2062 153 2100 quod
172 2063 283 2100 quidem
298 2062 377 2097 facit,
392 2070 456 2091 cum
471 2070 517 2091 eas
531 2070 580 2099 per
598 2061 750 2090 sanctitatis
764 2061 924 2098 exemplum

79 2109 225 2146 praecedit.
247 2109 310 2138 Ideo
330 2109 443 2143 Petrus,
458 2109 502 2138 cui
518 2108 651 2137 Dominus
665 2108 775 2137 dixerat
790 2108 817 2136 ⁷:
832 2108 925 2136 Pasce

142 2301 150 2314 ¹
167 2302 201 2324 De
217 2302 298 2330 triplici
315 2302 436 2330 principali
453 2305 504 2324 actu
523 2302 665 2325 hierarchico
682 2303 723 2325 cfr.
740 2308 809 2330 supra
831 2308 885 2330 pag.
903 2302 925 2331 3,

81 2344 132 2364 nota
150 2341 170 2364 4.

143 2379 152 2392 ²
170 2380 239 2408 Epist.
257 2380 271 2402 1.
296 2386 316 2403 e.
335 2380 361 2408 3,
382 2380 420 2407 l0;
438 2381 479 2402 etr.
497 2386 567 2408 supra
585 2386 640 2408 pag.
657 2380 713 2408 272,
732 2383 784 2402 nota
804 2381 824 2402 =l.

142 2418 151 2431 ³
168 2419 224 2447 Cap.
244 2420 268 2446 2,
287 2420 324 2441 20.
341 2425 390 2448 seq.
407 2421 429 2441 et
447 2419 529 2441 deinde
547 2419 571 2446 3,
590 2419 628 2441 117.

143 2457 152 2470 ⁴
170 2458 240 2486 Epist.
257 2459 272 2480 1.
289 2464 309 2480 c.
327 2458 355 2485 3,
372 2458 392 2479 (3.

142 2495 152 2508 ⁵
168 2497 197 2519 Ut
213 2496 295 2519 dicitur
312 2497 368 2518 Gen.
386 2497 413 2523 2,
432 2496 469 2518 t5.

143 2534 152 2548 ¹³
169 2535 225 2563 Cap.
243 2536 285 2563 lo,
302 2536 324 2558 2.
341 2538 363 2558 et
381 2535 401 2558 4.

144 2573 152 2586 ⁷
170 2575 230 2597 loan.
247 2575 290 2603 21,
309 2574 344 2597 47.
361 2587 392 2591 —
410 2575 518 2603 Sequitur
543 2575 558 2596 l.
584 2575 643 2596 Petr.
666 2574 692 2602 5,
710 2575 730 2596 2.
754 2580 815 2603 seq:
838 2574 924 2597 Pascite

84 2613 124 2642 qui
142 2613 163 2635 in
180 2612 248 2635 vobis
265 2615 298 2635 est
315 2619 411 2641 gregem
429 2614 495 2636 Dei...
512 2614 583 2636 torma
602 2613 653 2635 faeti
670 2613 748 2641 gregis
765 2619 791 2635 ex
808 2613 893 2635 animo.

144 2651 154 2666 Β
170 2651 213 2675 Csr.
232 2658 302 2680 supra
319 2658 339 2674 c.
356 2653 380 2675 3.
397 2658 418 2674 n.
437 2653 473 2674 23.
491 2658 555 2681 seqq.
574 2652 633 2674 Vide
655 2652 723 2674 etiam
745 2652 860 2679 Gratiam,
873 2652 924 2674 dist.

85 2690 121 2713 150.
138 2697 179 2718 per
196 2693 275 2713 totam.
758 2690 767 2703 ⁹
785 2690 840 2719 Cap,
858 2690 885 2718 5,
903 2691 923 2713 ’1.

145 2729 164 2742 ¹⁰
181 2729 236 2758 Cap.
254 2731 296 2757 20,
314 2730 356 2757 393
374 2732 414 2752 cl'r.
432 2737 501 2758 supra
521 2737 574 2758 pag.
592 2731 632 2752 251
647 2747 652 2757 ‚
670 2733 721 2752 nota
739 2731 759 2752 2.
778 2742 808 2746 —
821 2729 924 2752 Subinde

84 2768 195 2796 allegatur
212 2769 278 2791 Prov.
298 2770 325 2796 6,
343 2770 351 2791 sl
363 2786 368 2796 ‚
387 2768 426 2791 ubi
444 2775 486 2797 pro
503 2769 611 2791 unimam
628 2771 695 2791 tuam
707 2769 804 2796 Vulgata
824 2775 923 2791 manuni

84 2808 162 2835 tuam,
178 2807 246 2831 Card.
263 2809 330 2836 Ilugo
347 2814 448 2831 manum
466 2810 532 2831 tuam
550 2807 585 2831 rel
602 2807 706 2830 zozimam
725 2809 798 2830 tuam.
820 2808 924 2836 Grcgor..

84 2847 162 2875 negul.
181 2848 287 2875 pastoral.
304 2854 326 2875 p.
344 2848 376 2870 Ill.
394 2854 415 2870 c.
433 2848 460 2870 li:
476 2847 597 2876 Spondere
614 2853 714 2875 namque
731 2853 774 2875 pro
792 2846 868 2869 antico
890 2850 924 2869 cst

84 2883 178 2907 alienam
189 2885 288 2907 animam
307 2886 328 2908 in
346 2886 448 2913 periculo
460 2892 516 2908 suae
533 2885 712 2907 conversationis
729 2885 844 2912 a‹·cipere;
863 2886 923 2907 unde

84 2924 106 2944 et
119 2923 184 2952 apud
195 2925 337 2947 eseli-aueum
354 2930 441 2948 munus
458 2924 581 2955 deliffltur,
599 2925 652 2953 quia
670 2924 732 2952 apud
750 2930 829 2947 curam
847 2925 925 2947 solliei-

85 2961 178 2989 tudinis,
189 2969 249 2991 quae
265 2966 319 2985 ante
335 2963 426 2991 deerat,
444 2970 509 2985 mens
527 2964 617 2991 ligatur.
629 2964 690 2986 ldem
703 2964 801 2986 insinuat
815 2963 923 2986 Rabanus

85 2999 121 3027 (ex
138 3007 184 3028 quo
201 3002 278 3024 Glossa
297 3001 430 3030 ordinaria)
449 3002 470 3024 in
488 3003 556 3025 Prot.
573 3003 599 3029 G,
621 3003 638 3024 1.

1771 214 1828 244 317

984 297 1048 318 oves
1069 297 1162 324 meas,
1184 290 1313 320 hortatur
1334 291 1456 320 seniores
1487 291 1544 320 sive
1575 291 1764 328 presbyteros,
1797 295 1828 321 ut

984 339 1096 372 pascant
1114 337 1230 373 populos
1244 337 1294 366 sibi
1310 338 1470 367 commissos
1484 342 1625 376 tanquam
1639 337 1714 376 facti
1727 338 1828 377 forma

981 383 1080 419 yreyis
1100 391 1135 411 ea·
1156 384 1264 412 animo.
1287 384 1356 413 Haec
1377 388 1469 414 autem
1491 388 1533 414 est
1549 384 1649 423 forma
1675 385 1827 414 secundum

983 428 1149 458 documenta
1169 431 1332 459 Sanctorum
1347 431 1367 466 ⁸,
1390 435 1421 460 ut
1435 435 1571 469 quantum
1587 435 1681 469 pastor
1692 436 1733 461 est
1748 440 1827 469 prae-

984 475 1085 504 cellens
1106 481 1233 513 respectu
1255 478 1361 515 gregis,
1383 481 1489 507 tantum
1513 479 1568 507 vita
1588 479 1764 508 sacerdotalis
1793 480 1828 508 sit

984 521 1104 550 sanctior
1125 525 1152 551 et
1173 523 1316 552 sublimior
1338 525 1393 553 vita
1414 525 1508 562 plebis.

1063 569 1182 604 Quarto,
1214 570 1266 598 sub
1302 571 1462 608 metaphora
1495 572 1677 607 fideiussoris
1713 575 1827 610 propter

984 614 1219 644 interventionem
1244 626 1364 654 precum
1394 618 1427 647 ad
1459 619 1555 653 Deum,
1577 619 1729 648 secundum
1759 619 1827 648 illud

984 661 1101 697 Apostoli
1124 662 1157 690 ad
1179 663 1314 692 Hebraeos
1330 664 1356 692 ⁹:
1381 665 1481 693 Omnis
1501 674 1627 703 namque
1644 665 1777 703 pontifex
1791 675 1826 695 ex

984 706 1149 737 hominibus
1170 714 1336 744 assumtus,
1363 719 1419 748 pro
1446 710 1611 740 hominibus
1639 712 1828 741 constituitur

983 754 1014 782 in
1035 753 1080 782 liis
1094 764 1169 793 quae
1182 760 1252 784 sunt
1266 757 1306 785 ad
1321 758 1426 792 Deum,
1443 761 1475 786 ut
1489 757 1591 796 offerat
1605 759 1683 787 dona
1697 763 1722 788 et
1732 759 1827 788 sacri-

981 800 1052 836 sieia
1060 810 1116 838 pro
1124 803 1259 838 peccatis.
1273 804 1331 840 Agit
1342 804 1426 841 igitur
1438 805 1561 841 pontifex
1573 813 1670 834 causas
1683 806 1826 834 hominum

982 848 1055 884 apud
1077 848 1177 883 Deum3
1200 857 1281 886 agere
1309 851 1391 879 etiam
1422 851 1503 880 debet
1530 859 1642 880 causam
1675 853 1722 881 Dei
1753 852 1828 889 apud

983 894 1122 923 hominem
1147 903 1213 924 suae
1244 905 1328 926 curae
1353 897 1545 933 commissum,
1574 899 1726 927 secundum
1759 899 1827 928 illud

983 941 1064 970 tertio
1079 942 1183 978 Regum
1200 943 1234 971 ¹⁰:
1259 943 1379 972 Custodi
1391 944 1491 973 virum
1506 945 1609 978 istum;
1623 945 1676 983 qui
1688 946 1716 974 si
1726 945 1828 982 lapsus

981 986 1090 1025 fuerit,
1112 989 1167 1017 erit
1187 990 1290 1018 anima
1311 994 1363 1019 tua
1383 1000 1438 1028 pro
1465 991 1568 1020 anima
1596 992 1684 1020 illius.
1714 993 1828 1029 Propter

982 1034 1054 1071 quod
1077 1035 1189 1071 Sapiens
1210 1036 1237 1064 in
1254 1036 1423 1066 Proverbiis:
1445 1038 1513 1072 Fili,
1528 1038 1556 1066 si
1568 1039 1757 1076 spoponderis
1768 1047 1825 1076 pro

982 1081 1077 1109 amico
1090 1085 1155 1115 tuo,
1167 1082 1295 1118 defixisti
1305 1084 1386 1120 apud
1400 1087 1571 1113 extraneum
1586 1085 1720 1113 animam
1734 1089 1825 1113 tuam.

1062 1128 1087 1155 5.
1109 1128 1223 1164 Quinto,
1245 1129 1297 1157 sub
1318 1131 1480 1166 metaphora
1514 1131 1619 1160 medici
1642 1135 1756 1168 propter
1777 1140 1827 1160 cu-

982 1174 1126 1203 rationem
1144 1175 1305 1212 plagyarum
1320 1175 1484 1211 hostilium,
1503 1178 1655 1207 seeundum
1670 1178 1738 1207 illud
1752 1179 1827 1216 quod

983 1221 1104 1249 insinuat
1125 1222 1211 1250 Lucas
1228 1223 1248 1239 ¹¹
1271 1223 1297 1251 in
1320 1224 1450 1260 parabola
1471 1224 1545 1253 illius
1559 1225 1607 1261 qui
1622 1225 1724 1254 incidit
1738 1226 1769 1254 in
1784 1225 1827 1254 la-

983 1271 1094 1302 trones,
1117 1268 1190 1305 quod
1212 1269 1424 1298 Samaritanus
1445 1271 1578 1308 alligavit
1598 1271 1723 1300 vulnera
1753 1272 1825 1307 eius,

983 1314 1143 1352 infundens
1165 1315 1257 1344 oleum
1278 1321 1303 1345 et
1324 1317 1438 1351 vinum,
1460 1318 1606 1355 designans
1627 1327 1676 1356 per
1692 1319 1827 1348 Samari-

983 1365 1086 1389 tanum
1106 1362 1197 1398 ipsum
1219 1363 1355 1392 medicum
1378 1363 1518 1393 Christum
1541 1368 1568 1393 et
1589 1373 1636 1394 eos
1656 1366 1704 1402 qui
1733 1369 1827 1395 tenent

983 1407 1073 1436 locum
1095 1408 1155 1437 eius
1176 1409 1203 1437 in
1225 1410 1427 1446 expurgatione
1448 1411 1587 1440 vitiorum.
1610 1412 1725 1449 Propter
1752 1413 1827 1449 quod

982 1457 1009 1483 et
1024 1455 1137 1483 lacobus
1148 1456 1172 1472 1²
1186 1455 1265 1484 dicit:
1282 1456 1456 1493 lnlirmatur
1470 1458 1536 1496 quis
1550 1458 1580 1486 in
1596 1458 1689 1493 vobis,
1705 1459 1828 1488 inducat

979 1501 1162 1539 presbyteros
1184 1502 1342 1537 Ecclesiae,
1364 1508 1389 1532 et
1403 1508 1484 1532 orent
1496 1513 1585 1542 super
1599 1513 1675 1539 eum,
1690 1509 1828 1543 ungentes

981 1555 1046 1575 cum
1068 1547 1135 1581 oleo,
1157 1551 1181 1576 ct
1203 1549 1297 1577 oratio
1317 1549 1386 1586 fidei
1404 1550 1530 1579 salvabit
1551 1551 1720 1588 infirmum,
1749 1556 1775 1580 et
1800 1552 1828 1581 si

982 1594 1013 1622 in
1032 1594 1158 1631 peccatis
1177 1595 1229 1629 sit,
1251 1595 1433 1625 dimittentur
1453 1597 1487 1625 ei.

1060 1641 1152 1675 Sexto,
1171 1641 1224 1670 suh
1238 1643 1401 1679 metaphora
1410 1643 1602 1680 speculatoris
1617 1648 1730 1682 propter
1739 1653 1826 1682 prae-

981 1687 1194 1716 nuntiationem
1216 1689 1430 1718 imminentium
1440 1690 1658 1727 periculorum,
1674 1692 1827 1721 secundum

981 1734 1048 1762 illud
1070 1734 1218 1764 Ezechielis
1234 1735 1270 1763 ¹³:
1292 1736 1352 1764 Fili
1371 1735 1513 1771 nominis,
1534 1738 1742 1775 speculatorem
1762 1739 1829 1768 dedi

981 1785 1006 1809 te
1026 1782 1128 1810 domui
1150 1783 1258 1816 Israel,·
1278 1782 1312 1811 (le
1333 1792 1388 1820 quo
1409 1786 1436 1812 et
1460 1788 1661 1821 consequenter
1688 1785 1826 1823 adiungit:

983 1828 1094 1864 Quodsi
1112 1828 1246 1866 yladium
1266 1830 1525 1866 supervenientem,
1548 1832 1600 1860 hoe
1621 1835 1663 1861 est
1683 1833 1827 1862 imminen-

981 1874 1018 1902 tia
1032 1874 1190 1903 discrimina
1206 1876 1402 1911 tentationum,
1417 1885 1483 1906 suae
1498 1885 1582 1907 curae
1603 1879 1756 1908 commissis
1774 1887 1827 1908 an-

980 1921 1121 1950 nuntiare
1139 1922 1311 1959 negylexerit,
1340 1924 1465 1960 sanquis
1497 1924 1671 1954 animarum
1702 1925 1826 1954 illarum

981 1968 1015 1997 de
1035 1968 1099 1996 suis
1119 1969 1258 1998 manibus
1277 1970 1452 2008 requiretur.

1060 2016 1195 2053 Septimo,
1217 2016 1270 2045 sub
1287 2017 1450 2054 metaphora
1465 2017 1549 2047 ducis
1563 2018 1676 2048 ferentis
1691 2019 1825 2049 vexillum

981 2062 1014 2090 ad
1046 2062 1239 2099 repulsionem
1271 2063 1461 2092 liostilitatum
1496 2065 1582 2094 instar
1620 2066 1693 2095 illius
1727 2067 1826 2096 nobilis

981 2108 1136 2137 Machabaei
1153 2109 1185 2143 ¹4,
1206 2109 1258 2147 qui
1278 2109 1374 2138 induit
1393 2118 1423 2138 se
1444 2110 1566 2140 loricam
1586 2111 1664 2140 sicut
1688 2112 1774 2150 9i9as
1802 2115 1828 2142 et

1045 2301 1064 2314 ¹¹
1083 2302 1137 2330 Cap.
1158 2303 1196 2331 lO,
1214 2303 1250 2325 30.
1269 2306 1290 2325 et
1308 2303 1344 2325 st.
1362 2304 1466 2331 Gregor.,
1478 2304 1559 2332 Regul.
1571 2306 1679 2332 pastoral.
1692 2312 1715 2334 p.
1733 2307 1755 2328 ll.
1773 2312 1794 2329 e.
1806 2307 1819 2329 6

982 2341 1042 2363 circa
1061 2341 1141 2363 linem:
1160 2342 1200 2364 Per
1224 2342 1359 2364 Samaritani
1384 2343 1484 2365 studium
1511 2344 1638 2367 semivivus
1662 2344 1685 2367 in
1710 2344 1826 2368 stabulum

982 2380 1084 2407 ducitur,
1098 2384 1120 2402 et
1131 2381 1212 2403 vinum
1224 2384 1294 2409 atque
1306 2381 1382 2403 oleum
1395 2381 1529 2404 vulneribus
1542 2382 1591 2405 eius
1603 2383 1736 2411 exhibetur,
1749 2387 1773 2406 ut
1785 2391 1826 2412 per

982 2419 1062 2441 vinum
1080 2420 1165 2442 scilicet
1183 2420 1331 2442 mordeantur
1348 2421 1456 2448 vulnera,
1473 2427 1514 2449 per
1531 2422 1608 2444 oleum
1635 2423 1762 2446 foveantur.
1784 2424 1826 2446 Ne-

982 2464 1046 2480 cesse
1063 2459 1152 2487 quippe
1168 2461 1213 2485 cst,
1231 2461 1255 2481 ut
1272 2459 1376 2487 quisquis
1393 2460 1501 2482 sanandis
1519 2460 1653 2483 vulneribus
1675 2465 1778 2490 praeest,
1804 2463 1826 2485 in

982 2497 1037 2519 vino
1054 2503 1157 2519 morsum
1176 2497 1261 2520 doloris
1278 2498 1397 2527 adhibeat,
1415 2498 1438 2520 in
1455 2499 1504 2521 oleo
1523 2499 1638 2521 mollitiem
1657 2500 1758 2528 pietatis,
1770 2508 1827 2530 qua-

982 2539 1047 2558 tenus
1065 2542 1106 2564 per
1123 2536 1204 2558 vinum
1223 2537 1362 2559 mundentur
1379 2537 1484 2564 putrida,
1502 2543 1543 2565 per
1560 2538 1635 2560 oleum
1655 2540 1776 2562 foveantur
1793 2546 1826 2562 sa-

982 2575 1064 2596 nanda.
1083 2575 1195 2597 Miscenda
1214 2581 1270 2602 ergo
1287 2578 1321 2597 est
1338 2576 1417 2598 lenitas
1434 2582 1486 2598 cuni
1500 2577 1621 2599 severitate
1633 2580 1675 2600 etc.
1692 2578 1736 2600 Csr⁴
1755 2585 1825 2607 supra

982 2619 1035 2641 pag.
1054 2614 1109 2640 ⁴36,
1127 2617 1181 2635 nota
1199 2613 1219 2636 t.
1236 2626 1267 2630 —
1285 2614 1378 2636 lutei-lus
1396 2614 1493 2637 vocibus
1506 2621 1552 2644 per
1568 2616 1751 2640 Samarilunum
1778 2617 1825 2640 DG

982 2652 1118 2675 interserunt
1135 2652 1278 2675 huiusmodi.

1044 2691 1063 2704 ¹²
1080 2692 1135 2719 Cap.
1154 2693 1180 2720 5,
1199 2692 1234 2714 lli.
1253 2695 1275 2714 et
1293 2693 1330 2715 v15.
1347 2693 1443 2721 Vulgata
1462 2693 1514 2716 hinc
1527 2694 1580 2717 inde
1592 2701 1666 2723 pauca
1679 2695 1792 2718 interserit
1803 2699 1825 2719 et

981 2731 1098 2753 substituit
1114 2731 1264 2754 renzitlentur
1281 2737 1323 2759 pro
1341 2731 1496 2755 dimittentur.

1044 2769 1063 2782 ²³
1080 2770 1134 2798 Cap.
1154 2771 1179 2797 3,
1198 2770 1234 2792 47.
1253 2771 1302 2798 (cfr.
1321 2771 1363 2797 33,
1380 2771 1411 2800 7.)
1429 2774 1451 2794 et
1473 2772 1515 2799 33,
1539 2772 1565 2794 ὃς
1584 2773 1670 2801 Quodsi
1695 2774 1825 2802 speculator

981 2809 1064 2831 viderit
1081 2809 1183 2837 gladium
1201 2809 1330 2831 venientem
1349 2813 1370 2832 et
1387 2817 1431 2832 non
1458 2810 1582 2834 insonuerit
1608 2811 1718 2840 buccina,
1740 2815 1762 2835 et
1783 2819 1825 2841 po-

982 2848 1049 2875 pulus
1066 2854 1090 2869 se
1107 2853 1151 2869 non
1169 2848 1314 2876 custodierit,
1332 2849 1466 2878 veneritque
1483 2850 1574 2877 gladius
1590 2854 1612 2873 et
1636 2851 1712 2874 tulerit
1737 2852 1767 2874 (lc
1792 2853 1825 2875 eis

980 2887 1095 2913 animam,
1113 2886 1149 2908 ille
1165 2887 1259 2915 quidem
1277 2887 1299 2909 in
1322 2887 1441 2916 iniquitate
1457 2894 1498 2911 sua
1516 2892 1597 2917 eaptus
1615 2892 1661 2917 cst,
1687 2891 1823 2918 sanguinem

980 2928 1056 2947 autem
1074 2925 1123 2947 eius
1140 2926 1169 2948 de
1186 2932 1255 2948 manu
1273 2927 1423 2954 speculatoris
1439 2927 1564 2956 requiram.
1581 2940 1612 2945 —
1624 2929 1666 2951 Pro
1678 2928 1824 2953 imminentia

980 2964 998 2985 G
1017 2963 1197 2987 inzmmentium.

1043 3001 1062 3015 ¹⁴
1080 3003 1168 3026 Scilicet
1186 3003 1254 3026 Iudae
1271 3004 1413 3033 machabaei,
1430 3005 1459 3028 de
1476 3012 1523 3034 quo
1541 3006 1556 3028 l.
1574 3006 1644 3029 Mach.
1663 3007 1690 3034 3,
1708 3008 1730 3030 3.

1843 578 1872 598 De
1884 580 1959 603 quarto.

1844 1137 1872 1157 De
1884 1136 1956 1161 quinto.

1843 1650 1871 1670 De
1885 1652 1944 1670 sexto.

1843 2024 1870 2043 De
1883 2024 1971 2049 septimo.
