2133 3317
154 347 266 372 Spacialiter

148 371 210 395 quoad
226 376 266 390 mn-

148 395 211 414 lieres.

148 1555 204 1575 Circa
216 1556 262 1575 loca.

283 220 338 248 612

352 299 377 323 4.
396 299 529 323 Mulierum
549 298 601 322 tam
621 298 817 328 propinquarum
838 304 912 328 qnam
926 297 1032 321 aliarum
1045 296 1130 326 caute,

282 342 358 373 prout
376 341 508 373 poterunt,
529 340 671 365 societatem
697 340 821 365 declinent
848 347 981 371 earumque
1009 339 1132 364 familiare

282 386 355 411 nimis
374 385 517 415 obsequium
536 384 562 408 et
574 384 668 408 tactum
683 384 782 408 omnino
796 383 931 414 refugiant.
944 383 1023 407 Nulla
1036 383 1132 408 ratione

282 428 436 457 sustineant,
457 427 521 459 quod
541 427 615 458 pedes
635 427 681 451 sibi
706 434 721 451 a
749 427 851 451 muliere
878 426 1004 451 laventur.
1031 426 1132 451 Nudam

281 472 365 497 autem
384 471 495 495 mulieris
514 478 614 495 manum
634 470 751 501 tangere,
771 470 816 494 aut
828 470 859 494 ad
873 470 925 494 eius
938 470 1014 501 caput
1027 470 1067 494 vel
1079 477 1132 495 cor-

281 523 328 547 pus
347 515 452 539 ubilibet
470 514 563 545 absque
583 514 722 538 necessaria
741 513 766 538 et
791 513 899 538 evidenti
927 520 1002 538 causa
1030 521 1132 538 manum

281 558 425 587 extendere,
445 558 476 582 ab
496 558 562 582 omni
582 564 685 588 prorsus
704 557 840 588 Religionis
859 556 991 582 honestate
1017 557 1072 588 quis
1090 557 1132 581 du-

282 602 346 627 bitat
365 601 492 626 alienum?
512 600 615 630 Quando
633 600 773 631 Religiosus
792 607 848 625 cum
866 600 969 624 muliere
994 600 1063 625 sedet
1087 599 1132 625 aut

280 645 400 676 loquitur,
420 651 509 669 manus
528 651 587 668 suas
607 643 730 668 occultare
749 643 774 668 ct
792 643 823 668 ad
843 651 868 668 se
893 643 1021 668 retrahere
1046 643 1130 673 debet,

281 696 343 720 quas
362 689 451 717 etiam,
471 687 674 719 quandocumque
694 694 748 711 cum
769 687 882 717 personis
907 686 1031 711 extraneis
1056 687 1132 718 loqui-

281 732 331 761 tur,
352 731 426 756 simul
445 730 543 755 iunctas
563 730 587 755 et
608 730 677 755 velut
695 730 799 754 invicem
828 729 974 761 colligatas,
1002 730 1042 754 vel
1069 730 1132 754 alias

280 776 395 807 religiose
414 774 513 803 haberi,
533 774 665 798 locutionis
691 773 822 804 disciplina
841 773 945 804 requirit
960 772 977 797 ¹.
996 772 1132 804 Nunquam

281 819 423 847 mulierem,
443 817 670 849 quantumcumque
690 816 736 841 sibi
755 816 878 841 affinitate
891 816 1061 845 coniunctam,
1081 817 1132 840 sive

281 869 403 891 sororem,
424 862 475 886 sive
494 861 608 891 neptem,
628 860 855 892 quantumcumque
880 860 1002 891 pueriles,
1022 859 1064 884 sed
1089 866 1133 884 nec

281 906 352 930 facile
372 905 478 929 matrem
506 905 633 935 propriam
659 903 810 928 osculentur.
835 903 946 935 Fugiant
971 903 1070 928 omnino
1098 902 1133 927 fe-

281 950 362 974 minea
391 948 475 973 oscula
503 948 594 972 milites
623 946 731 976 Christi,
761 954 813 971 cum
842 947 952 971 osculum
978 946 1053 971 etiam
1072 946 1133 970 viris

281 992 364 1017 offerri
392 999 441 1017 11011
470 991 568 1020 deceat,
589 991 637 1015 nisi
656 990 719 1015 forte
739 990 781 1014 ubi
809 990 838 1014 de
865 990 966 1021 proprio
993 989 1065 1020 patre
1094 989 1133 1014 vel

281 1036 337 1061 aliis
365 1035 478 1060 honestis
510 1035 623 1065 personis
658 1034 733 1059 moris
761 1034 848 1058 exactu
881 1034 932 1057 sine
959 1033 1075 1057 scandalo
1100 1033 1134 1057 vi—

280 1079 331 1104 tari
349 1086 398 1103 non
418 1078 508 1109 potest.
528 1076 696 1109 Religiosam²
718 1084 849 1108 personam
863 1076 999 1107 Religionis
1015 1075 1134 1101 honestas

281 1130 308 1147 os
327 1122 496 1147 indifferenter
515 1121 606 1146 osculis
626 1121 806 1145 communicare
825 1127 873 1145 non
894 1120 998 1151 patitur.
1023 1119 1133 1150 Denique

281 1166 390 1197 periculo
409 1166 506 1189 animae
525 1165 657 1189 mulierum
676 1164 783 1188 habetur
803 1163 916 1188 societas.
934 1163 1026 1194 Igitur,
1046 1162 1076 1187 nt
1094 1162 1134 1187 do-

281 1210 319 1234 cet
338 1208 440 1233 sanctus
460 1208 619 1239 Augustinus
630 1206 647 1237 ¹³,
672 1217 683 1229 «
696 1207 786 1238 ubique
805 1206 932 1238 gustanda
951 1206 989 1231 est
1008 1214 1063 1230 cum
1083 1213 1134 1230 11111-

280 1252 391 1281 lieribus,
411 1259 460 1276 non
479 1250 648 1276 continuanda
667 1250 822 1281 praesentia,
847 1250 979 1282 sed1quasi
1003 1249 1134 1274 transeun-

281 1295 319 1319 ter
339 1294 438 1318 feminis
457 1293 594 1318 exhibenda
614 1293 652 1318 ost
664 1293 771 1318 accessio
784 1292 891 1324 quodam
904 1293 974 1317 modo
988 1292 1095 1323 fugitiva
1107 1302 1133 1316 ».

285 1348 297 1360 «
311 1338 400 1362 Tutius
418 1338 457 1362 est
475 1344 524 1362 non
544 1344 616 1368 posse
636 1337 716 1368 perire
742 1344 816 1368 quam
835 1336 905 1361 iuxta
925 1336 1062 1367 periculum
1083 1343 1133 1361 non

282 1382 376 1413 perisse
387 1381 397 1393 ‘²
407 1391 432 1405 >›.
452 1381 528 1405 Illum
548 1381 632 1405 autem
650 1388 695 1405 nec
708 1381 805 1405 castum
819 1380 921 1405 dixerim
935 1387 979 1405 nec
991 1380 1132 1409 honestum,

282 1425 323 1456 qui
343 1425 470 1449 mulierem
489 1424 534 1449 aut
552 1425 669 1455 tangere,
689 1424 734 1448 aut
753 1424 848 1448 tactum
867 1424 919 1448 eius
938 1423 1071 1448 admittere
1083 1430 1132 1448 11011

282 1468 409 1493 abhorret.
429 1467 554 1497 Quomodo
572 1468 676 1499 tangere
695 1467 769 1492 liceat
788 1467 853 1499 quod
872 1467 964 1491 intueri
983 1474 1032 1491 non
1056 1467 1133 1491 licet?

353 1511 377 1536 5.
398 1511 437 1535 Ad
456 1511 642 1536 custodiendam
661 1511 742 1535 cordis
767 1510 915 1535 munditiam
941 1511 1047 1535 exterior
1075 1517 1133 1541 quo-

280 1563 327 1587 que
347 1562 465 1580 sensuum
485 1555 616 1586 disciplina
635 1554 758 1579 servanda
776 1555 823 1579 est.
842 1555 914 1579 Loca
937 1554 1015 1585 igitur
1026 1553 1043 1584 ⁵,
1069 1561 1132 1585 quae

282 1598 385 1630 periculi
404 1598 443 1622 vel
462 1598 610 1629 suspicionis
629 1598 760 1622 materiam
780 1598 838 1622 dare
858 1597 977 1629 possunt,
1003 1597 1075 1622 caute
1094 1597 1132 1621 de-

280 1642 388 1671 clinent,
408 1649 453 1666 nec
472 1642 517 1666 soli
537 1648 591 1665 011111
612 1641 714 1665 1111111010
733 1642 759 1665 111
778 1641 838 1666 10015
862 1641 1017 1670 huiusmodi,
1043 1640 1082 1665 vel
1101 1640 1132 1664 ad

279 1685 401 1709 modicum
421 1684 557 1709 morentur.
578 1684 684 1709 Domina
703 1684 837 1715 quaedam,
858 1684 887 1709 ut
906 1684 994 1713 fertur,
1012 1684 1071 1708 dum
1084 1683 1132 1708 duo

279 1729 399 1760 Religiosi
418 1728 449 1753 ad
469 1728 567 1753 domum
587 1729 639 1753 eius
658 1728 832 1757 divertissent,
847 1728 954 1752 alterum
968 1735 1079 1753 seorsum
1093 1735 1133 1752 vo-

279 1772 346 1796 cavit
365 1772 390 1796 in
408 1779 544 1800 cameram,
559 1772 631 1802 quasi
644 1771 737 1796 secreto
751 1771 797 1796 sibi
811 1771 905 1802 aliquid
917 1771 1046 1800 locutura3
1060 1778 1132 1802 quem

279 1816 421 1847 ingressum
441 1822 496 1840 mox
515 1815 547 1839 ad
566 1814 748 1846 turpitudinem
768 1822 919 1845 provocans,
934 1814 1042 1839 asseruit
1054 1814 1133 1838 firmi-

279 1858 326 1888 ter,
346 1866 372 1883 se
391 1858 508 1883 continuo
527 1858 615 1883 contra
632 1859 728 1889 ipsum,
749 1858 821 1889 quasi
834 1858 855 1882 ei
868 1858 1012 1882 violentiam
1025 1857 1133 1882 inferen-

280 1902 344 1931 tem,
365 1902 413 1926 nisi
434 1902 521 1926 statim
541 1901 589 1926 sibi
606 1902 787 1933 acquiesceret,
807 1901 981 1926 clamaturam.
1006 1901 1075 1925 Tunc
1093 1901 1133 1925 do-

280 1945 335 1970 ctus
354 1952 369 1969 a
388 1945 493 1970 Domino
512 1945 610 1975 Frater,
630 1945 764 1976 antequam
784 1945 873 1969 mulier
892 1945 918 1969 in
937 1952 1019 1969 vocem
1045 1944 1133 1969 clamo-

280 1989 315 2013 ris
335 1989 521 2020 prorumperet,
542 1989 574 2013 ad
593 1989 707 2013 Fratrem
727 1989 880 2018 consocium,
895 1989 1004 2020 quicum
1019 1987 1133 2019 pluribus

282 2033 394 2063 personis
414 2033 439 2056 in
459 2032 523 2056 atrio
543 2032 630 2057 domus
649 2032 717 2061 erat,
737 2032 790 2056 alta
809 2039 867 2057 voce
885 2032 1017 2061 clamavit,
1041 2031 1133 2055 librum

282 2075 329 2100 sibi
348 2075 465 2100 continuo
484 2075 568 2100 afferri
587 2076 729 2107 requirens,
750 2076 832 2106 sicque
857 2075 1004 2100 adveniente
1030 2074 1132 2103 Fratre,

280 2126 379 2143 necesse
398 2118 487 2143 habuit
506 2119 595 2143 mulier
614 2119 645 2143 ab
670 2118 812 2143 huiusmodi
836 2118 932 2143 nefaria
957 2117 1134 2143 sollicitatione

282 2169 392 2191 cessare,
413 2162 438 2186 et
457 2162 546 2186 Frater
564 2161 692 2186 hominum
711 2161 879 2186 confusionem
899 2161 987 2186 evasit.
1011 2161 1134 2185 Nonnulli

282 2205 312 2229 ob
332 2212 433 2229 causam
452 2205 557 2229 similem
577 2205 673 2229 confusi
692 2204 801 2235 turpiter
820 2204 845 2229 et
863 2204 976 2236 graviter
993 2203 1068 2228 fuisse
1081 2211 1134 2228 ver-

281 2248 362 2272 berati
381 2248 506 2272 dicuntur.
530 2248 580 2280 Qui
600 2249 685 2272 autem
704 2249 775 2272 cavet
793 2248 897 2279 laqueos
921 2254 1026 2272 securus
1051 2245 1134 2277 erit⁰;

282 2292 324 2323 qui
343 2292 427 2317 autem
446 2299 496 2316 non
515 2292 586 2317 cavet
604 2292 643 2316 est
662 2292 707 2316 aut
725 2291 904 2320 stultissimus,
924 2291 969 2315 aut
986 2297 1133 2322 perversus;

281 2342 326 2360 1100
344 2335 383 2360 est
402 2336 454 2360 eius
473 2335 598 2360 excusatio
617 2334 780 2360 admittenda.
800 2334 836 2359 De
855 2333 938 2363 nocte,
953 2334 974 2358 si
987 2341 1031 2365 per
1049 2333 1134 2358 domos

711 218 908 247 OPUSCULUM
930 218 947 245 Ι.
970 218 1140 246 SPECULUM
1162 218 1370 247 DlSClPLlNAE.
1394 219 1473 247 PARS
1494 219 1601 248 PRIMA.

1188 296 1315 328 hospitum
1335 298 1366 322 ad
1385 298 1524 323 necessaria
1543 298 1646 327 exeunt,
1667 298 1741 323 simul
1761 298 1859 329 quidem
1877 299 1902 323 et
1927 307 1980 324 cum
2000 301 2035 325 lu-

1188 341 1253 365 mine
1271 342 1301 365 ut
1319 341 1369 371 filii
1389 341 1454 366 lucis
1473 342 1539 366 eant.

1260 383 1284 407 6.
1305 383 1419 408 Ceterum
1438 384 1467 408 de
1486 384 1619 408 mundanis
1644 384 1809 409 saecularium
1833 385 1941 416 ozeqotiis
1965 393 2037 417 expe·
2052 388 2133 432 fficssam

1188 426 1283 457 diendis
1302 426 1443 458 Religiosus
1462 427 1592 452 temerarie
1612 435 1637 452 se
1656 435 1705 452 non
1725 427 1797 452 debet
1809 428 1928 459 impedire
1940 427 1956 453 ⁷.
1971 429 1995 453 Si
2008 429 2036 454 de

1188 470 1285 494 animae
1303 470 1402 501 negotio
1421 470 1514 501 agitur,
1533 471 1708 501 apponendum
1728 471 1767 495 est
1785 471 1883 502 quidem
1908 472 2038 496 consilium

1188 512 1220 537 ab
1238 512 1277 537 his
1297 513 1339 544 qui
1357 513 1451 537 habent
1469 513 1577 538 officium
1596 513 1621 538 et
1645 514 1760 544 peritiam
1788 514 1939 539 consulendi.
1968 515 2038 540 Alias

1188 563 1238 580 non
1257 555 1296 580 est
1313 556 1454 581 militantis
1473 556 1542 587 Deo,
1560 563 1585 581 se
1598 557 1689 582 iterum
1703 558 1828 582 occasione
1842 559 2038 589 propinquorum

1189 599 1228 623 vol
1241 600 1376 624 amicorum
1388 599 1566 624 saecularibus
1579 600 1714 631 implicare
1726 601 1835 632 negotiis
1846 599 1864 632 Ε,
1875 609 1937 632 quae
1947 602 2038 627 mundo

1188 643 1296 667 moriens
1315 642 1448 667 abdicavit.
1466 643 1564 674 Impius
1583 643 1621 667 est
1640 644 1682 674 qui
1700 644 1797 669 animae
1815 651 1874 669 suae
1893 652 1938 675 pro
1951 652 2039 676 paren-

1189 685 1257 710 tibus
1275 686 1327 710 suis
1347 686 1385 710 est
1404 686 1518 710 crudelis.
1532 686 1579 710 Sed
1591 693 1636 711 nec
1649 687 1813 711 saecularium
1826 687 1926 712 litterae
1939 688 1971 712 ad
1984 695 2039 719 por-

1189 728 1293 753 tandum
1312 729 1351 753 vel
1371 729 1581 760 praesentandum
1601 730 1675 754 alicui
1693 729 1789 761 recipi⁹
1814 730 1917 760 debent,
1943 731 1992 756 nisi
2009 731 2039 756 de

1189 772 1301 803 ipsarum
1321 772 1406 797 tenore
1426 779 1487 803 opus
1506 772 1613 797 forsitan
1632 773 1731 804 aliquod
1751 774 1853 804 pietatis
1865 773 1973 799 habente
1986 781 2040 799 con-

1190 815 1293 840 stiterit.
1313 815 1366 840 Nec
1385 815 1507 846 religiosis
1527 816 1588 840 viris
1607 816 1719 847 expedit,
1738 816 1803 847 quod
1819 816 1951 842 verborum
1964 817 2040 842 etiam

1190 859 1242 883 sine
1260 859 1353 883 litteris
1372 866 1417 889 pro
1436 859 1544 890 negotiis
1562 859 1704 885 huiusmodi
1722 860 1800 884 baiuli
1817 860 1894 890 fiant,
1913 861 1952 885 vel
1964 860 2039 886 inter-

1190 901 1280 926 nuntii.
1300 902 1347 926 Sed
1366 903 1387 927 si
1406 909 1480 933 super
1499 902 1593 927 talibus
1621 903 1790 934 requirantur,
1819 903 1865 929 hoc
1893 911 1937 935 per
1962 904 2038 934 alios,

1190 952 1252 976 quos
1271 945 1369 975 deceat,
1389 945 1443 970 fieri
1462 946 1559 977 rogent.

1263 988 1286 1013 7.
1307 988 1377 1013 Circa
1395 996 1483 1013 rerum
1501 989 1652 1019 custodiam,
1673 989 1724 1014 sive
1737 989 1814 1015 libros
1828 990 1880 1014 sive
1892 990 1942 1014 alia
1958 997 2039 1015 secum

1190 1031 1339 1063 detulerint,
1359 1039 1515 1063 nequaquam
1535 1032 1690 1063 negligentes
1710 1033 1832 1062 existant,
1847 1033 1889 1058 sed
1905 1034 2000 1063 omnia,
2013 1033 2040 1058 li-

1190 1075 1249 1100 bros
1268 1075 1413 1106 praecipue,
1433 1075 1568 1106 antequam
1581 1075 1625 1100 illa
1636 1074 1656 1087 ¹⁰
1676 1076 1802 1107 deponant
1814 1076 1843 1101 de
1856 1076 1985 1106 manibus,
2000 1076 2040 1101 vel

1190 1119 1219 1143 de
1239 1120 1309 1148 sinu,
1329 1119 1410 1144 certae
1438 1119 1553 1150 fidelique
1582 1126 1701 1150 personae
1730 1120 1914 1150 commendent,
1943 1127 2006 1151 quae
2024 1127 2039 1145 a

1191 1161 1335 1187 rnuribus¹1
1357 1162 1382 1187 et
1401 1162 1517 1191 canibus,
1538 1163 1580 1193 qui
1597 1162 1688 1192 libros,
1709 1163 1737 1187 ut
1765 1163 1917 1194 experientia
1944 1162 2040 1193 docuit,

1190 1205 1338 1235 destruunt,
1358 1206 1383 1230 et
1401 1205 1561 1236 cooperturae
1581 1206 1645 1231 corio
1670 1213 1719 1231 non
1739 1206 1868 1236 obstante,
1892 1206 2039 1236 corrodunt,

1190 1249 1316 1274 custodiat
1335 1249 1475 1280 diligenter.
1494 1249 1568 1280 Ipsae
1596 1256 1692 1280 quoque
1721 1256 1854 1280 personae,
1883 1249 1972 1281 quibus
2000 1257 2040 1275 res

1189 1292 1331 1318 huiusmodi
1350 1292 1548 1321 committuntur,
1569 1293 1628 1317 sunt
1648 1300 1722 1324 super
1741 1293 1780 1317 his
1799 1293 1969 1318 instruendae.
1989 1293 2041 1319 No-

1190 1336 1271 1361 ctibus
1290 1336 1374 1361 tamen
1393 1336 1532 1362 consultius
1551 1337 1654 1367 propter
1673 1337 1783 1367 pericula
1801 1337 1828 1361 in
1845 1337 1898 1362 loco
1924 1336 1991 1362 certo
2016 1336 2041 1362 et

1190 1380 1329 1411 propinquo
1348 1379 1481 1404 habentur.
1502 1379 1606 1409 Quidam
1625 1387 1687 1411 quos
1706 1380 1950 1405 recommendaverat
1962 1380 2039 1405 libros

1190 1423 1320 1454 repentino
1339 1423 1529 1454 superveniente
1548 1423 1659 1448 incendio
1678 1423 1793 1454 perdidit.

1487 1509 1635 1534 Gnrrrunun
1654 1509 1744 1534 XXXI,

1417 1596 1458 1621 De
1477 1596 1616 1627 disciplina
1636 1594 1813 1621 locutionisffl.

1262 1684 1286 1707 ].
1306 1683 1444 1714 Disciplina
1463 1683 1488 1707 in
1507 1683 1582 1707 verbo
1602 1682 1640 1707 est
1659 1683 1797 1708 iunioribus
1816 1682 1841 1707 et
1859 1683 1930 1707 novis
1949 1682 2041 1713 praeci-

1189 1734 1237 1758 pue
1255 1727 1321 1751 1111οι-
1340 1726 1470 1751 extraneos
1484 1726 1650 1755 observanda,
1664 1726 1693 1750 ut
1706 1726 1791 1757 tarde,
1806 1727 1878 1750 caute
1890 1733 1919 1750 ac
1932 1725 2042 1750 demissa

1188 1777 1247 1795 voce
1265 1770 1410 1801 loquantur.
1432 1769 1529 1800 Tarde,
1549 1769 1578 1794 ut
1597 1777 1675 1801 usque
1699 1762 1735 1794 adv
1756 1768 1977 1801 interrogationem
2002 1768 2042 1793 ta-

1189 1814 1275 1843 ceant,
1296 1813 1445 1845 interrogati
1473 1813 1658 1844 responsionem
1687 1813 1778 1838 seniori
1806 1812 1964 1843 relinquant,
1993 1812 2041 1837 nisi

1190 1857 1253 1882 forte
1273 1857 1298 1881 in
1318 1857 1419 1888 speciali
1439 1864 1513 1888 super
1532 1856 1642 1886 levibus,
1662 1857 1767 1881 maxime
1793 1856 1825 1880 ad
1849 1856 1977 1887 propriam
2001 1863 2041 1880 ne-

1190 1900 1332 1925 cessitatem
1352 1900 1537 1931 spectantibus,
1557 1899 1586 1924 ut
1605 1900 1633 1924 de
1653 1900 1706 1925 cibo
1725 1899 1750 1924 et
1776 1899 1837 1931 potu
1862 1899 1887 1924 et
1911 1899 2041 1924 consimili-

1190 1944 1245 1974 bus,
1265 1944 1434 1975 requirantur.
1454 1943 1490 1968 De
1509 1943 1603 1968 talibus
1623 1942 1707 1974 potest
1725 1943 1829 1974 quisque
1854 1949 1899 1974 pro
1927 1949 1966 1972 se,
1991 1949 2042 1967 non

1190 1987 1275 2012 tamen
1294 1994 1338 2018 pro
1359 1987 1422 2012 socio
1443 1987 1495 2011 sine
1514 1987 1593 2018 ipsius
1617 1994 1722 2011 assensu
1747 1986 1904 2017 respondere,
1930 1985 2041 2011 Commu-

1190 2038 1247 2055 nem
1266 2030 1372 2062 requirit
1390 2037 1520 2055 assensum
1539 2028 1681 2061 responsio,
1702 2037 1764 2061 quae
1783 2029 1813 2054 de
1826 2029 1949 2054 communi
1961 2035 2041 2054 neces-

1191 2073 1265 2098 sitate
1284 2073 1420 2105 profertur.

1262 2117 1286 2141 2.
1310 2116 1390 2142 Caute
1398 2136 1405 2148 ,
1418 2116 1447 2141 ut
1460 2123 1515 2141 cum
1528 2115 1749 2147 praemeditatione
1761 2115 1905 2146 loquantur,
1918 2115 1948 2140 ut
1960 2115 2040 2146 primo

1195 2170 1207 2182 (ς
1220 2160 1258 2184 bis
1277 2160 1309 2184 ad
1327 2160 1413 2184 limam
1433 2166 1508 2191 quam
1527 2159 1602 2183 semel
1614 2159 1646 2183 ad
1659 2159 1772 2190 linguam
1791 2158 1876 2183 veniat
1893 2165 1973 2183 sermo
1984 2156 2040 2188 ¹⁸»,

1190 2203 1295 2227 maxime
1315 2203 1349 2232 si,
1370 2203 1465 2227 seniore
1484 2202 1547 2227 forte
1566 2201 1699 2233 occupato,
1718 2202 1747 2226 de
1766 2201 1872 2231 Ordine,
1886 2201 1915 2226 de
1928 2202 2041 2233 personis

1190 2246 1350 2275 absentibus,
1370 2246 1399 2270 de
1419 2246 1560 2271 rumoribus
1579 2246 1619 2270 vel
1637 2246 1666 2270 de
1678 2245 1832 2270 notabilibus
1845 2245 1902 2270 aliis
1914 2246 2041 2277 requiran-

1191 2289 1241 2314 tur.
1261 2289 1296 2314 De
1315 2289 1389 2314 factis
1408 2288 1522 2319 Ordinis,
1542 2289 1571 2313 ut
1590 2289 1619 2313 de
1638 2289 1709 2314 modo
1728 2289 1868 2318 ieiunandi,
1888 2288 1916 2313 de
1941 2288 2040 2313 silentio

1191 2333 1231 2357 vel
1249 2332 1278 2357 de
1297 2332 1354 2357 aliis
1372 2332 1499 2364 requisiti,
1520 2340 1545 2357 se
1563 2339 1641 2357 novos
1659 2333 1686 2356 in
1704 2331 1795 2357 Ordine
1808 2332 1905 2362 dicant,
1919 2332 2040 2357 seniorem

347 2502 354 2515 ²
374 2504 403 2524 lta
421 2504 438 2525 Λ
457 2506 478 2524 ot
495 2503 532 2525 ed.
550 2503 575 2529 ‘23
594 2502 651 2524 :illac
669 2502 722 2524 cdd.
744 2504 766 2524 ct
788 2502 855 2524 codd.
879 2500 916 2524 cel
938 2501 999 2524 (ilius
1023 2500 1133 2530 reliqiose

283 2534 345 2557 decet
363 2534 451 2557 haberi.
470 2534 565 2557 Locutio
583 2533 733 2562 disciplinam
748 2532 856 2562 requirit.
870 2533 963 2555 lnt'erins
975 2539 1017 2561 pro
1027 2532 1133 2562 pum-iles

283 2566 319 2588 ed.
337 2567 350 2587 2
366 2565 497 2595 parrulos,
515 2571 575 2594 quae
598 2566 665 2587 etiarn
688 2571 740 2587 curn
761 2564 832 2587 CDE
849 2567 871 2586 et
888 2564 923 2586 ed.
948 2565 951 2586 l
975 2571 1017 2592 pro
1034 2564 1075 2587 secl
1091 2570 1133 2587 neo

283 2597 400 2620 substituit
416 2603 541 2626 nunqnam
555 2596 632 2619 enam.
646 2596 749 2619 Subinde
767 2602 809 2624 pro
826 2596 929 2625 semineu-
946 2596 962 2618 C
978 2595 1132 2625 feminarum.

346 2628 355 2641 2
373 2629 424 2651 Vat.
442 2635 495 2651 cuin
514 2628 550 2651 cd.
569 2629 576 2650 l
600 2627 734 2657 Reli-olonis.

347 2659 356 2672 ³³
374 2660 434 2682 Libr.
453 2660 482 2683 de
500 2660 661 2687 Singulorum-3
678 2660 814 2682 clericorum
834 2659 901 2687 (inter
918 2665 988 2686 opera
1012 2658 1132 2686 Cypriani,

284 2692 360 2719 Migne
377 2692 458 2714 Putrol.
477 2693 524 2714 Lat.
542 2694 598 2713 tom.
616 2691 638 2713 lr.
655 2692 698 2713 col.
716 2691 831 2718 835-870,
850 2690 916 2712 ouius
933 2690 1046 2718 principio
1070 2696 1133 2717 prae-

284 2723 392 2745 mittitur:
409 2732 419 2743 «
429 2724 549 2745 Tractatus
567 2723 682 2751 Cypriane
695 2728 818 2750 perperam
836 2722 966 2749 adscriptus
979 2728 1020 2744 1100
1033 2727 1078 2743 11011
1090 2721 1133 2743 Au-

285 2755 376 2782 gustino
394 2757 416 2777 et
433 2755 525 2782 Origeni
544 2755 604 2777 iuxta
622 2754 736 2783 quosdam
749 2754 784 2782 »)‚
802 2753 861 2775 circa
881 2753 957 2775 finem.
976 2754 1019 2775 Pro
1031 2754 1057 2776 ut
1068 2752 1135 2776 docet

283 2787 381 2809 sanctas
399 2785 548 2815 Anqnstz‘nus
567 2786 606 2815 (ita
624 2786 640 2807 B
658 2788 680 2807 et
696 2786 732 2808 ed.
746 2786 769 2814 2)
782 2785 837 2807 alins
848 2786 875 2807 ul
886 2784 951 2808 docet
963 2784 1063 2814 quidam
1075 2783 1134 2807 Sem-

285 2819 344 2840 ctus.

347 2848 357 2860 '²
374 2849 475 2876 Hieron„
488 2849 556 2877 Epist.
570 2849 578 2870 ¹l
590 2849 622 2871 17.
636 2848 700 2877 (alias
712 2848 759 2877 47.)
772 2854 796 2870 11.
808 2848 830 2869 3.
842 2860 872 2864 —
884 2848 1024 2870 Sententiam
1035 2848 1058 2869 S.
1067 2847 1133 2869 Fran-

286 2880 338 2901 cisci
358 2881 399 2902 bac
417 2881 446 2902 de
464 2887 488 2902 re
505 2880 559 2902 vide
576 2886 646 2908 supra
664 2880 750 2908 Opusc.
769 2879 847 2901 xxnl.
865 2879 985 2907 Legenda,
1004 2885 1022 2901 c.
1041 2879 1062 2901 5.
1075 2885 1097 2900 n.
1111 2878 1132 2900 5.

286 2910 329 2933 Csr.
347 2911 415 2933 etiarn
433 2912 520 2939 Opusc.
537 2912 588 2933 XX.
606 2912 694 2939 Regula
714 2911 783 2933 novit.
802 2917 821 2933 c.
840 2911 878 2932 42.
895 2917 917 2932 11.
935 2912 957 2932 2.

348 2941 357 2954 ⁵
374 2942 446 2965 Codd.
465 2942 480 2965 C
492 2943 509 2964 D
520 2943 535 2964 E
553 2946 574 2965 et
591 2943 643 2965 edd.
664 2943 688 2971 l,
707 2944 719 2964 Ξ
738 2943 845 2964 omittunt
862 2941 944 2971 ifitnr.

348 2972 357 2985 θ
376 2974 441 2995 Prov.
461 2974 501 3002 ll,
523 2973 556 2996 15.
575 2987 603 2989 —
621 2974 725 2996 Subinde
742 2973 864 3001 respicitur
882 2974 938 3001 Epn.
958 2974 984 3001 5,
1002 2974 1026 2995 8:
1044 2973 1073 2995 Ut
1093 2972 1132 2994 filii

285 3005 342 3026 lucis
359 3005 483 3027 ambulate
503 3018 531 3020 —
550 3006 645 3028 Inferius
662 3005 759 3027 vocibus
776 3007 797 3028 et
814 3010 869 3027 cum
887 3005 902 3026 Β
920 3007 941 3027 et
958 3005 994 3027 ed.
1013 3006 1026 3026 ⁴2
1040 3004 1133 3026 interse-

285 3035 371 3058 111111.ςὶ
386 3035 439 3065 fieri
451 3037 536 3065 potest.

1253 2499 1262 2512 ⁷
1280 2500 1313 2522 Du
1332 2499 1422 2527 Gange,
1440 2499 1581 2521 Glossarium
1599 2501 1655 2521 ete:
1675 2498 1790 2528 Impedit-e
1806 2504 1842 2526 se,
1856 2504 1948 2525 curare,
1960 2497 2040 2520 sollici-

1191 2532 1295 2554 tudinem
1314 2531 1412 2557 habere,
1430 2531 1485 2552 Gall.
1502 2529 1698 2553 §emnam-asser.
1718 2531 1766 2552 Vat.
1779 2536 1832 2552 011111
1846 2529 1882 2552 0(1.
1896 2530 1903 2551 l
1920 2528 2039 2552 intromit-

1190 2565 1244 2586 tere.
1262 2576 1293 2579 —
1311 2563 1405 2585 Interius
1422 2565 1473 2590 post
1490 2561 1584 2591 quidem
1604 2562 1652 2584 Vnt.
1670 2561 1735 2584 addit
1751 2563 1774 2584 et
1790 2560 1924 2584 tenendum.

1252 2593 1261 2606 ⁸
1280 2595 1350 2622 Epist.
1368 2595 1392 2616 ll.
1410 2594 1470 2616 Tim.
1487 2594 1514 2620 2,
1532 2593 1554 2615 4.

1253 2625 1262 2638 ⁹
1282 2626 1332 2648 Vat.
1348 2624 1466 2654 praecipi,
1484 2630 1543 2653 quae
1561 2624 1630 2646 etiarn
1653 2624 1748 2646 interius
1771 2629 1825 2646 cum
1848 2623 1902 2646 edd.
1920 2623 1944 2651 l,
1963 2624 1976 2645 2
1997 2629 2039 2650 pro

1189 2657 1248 2680 viris
1266 2657 1305 2685 (ita
1323 2656 1339 2680 C
1350 2656 1403 2685 DE)
1421 2656 1539 2679 substituit
1555 2655 1625 2679 veris.
1643 2655 1745 2678 Subinde
1763 2661 1805 2683 pro
1828 2656 1914 2684 rogent
1936 2654 1974 2682 (ita
1993 2655 2011 2676 A
2022 2654 2039 2676 B

1189 2692 1212 2711 et
1229 2689 1267 2711 ed.
1285 2689 1308 2717 2)
1327 2689 1382 2711 31135
1399 2687 1518 2717 replicent.

1253 2720 1272 2732 ²⁰
1289 2720 1331 2742 Ed.
1348 2721 1361 2742 2
1379 2725 1425 2742 eos.

1253 2751 1271 2764 ¹¹
1290 2752 1340 2773 Vat.
1351 2750 1433 2774 suibus
1446 2754 1467 2773 ct
1479 2750 1574 2772 interius
1586 2751 1728 2779 coopertura
1741 2755 1783 2777 pro
1795 2750 1949 2778 cooperturae
1965 2747 2037 2771 corio.

1253 2782 1272 2795 ¹²
1291 2784 1320 2805 lta
1338 2784 1356 2804 Α
1366 2783 1382 2804 Β
1400 2785 1422 2804 et
1439 2782 1475 2804 ed.
1493 2782 1519 2809 23
1533 2782 1583 2803 Vat.
1599 2787 1652 2803 curn
1665 2781 1681 2804 C
1692 2781 1710 2803 D
1721 2782 1735 2803 E
1747 2784 1769 2803 et
1781 2781 1819 2803 ed.
1840 2781 1847 2802 1
1870 2780 1903 2803 De
1914 2779 2039 2809 disciplina

1189 2814 1318 2837 verborum
1334 2813 1396 2837 inter
1413 2812 1556 2836 saeculares.

1253 2844 1272 2858 ¹⁸
1290 2846 1422 2873 Aruulphus
1440 2845 1568 2867 monachus
1581 2844 1610 2866 de
1622 2844 1709 2866 Boeriis
1720 2843 1742 2865 in
1755 2843 1853 2871 Speculo
1866 2843 1973 2865 monach.
1984 2848 2007 2864 n.
2017 2842 2039 2864 ll.

1190 2878 1275 2900 Eadem
1294 2877 1404 2899 sententia
1423 2876 1536 2904 reperitur
1548 2875 1617 2897 etiam
1630 2875 1650 2897 in
1671 2875 1802 2903 Opusculo,
1822 2875 1858 2897 cui
1880 2874 1970 2896 titulus:
1982 2874 2038 2896 Octo

1189 2912 1275 2937 puncta
1293 2908 1438 2936 perfectionis
1455 2907 1614 2936 assequendae
1632 2906 1699 2935 (inter
1716 2912 1786 2934 opera
1805 2905 1931 2934 Bernardi)‚
1945 2912 1965 2927 n.
1979 2905 2004 2933 53
2017 2907 2039 2927 et

1191 2941 1213 2962 in
1227 2941 1300 2962 Serui.
1314 2941 1334 2962 3.
1348 2940 1377 2962 ad
1394 2940 1485 2961 Fratres
1496 2939 1519 2960 in
1532 2944 1610 2961 eremo
1624 2938 1691 2966 (inter
1703 2944 1773 2966 opera
1786 2937 1892 2966 August.)
1910 2937 1943 2959 sic
1955 2937 2038 2965 proser-

1190 2975 1239 2994 tur:
1258 2972 1344 2993 Stultus
1361 2971 1422 2993 enirn
1440 2970 1509 2993 valde
1526 2972 1559 2992 est
1576 2970 1615 2998 qui
1633 2976 1679 2991 non
1696 2969 1760 2997 prius
1773 2968 1871 2991 verbum
1884 2968 1947 2991 ducit
1959 2967 1987 2990 ad
1999 2967 2037 2990 lin-

1190 3009 1261 3031 guam
1279 3003 1386 3030 rationis,
1403 3008 1473 3031 quain
1491 3001 1575 3024 educat
1592 3001 1621 3023 ad
1639 3001 1740 3028 linguam
1759 3001 1818 3029 oris;
1836 3001 1876 3022 cfr.
1893 3005 1963 3028 supra
1981 3004 2035 3027 pag.

1191 3034 1248 3061 485,
1265 3038 1320 3056 nota
1337 3034 1358 3055 5.

2123 486 2126 506 l

2056 989 2106 1009 Circa
2116 996 2133 1010 11

2061 1014 2132 1033 custodi

2060 1685 2114 1704 011101
2124 1689 2133 1703 11

2061 1709 2114 1733 tripli:
2120 1713 2133 1727 s.

2061 1768 2114 1792 Loqm
2120 1759 2133 1787 {u

2084 1794 2111 1811 tal·

2056 2114 2105 2137 Item,

2119 2109 2133 2132 lu
