2133 3317
100 301 218 339 legitur:
242 301 351 328 Domus
371 307 436 328 mea
463 298 567 326 domus
588 298 732 326 orationis
750 298 902 326 vocabitur
916 309 943 333 »;

100 352 127 379 et
151 351 211 386 post
232 347 340 380 subdit,
368 345 442 383 quod
468 356 481 370 a
496 345 623 373 Christus
644 345 705 373 iure
726 345 943 382 proprietario,

100 395 147 425 ubi
170 397 253 431 caput
281 393 428 422 reclinaret
457 392 529 420 inter
557 391 699 425 homines,
727 391 815 420 factus
844 392 943 426 homo,

101 450 154 470 non
176 440 288 474 babuit,
314 439 361 476 qui
384 442 516 475 tanquam
538 446 622 466 verus
643 438 717 466 Deus
737 438 862 466 omnium
876 439 884 455 ¹
906 438 944 467 le-

0 492 80 520 itponde-
101 489 219 517 vitarum
241 486 313 515 bona
333 485 494 522 possedit».
513 501 551 505 »-
566 485 594 513 10
616 485 718 522 quibus
733 485 804 513 miro
819 485 899 513 modo
915 493 943 513 se

12 521 46 538 Μ’
100 534 218 564 ostendit
238 533 311 561 omni
331 532 454 561 veritatis
470 531 648 568 intelligentia
663 531 786 566 nudum,
802 531 881 568 quasi
895 539 944 560 ne-

100 581 229 611 scientem
250 580 421 616 distinguere
442 579 514 607 inter
535 586 567 607 ea
587 586 659 615 qnae
684 578 785 607 Christi
811 578 944 607 Divinita-

100 632 153 657 tem
181 629 208 656 et
237 626 325 663 ipsius
352 625 552 653 humanitatem
581 624 741 661 respiciunt.
768 624 846 661 Quod
868 624 941 653 enim

98 675 231 707 dicimus,
253 673 394 701 Christum
426 672 510 700 fuisse
532 679 699 708 pauperem,
721 671 754 700 ad
776 672 836 700 eius
857 672 944 700 refer—

99 725 145 751 tur
166 720 365 749 humanitatem
387 722 555 753 assumtam,
577 719 605 747 in
620 727 675 755 qua
689 718 810 755 perfecte
832 718 940 747 vivendi

98 768 177 797 nobis
198 766 362 795 monstravit
382 766 526 802 exempla,
548 774 602 794 non
624 769 716 794 autem
738 765 771 793 ad
787 765 943 793 Divinitatis

98 815 185 852 ipsius
206 813 372 851 potentiam,
394 813 546 841 secundum
569 820 653 849 quam
675 820 729 840 non
755 812 844 840 solum
873 815 943 840 tem-

98 862 174 900 plum
197 864 224 889 et
245 861 315 889 bona
343 859 451 888 levitica
475 859 535 888 eius
562 859 682 887 dominio
710 859 867 892 subiacent,
898 866 942 887 ve-

98 916 161 937 rum
182 907 263 936 etiam
286 906 396 935 caelum
422 909 447 934 et
467 909 549 934 terra
576 909 602 933 et
629 905 746 938 onmia,
768 913 842 942 quae
870 904 943 933 caeli

99 954 211 983 ambitu
225 953 422 986 continentur,
437 952 544 980 dicente
566 951 739 988 Propheta²2
765 951 882 979 Domini
902 954 943 979 est

5 1009 75 1029 anicia
99 1005 180 1031 terra
200 1004 226 1029 et
242 1000 391 1037 plenitudo
406 999 477 1027 cius.
494 1015 530 1019 —
548 999 574 1027 Ei
591 1006 669 1032 vero,
686 998 759 1035 quod
778 998 852 1032 dicit,
867 997 942 1034 quod

8 1033 89 1054 ‘’mm‘'
102 1060 116 1075 «
130 1048 239 1077 Christo
260 1050 392 1084 tanquam
414 1054 479 1075 vero
501 1045 635 1074 sacerdoti
664 1046 756 1074 Pater
781 1045 812 1074 iu
833 1053 941 1073 manus

22 1111 34 1114 -
98 1095 196 1125 omnia
217 1094 333 1127 desim,
364 1097 392 1122 et
422 1093 495 1130 quod
527 1092 671 1121 sacerdotii
704 1093 766 1121 iure
794 1092 940 1121 levitarum

97 1143 169 1172 bona
182 1140 341 1178 possedit»,
353 1140 469 1177 ipsemet
483 1139 565 1176 paulo
580 1142 640 1176 post
655 1141 750 1176 aperte
765 1138 940 1172 conti-afficit,

98 1189 165 1218 dum
196 1187 304 1221 subdit,
326 1187 409 1224 quod,
436 1198 450 1212 «
464 1186 587 1215 nondum
616 1186 750 1214 translato
772 1185 941 1219 sacerdotio,

98 1243 148 1264 nec
167 1234 337 1263 decimarum
369 1241 419 1262 nec
450 1233 654 1270 possessionum
682 1233 778 1262 debuit
799 1232 942 1261 translatio

97 1283 199 1312 fieri».
221 1281 247 1310 Si
269 1281 342 1310 enim
373 1280 557 1309 sacerdotium
586 1280 726 1309 leviticum
755 1283 818 1309 ante
839 1279 941 1308 Christi

97 1329 253 1367 passionem
274 1331 301 1356 et
322 1327 557 1356 resurrectionem
586 1327 750 1355 translatum
775 1335 829 1355 000
851 1326 941 1361 fuit4,

97 1375 240 1405 manifeste
270 1374 424 1411 colligitur,
456 1373 529 1411 quod
561 1373 688 1402 Christus
715 1373 776 1402 iure
798 1373 941 1402 sacerdotii

98 1430 194 1452 eorum
222 1429 293 1459 quae
315 1421 348 1449 ad
374 1420 470 1449 levitas
491 1420 666 1457 spectabant,
688 1420 727 1448 nil
747 1420 859 1448 omnino
880 1427 942 1456 pos-

98 1469 175 1499 sedit.

177 1516 202 1543 9.
225 1515 311 1552 Igitur
333 1517 387 1542 tam
409 1513 517 1542 veritati
548 1521 631 1550 quam
659 1513 709 1542 sibi
732 1513 783 1550 ipsi
805 1513 942 1541 contradi-

0 1569 83 1597 ιίιιιιμᾱ-
98 1570 178 1596 0005,
200 1562 265 1599 quia
286 1561 373 1589 instar
394 1560 526 1597 principis
547 1560 642 1589 mundi
664 1560 749 1588 huius
771 1560 798 1588 in
824 1568 943 1596 pauper-

0 1598 84 1636 ῗζῖ
98 1609 169 1638 rimo
200 1608 288 1645 capite
318 1607 427 1636 Christo
459 1607 497 1635 nil
522 1607 716 1644 temporalium
738 1607 942 1643 possessionum

98 1655 221 1684 invenire
243 1654 367 1691 potuit⁵‚
389 1654 422 1682 ad
444 1662 546 1691 corpus
560 1654 663 1690 ipsius,
678 1653 806 1682 videlicet
820 1657 941 1682 sanctam

97 1705 214 1731 matrem
237 1701 396 1735 Ecclesiam,
415 1709 572 1730 sermonem
593 1701 736 1730 convertit.
760 1701 798 1729 De
819 1709 875 1738 qua
895 1700 943 1729 fri-

98 1749 167 1778 volis
196 1748 363 1786 quibusdam
397 1748 570 1785 praemissis,
602 1748 767 1777 auctoritate
799 1748 942 1777 Canonis⁶

98 1795 214 1829 astruit,
242 1795 317 1832 quod
349 1795 487 1823 «ratione
513 1794 626 1823 maioris
653 1794 780 1823 utilitatis
808 1802 889 1831 agros
916 1797 943 1823 et

98 1842 225 1880 praedia,
246 1850 318 1879 quae
340 1841 458 1870 vendere
487 1844 685 1875 consueverat,
714 1841 854 1878 possidere
882 1849 943 1870 coe-

98 1890 178 1926 pit».
208 1889 248 1917 Ex
276 1888 379 1926 quibus
407 1892 608 1925 consequenter
636 1889 675 1917 sic
702 1888 812 1925 arguit:
847 1888 943 1917 «Cum

98 1936 171 1966 idem
192 1936 227 1965 sit
248 1936 316 1965 utile
337 1939 364 1964 et
386 1936 549 1970 honestum,
571 1938 603 1964 ut
623 1935 688 1964 dicit
703 1935 901 1969 Ambrosius⁷;
917 1938 944 1964 et

98 1983 172 2021 quod
193 1986 234 2012 est
255 1982 471 2020 imperfectionis
492 1982 519 2010 in
541 1986 676 2019 quantum
708 1982 866 2011 huiusmodi
897 1983 944 2012 de-

99 2030 183 2059 clinat
202 2030 237 2059 ab
263 2030 421 2063 honestate,
443 2032 470 2057 et
491 2029 564 2066 quod
585 2032 627 2058 est
648 2029 798 2058 honestatis
819 2031 861 2057 est
881 2037 945 2066 per-

98 2076 238 2106 fectionis:
258 2076 370 2114 praedia
384 2076 518 2105 Ecclesiae
534 2076 600 2104 viris
615 2076 744 2113 perfectis
759 2078 824 2104 sunt
839 2076 865 2104 10
881 2084 944 2113 per—

100 2124 225 2153 fectionis
246 2123 408 2157 cumulum,
437 2131 492 2151 non
514 2123 541 2151 in
562 2123 623 2151 eius
643 2122 841 2151 detrimentum
857 2134 883 2150 ι».
907 2139 943 2143 -

0 2177 89 2204 emioest
100 2171 170 2200 Haec
200 2170 271 2199 ratio
301 2170 403 2207 ipsius,
426 2170 493 2199 haec
514 2170 614 2204 verba;
636 2170 718 2199 cuius
738 2169 852 2198 rationis
880 2177 945 2198 con-

0 2202 88 2243 3:¹¹3AEssss
101 2217 188 2247 clusio
208 2217 308 2255 partim
330 2220 372 2246 est
392 2225 475 2251 vera,
506 2217 607 2254 partim
629 2225 754 2246 erronea.
778 2216 881 2245 Verum
903 2219 945 2245 est

100 2265 227 2302 quidem,
248 2264 322 2301 quod
343 2264 528 2293 ecclesiastica
556 2264 667 2300 praedia
694 2264 753 2293 sine
778 2264 944 2293 detrimento

100 2311 276 2349 perfectionis
296 2311 393 2340 haberi
416 2313 549 2348 possunt;
565 2311 639 2347 quod
654 2314 746 2340 autem
763 2311 818 2340 sint
831 2311 864 2340 ad
877 2319 944 2348 per-

100 2357 233 2396 fectionis
254 2358 423 2392 czmzulztm,
445 2357 547 2386 sentire
568 2357 612 2386 vel
632 2357 724 2386 dicere
751 2357 818 2386 adeo
845 2357 944 2386 absur-

165 2507 172 2520 ¹
190 2507 264 2530 Codd.
282 2508 325 2529 AB
343 2507 432 2530 omnia.

163 2546 171 2559 ²
190 2547 272 2569 esaim.
285 2547 321 2574 23,
337 2547 342 2568 1
355 2553 360 2574 ς
373 2546 395 2568 111
408 2545 485 2568 verbis
497 2546 643 2574 praecedent.
656 2546 777 2574 respicitur
789 2547 850 2568 Esth.
861 2546 896 2574 013,
911 2547 944 2569 lO.

164 2585 173 2598 ³
191 2586 250 2608 loan.
268 2586 293 2612 3,
308 2585 348 2613 35,
362 2585 400 2607 ubi
415 2585 511 2613 Vulgata
524 2586 604 2614 (qnam
617 2588 744 2614 sequuntur
757 2585 820 2613 edd.)
834 2585 858 2607 in
869 2591 944 2607 ’10111111

102 2631 144 2653 pro
162 2624 185 2647 in
202 2630 288 2647 manus
306 2624 345 2652 (ita
364 2624 477 2653 ABCE).
494 2637 524 2641 --
542 2624 654 2652 Superius
679 2630 721 2652 pro
748 2623 777 2646 Εἰ
801 2630 856 2647 vero
882 2623 946 2653 quod

102 2664 153 2686 Vat.
171 2663 200 2686 Ei
216 2669 271 2686 vero
289 2663 338 2693 qui.

164 2701 174 2714 ⁴
191 2702 234 2725 Cfr.
252 2701 320 2724 Hebr.
339 2702 366 2730 7,
387 2702 404 2723 1.
423 2708 488 2730 seqq.

164 2740 174 2753 ⁶
192 2741 252 2763 loan.
273 2741 312 2767 lli,
331 2742 375 2763 30:
393 2741 460 2763 Venit
477 2741 538 2763 0111111
556 2741 664 2768 princeps
682 2740 762 2762 1111111111
788 2740 856 2762 huius
878 2744 900 2762 et
922 2741 944 2763 in

103 2786 140 2803 me
157 2786 203 2802 uon
220 2779 289 2802 habet
305 2780 442 2808 quidquam.
459 2779 502 2802 Cfr.
520 2786 589 2807 snpra
609 2786 660 2807 pag.
679 2779 737 2806 274,
755 2782 806 2801 nota
829 2780 861 2801 12,

163 2818 175 2832 ⁶
191 2819 245 2841 Can.
276 2818 380 2841 Videutes
405 2819 471 2847 (16),
496 2818 563 2841 Caus.
585 2819 623 2845 12,
648 2825 671 2847 q.
698 2819 721 2840 l:
740 2818 850 2840 Videntes
868 2822 943 2841 autem

103 2859 187 2881 summi
204 2859 335 2881 sacerdotes
352 2861 374 2880 et
391 2858 452 2880 alii...
469 2859 519 2886 plus
537 2858 636 2880 utilitatis
659 2864 728 2885 posse
747 2857 856 2885 conferri,
873 2858 891 2880 si
910 2859 946 2880 he-

104 2897 212 2919 reditates
229 2899 251 2918 et
268 2902 349 2923 agros,
375 2902 435 2924 quos
460 2895 604 2923 vendebant,
626 2895 740 2922 ecclesiis,
758 2895 843 2924 quibus
860 2896 946 2923 praesi-

103 2935 189 2957 debant
206 2935 322 2963 episcopi,
340 2934 478 2956 traderent...
497 2937 624 2962 coeperunt
640 2934 735 2962 praedia
753 2937 774 2956 et
792 2940 874 2961 agros,
886 2940 946 2963 quos

103 2973 204 2996 vendere
221 2972 336 2999 solebant,
354 2972 488 2995 matricibus
504 2973 605 2995 ecclesiis
623 2973 714 2995 tradere
731 2975 773 2995 etc.

166 3011 174 3024 ⁷
192 3011 240 3034 Lib.
258 3012 290 3034 111.
308 3011 337 3034 de
354 3011 439 3034 Officiis
456 3011 626 3039 ministrorum,
648 3018 668 3034 c.
690 3013 710 3034 2.
737 3018 758 3034 n.
783 3012 813 3034 9:
838 3012 882 3034 Nee
908 3013 946 3034 110-

197 3059 220 3082 S.
232 3058 320 3081 Bonae.
337 3071 367 3074 —
385 3059 452 3080 Tom.
466 3058 522 3080 vul.

557 220 754 249 OPUSCULUM
775 221 817 249 XI.
839 221 1000 250 APOLOGIA
1021 221 1202 251 PAUPERUM.
1224 222 1292 251 CAP.
1314 222 1379 251 Vltt.
1786 224 1842 252 289

1000 299 1067 328 dum
1088 303 1145 333 est,
1166 304 1199 328 ut
1219 308 1255 329 ex
1277 301 1329 329 hoc
1350 303 1439 329 status
1460 301 1613 338 modusque
1634 300 1743 329 vivendi
1766 309 1844 337 prae-

1000 346 1119 374 sentium
1142 349 1297 383 temporum
1319 347 1391 376 vitae
1412 347 1513 376 Christi
1536 347 1708 384 praeferatur
1730 351 1757 376 et
1775 348 1845 384 Apo-

1000 393 1150 426 stolorum;
1166 393 1240 430 quod
1254 396 1296 422 est
1309 394 1481 430 apertissime
1495 394 1603 423 falsum.
1624 394 1699 423 Unde
1714 394 1844 430 Hierony-

1000 447 1078 473 mus,
1094 440 1189 468 Malchi
1206 441 1333 469 monachi
1345 441 1356 457 ⁸
1372 441 1455 469 vitam
1471 441 1646 475 describens,
1661 441 1717 470 ait:
1745 453 1757 466 «
1773 441 1844 470 Scri-

1000 485 1066 514 bere
1085 486 1208 523 d1sposui
1223 487 1258 515 ab
1272 487 1393 516 adventu
1408 488 1556 517 Salvatoris
1570 496 1660 525 usque
1674 488 1708 517 ad
1722 491 1844 517 nostram

1000 535 1132 566 aetatem,
1155 533 1180 561 id
1202 536 1244 562 est
1264 533 1298 561 ab
1319 534 1454 570 Apostolis
1476 542 1564 571 usque
1585 535 1619 563 ad
1641 535 1725 564 huius
1740 538 1845 572 tempo-

1001 579 1039 607 ris
1060 579 1179 614 faecem,
1210 580 1348 617 quomodo
1379 584 1406 609 et
1434 589 1483 618 per
1510 590 1581 618 quos
1601 582 1703 611 Christi
1726 582 1844 611 Ecclesia

1001 629 1064 655 nata
1094 626 1129 655 sit
1157 629 1184 655 et
1205 627 1299 655 adulta
1322 628 1563 664 persecutionibus
1584 629 1718 663 creverit,
1741 633 1845 666 marty-

1001 672 1049 701 riis
1070 675 1200 701 coronata
1221 674 1271 707 sit,
1303 676 1330 702 et
1362 678 1507 711 postquam
1528 675 1561 703 ad
1583 675 1748 704 christianos
1769 676 1845 712 prin-

1000 719 1074 756 cipes
1095 720 1217 753 venerit,
1250 721 1371 757 potentia
1392 724 1419 749 et
1439 721 1541 750 divitiis
1563 722 1665 755 maior,
1687 722 1735 750 sed
1756 722 1845 751 virtu-

1000 766 1074 795 tibus
1095 766 1130 795 sit
1152 766 1240 795 minor
1262 767 1359 795 effecta
1374 779 1400 795 ».
1423 768 1571 804 Hucusque
1593 768 1783 804 Hieronymus.

1081 814 1124 841 to.
1148 813 1279 850 Insuper,
1301 814 1323 842 si
1346 814 1457 850 praedia
1478 814 1582 843 faciunt
1610 815 1643 843 ad
1669 815 1844 852 perfectionis

999 861 1159 893 cumulum,
1182 863 1263 894 tunc,
1285 863 1389 897 quanto
1410 861 1540 889 ecclesiae
1562 862 1643 898 plura
1658 862 1769 898 praedia
1783 871 1845 899 pos-

999 907 1103 940 sident,
1126 910 1201 935 tauto
1222 907 1269 943 qui
1292 907 1319 935 in
1337 907 1376 935 eis
1391 907 1494 944 degunt
1508 908 1686 944 perfectiores
1700 909 1844 944 existunt;

998 961 1030 981 ac
1051 961 1100 990 per
1123 953 1174 981 hoc
1196 954 1290 982 nullus
1311 954 1345 982 ab
1368 954 1483 982 Ecclesia
1507 954 1625 983 habente
1643 955 1748 991 copiam
1766 964 1845 992 prae-

998 1000 1107 1028 diorum
1130 999 1234 1036 absque
1253 1000 1419 1028 detrimento
1440 1000 1614 1036 perfectionis
1638 1001 1672 1029 ad
1695 1002 1845 1038 Religiones

998 1046 1178 1083 pauperum⁹
1200 1046 1352 1074 transferre
1373 1054 1402 1074 se
1424 1049 1532 1083 potest;
1548 1047 1615 1083 quin
1632 1048 1724 1084 potius
1744 1056 1759 1077 e
1781 1056 1845 1077 con-

999 1101 1079 1121 verso
1101 1093 1271 1129 paupertatis
1292 1101 1441 1122 aerumnas
1461 1093 1580 1122 abiicere
1602 1097 1629 1122 et
1649 1094 1683 1122 ad
1702 1095 1845 1124 facultates

998 1139 1196 1168 ecclesiasticas
1216 1140 1340 1176 aspirare
1362 1142 1487 1168 sanctum
1509 1141 1562 1169 erit
1583 1144 1666 1178 atque
1682 1141 1844 1178 perfectum.

998 1187 1083 1215 Cuius
1104 1187 1254 1215 sententiae
1275 1187 1420 1215 falsitatem
1450 1188 1632 1224 Hieronymus
1659 1188 1691 1216 ad
1720 1189 1845 1225 Nepotia-

999 1242 1065 1262 num
1080 1234 1102 1250 ¹⁰
1123 1233 1282 1268 eliminans,
1304 1234 1407 1263 ironice
1428 1234 1484 1262 ait:
1510 1246 1523 1259 «
1539 1235 1598 1263 Sint
1618 1235 1731 1264 ditiores
1751 1244 1845 1264 mona-

999 1281 1060 1314 chi,
1081 1289 1165 1317 quam
1187 1283 1250 1309 ante
1277 1280 1388 1309 fuerant
1409 1281 1579 1315 saeculares;
1603 1282 1759 1318 possideant
1779 1290 1845 1319 opes

999 1328 1052 1357 sub
1072 1327 1181 1356 Christo
1202 1335 1340 1364 paupere,
1362 1336 1432 1364 quas
1447 1328 1499 1356 sub
1515 1328 1650 1365 locuplete
1665 1328 1773 1357 diabolo
1790 1338 1845 1358 000

999 1374 1175 1408 habuerunt,
1197 1377 1224 1403 et
1245 1374 1366 1411 suspiret
1386 1382 1433 1403 eos
1455 1375 1573 1403 Ecclesia
1592 1375 1706 1409 divites,
1722 1379 1845 1413 0110510-

999 1421 1060 1449 nuit
1087 1420 1208 1449 mundus
1238 1424 1302 1449 ante
1332 1421 1472 1450 mendicos
1487 1433 1513 1449 ιι.
1536 1438 1574 1442 —
1595 1422 1733 1458 Amplius,
1759 1423 1781 1451 si
1803 1431 1846 1451 ec-

1000 1467 1150 1496 clesiastica
1172 1467 1284 1504 praedia
1304 1467 1408 1496 faciunt
1429 1468 1463 1496 ad
1485 1468 1660 1505 perfectionis
1685 1470 1845 1504 cumulum,

1000 1514 1068 1543 nihil
1083 1517 1125 1543 est
1139 1514 1291 1543 secundum
1306 1514 1408 1543 Christi
1424 1515 1569 1544 consilium
1589 1516 1762 1544 vendendum
1779 1516 1846 1545 dan-

999 1561 1122 1598 dumque
1144 1561 1314 1598 pauperibus
1327 1562 1364 1596 ¹¹,
1387 1562 1434 1590 sed
1453 1564 1541 1590 totum
1557 1562 1691 1591 Ecclesiae
1709 1563 1782 1599 agris
1797 1571 1846 1592 seu

999 1608 1099 1645 opibus
1130 1608 1355 1645 aggregandum,
1387 1617 1451 1637 cum
1482 1609 1634 1637 secundum
1667 1610 1719 1638 hoc
1747 1609 1846 1646 dogma

1001 1654 1146 1692 profanum
1175 1654 1328 1683 cumulatio
1348 1655 1551 1691 possessionum
1573 1655 1600 1683 in
1622 1655 1742 1684 Ecclesia
1766 1656 1844 1684 Chri-

1000 1702 1034 1730 sti
1056 1702 1090 1730 ad
1111 1702 1256 1730 cumulum
1287 1702 1369 1730 faciat
1395 1702 1532 1739 perfectae
1557 1703 1716 1731 sanctitatis.
1746 1703 1846 1732 Contra

1000 1748 1074 1785 quod
1090 1748 1272 1784 Hieronymus
1287 1748 1321 1776 ad
1335 1748 1534 1777 Demetriadem
1549 1748 1587 1777 1¹2:
1608 1761 1621 1773 «
1636 1749 1683 1777 Alii
1703 1750 1847 1778 aedificent

1001 1795 1145 1829 ecclesiaS,
1172 1795 1289 1824 vestiant
1319 1795 1439 1832 parietes
1461 1804 1633 1824 marmorum
1655 1797 1772 1831 crustis,
1801 1805 1845 1825 co-

1002 1843 1161 1871 lumnarum
1183 1842 1269 1871 moles
1289 1842 1428 1870 advehant
1455 1850 1609 1880 earumque
1639 1843 1774 1872 deaurent
1802 1851 1845 1872 ca-

1001 1889 1073 1926 pita,
1095 1889 1211 1926 gemmis
1232 1892 1330 1917 aurata
1350 1889 1521 1926 distinguant
1541 1890 1658 1924 altaria;
1680 1898 1733 1918 non
1750 1898 1845 1927 repre-

1002 1936 1107 1970 hendo,
1136 1944 1190 1965 000
1223 1936 1324 1964 abnuo.
1347 1936 1396 1964 Sed
1420 1936 1467 1965 tibi
1489 1936 1563 1965 aliud
1585 1937 1756 1974 propositum
1785 1940 1843 1971 est,

1001 1983 1143 2012 Christum
1164 1983 1265 2012 vestire
1287 1983 1314 2011 10
1336 1983 1521 2020 pauperibus,
1543 1983 1656 2013 visitare
1671 1984 1698 2012 in
1714 1984 1845 2021 languen-

1002 2030 1092 2064 tibus,
1115 2037 1227 2066 pascere
1248 2030 1275 2058 in
1297 2030 1499 2064 esurientibus,
1521 2031 1662 2067 suscipere
1683 2031 1710 2059 in
1732 2031 1776 2060 his
1796 2031 1844 2068 qui

1002 2079 1074 2105 tecto
1095 2076 1230 2113 indigent,
1246 2079 1273 2105 et
1286 2077 1415 2105 maxime
1435 2077 1467 2105 in
1487 2077 1651 2106 domesticis
1671 2077 1740 2114 fidei
1753 2090 1779 2106 ».
1802 2078 1843 2106 Ex

1002 2123 1046 2152 his
1067 2123 1156 2160 colligi
1181 2126 1286 2160 potest,
1308 2124 1381 2161 quod
1403 2124 1525 2160 praefata
1546 2124 1686 2153 conclusio
1706 2124 1844 2153 multifor-

1000 2178 1072 2199 mem
1094 2170 1215 2199 continet
1235 2170 1443 2199 absurditatem.

1082 2218 1126 2245 11.
1149 2217 1200 2246 Sed
1222 2220 1248 2246 et
1269 2217 1339 2246 ratio
1360 2217 1419 2254 ipsa
1433 2226 1486 2245 000
1503 2217 1583 2246 valet.
1602 2218 1681 2251 Nam,
1697 2217 1769 2246 sicut
1783 2226 1846 2255 pos-

1001 2263 1135 2293 sessiones
1156 2268 1221 2293 sunt
1242 2264 1339 2298 utiles,
1361 2264 1400 2293 sic
1420 2267 1447 2292 et
1467 2264 1520 2292 alia
1541 2265 1643 2298 multa,
1665 2267 1760 2302 utpote
1774 2273 1845 2293 uxo-

1000 2318 1060 2345 res,
1082 2311 1171 2345 servi,
1192 2319 1270 2339 arma
1291 2314 1319 2340 et
1340 2311 1498 2348 temporalis
1519 2311 1652 2348 potentia,
1667 2319 1702 2340 ex
1725 2319 1845 2348 quorum

1001 2358 1153 2386 retentione
1174 2366 1228 2386 non
1250 2358 1392 2395 sequitur,
1414 2358 1488 2395 quod
1513 2359 1643 2387 cumulus
1671 2358 1845 2395 perfectionis

1001 2510 1090 2529 00510111
1108 2514 1159 2530 0550
1183 2513 1252 2535 posse
1276 2507 1317 2529 nisi
1343 2507 1406 2535 quod
1426 2507 1491 2533 utile,
1515 2513 1556 2529 nec
1581 2507 1634 2529 utile
1657 2507 1699 2529 nisi
1722 2508 1785 2536 quod
1809 2509 1846 2530 lio-

1001 2549 1100 2568 nestum.

1063 2584 1072 2597 ⁸
1090 2585 1141 2607 Vita
1159 2585 1239 2607 Maichi
1257 2585 1361 2607 monachi
1379 2584 1476 2612 captivi,
1494 2591 1516 2607 n.
1537 2585 1555 2606 l.

1063 2622 1073 2635 ⁹
1090 2625 1119 2646 Ex
1135 2624 1151 2646 C
1162 2624 1179 2646 t)
1190 2625 1204 2645 E
1214 2624 1229 2646 F
1239 2625 1256 2645 G
1273 2624 1435 2651 supplevimus
1451 2629 1594 2652 pauperum.

1064 2662 1083 2676 ¹⁰
1100 2663 1176 2685 Potius
1192 2662 1225 2684 ad
1240 2662 1406 2690 Heliodorum,
1424 2663 1563 2684 avunculum
1578 2662 1710 2690 Nepotiani,
1723 2663 1793 2691 Epist.
1808 2664 1845 2685 60.

1001 2701 1066 2729 (alias
1084 2702 1116 2729 3.)
1135 2708 1157 2724 u.
1179 2702 1212 2729 tl,
1230 2701 1270 2723 ubi
1288 2707 1330 2729 pro
1343 2700 1478 2723 habuerunt
1490 2704 1563 2723 textus
1575 2701 1692 2729 originalis
1704 2701 1844 2725 habnt-rant.

1001 2753 1032 2756 —-
1049 2740 1160 2768 Superius
1178 2746 1219 2768 pro
1236 2739 1363 2762 sententiae
1378 2739 1505 2769 fiilsitalem
1533 2740 1585 2762 edd.
1611 2743 1688 2762 contra
1710 2741 1778 2763 codd.
1796 2747 1845 2764 sen·

1002 2778 1086 2802 tentiae
1102 2778 1250 2808 fucultatem.

1064 2816 1082 2829 ²¹
1102 2818 1176 2839 Matth.
1196 2818 1237 2844 19,
1255 2818 1296 2839 2¹:
1315 2817 1337 2838 Si
1355 2817 1391 2839 vis
1408 2818 1522 2845 perfectus
1537 2823 1599 2845 esse,
1615 2817 1686 2845 vade,
1697 2818 1773 2840 vende
1785 2824 1845 2847 quae

1002 2856 1073 2879 habes
1090 2859 1111 2879 et
1128 2856 1156 2879 da
1175 2856 1324 2884 pauperibus.

1065 2894 1084 2908 ¹²
1103 2895 1170 2923 Epist.
1192 2895 1240 2917 130.
1260 2895 1324 2923 (alias
1341 2896 1372 2923 8.)
1391 2901 1413 2918 n.
1434 2895 1466 2917 14.
1486 2895 1570 2918 Textus
1589 2895 1706 2923 originalis
1723 2896 1775 2918 hinc
1793 2896 1845 2919 inde

1002 2935 1109 2957 nonnulla
1127 2934 1247 2956 interserit.
1266 2934 1393 2962 Respi‹·itiir
1411 2935 1487 2956 illatth.
1504 2935 1546 2963 25,
1564 2935 1600 2957 35.
1618 2941 1666 2964 seq.
1680 2935 1718 2962 (110
1735 2935 1845 2963 operibns

1003 2973 1183 3000 misericordiae)
1201 2976 1223 2995 et
1239 2973 1349 3000 allegatur
1366 2973 1412 2995 Gal.
1436 2973 1462 3000 6,
1492 2974 1532 2995 101
1558 2974 1686 3001 Opcremur
1704 2974 1791 2996 bonum
1815 2974 1845 2996 ad

1002 3018 1094 3039 omnes,
1113 3012 1211 3035 maxime
1228 3015 1304 3035 autem
1329 3012 1359 3035 ad
1375 3013 1515 3036 domesticos
1532 3013 1592 3035 fidei.

1722 3062 1734 3082 ³
1737 3061 1750 3082 7

1859 400 1927 418 Contra
1939 405 1982 419 cou-

1868 424 1970 443 elusionem

1880 447 1927 466 111110
1940 447 1957 466 t.

1862 819 1916 839 Ratio
1928 819 1946 838 Ξῖ.

1863 1426 1917 1445 natio
1929 1427 1946 1445 3.

1870 2227 1912 2251 Ipsa
1923 2227 1971 2246 ratio

1869 2256 1906 2269 non
1918 2251 1974 2269 valet.
