<?xml version="1.0" encoding="UTF-8"?>
<!DOCTYPE html PUBLIC "-//W3C//DTD XHTML 1.0 Transitional//EN"
    "http://www.w3.org/TR/xhtml1/DTD/xhtml1-transitional.dtd">
<html xmlns="http://www.w3.org/1999/xhtml" xml:lang="en" lang="en">
 <head>
  <title>
</title>
<meta http-equiv="Content-Type" content="text/html;charset=utf-8" />
  <meta name='ocr-system' content='tesseract 3.04.00' />
  <meta name='ocr-capabilities' content='ocr_page ocr_carea ocr_par ocr_line ocrx_word'/>
</head>
<body>
  <div class='ocr_page' id='page_1' title='image "./doctorisseraphic08bona_0210.png"; bbox 0 0 2133 3317; ppageno 0'>
   <div class='ocr_carea' id='block_1_1' title="bbox 127 289 252 313">
    <p class='ocr_par' dir='ltr' id='par_1_1' title="bbox 127 289 252 313">
     <span class='ocr_line' id='line_1_1' title="bbox 127 289 252 313; baseline 0 -5"><span class='ocrx_word' id='word_1_1' title='bbox 127 289 252 313; x_wconf 74' lang='lat' dir='ltr'>erucifigttur.</span> 
     </span>
    </p>
   </div>
   <div class='ocr_carea' id='block_1_2' title="bbox 161 660 254 679">
    <p class='ocr_par' dir='ltr' id='par_1_2' title="bbox 161 660 254 679">
     <span class='ocr_line' id='line_1_2' title="bbox 161 660 254 679; baseline 0 0"><span class='ocrx_word' id='word_1_2' title='bbox 161 660 254 679; x_wconf 80' lang='lat' dir='ltr'>Hortatiu.</span> 
     </span>
    </p>
   </div>
   <div class='ocr_carea' id='block_1_3' title="bbox 125 1546 256 1612">
    <p class='ocr_par' dir='ltr' id='par_1_3' title="bbox 125 1546 256 1612">
     <span class='ocr_line' id='line_1_3' title="bbox 137 1546 255 1565; baseline 0 0"><span class='ocrx_word' id='word_1_3' title='bbox 137 1546 255 1565; x_wconf 79' lang='lat' dir='ltr'><strong>Describitur</strong></span> 
     </span>
     <span class='ocr_line' id='line_1_4' title="bbox 125 1570 256 1588; baseline 0 0"><span class='ocrx_word' id='word_1_4' title='bbox 125 1570 192 1588; x_wconf 84' lang='lat' dir='ltr'>modus</span> <span class='ocrx_word' id='word_1_5' title='bbox 214 1575 256 1588; x_wconf 84' lang='lat' dir='ltr'>cru-</span> 
     </span>
     <span class='ocr_line' id='line_1_5' title="bbox 125 1593 225 1612; baseline 0 0"><span class='ocrx_word' id='word_1_6' title='bbox 125 1593 225 1612; x_wconf 78' lang='lat' dir='ltr'>eifixionis.</span> 
     </span>
    </p>
   </div>
   <div class='ocr_carea' id='block_1_4' title="bbox 125 1967 257 2015">
    <p class='ocr_par' dir='ltr' id='par_1_4' title="bbox 125 1967 257 2015">
     <span class='ocr_line' id='line_1_6' title="bbox 125 1967 257 1995; baseline 0 -9"><span class='ocrx_word' id='word_1_7' title='bbox 125 1967 209 1995; x_wconf 76' lang='lat' dir='ltr'>Christus</span> <span class='ocrx_word' id='word_1_8' title='bbox 215 1970 257 1995; x_wconf 74' lang='lat' dir='ltr'>orat</span> 
     </span>
     <span class='ocr_line' id='line_1_7' title="bbox 125 1996 256 2015; baseline 0.008 -6"><span class='ocrx_word' id='word_1_9' title='bbox 125 1996 158 2015; x_wconf 83' lang='lat' dir='ltr'>pro</span> <span class='ocrx_word' id='word_1_10' title='bbox 167 1997 256 2010; x_wconf 77' lang='lat' dir='ltr'>nummis.</span> 
     </span>
    </p>
   </div>
   <div class='ocr_carea' id='block_1_5' title="bbox 273 206 309 234">
    <p class='ocr_par' dir='ltr' id='par_1_5' title="bbox 273 206 309 234">
     <span class='ocr_line' id='line_1_8' title="bbox 273 206 309 234; baseline 0.028 -1"><span class='ocrx_word' id='word_1_11' title='bbox 273 206 309 234; x_wconf 83' lang='lat'>78</span> 
     </span>
    </p>
   </div>
   <div class='ocr_carea' id='block_1_6' title="bbox 268 280 1121 1335">
    <p class='ocr_par' dir='ltr' id='par_1_6' title="bbox 272 280 1119 589">
     <span class='ocr_line' id='line_1_9' title="bbox 272 280 1118 319; baseline -0.002 -8"><span class='ocrx_word' id='word_1_12' title='bbox 272 283 377 319; x_wconf 83' lang='lat' dir='ltr'>lignum</span> <span class='ocrx_word' id='word_1_13' title='bbox 400 282 491 311; x_wconf 90' lang='lat' dir='ltr'>crucis</span> <span class='ocrx_word' id='word_1_14' title='bbox 518 281 578 309; x_wconf 89' lang='lat' dir='ltr'>dire</span> <span class='ocrx_word' id='word_1_15' title='bbox 605 280 762 316; x_wconf 89' lang='lat' dir='ltr'>proiectus,</span> <span class='ocrx_word' id='word_1_16' title='bbox 784 287 941 317; x_wconf 80' lang='lat' dir='ltr'>expansus,</span> <span class='ocrx_word' id='word_1_17' title='bbox 969 282 1118 316; x_wconf 87' lang='lat' dir='ltr'>protensus</span> 
     </span>
     <span class='ocr_line' id='line_1_10' title="bbox 272 326 1118 364; baseline -0.005 -6"><span class='ocrx_word' id='word_1_18' title='bbox 272 332 300 358; x_wconf 88' lang='lat' dir='ltr'>et</span> <span class='ocrx_word' id='word_1_19' title='bbox 319 331 426 358; x_wconf 83' lang='lat' dir='ltr'>tractus</span> <span class='ocrx_word' id='word_1_20' title='bbox 454 331 482 357; x_wconf 89' lang='lat' dir='ltr'>et</span> <span class='ocrx_word' id='word_1_21' title='bbox 502 328 529 356; x_wconf 91' lang='lat' dir='ltr'>in</span> <span class='ocrx_word' id='word_1_22' title='bbox 557 327 636 364; x_wconf 88' lang='lat' dir='ltr'>pellis</span> <span class='ocrx_word' id='word_1_23' title='bbox 657 326 771 355; x_wconf 85' lang='lat' dir='ltr'>modum</span> <span class='ocrx_word' id='word_1_24' title='bbox 793 326 858 355; x_wconf 86' lang='lat' dir='ltr'>hinc</span> <span class='ocrx_word' id='word_1_25' title='bbox 884 326 948 355; x_wconf 89' lang='lat' dir='ltr'>inde</span> <span class='ocrx_word' id='word_1_26' title='bbox 969 329 1118 361; x_wconf 83' lang='lat' dir='ltr'>extensus,</span> 
     </span>
     <span class='ocr_line' id='line_1_11' title="bbox 273 373 1118 411; baseline -0.004 -7"><span class='ocrx_word' id='word_1_27' title='bbox 273 376 415 404; x_wconf 86' lang='lat' dir='ltr'>clavorum</span> <span class='ocrx_word' id='word_1_28' title='bbox 443 374 602 411; x_wconf 84' lang='lat' dir='ltr'>perforatur</span> <span class='ocrx_word' id='word_1_29' title='bbox 623 373 739 407; x_wconf 75' lang='lat' dir='ltr'>aculeis,</span> <span class='ocrx_word' id='word_1_30' title='bbox 761 373 889 402; x_wconf 87' lang='lat' dir='ltr'>manibus</span> <span class='ocrx_word' id='word_1_31' title='bbox 917 373 1003 402; x_wconf 85' lang='lat' dir='ltr'>sacris</span> <span class='ocrx_word' id='word_1_32' title='bbox 1024 376 1051 402; x_wconf 91' lang='lat' dir='ltr'>et</span> <span class='ocrx_word' id='word_1_33' title='bbox 1072 381 1118 410; x_wconf 92' lang='lat' dir='ltr'>pe-</span> 
     </span>
     <span class='ocr_line' id='line_1_12' title="bbox 272 419 1119 450; baseline -0.002 0"><span class='ocrx_word' id='word_1_34' title='bbox 272 422 353 450; x_wconf 88' lang='lat' dir='ltr'>dibus</span> <span class='ocrx_word' id='word_1_35' title='bbox 374 421 450 449; x_wconf 90' lang='lat' dir='ltr'>cruci</span> <span class='ocrx_word' id='word_1_36' title='bbox 478 420 581 448; x_wconf 85' lang='lat' dir='ltr'>affixus</span> <span class='ocrx_word' id='word_1_37' title='bbox 609 422 636 448; x_wconf 90' lang='lat' dir='ltr'>et</span> <span class='ocrx_word' id='word_1_38' title='bbox 666 419 815 448; x_wconf 86' lang='lat' dir='ltr'>durissime</span> <span class='ocrx_word' id='word_1_39' title='bbox 847 419 995 448; x_wconf 81' lang='lat' dir='ltr'>sauciatus.</span> <span class='ocrx_word' id='word_1_40' title='bbox 1024 420 1119 448; x_wconf 77' lang='lat' dir='ltr'>Vestes</span> 
     </span>
     <span class='ocr_line' id='line_1_13' title="bbox 272 466 1118 505; baseline -0.002 -9"><span class='ocrx_word' id='word_1_41' title='bbox 272 475 384 505; x_wconf 89' lang='lat' dir='ltr'>quoque</span> <span class='ocrx_word' id='word_1_42' title='bbox 404 467 492 504; x_wconf 88' lang='lat' dir='ltr'>ipsius</span> <span class='ocrx_word' id='word_1_43' title='bbox 519 466 621 495; x_wconf 85' lang='lat' dir='ltr'>dantur</span> <span class='ocrx_word' id='word_1_44' title='bbox 642 466 670 494; x_wconf 91' lang='lat' dir='ltr'>in</span> <span class='ocrx_word' id='word_1_45' title='bbox 692 466 821 502; x_wconf 79' lang='lat' dir='ltr'>praedam</span> <span class='ocrx_word' id='word_1_46' title='bbox 847 469 874 494; x_wconf 90' lang='lat' dir='ltr'>et</span> <span class='ocrx_word' id='word_1_47' title='bbox 900 466 1063 495; x_wconf 89' lang='lat' dir='ltr'>dividuntur</span> <span class='ocrx_word' id='word_1_48' title='bbox 1090 466 1118 494; x_wconf 88' lang='lat' dir='ltr'>in</span> 
     </span>
     <span class='ocr_line' id='line_1_14' title="bbox 272 512 1119 551; baseline -0.001 -9"><span class='ocrx_word' id='word_1_49' title='bbox 272 517 380 551; x_wconf 84' lang='lat' dir='ltr'>partes,</span> <span class='ocrx_word' id='word_1_50' title='bbox 403 513 496 541; x_wconf 88' lang='lat' dir='ltr'>tunica</span> <span class='ocrx_word' id='word_1_51' title='bbox 516 512 674 541; x_wconf 76' lang='lat' dir='ltr'>inconsutili</span> <span class='ocrx_word' id='word_1_52' title='bbox 696 512 813 541; x_wconf 87' lang='lat' dir='ltr'>indivisa</span> <span class='ocrx_word' id='word_1_53' title='bbox 833 520 882 549; x_wconf 91' lang='lat' dir='ltr'>per</span> <span class='ocrx_word' id='word_1_54' title='bbox 904 515 1006 541; x_wconf 80' lang='lat' dir='ltr'>sortem</span> <span class='ocrx_word' id='word_1_55' title='bbox 1029 516 1119 541; x_wconf 90' lang='lat' dir='ltr'>trans-</span> 
     </span>
     <span class='ocr_line' id='line_1_15' title="bbox 272 559 528 589; baseline -0.008 0"><span class='ocrx_word' id='word_1_56' title='bbox 272 563 355 589; x_wconf 90' lang='lat' dir='ltr'>eunte</span> <span class='ocrx_word' id='word_1_57' title='bbox 376 559 409 588; x_wconf 85' lang='lat' dir='ltr'>ad</span> <span class='ocrx_word' id='word_1_58' title='bbox 430 567 528 587; x_wconf 89' lang='lat' dir='ltr'>unum.</span> 
     </span>
    </p>

    <p class='ocr_par' dir='ltr' id='par_1_7' title="bbox 268 605 1121 1335">
     <span class='ocr_line' id='line_1_16' title="bbox 350 605 1119 642; baseline -0.001 -8"><span class='ocrx_word' id='word_1_59' title='bbox 350 605 417 634; x_wconf 88' lang='lat' dir='ltr'>Vide</span> <span class='ocrx_word' id='word_1_60' title='bbox 438 613 526 640; x_wconf 89' lang='lat' dir='ltr'>nunc,</span> <span class='ocrx_word' id='word_1_61' title='bbox 548 605 639 634; x_wconf 84' lang='lat' dir='ltr'>anima</span> <span class='ocrx_word' id='word_1_62' title='bbox 659 613 734 639; x_wconf 87' lang='lat' dir='ltr'>mea,</span> <span class='ocrx_word' id='word_1_63' title='bbox 755 605 894 642; x_wconf 88' lang='lat' dir='ltr'>quomodo</span> <span class='ocrx_word' id='word_1_64' title='bbox 909 605 931 634; x_wconf 87' lang='lat' dir='ltr'>is</span> <span class='ocrx_word' id='word_1_65' title='bbox 946 605 993 642; x_wconf 87' lang='lat' dir='ltr'>qui</span> <span class='ocrx_word' id='word_1_66' title='bbox 1009 608 1050 634; x_wconf 84' lang='lat' dir='ltr'>est</span> <span class='ocrx_word' id='word_1_67' title='bbox 1069 614 1119 633; x_wconf 76' lang='lat' dir='ltr'>sa-</span> 
     </span>
     <span class='ocr_line' id='line_1_17' title="bbox 268 651 1120 690; baseline -0.002 -9"><span class='ocrx_word' id='word_1_68' title='bbox 268 661 323 690; x_wconf 73' lang='lat' dir='ltr'>per</span> <span class='ocrx_word' id='word_1_69' title='bbox 338 652 438 680; x_wconf 83' lang='lat' dir='ltr'>omnia</span> <span class='ocrx_word' id='word_1_70' title='bbox 453 652 616 680; x_wconf 71' lang='lat' dir='ltr'>benedictas</span> <span class='ocrx_word' id='word_1_71' title='bbox 633 652 708 680; x_wconf 76' lang='lat' dir='ltr'>Dens</span> <span class='ocrx_word' id='word_1_72' title='bbox 720 652 741 685; x_wconf 83' lang='lat'>¹,</span> <span class='ocrx_word' id='word_1_73' title='bbox 756 651 791 680; x_wconf 89' lang='lat' dir='ltr'>ab</span> <span class='ocrx_word' id='word_1_74' title='bbox 812 652 866 679; x_wconf 90' lang='lat' dir='ltr'>imo</span> <span class='ocrx_word' id='word_1_75' title='bbox 878 651 960 688; x_wconf 62' lang='lat' dir='ltr'>pellis</span> <span class='ocrx_word' id='word_1_76' title='bbox 976 660 1066 689; x_wconf 76' lang='lat' dir='ltr'>usqne</span> <span class='ocrx_word' id='word_1_77' title='bbox 1080 652 1120 679; x_wconf 73' lang='lat' dir='ltr'>acl</span> 
     </span>
     <span class='ocr_line' id='line_1_18' title="bbox 271 698 1121 735; baseline -0.001 -8"><span class='ocrx_word' id='word_1_78' title='bbox 271 699 406 727; x_wconf 78' lang='lat' dir='ltr'>verticem</span> <span class='ocrx_word' id='word_1_79' title='bbox 428 701 503 727; x_wconf 85' lang='lat' dir='ltr'>totus</span> <span class='ocrx_word' id='word_1_80' title='bbox 524 698 552 726; x_wconf 91' lang='lat' dir='ltr'>in</span> <span class='ocrx_word' id='word_1_81' title='bbox 566 706 653 735; x_wconf 86' lang='lat' dir='ltr'>aquas</span> <span class='ocrx_word' id='word_1_82' title='bbox 676 698 808 735; x_wconf 80' lang='lat' dir='ltr'>passionis</span> <span class='ocrx_word' id='word_1_83' title='bbox 833 698 1018 735; x_wconf 76' lang='lat' dir='ltr'>demergitur,</span> <span class='ocrx_word' id='word_1_84' title='bbox 1041 701 1068 727; x_wconf 89' lang='lat' dir='ltr'>et</span> <span class='ocrx_word' id='word_1_85' title='bbox 1090 701 1121 726; x_wconf 83' lang='lat' dir='ltr'>ut</span> 
     </span>
     <span class='ocr_line' id='line_1_19' title="bbox 272 745 1120 782; baseline -0.002 -8"><span class='ocrx_word' id='word_1_86' title='bbox 272 748 298 774; x_wconf 88' lang='lat' dir='ltr'>te</span> <span class='ocrx_word' id='word_1_87' title='bbox 314 748 397 773; x_wconf 88' lang='lat' dir='ltr'>totam</span> <span class='ocrx_word' id='word_1_88' title='bbox 413 745 447 774; x_wconf 90' lang='lat' dir='ltr'>de</span> <span class='ocrx_word' id='word_1_89' title='bbox 468 745 521 773; x_wconf 90' lang='lat' dir='ltr'>illis</span> <span class='ocrx_word' id='word_1_90' title='bbox 536 745 711 782; x_wconf 76' lang='lat' dir='ltr'>passionibus</span> <span class='ocrx_word' id='word_1_91' title='bbox 731 745 910 779; x_wconf 75' lang='lat' dir='ltr'>extraheret,</span> <span class='ocrx_word' id='word_1_92' title='bbox 932 745 1120 773; x_wconf 78' lang='lat' dir='ltr'>intraverant</span> 
     </span>
     <span class='ocr_line' id='line_1_20' title="bbox 272 791 1118 830; baseline 0 -10"><span class='ocrx_word' id='word_1_93' title='bbox 272 800 367 830; x_wconf 76' lang='lat' dir='ltr'>aquae</span> <span class='ocrx_word' id='word_1_94' title='bbox 388 800 479 830; x_wconf 76' lang='lat' dir='ltr'>usqne</span> <span class='ocrx_word' id='word_1_95' title='bbox 500 791 541 820; x_wconf 76' lang='lat' dir='ltr'>acl</span> <span class='ocrx_word' id='word_1_96' title='bbox 561 792 695 820; x_wconf 81' lang='lat' dir='ltr'>animam</span> <span class='ocrx_word' id='word_1_97' title='bbox 716 800 813 820; x_wconf 75' lang='lat' dir='ltr'>suam.</span> <span class='ocrx_word' id='word_1_98' title='bbox 836 792 990 820; x_wconf 80' lang='lat' dir='ltr'>Coronatus</span> <span class='ocrx_word' id='word_1_99' title='bbox 1016 791 1118 820; x_wconf 79' lang='lat' dir='ltr'>etenim</span> 
     </span>
     <span class='ocr_line' id='line_1_21' title="bbox 271 838 1120 875; baseline 0 -8"><span class='ocrx_word' id='word_1_100' title='bbox 271 839 372 875; x_wconf 83' lang='lat' dir='ltr'>spinis,</span> <span class='ocrx_word' id='word_1_101' title='bbox 394 839 446 868; x_wconf 89' lang='lat' dir='ltr'>sub</span> <span class='ocrx_word' id='word_1_102' title='bbox 467 839 559 867; x_wconf 87' lang='lat' dir='ltr'>crucis</span> <span class='ocrx_word' id='word_1_103' title='bbox 580 846 664 867; x_wconf 90' lang='lat' dir='ltr'>onere</span> <span class='ocrx_word' id='word_1_104' title='bbox 685 838 799 867; x_wconf 88' lang='lat' dir='ltr'>dorsum</span> <span class='ocrx_word' id='word_1_105' title='bbox 823 846 941 867; x_wconf 88' lang='lat' dir='ltr'>curvare</span> <span class='ocrx_word' id='word_1_106' title='bbox 962 838 1075 867; x_wconf 86' lang='lat' dir='ltr'>iubetur</span> <span class='ocrx_word' id='word_1_107' title='bbox 1093 841 1120 867; x_wconf 86' lang='lat' dir='ltr'>et</span> 
     </span>
     <span class='ocr_line' id='line_1_22' title="bbox 270 886 1119 923; baseline 0 -9"><span class='ocrx_word' id='word_1_108' title='bbox 270 894 358 915; x_wconf 76' lang='lat' dir='ltr'>snam</span> <span class='ocrx_word' id='word_1_109' title='bbox 380 886 474 923; x_wconf 77' lang='lat' dir='ltr'>ipsias</span> <span class='ocrx_word' id='word_1_110' title='bbox 504 890 626 922; x_wconf 76' lang='lat' dir='ltr'>portare</span> <span class='ocrx_word' id='word_1_111' title='bbox 657 886 887 923; x_wconf 67' lang='grc'>191101111111111112,</span> <span class='ocrx_word' id='word_1_112' title='bbox 909 888 936 914; x_wconf 88' lang='lat' dir='ltr'>et</span> <span class='ocrx_word' id='word_1_113' title='bbox 966 886 1000 914; x_wconf 90' lang='lat' dir='ltr'>ad</span> <span class='ocrx_word' id='word_1_114' title='bbox 1028 886 1119 915; x_wconf 89' lang='lat' dir='ltr'>locum</span> 
     </span>
     <span class='ocr_line' id='line_1_23' title="bbox 271 931 1118 969; baseline 0 -9"><span class='ocrx_word' id='word_1_115' title='bbox 271 931 406 960; x_wconf 90' lang='lat' dir='ltr'>deductus</span> <span class='ocrx_word' id='word_1_116' title='bbox 427 932 568 968; x_wconf 88' lang='lat' dir='ltr'>supplicii,</span> <span class='ocrx_word' id='word_1_117' title='bbox 584 934 659 961; x_wconf 88' lang='lat' dir='ltr'>veste</span> <span class='ocrx_word' id='word_1_118' title='bbox 680 932 819 966; x_wconf 88' lang='lat' dir='ltr'>nudatur,</span> <span class='ocrx_word' id='word_1_119' title='bbox 834 935 878 966; x_wconf 91' lang='lat' dir='ltr'>ut,</span> <span class='ocrx_word' id='word_1_120' title='bbox 894 939 931 961; x_wconf 79' lang='lat' dir='ltr'>ex</span> <span class='ocrx_word' id='word_1_121' title='bbox 946 932 1118 969; x_wconf 82' lang='lat' dir='ltr'>flagellorum</span> 
     </span>
     <span class='ocr_line' id='line_1_24' title="bbox 271 978 1119 1015; baseline 0 -8"><span class='ocrx_word' id='word_1_122' title='bbox 271 979 372 1007; x_wconf 89' lang='lat' dir='ltr'>ictibus</span> <span class='ocrx_word' id='word_1_123' title='bbox 392 987 442 1015; x_wconf 90' lang='lat' dir='ltr'>per</span> <span class='ocrx_word' id='word_1_124' title='bbox 473 978 587 1007; x_wconf 90' lang='lat' dir='ltr'>dorsum</span> <span class='ocrx_word' id='word_1_125' title='bbox 615 982 642 1007; x_wconf 85' lang='lat' dir='ltr'>et</span> <span class='ocrx_word' id='word_1_126' title='bbox 663 979 750 1007; x_wconf 88' lang='lat' dir='ltr'>latera</span> <span class='ocrx_word' id='word_1_127' title='bbox 771 979 862 1007; x_wconf 86' lang='lat' dir='ltr'>carnis</span> <span class='ocrx_word' id='word_1_128' title='bbox 887 979 1029 1015; x_wconf 76' lang='lat' dir='ltr'>patefactis</span> <span class='ocrx_word' id='word_1_129' title='bbox 1052 979 1119 1007; x_wconf 77' lang='lat' dir='ltr'>livo-</span> 
     </span>
     <span class='ocr_line' id='line_1_25' title="bbox 270 1025 1120 1063; baseline 0 -9"><span class='ocrx_word' id='word_1_130' title='bbox 270 1026 350 1054; x_wconf 88' lang='lat' dir='ltr'>ribus</span> <span class='ocrx_word' id='word_1_131' title='bbox 374 1029 458 1063; x_wconf 89' lang='lat' dir='ltr'>atque</span> <span class='ocrx_word' id='word_1_132' title='bbox 478 1025 622 1060; x_wconf 77' lang='lat' dir='ltr'>scissuris,</span> <span class='ocrx_word' id='word_1_133' title='bbox 644 1025 786 1054; x_wconf 86' lang='lat' dir='ltr'>videretur</span> <span class='ocrx_word' id='word_1_134' title='bbox 815 1026 893 1063; x_wconf 89' lang='lat' dir='ltr'>quasi</span> <span class='ocrx_word' id='word_1_135' title='bbox 920 1026 1064 1062; x_wconf 76' lang='lat' dir='ltr'>leprosus3</span> <span class='ocrx_word' id='word_1_136' title='bbox 1093 1029 1120 1054; x_wconf 89' lang='lat' dir='ltr'>et</span> 
     </span>
     <span class='ocr_line' id='line_1_26' title="bbox 271 1073 1120 1110; baseline 0 -9"><span class='ocrx_word' id='word_1_137' title='bbox 271 1073 371 1102; x_wconf 90' lang='lat' dir='ltr'>dehinc</span> <span class='ocrx_word' id='word_1_138' title='bbox 385 1073 469 1102; x_wconf 88' lang='lat' dir='ltr'>clavis</span> <span class='ocrx_word' id='word_1_139' title='bbox 484 1073 664 1107; x_wconf 85' lang='lat' dir='ltr'>transfossus,</span> <span class='ocrx_word' id='word_1_140' title='bbox 686 1076 832 1110; x_wconf 75' lang='lat' dir='ltr'>appareret</span> <span class='ocrx_word' id='word_1_141' title='bbox 853 1073 902 1101; x_wconf 93' lang='lat' dir='ltr'>tibi</span> <span class='ocrx_word' id='word_1_142' title='bbox 917 1073 1033 1102; x_wconf 89' lang='lat' dir='ltr'>dilectus</span> <span class='ocrx_word' id='word_1_143' title='bbox 1056 1076 1120 1101; x_wconf 87' lang='lat' dir='ltr'>tuus</span> 
     </span>
     <span class='ocr_line' id='line_1_27' title="bbox 271 1119 1119 1157; baseline 0 -9"><span class='ocrx_word' id='word_1_144' title='bbox 271 1123 385 1157; x_wconf 88' lang='lat' dir='ltr'>propter</span> <span class='ocrx_word' id='word_1_145' title='bbox 407 1123 434 1148; x_wconf 89' lang='lat' dir='ltr'>te</span> <span class='ocrx_word' id='word_1_146' title='bbox 455 1119 603 1148; x_wconf 88' lang='lat' dir='ltr'>sanandam</span> <span class='ocrx_word' id='word_1_147' title='bbox 622 1120 749 1148; x_wconf 88' lang='lat' dir='ltr'>concisus</span> <span class='ocrx_word' id='word_1_148' title='bbox 764 1120 880 1148; x_wconf 76' lang='lat' dir='ltr'>vulnere</span> <span class='ocrx_word' id='word_1_149' title='bbox 902 1127 986 1156; x_wconf 89' lang='lat' dir='ltr'>super</span> <span class='ocrx_word' id='word_1_150' title='bbox 1008 1120 1119 1148; x_wconf 90' lang='lat' dir='ltr'>vulnus.</span> 
     </span>
     <span class='ocr_line' id='line_1_28' title="bbox 273 1165 1120 1204; baseline 0 -10"><span class='ocrx_word' id='word_1_151' title='bbox 273 1166 345 1202; x_wconf 75' lang='lat' dir='ltr'>Quis</span> <span class='ocrx_word' id='word_1_152' title='bbox 366 1165 441 1195; x_wconf 77' lang='lat' dir='ltr'>milii</span> <span class='ocrx_word' id='word_1_153' title='bbox 460 1167 518 1200; x_wconf 74' lang='lat' dir='ltr'>(let,</span> <span class='ocrx_word' id='word_1_154' title='bbox 541 1170 574 1194; x_wconf 81' lang='lat' dir='ltr'>ut</span> <span class='ocrx_word' id='word_1_155' title='bbox 593 1166 692 1195; x_wconf 77' lang='lat' dir='ltr'>veniat</span> <span class='ocrx_word' id='word_1_156' title='bbox 708 1166 808 1203; x_wconf 78' lang='lat' dir='ltr'>petitio</span> <span class='ocrx_word' id='word_1_157' title='bbox 828 1175 907 1200; x_wconf 77' lang='lat' dir='ltr'>mea,</span> <span class='ocrx_word' id='word_1_158' title='bbox 930 1170 955 1195; x_wconf 87' lang='lat' dir='ltr'>et</span> <span class='ocrx_word' id='word_1_159' title='bbox 975 1166 1053 1204; x_wconf 75' lang='lat' dir='ltr'>qaod</span> <span class='ocrx_word' id='word_1_160' title='bbox 1073 1175 1120 1194; x_wconf 74' lang='grc'>616-</span> 
     </span>
     <span class='ocr_line' id='line_1_29' title="bbox 268 1212 1120 1250; baseline -0.001 -9"><span class='ocrx_word' id='word_1_161' title='bbox 268 1216 363 1250; x_wconf 74' lang='lat' dir='ltr'>specto</span> <span class='ocrx_word' id='word_1_162' title='bbox 380 1213 492 1241; x_wconf 72' lang='lat' dir='ltr'>tribuat</span> <span class='ocrx_word' id='word_1_163' title='bbox 504 1212 579 1242; x_wconf 72' lang='grc'>1111711</span> <span class='ocrx_word' id='word_1_164' title='bbox 594 1213 670 1241; x_wconf 75' lang='lat' dir='ltr'>Dens</span> <span class='ocrx_word' id='word_1_165' title='bbox 681 1213 703 1247; x_wconf 69' lang='lat'>³,</span> <span class='ocrx_word' id='word_1_166' title='bbox 718 1216 750 1241; x_wconf 88' lang='lat' dir='ltr'>ut</span> <span class='ocrx_word' id='word_1_167' title='bbox 765 1215 839 1241; x_wconf 88' lang='lat' dir='ltr'>totus</span> <span class='ocrx_word' id='word_1_168' title='bbox 854 1216 909 1241; x_wconf 81' lang='lat' dir='ltr'>tam</span> <span class='ocrx_word' id='word_1_169' title='bbox 931 1216 1022 1241; x_wconf 88' lang='lat' dir='ltr'>mente</span> <span class='ocrx_word' id='word_1_170' title='bbox 1036 1220 1120 1249; x_wconf 86' lang='lat' dir='ltr'>quam</span> 
     </span>
     <span class='ocr_line' id='line_1_30' title="bbox 272 1259 1120 1296; baseline -0.001 -8"><span class='ocrx_word' id='word_1_171' title='bbox 272 1267 354 1288; x_wconf 81' lang='lat' dir='ltr'>carne</span> <span class='ocrx_word' id='word_1_172' title='bbox 375 1259 541 1288; x_wconf 85' lang='lat' dir='ltr'>transfodiar</span> <span class='ocrx_word' id='word_1_173' title='bbox 562 1259 710 1296; x_wconf 79' lang='lat' dir='ltr'>crucisque</span> <span class='ocrx_word' id='word_1_174' title='bbox 731 1259 828 1296; x_wconf 81' lang='lat' dir='ltr'>affigar</span> <span class='ocrx_word' id='word_1_175' title='bbox 849 1259 973 1296; x_wconf 84' lang='lat' dir='ltr'>patibulo</span> <span class='ocrx_word' id='word_1_176' title='bbox 995 1267 1058 1288; x_wconf 90' lang='lat' dir='ltr'>cum</span> <span class='ocrx_word' id='word_1_177' title='bbox 1080 1259 1120 1287; x_wconf 90' lang='lat' dir='ltr'>di-</span> 
     </span>
     <span class='ocr_line' id='line_1_31' title="bbox 272 1306 365 1335; baseline -0.011 0"><span class='ocrx_word' id='word_1_178' title='bbox 272 1306 342 1335; x_wconf 91' lang='lat' dir='ltr'>lecto</span> <span class='ocrx_word' id='word_1_179' title='bbox 354 1309 365 1334; x_wconf 65' lang='grc' dir='ltr'>ἱ)</span> 
     </span>
    </p>
   </div>
   <div class='ocr_carea' id='block_1_7' title="bbox 485 1399 912 1434">
    <p class='ocr_par' dir='ltr' id='par_1_8' title="bbox 485 1399 912 1434">
     <span class='ocr_line' id='line_1_32' title="bbox 485 1399 912 1434; baseline 0 -7"><span class='ocrx_word' id='word_1_180' title='bbox 485 1399 577 1434; x_wconf 69' lang='lat' dir='ltr'>Iesus,</span> <span class='ocrx_word' id='word_1_181' title='bbox 600 1399 718 1428; x_wconf 71' lang='lat' dir='ltr'>iunctas</span> <span class='ocrx_word' id='word_1_182' title='bbox 740 1399 912 1428; x_wconf 67' lang='lat' dir='ltr'>latronibus.</span> 
     </span>
    </p>
   </div>
   <div class='ocr_carea' id='block_1_8' title="bbox 269 1492 1120 2137">
    <p class='ocr_par' dir='ltr' id='par_1_9' title="bbox 269 1492 1120 2137">
     <span class='ocr_line' id='line_1_33' title="bbox 351 1492 1119 1529; baseline 0 -8"><span class='ocrx_word' id='word_1_183' title='bbox 351 1494 396 1521; x_wconf 62' lang='lat'>⁹27.</span> <span class='ocrx_word' id='word_1_184' title='bbox 413 1492 451 1521; x_wconf 86' lang='lat' dir='ltr'>Ad</span> <span class='ocrx_word' id='word_1_185' title='bbox 465 1492 633 1521; x_wconf 80' lang='lat' dir='ltr'>confusionis</span> <span class='ocrx_word' id='word_1_186' title='bbox 647 1500 759 1529; x_wconf 86' lang='lat' dir='ltr'>quoque</span> <span class='ocrx_word' id='word_1_187' title='bbox 770 1493 791 1526; x_wconf 75' lang='lat'>4,</span> <span class='ocrx_word' id='word_1_188' title='bbox 812 1492 990 1529; x_wconf 76' lang='lat' dir='ltr'>ignominiae,</span> <span class='ocrx_word' id='word_1_189' title='bbox 1005 1492 1119 1521; x_wconf 84' lang='lat' dir='ltr'>dedeco-</span> 
     </span>
     <span class='ocr_line' id='line_1_34' title="bbox 273 1539 1119 1576; baseline -0.001 -8"><span class='ocrx_word' id='word_1_190' title='bbox 273 1540 311 1568; x_wconf 87' lang='lat' dir='ltr'>ris</span> <span class='ocrx_word' id='word_1_191' title='bbox 333 1547 364 1568; x_wconf 86' lang='lat' dir='ltr'>ac</span> <span class='ocrx_word' id='word_1_192' title='bbox 379 1539 481 1568; x_wconf 86' lang='lat' dir='ltr'>doloris</span> <span class='ocrx_word' id='word_1_193' title='bbox 506 1542 685 1576; x_wconf 83' lang='lat' dir='ltr'>augmentum</span> <span class='ocrx_word' id='word_1_194' title='bbox 701 1540 832 1568; x_wconf 81' lang='lat' dir='ltr'>innocens</span> <span class='ocrx_word' id='word_1_195' title='bbox 854 1540 945 1576; x_wconf 80' lang='lat' dir='ltr'>Agnus</span> <span class='ocrx_word' id='word_1_196' title='bbox 959 1543 1041 1568; x_wconf 82' lang='lat' dir='ltr'>extra</span> <span class='ocrx_word' id='word_1_197' title='bbox 1056 1547 1119 1576; x_wconf 88' lang='lat' dir='ltr'>por-</span> 
     </span>
     <span class='ocr_line' id='line_1_35' title="bbox 272 1586 1118 1623; baseline 0 -9"><span class='ocrx_word' id='word_1_198' title='bbox 272 1589 327 1615; x_wconf 89' lang='lat' dir='ltr'>tam</span> <span class='ocrx_word' id='word_1_199' title='bbox 349 1586 376 1615; x_wconf 88' lang='lat' dir='ltr'>in</span> <span class='ocrx_word' id='word_1_200' title='bbox 398 1586 458 1615; x_wconf 92' lang='lat' dir='ltr'>loco</span> <span class='ocrx_word' id='word_1_201' title='bbox 473 1586 625 1623; x_wconf 88' lang='lat' dir='ltr'>punitionis</span> <span class='ocrx_word' id='word_1_202' title='bbox 646 1586 861 1620; x_wconf 87' lang='lat' dir='ltr'>sceleratorum,</span> <span class='ocrx_word' id='word_1_203' title='bbox 883 1586 910 1614; x_wconf 92' lang='lat' dir='ltr'>in</span> <span class='ocrx_word' id='word_1_204' title='bbox 926 1586 970 1615; x_wconf 87' lang='lat' dir='ltr'>die</span> <span class='ocrx_word' id='word_1_205' title='bbox 989 1586 1118 1620; x_wconf 89' lang='lat' dir='ltr'>solemni,</span> 
     </span>
     <span class='ocr_line' id='line_1_36' title="bbox 271 1633 1119 1670; baseline 0.001 -9"><span class='ocrx_word' id='word_1_206' title='bbox 271 1633 341 1662; x_wconf 84' lang='lat' dir='ltr'>bora</span> <span class='ocrx_word' id='word_1_207' title='bbox 372 1633 539 1667; x_wconf 89' lang='lat' dir='ltr'>meridiana,</span> <span class='ocrx_word' id='word_1_208' title='bbox 562 1633 590 1662; x_wconf 94' lang='lat' dir='ltr'>in</span> <span class='ocrx_word' id='word_1_209' title='bbox 612 1633 702 1662; x_wconf 86' lang='lat' dir='ltr'>medio</span> <span class='ocrx_word' id='word_1_210' title='bbox 723 1633 863 1662; x_wconf 84' lang='lat' dir='ltr'>latronum</span> <span class='ocrx_word' id='word_1_211' title='bbox 895 1641 979 1670; x_wconf 89' lang='lat' dir='ltr'>super</span> <span class='ocrx_word' id='word_1_212' title='bbox 1007 1641 1119 1662; x_wconf 87' lang='lat' dir='ltr'>crucem</span> 
     </span>
     <span class='ocr_line' id='line_1_37' title="bbox 271 1680 1119 1717; baseline 0.001 -9"><span class='ocrx_word' id='word_1_213' title='bbox 271 1680 350 1717; x_wconf 85' lang='lat' dir='ltr'>quasi</span> <span class='ocrx_word' id='word_1_214' title='bbox 382 1680 415 1708; x_wconf 88' lang='lat' dir='ltr'>ad</span> <span class='ocrx_word' id='word_1_215' title='bbox 446 1680 636 1717; x_wconf 84' lang='lat' dir='ltr'>spectaculum</span> <span class='ocrx_word' id='word_1_216' title='bbox 658 1680 798 1715; x_wconf 80' lang='lat' dir='ltr'>elevatur,</span> <span class='ocrx_word' id='word_1_217' title='bbox 820 1680 952 1709; x_wconf 88' lang='lat' dir='ltr'>flentibus</span> <span class='ocrx_word' id='word_1_218' title='bbox 976 1680 1072 1709; x_wconf 89' lang='lat' dir='ltr'>amicis</span> <span class='ocrx_word' id='word_1_219' title='bbox 1092 1684 1119 1709; x_wconf 86' lang='lat' dir='ltr'>et</span> 
     </span>
     <span class='ocr_line' id='line_1_38' title="bbox 270 1726 1120 1765; baseline 0 -10"><span class='ocrx_word' id='word_1_220' title='bbox 270 1726 469 1755; x_wconf 85' lang='lat' dir='ltr'>insultantibus</span> <span class='ocrx_word' id='word_1_221' title='bbox 490 1726 625 1755; x_wconf 87' lang='lat' dir='ltr'>hostibus.</span> <span class='ocrx_word' id='word_1_222' title='bbox 648 1726 715 1754; x_wconf 88' lang='lat' dir='ltr'>Nam</span> <span class='ocrx_word' id='word_1_223' title='bbox 730 1729 757 1755; x_wconf 88' lang='lat' dir='ltr'>et</span> <span class='ocrx_word' id='word_1_224' title='bbox 778 1727 830 1765; x_wconf 79' lang='lat' dir='ltr'>qai</span> <span class='ocrx_word' id='word_1_225' title='bbox 839 1726 1041 1764; x_wconf 73' lang='lat' dir='ltr'>praeteribant</span> <span class='ocrx_word' id='word_1_226' title='bbox 1059 1735 1120 1755; x_wconf 85' lang='grc'>1110-</span> 
     </span>
     <span class='ocr_line' id='line_1_39' title="bbox 269 1772 1119 1810; baseline 0.001 -9"><span class='ocrx_word' id='word_1_227' title='bbox 269 1772 373 1802; x_wconf 82' lang='lat' dir='ltr'>vebant</span> <span class='ocrx_word' id='word_1_228' title='bbox 394 1773 494 1810; x_wconf 81' lang='lat' dir='ltr'>capita</span> <span class='ocrx_word' id='word_1_229' title='bbox 522 1781 596 1807; x_wconf 79' lang='lat' dir='ltr'>sua,</span> <span class='ocrx_word' id='word_1_230' title='bbox 619 1777 646 1802; x_wconf 90' lang='lat' dir='ltr'>et</span> <span class='ocrx_word' id='word_1_231' title='bbox 666 1773 714 1810; x_wconf 89' lang='lat' dir='ltr'>qui</span> <span class='ocrx_word' id='word_1_232' title='bbox 729 1773 856 1802; x_wconf 81' lang='lat' dir='ltr'>astabant</span> <span class='ocrx_word' id='word_1_233' title='bbox 877 1773 1037 1810; x_wconf 78' lang='lat' dir='ltr'>irrogabant</span> <span class='ocrx_word' id='word_1_234' title='bbox 1055 1781 1119 1802; x_wconf 87' lang='lat' dir='ltr'>cou-</span> 
     </span>
     <span class='ocr_line' id='line_1_40' title="bbox 269 1819 1119 1858; baseline 0 -10"><span class='ocrx_word' id='word_1_235' title='bbox 269 1820 350 1854; x_wconf 86' lang='lat' dir='ltr'>vitia,</span> <span class='ocrx_word' id='word_1_236' title='bbox 372 1820 509 1854; x_wconf 89' lang='lat' dir='ltr'>dicentes,</span> <span class='ocrx_word' id='word_1_237' title='bbox 531 1819 605 1857; x_wconf 88' lang='lat' dir='ltr'>quod</span> <span class='ocrx_word' id='word_1_238' title='bbox 627 1820 701 1848; x_wconf 79' lang='lat' dir='ltr'>alios</span> <span class='ocrx_word' id='word_1_239' title='bbox 721 1820 818 1848; x_wconf 72' lang='lat' dir='ltr'>saluos</span> <span class='ocrx_word' id='word_1_240' title='bbox 838 1819 968 1858; x_wconf 76' lang='lat' dir='ltr'>fecisset,</span> <span class='ocrx_word' id='word_1_241' title='bbox 990 1829 1070 1848; x_wconf 84' lang='grc'>1111116</span> <span class='ocrx_word' id='word_1_242' title='bbox 1090 1829 1119 1849; x_wconf 78' lang='lat' dir='ltr'>se</span> 
     </span>
     <span class='ocr_line' id='line_1_41' title="bbox 269 1866 1118 1904; baseline 0 -9"><span class='ocrx_word' id='word_1_243' title='bbox 269 1866 367 1903; x_wconf 79' lang='lat' dir='ltr'>ipsum</span> <span class='ocrx_word' id='word_1_244' title='bbox 388 1866 506 1895; x_wconf 74' lang='lat' dir='ltr'>salvare</span> <span class='ocrx_word' id='word_1_245' title='bbox 526 1875 585 1895; x_wconf 83' lang='lat' dir='ltr'>non</span> <span class='ocrx_word' id='word_1_246' title='bbox 603 1869 699 1904; x_wconf 76' lang='lat' dir='ltr'>posset</span> <span class='ocrx_word' id='word_1_247' title='bbox 710 1867 730 1894; x_wconf 84' lang='lat'>⁵.</span> <span class='ocrx_word' id='word_1_248' title='bbox 753 1866 804 1896; x_wconf 87' lang='lat' dir='ltr'>Sed</span> <span class='ocrx_word' id='word_1_249' title='bbox 819 1870 846 1896; x_wconf 91' lang='lat' dir='ltr'>et</span> <span class='ocrx_word' id='word_1_250' title='bbox 866 1867 901 1895; x_wconf 91' lang='lat' dir='ltr'>ab</span> <span class='ocrx_word' id='word_1_251' title='bbox 922 1867 1051 1895; x_wconf 88' lang='lat' dir='ltr'>irrisione</span> <span class='ocrx_word' id='word_1_252' title='bbox 1066 1867 1118 1896; x_wconf 91' lang='lat' dir='ltr'>hu-</span> 
     </span>
     <span class='ocr_line' id='line_1_42' title="bbox 269 1913 1118 1950; baseline -0.001 -8"><span class='ocrx_word' id='word_1_253' title='bbox 269 1913 388 1942; x_wconf 87' lang='lat' dir='ltr'>iusmodi</span> <span class='ocrx_word' id='word_1_254' title='bbox 410 1914 548 1942; x_wconf 87' lang='lat' dir='ltr'>latronum</span> <span class='ocrx_word' id='word_1_255' title='bbox 579 1913 649 1942; x_wconf 87' lang='lat' dir='ltr'>alter</span> <span class='ocrx_word' id='word_1_256' title='bbox 675 1921 852 1950; x_wconf 81' lang='lat' dir='ltr'>nequaquam</span> <span class='ocrx_word' id='word_1_257' title='bbox 880 1913 1026 1947; x_wconf 83' lang='lat' dir='ltr'>abstinuit,</span> <span class='ocrx_word' id='word_1_258' title='bbox 1055 1921 1118 1942; x_wconf 90' lang='lat' dir='ltr'>cum</span> 
     </span>
     <span class='ocr_line' id='line_1_43' title="bbox 269 1960 1117 1997; baseline 0 -8"><span class='ocrx_word' id='word_1_259' title='bbox 269 1963 361 1989; x_wconf 86' lang='lat' dir='ltr'>tamen</span> <span class='ocrx_word' id='word_1_260' title='bbox 382 1960 545 1989; x_wconf 89' lang='lat' dir='ltr'>mitissimus</span> <span class='ocrx_word' id='word_1_261' title='bbox 565 1960 657 1997; x_wconf 81' lang='lat' dir='ltr'>Agnus</span> <span class='ocrx_word' id='word_1_262' title='bbox 679 1963 706 1989; x_wconf 89' lang='lat' dir='ltr'>et</span> <span class='ocrx_word' id='word_1_263' title='bbox 726 1968 777 1997; x_wconf 89' lang='lat' dir='ltr'>pro</span> <span class='ocrx_word' id='word_1_264' title='bbox 799 1960 1026 1997; x_wconf 82' lang='lat' dir='ltr'>crucifigentibus</span> <span class='ocrx_word' id='word_1_265' title='bbox 1040 1964 1067 1989; x_wconf 88' lang='lat' dir='ltr'>et</span> <span class='ocrx_word' id='word_1_266' title='bbox 1081 1960 1117 1989; x_wconf 84' lang='lat' dir='ltr'>ir-</span> 
     </span>
     <span class='ocr_line' id='line_1_44' title="bbox 269 2006 1119 2044; baseline 0 -9"><span class='ocrx_word' id='word_1_267' title='bbox 269 2006 424 2035; x_wconf 79' lang='lat' dir='ltr'>ridentibus</span> <span class='ocrx_word' id='word_1_268' title='bbox 445 2007 554 2044; x_wconf 86' lang='lat' dir='ltr'>pietatis</span> <span class='ocrx_word' id='word_1_269' title='bbox 580 2007 725 2035; x_wconf 80' lang='lat' dir='ltr'>dulcedine</span> <span class='ocrx_word' id='word_1_270' title='bbox 747 2007 935 2044; x_wconf 85' lang='lat' dir='ltr'>interpellaret</span> <span class='ocrx_word' id='word_1_271' title='bbox 956 2007 990 2035; x_wconf 86' lang='lat' dir='ltr'>ad</span> <span class='ocrx_word' id='word_1_272' title='bbox 1012 2007 1119 2036; x_wconf 88' lang='lat' dir='ltr'>Patrem</span> 
     </span>
     <span class='ocr_line' id='line_1_45' title="bbox 270 2054 1118 2091; baseline 0 -9"><span class='ocrx_word' id='word_1_273' title='bbox 270 2056 297 2083; x_wconf 90' lang='lat' dir='ltr'>et</span> <span class='ocrx_word' id='word_1_274' title='bbox 318 2054 458 2082; x_wconf 86' lang='lat' dir='ltr'>confitenti</span> <span class='ocrx_word' id='word_1_275' title='bbox 479 2062 510 2082; x_wconf 84' lang='lat' dir='ltr'>ac</span> <span class='ocrx_word' id='word_1_276' title='bbox 532 2054 696 2091; x_wconf 88' lang='lat' dir='ltr'>supplicanti</span> <span class='ocrx_word' id='word_1_277' title='bbox 727 2054 825 2082; x_wconf 89' lang='lat' dir='ltr'>latroni</span> <span class='ocrx_word' id='word_1_278' title='bbox 855 2054 1047 2083; x_wconf 85' lang='lat' dir='ltr'>liberalissima</span> <span class='ocrx_word' id='word_1_279' title='bbox 1074 2062 1118 2082; x_wconf 85' lang='lat' dir='ltr'>ca-</span> 
     </span>
     <span class='ocr_line' id='line_1_46' title="bbox 270 2100 1118 2137; baseline 0 -8"><span class='ocrx_word' id='word_1_280' title='bbox 270 2101 351 2129; x_wconf 90' lang='lat' dir='ltr'>ritate</span> <span class='ocrx_word' id='word_1_281' title='bbox 365 2100 572 2137; x_wconf 87' lang='lat' dir='ltr'>repromitteret</span> <span class='ocrx_word' id='word_1_282' title='bbox 593 2100 762 2137; x_wconf 84' lang='lat' dir='ltr'>paradisum.</span> <span class='ocrx_word' id='word_1_283' title='bbox 782 2100 803 2128; x_wconf 93' lang='lat' dir='ltr'>O</span> <span class='ocrx_word' id='word_1_284' title='bbox 818 2100 937 2129; x_wconf 87' lang='lat' dir='ltr'>verbum</span> <span class='ocrx_word' id='word_1_285' title='bbox 958 2101 1043 2129; x_wconf 89' lang='lat' dir='ltr'>totius</span> <span class='ocrx_word' id='word_1_286' title='bbox 1057 2100 1118 2129; x_wconf 88' lang='lat' dir='ltr'>dul-</span> 
     </span>
    </p>
   </div>
   <div class='ocr_carea' id='block_1_9' title="bbox 1145 346 1150 857">
    <p class='ocr_par' dir='ltr' id='par_1_10' title="bbox 1145 346 1150 857">
     <span class='ocr_line' id='line_1_47' title="bbox 1145 346 1150 857; baseline 0 0"><span class='ocrx_word' id='word_1_287' title='bbox 1145 346 1150 857; x_wconf 95' lang='lat' dir='ltr'> </span> 
     </span>
    </p>
   </div>
   <div class='ocr_carea' id='block_1_10' title="bbox 1147 1096 1150 1850">
    <p class='ocr_par' dir='ltr' id='par_1_11' title="bbox 1147 1096 1150 1850">
     <span class='ocr_line' id='line_1_48' title="bbox 1147 1096 1150 1850; baseline 0 0"><span class='ocrx_word' id='word_1_288' title='bbox 1147 1096 1150 1850; x_wconf 95' lang='lat' dir='ltr'> </span> 
     </span>
    </p>
   </div>
   <div class='ocr_carea' id='block_1_11' title="bbox 659 201 1635 231">
    <p class='ocr_par' dir='ltr' id='par_1_12' title="bbox 659 201 1635 231">
     <span class='ocr_line' id='line_1_49' title="bbox 659 201 1635 231; baseline -0.001 0"><span class='ocrx_word' id='word_1_289' title='bbox 659 202 854 231; x_wconf 81' lang='lat' dir='ltr'><strong>OPUSCULUM</strong></span> <span class='ocrx_word' id='word_1_290' title='bbox 876 202 916 230; x_wconf 88' lang='lat'>111.</span> <span class='ocrx_word' id='word_1_291' title='bbox 938 202 1062 231; x_wconf 89' lang='lat' dir='ltr'><strong>LIGNUM</strong></span> <span class='ocrx_word' id='word_1_292' title='bbox 1084 202 1189 230; x_wconf 84' lang='lat' dir='ltr'>VtTAE.</span> <span class='ocrx_word' id='word_1_293' title='bbox 1211 202 1254 230; x_wconf 91' lang='lat' dir='ltr'>DE</span> <span class='ocrx_word' id='word_1_294' title='bbox 1276 201 1443 230; x_wconf 84' lang='lat' dir='ltr'>MYSTERIO</span> <span class='ocrx_word' id='word_1_295' title='bbox 1465 201 1635 231; x_wconf 79' lang='lat' dir='ltr'>PASSIONIS.</span> 
     </span>
    </p>
   </div>
   <div class='ocr_carea' id='block_1_12' title="bbox 1174 278 2024 1016">
    <p class='ocr_par' dir='ltr' id='par_1_13' title="bbox 1174 278 2021 401">
     <span class='ocr_line' id='line_1_50' title="bbox 1175 278 2021 316; baseline 0 -8"><span class='ocrx_word' id='word_1_296' title='bbox 1175 280 1247 308; x_wconf 88' lang='lat' dir='ltr'>coris</span> <span class='ocrx_word' id='word_1_297' title='bbox 1258 280 1269 296; x_wconf 76' lang='lat'><strong>⁶</strong></span> <span class='ocrx_word' id='word_1_298' title='bbox 1291 282 1318 308; x_wconf 86' lang='lat' dir='ltr'>et</span> <span class='ocrx_word' id='word_1_299' title='bbox 1339 280 1448 308; x_wconf 83' lang='lat' dir='ltr'>veniae:</span> <span class='ocrx_word' id='word_1_300' title='bbox 1465 280 1566 313; x_wconf 78' lang='lat' dir='ltr'>Pater,</span> <span class='ocrx_word' id='word_1_301' title='bbox 1582 279 1696 316; x_wconf 63' lang='lat' dir='ltr'>ignosce</span> <span class='ocrx_word' id='word_1_302' title='bbox 1717 278 1792 307; x_wconf 72' lang='lat' dir='ltr'>illis!</span> <span class='ocrx_word' id='word_1_303' title='bbox 1807 279 1829 307; x_wconf 93' lang='grc' dir='ltr'><strong>Ο</strong></span> <span class='ocrx_word' id='word_1_304' title='bbox 1844 279 1960 308; x_wconf 88' lang='lat' dir='ltr'>verbum</span> <span class='ocrx_word' id='word_1_305' title='bbox 1980 282 2021 308; x_wconf 93' lang='lat' dir='ltr'>to-</span> 
     </span>
     <span class='ocr_line' id='line_1_51' title="bbox 1175 325 2021 363; baseline 0 -9"><span class='ocrx_word' id='word_1_306' title='bbox 1175 326 1231 355; x_wconf 90' lang='lat' dir='ltr'>tius</span> <span class='ocrx_word' id='word_1_307' title='bbox 1251 326 1354 355; x_wconf 87' lang='lat' dir='ltr'>amoris</span> <span class='ocrx_word' id='word_1_308' title='bbox 1374 329 1401 355; x_wconf 94' lang='lat' dir='ltr'>et</span> <span class='ocrx_word' id='word_1_309' title='bbox 1426 326 1548 363; x_wconf 81' lang='lat' dir='ltr'>gratiae:</span> <span class='ocrx_word' id='word_1_310' title='bbox 1577 325 1668 353; x_wconf 78' lang='lat' dir='ltr'>Hoclie</span> <span class='ocrx_word' id='word_1_311' title='bbox 1694 333 1806 354; x_wconf 77' lang='lat' dir='ltr'>mecam</span> <span class='ocrx_word' id='word_1_312' title='bbox 1827 326 1885 354; x_wconf 76' lang='lat' dir='ltr'>eris</span> <span class='ocrx_word' id='word_1_313' title='bbox 1907 326 1938 354; x_wconf 80' lang='lat' dir='ltr'>in</span> <span class='ocrx_word' id='word_1_314' title='bbox 1966 334 2021 363; x_wconf 78' lang='lat' dir='ltr'>pa-</span> 
     </span>
     <span class='ocr_line' id='line_1_52' title="bbox 1174 372 1295 401; baseline 0 0"><span class='ocrx_word' id='word_1_315' title='bbox 1174 372 1295 401; x_wconf 76' lang='lat' dir='ltr'>raaz&#39;so!</span> 
     </span>
    </p>

    <p class='ocr_par' dir='ltr' id='par_1_14' title="bbox 1174 418 2024 1016">
     <span class='ocr_line' id='line_1_53' title="bbox 1254 418 2022 456; baseline -0.001 -8"><span class='ocrx_word' id='word_1_316' title='bbox 1254 419 1367 455; x_wconf 86' lang='lat' dir='ltr'>Respira</span> <span class='ocrx_word' id='word_1_317' title='bbox 1387 419 1503 447; x_wconf 91' lang='lat' dir='ltr'>nuncin</span> <span class='ocrx_word' id='word_1_318' title='bbox 1525 426 1601 455; x_wconf 87' lang='lat' dir='ltr'>spem</span> <span class='ocrx_word' id='word_1_319' title='bbox 1623 418 1731 452; x_wconf 85' lang='lat' dir='ltr'>veniae,</span> <span class='ocrx_word' id='word_1_320' title='bbox 1747 418 1850 453; x_wconf 80' lang='lat' dir='ltr'>anima,</span> <span class='ocrx_word' id='word_1_321' title='bbox 1872 421 2022 456; x_wconf 90' lang='lat' dir='ltr'>quantum-</span> 
     </span>
     <span class='ocr_line' id='line_1_54' title="bbox 1175 465 2022 503; baseline -0.002 -8"><span class='ocrx_word' id='word_1_322' title='bbox 1175 474 1295 503; x_wconf 87' lang='lat' dir='ltr'>cumque</span> <span class='ocrx_word' id='word_1_323' title='bbox 1317 466 1472 502; x_wconf 81' lang='lat' dir='ltr'>peccatrix,</span> <span class='ocrx_word' id='word_1_324' title='bbox 1494 465 1515 494; x_wconf 93' lang='lat' dir='ltr'>si</span> <span class='ocrx_word' id='word_1_325' title='bbox 1538 468 1629 493; x_wconf 86' lang='lat' dir='ltr'>tamen</span> <span class='ocrx_word' id='word_1_326' title='bbox 1650 465 1779 501; x_wconf 89' lang='lat' dir='ltr'>patientis</span> <span class='ocrx_word' id='word_1_327' title='bbox 1801 474 1851 502; x_wconf 90' lang='lat' dir='ltr'>pro</span> <span class='ocrx_word' id='word_1_328' title='bbox 1872 469 1899 494; x_wconf 88' lang='lat' dir='ltr'>te</span> <span class='ocrx_word' id='word_1_329' title='bbox 1914 465 2022 494; x_wconf 88' lang='lat' dir='ltr'>Domini</span> 
     </span>
     <span class='ocr_line' id='line_1_55' title="bbox 1175 512 2022 549; baseline -0.001 -8"><span class='ocrx_word' id='word_1_330' title='bbox 1175 513 1222 541; x_wconf 90' lang='lat' dir='ltr'>Dei</span> <span class='ocrx_word' id='word_1_331' title='bbox 1244 513 1285 541; x_wconf 86' lang='lat' dir='ltr'>tui</span> <span class='ocrx_word' id='word_1_332' title='bbox 1307 513 1421 549; x_wconf 78' lang='lat' dir='ltr'>vestigia</span> <span class='ocrx_word' id='word_1_333' title='bbox 1436 512 1514 549; x_wconf 89' lang='lat' dir='ltr'>sequi</span> <span class='ocrx_word' id='word_1_334' title='bbox 1528 520 1583 540; x_wconf 90' lang='lat' dir='ltr'>non</span> <span class='ocrx_word' id='word_1_335' title='bbox 1598 512 1742 546; x_wconf 85' lang='lat' dir='ltr'>abhorres,</span> <span class='ocrx_word' id='word_1_336' title='bbox 1762 523 1775 537; x_wconf 73' lang='grc' dir='ltr'>α</span> <span class='ocrx_word' id='word_1_337' title='bbox 1787 512 1835 549; x_wconf 88' lang='lat' dir='ltr'>qui</span> <span class='ocrx_word' id='word_1_338' title='bbox 1850 512 1877 541; x_wconf 89' lang='lat' dir='ltr'>in</span> <span class='ocrx_word' id='word_1_339' title='bbox 1894 512 2022 541; x_wconf 89' lang='lat' dir='ltr'>omnibus</span> 
     </span>
     <span class='ocr_line' id='line_1_56' title="bbox 1174 559 2022 596; baseline 0 -8"><span class='ocrx_word' id='word_1_340' title='bbox 1174 560 1315 596; x_wconf 90' lang='lat' dir='ltr'>pressuris</span> <span class='ocrx_word' id='word_1_341' title='bbox 1342 559 1400 588; x_wconf 90' lang='lat' dir='ltr'>suis</span> <span class='ocrx_word' id='word_1_342' title='bbox 1421 567 1471 587; x_wconf 88' lang='lat' dir='ltr'>nec</span> <span class='ocrx_word' id='word_1_343' title='bbox 1500 559 1584 587; x_wconf 87' lang='lat' dir='ltr'>semel</span> <span class='ocrx_word' id='word_1_344' title='bbox 1605 566 1636 587; x_wconf 91' lang='lat' dir='ltr'>os</span> <span class='ocrx_word' id='word_1_345' title='bbox 1657 566 1739 587; x_wconf 88' lang='lat' dir='ltr'>suum</span> <span class='ocrx_word' id='word_1_346' title='bbox 1767 559 1893 596; x_wconf 87' lang='lat' dir='ltr'>apernit,</span> <span class='ocrx_word' id='word_1_347' title='bbox 1914 562 1946 587; x_wconf 91' lang='lat' dir='ltr'>ut</span> <span class='ocrx_word' id='word_1_348' title='bbox 1973 562 2022 588; x_wconf 86' lang='lat' dir='ltr'>aut</span> 
     </span>
     <span class='ocr_line' id='line_1_57' title="bbox 1175 605 2023 643; baseline 0 -9"><span class='ocrx_word' id='word_1_349' title='bbox 1175 606 1305 643; x_wconf 88' lang='lat' dir='ltr'>querelae</span> <span class='ocrx_word' id='word_1_350' title='bbox 1326 609 1374 634; x_wconf 90' lang='lat' dir='ltr'>aut</span> <span class='ocrx_word' id='word_1_351' title='bbox 1396 605 1583 634; x_wconf 86' lang='lat' dir='ltr'>excusationis</span> <span class='ocrx_word' id='word_1_352' title='bbox 1604 608 1653 634; x_wconf 88' lang='lat' dir='ltr'>aut</span> <span class='ocrx_word' id='word_1_353' title='bbox 1670 606 1889 635; x_wconf 88' lang='lat' dir='ltr'>comminationis</span> <span class='ocrx_word' id='word_1_354' title='bbox 1903 608 1952 634; x_wconf 86' lang='lat' dir='ltr'>aut</span> <span class='ocrx_word' id='word_1_355' title='bbox 1965 614 2023 635; x_wconf 88' lang='lat' dir='ltr'>ma-</span> 
     </span>
     <span class='ocr_line' id='line_1_58' title="bbox 1175 652 2023 682; baseline 0.001 -1"><span class='ocrx_word' id='word_1_356' title='bbox 1175 652 1327 681; x_wconf 87' lang='lat' dir='ltr'>ledictionis</span> <span class='ocrx_word' id='word_1_357' title='bbox 1348 660 1503 681; x_wconf 88' lang='lat' dir='ltr'>sermonem</span> <span class='ocrx_word' id='word_1_358' title='bbox 1526 652 1659 681; x_wconf 85' lang='lat' dir='ltr'>adversus</span> <span class='ocrx_word' id='word_1_359' title='bbox 1680 652 1839 681; x_wconf 88' lang='lat' dir='ltr'>maledictos</span> <span class='ocrx_word' id='word_1_360' title='bbox 1860 652 1921 681; x_wconf 89' lang='lat' dir='ltr'>illos</span> <span class='ocrx_word' id='word_1_361' title='bbox 1942 660 2023 682; x_wconf 87' lang='lat' dir='ltr'>canes</span> 
     </span>
     <span class='ocr_line' id='line_1_59' title="bbox 1177 699 2024 735; baseline 0 -7"><span class='ocrx_word' id='word_1_362' title='bbox 1177 700 1218 728; x_wconf 86' lang='lat' dir='ltr'>vel</span> <span class='ocrx_word' id='word_1_363' title='bbox 1239 700 1336 728; x_wconf 87' lang='lat' dir='ltr'>leviter</span> <span class='ocrx_word' id='word_1_364' title='bbox 1364 699 1482 733; x_wconf 82' lang='lat' dir='ltr'>diceret3</span> <span class='ocrx_word' id='word_1_365' title='bbox 1505 699 1572 735; x_wconf 87' lang='lat' dir='ltr'>quin</span> <span class='ocrx_word' id='word_1_366' title='bbox 1594 699 1686 735; x_wconf 89' lang='lat' dir='ltr'>potius</span> <span class='ocrx_word' id='word_1_367' title='bbox 1714 707 1801 728; x_wconf 80' lang='lat' dir='ltr'>novae</span> <span class='ocrx_word' id='word_1_368' title='bbox 1828 699 2024 729; x_wconf 88' lang='lat' dir='ltr'>benedictionis</span> 
     </span>
     <span class='ocr_line' id='line_1_60' title="bbox 1175 744 2023 782; baseline 0.001 -9"><span class='ocrx_word' id='word_1_369' title='bbox 1175 745 1309 779; x_wconf 88' lang='lat' dir='ltr'>verbum,</span> <span class='ocrx_word' id='word_1_370' title='bbox 1331 745 1412 782; x_wconf 81' lang='lat' dir='ltr'>quale</span> <span class='ocrx_word' id='word_1_371' title='bbox 1434 753 1453 773; x_wconf 89' lang='lat' dir='ltr'>a</span> <span class='ocrx_word' id='word_1_372' title='bbox 1473 744 1599 773; x_wconf 75' lang='lat' dir='ltr'>saeculis</span> <span class='ocrx_word' id='word_1_373' title='bbox 1619 753 1678 773; x_wconf 86' lang='lat' dir='ltr'>non</span> <span class='ocrx_word' id='word_1_374' title='bbox 1699 748 1738 773; x_wconf 74' lang='lat' dir='ltr'>est</span> <span class='ocrx_word' id='word_1_375' title='bbox 1763 745 1917 779; x_wconf 72' lang='lat' dir='ltr'>amlitanz,</span> <span class='ocrx_word' id='word_1_376' title='bbox 1939 753 2023 782; x_wconf 86' lang='lat' dir='ltr'>super</span> 
     </span>
     <span class='ocr_line' id='line_1_61' title="bbox 1175 791 2024 828; baseline 0.001 -9"><span class='ocrx_word' id='word_1_377' title='bbox 1175 791 1300 820; x_wconf 90' lang='lat' dir='ltr'>inimicos</span> <span class='ocrx_word' id='word_1_378' title='bbox 1322 799 1386 820; x_wconf 90' lang='lat' dir='ltr'>suos</span> <span class='ocrx_word' id='word_1_379' title='bbox 1408 791 1564 821; x_wconf 73' lang='lat' dir='ltr'>effudit7».</span> <span class='ocrx_word' id='word_1_380' title='bbox 1593 791 1642 820; x_wconf 89' lang='lat' dir='ltr'>Dic</span> <span class='ocrx_word' id='word_1_381' title='bbox 1663 799 1729 828; x_wconf 83' lang='lat' dir='ltr'>ergo</span> <span class='ocrx_word' id='word_1_382' title='bbox 1760 799 1824 820; x_wconf 90' lang='lat' dir='ltr'>cum</span> <span class='ocrx_word' id='word_1_383' title='bbox 1844 792 1932 820; x_wconf 81' lang='lat' dir='ltr'>multa</span> <span class='ocrx_word' id='word_1_384' title='bbox 1953 792 2024 820; x_wconf 85' lang='lat' dir='ltr'>fidu-</span> 
     </span>
     <span class='ocr_line' id='line_1_62' title="bbox 1176 838 2024 877; baseline 0.001 -11"><span class='ocrx_word' id='word_1_385' title='bbox 1176 838 1235 867; x_wconf 85' lang='lat' dir='ltr'>cia:</span> <span class='ocrx_word' id='word_1_386' title='bbox 1256 839 1391 867; x_wconf 74' lang='lat' dir='ltr'>Miserere</span> <span class='ocrx_word' id='word_1_387' title='bbox 1413 839 1484 872; x_wconf 81' lang='lat' dir='ltr'>mei,</span> <span class='ocrx_word' id='word_1_388' title='bbox 1508 839 1601 872; x_wconf 74' lang='lat' dir='ltr'>Dens,</span> <span class='ocrx_word' id='word_1_389' title='bbox 1623 838 1760 866; x_wconf 77' lang='lat' dir='ltr'>miserere</span> <span class='ocrx_word' id='word_1_390' title='bbox 1786 839 1859 872; x_wconf 83' lang='lat' dir='ltr'>mei,</span> <span class='ocrx_word' id='word_1_391' title='bbox 1884 838 2024 877; x_wconf 76' lang='lat' dir='ltr'>quoniam</span> 
     </span>
     <span class='ocr_line' id='line_1_63' title="bbox 1176 885 2024 921; baseline 0.002 -8"><span class='ocrx_word' id='word_1_392' title='bbox 1176 885 1207 914; x_wconf 87' lang='lat' dir='ltr'>in</span> <span class='ocrx_word' id='word_1_393' title='bbox 1229 888 1252 913; x_wconf 84' lang='lat' dir='ltr'>te</span> <span class='ocrx_word' id='word_1_394' title='bbox 1273 885 1392 921; x_wconf 80' lang='lat' dir='ltr'>confidit</span> <span class='ocrx_word' id='word_1_395' title='bbox 1406 886 1508 914; x_wconf 83' lang='lat' dir='ltr'>anima</span> <span class='ocrx_word' id='word_1_396' title='bbox 1523 885 1629 918; x_wconf 47' lang='lat' dir='ltr'>meast,-</span> <span class='ocrx_word' id='word_1_397' title='bbox 1650 885 1671 913; x_wconf 89' lang='lat' dir='ltr'>si</span> <span class='ocrx_word' id='word_1_398' title='bbox 1693 885 1764 913; x_wconf 86' lang='lat' dir='ltr'>forte</span> <span class='ocrx_word' id='word_1_399' title='bbox 1778 893 1855 914; x_wconf 90' lang='lat' dir='ltr'>more</span> <span class='ocrx_word' id='word_1_400' title='bbox 1870 886 2024 915; x_wconf 82' lang='lat' dir='ltr'>confitentis</span> 
     </span>
     <span class='ocr_line' id='line_1_64' title="bbox 1176 932 2024 961; baseline 0.001 -1"><span class='ocrx_word' id='word_1_401' title='bbox 1176 932 1290 961; x_wconf 84' lang='lat' dir='ltr'>latronis</span> <span class='ocrx_word' id='word_1_402' title='bbox 1311 932 1407 961; x_wconf 89' lang='lat' dir='ltr'>audire</span> <span class='ocrx_word' id='word_1_403' title='bbox 1432 932 1565 961; x_wconf 89' lang='lat' dir='ltr'>merearis</span> <span class='ocrx_word' id='word_1_404' title='bbox 1592 932 1620 960; x_wconf 94' lang='grc'>111</span> <span class='ocrx_word' id='word_1_405' title='bbox 1647 932 1745 961; x_wconf 84' lang='grc'>11101115</span> <span class='ocrx_word' id='word_1_406' title='bbox 1773 932 1905 961; x_wconf 89' lang='lat' dir='ltr'>articulo:</span> <span class='ocrx_word' id='word_1_407' title='bbox 1934 932 2024 961; x_wconf 75' lang='lat' dir='ltr'>Hoclie</span> 
     </span>
     <span class='ocr_line' id='line_1_65' title="bbox 1176 979 1593 1016; baseline 0 -9"><span class='ocrx_word' id='word_1_408' title='bbox 1176 987 1289 1007; x_wconf 78' lang='grc'>1116611111</span> <span class='ocrx_word' id='word_1_409' title='bbox 1310 979 1368 1007; x_wconf 73' lang='lat' dir='ltr'>eris</span> <span class='ocrx_word' id='word_1_410' title='bbox 1390 979 1420 1007; x_wconf 80' lang='lat' dir='ltr'>in</span> <span class='ocrx_word' id='word_1_411' title='bbox 1439 979 1593 1016; x_wconf 75' lang='lat' dir='ltr'>paradiso.</span> 
     </span>
    </p>
   </div>
   <div class='ocr_carea' id='block_1_13' title="bbox 1440 1071 1760 1110">
    <p class='ocr_par' dir='ltr' id='par_1_15' title="bbox 1440 1071 1760 1110">
     <span class='ocr_line' id='line_1_66' title="bbox 1440 1071 1760 1110; baseline 0 -10"><span class='ocrx_word' id='word_1_412' title='bbox 1440 1073 1530 1107; x_wconf 71' lang='grc'>163118,</span> <span class='ocrx_word' id='word_1_413' title='bbox 1552 1071 1615 1109; x_wconf 85' lang='lat' dir='ltr'>felle</span> <span class='ocrx_word' id='word_1_414' title='bbox 1634 1075 1760 1110; x_wconf 69' lang='lat' dir='ltr'>potatas.</span> 
     </span>
    </p>
   </div>
   <div class='ocr_carea' id='block_1_14' title="bbox 1174 1166 2025 2138">
    <p class='ocr_par' dir='ltr' id='par_1_16' title="bbox 1174 1166 2025 2046">
     <span class='ocr_line' id='line_1_67' title="bbox 1256 1166 2024 1204; baseline 0 -10"><span class='ocrx_word' id='word_1_415' title='bbox 1256 1166 1301 1194; x_wconf 65' lang='lat'>28.</span> <span class='ocrx_word' id='word_1_416' title='bbox 1327 1166 1432 1195; x_wconf 72' lang='lat' dir='ltr'>Postea</span> <span class='ocrx_word' id='word_1_417' title='bbox 1463 1166 1556 1195; x_wconf 77' lang='lat' dir='ltr'>sciens</span> <span class='ocrx_word' id='word_1_418' title='bbox 1592 1166 1688 1200; x_wconf 71' lang='lat' dir='ltr'>Iesus,</span> <span class='ocrx_word' id='word_1_419' title='bbox 1720 1166 1791 1204; x_wconf 80' lang='lat' dir='ltr'>quia</span> <span class='ocrx_word' id='word_1_420' title='bbox 1819 1170 2024 1195; x_wconf 79' lang='lat' dir='ltr'>consummata</span> 
     </span>
     <span class='ocr_line' id='line_1_68' title="bbox 1176 1213 2023 1250; baseline 0 -9"><span class='ocrx_word' id='word_1_421' title='bbox 1176 1217 1245 1241; x_wconf 80' lang='lat' dir='ltr'>sant</span> <span class='ocrx_word' id='word_1_422' title='bbox 1266 1213 1382 1247; x_wconf 79' lang='lat' dir='ltr'>omnia,</span> <span class='ocrx_word' id='word_1_423' title='bbox 1404 1216 1437 1241; x_wconf 80' lang='lat' dir='ltr'>ut</span> <span class='ocrx_word' id='word_1_424' title='bbox 1458 1216 1715 1241; x_wconf 71' lang='lat' dir='ltr'>consummaretur</span> <span class='ocrx_word' id='word_1_425' title='bbox 1731 1213 1906 1250; x_wconf 75' lang='lat' dir='ltr'>Scriptura,</span> <span class='ocrx_word' id='word_1_426' title='bbox 1928 1213 2023 1241; x_wconf 73' lang='lat' dir='ltr'>dixit:</span> 
     </span>
     <span class='ocr_line' id='line_1_69' title="bbox 1177 1259 2025 1296; baseline -0.001 -8"><span class='ocrx_word' id='word_1_427' title='bbox 1177 1259 1249 1289; x_wconf 81' lang='lat' dir='ltr'>Silio</span> <span class='ocrx_word' id='word_1_428' title='bbox 1261 1259 1280 1287; x_wconf 75' lang='lat'>⁹.</span> <span class='ocrx_word' id='word_1_429' title='bbox 1301 1260 1332 1288; x_wconf 84' lang='lat' dir='ltr'>Et</span> <span class='ocrx_word' id='word_1_430' title='bbox 1346 1262 1455 1288; x_wconf 88' lang='lat' dir='ltr'>acetoso</span> <span class='ocrx_word' id='word_1_431' title='bbox 1469 1267 1500 1288; x_wconf 87' lang='lat' dir='ltr'>ac</span> <span class='ocrx_word' id='word_1_432' title='bbox 1521 1259 1601 1288; x_wconf 88' lang='lat' dir='ltr'>felleo</span> <span class='ocrx_word' id='word_1_433' title='bbox 1621 1259 1721 1296; x_wconf 90' lang='lat' dir='ltr'>poculo</span> <span class='ocrx_word' id='word_1_434' title='bbox 1735 1259 1786 1288; x_wconf 89' lang='lat' dir='ltr'>sibi</span> <span class='ocrx_word' id='word_1_435' title='bbox 1802 1259 1946 1296; x_wconf 87' lang='lat' dir='ltr'>propinato</span> <span class='ocrx_word' id='word_1_436' title='bbox 1961 1267 2025 1288; x_wconf 89' lang='lat' dir='ltr'>cum</span> 
     </span>
     <span class='ocr_line' id='line_1_70' title="bbox 1176 1305 2025 1344; baseline -0.002 -8"><span class='ocrx_word' id='word_1_437' title='bbox 1176 1307 1304 1344; x_wconf 81' lang='lat' dir='ltr'>spongia,</span> <span class='ocrx_word' id='word_1_438' title='bbox 1327 1307 1425 1335; x_wconf 90' lang='lat' dir='ltr'>Ioanne</span> <span class='ocrx_word' id='word_1_439' title='bbox 1453 1306 1500 1343; x_wconf 90' lang='lat' dir='ltr'>qui</span> <span class='ocrx_word' id='word_1_440' title='bbox 1532 1314 1662 1343; x_wconf 89' lang='lat' dir='ltr'>praesens</span> <span class='ocrx_word' id='word_1_441' title='bbox 1693 1306 1745 1334; x_wconf 85' lang='lat' dir='ltr'>suit</span> <span class='ocrx_word' id='word_1_442' title='bbox 1769 1308 1930 1340; x_wconf 84' lang='lat' dir='ltr'>attestante,</span> <span class='ocrx_word' id='word_1_443' title='bbox 1959 1305 2025 1334; x_wconf 87' lang='lat' dir='ltr'>sub-</span> 
     </span>
     <span class='ocr_line' id='line_1_71' title="bbox 1176 1353 2024 1390; baseline -0.001 -8"><span class='ocrx_word' id='word_1_444' title='bbox 1176 1354 1287 1382; x_wconf 85' lang='lat' dir='ltr'>intulit:</span> <span class='ocrx_word' id='word_1_445' title='bbox 1318 1353 1560 1381; x_wconf 72' lang='lat' dir='ltr'>Consammatanz</span> <span class='ocrx_word' id='word_1_446' title='bbox 1588 1356 1645 1386; x_wconf 77' lang='lat' dir='ltr'>est,</span> <span class='ocrx_word' id='word_1_447' title='bbox 1674 1355 1806 1389; x_wconf 87' lang='lat' dir='ltr'>tanquam</span> <span class='ocrx_word' id='word_1_448' title='bbox 1839 1353 1861 1381; x_wconf 91' lang='lat' dir='ltr'>si</span> <span class='ocrx_word' id='word_1_449' title='bbox 1889 1353 1917 1381; x_wconf 89' lang='lat' dir='ltr'>in</span> <span class='ocrx_word' id='word_1_450' title='bbox 1939 1355 2024 1390; x_wconf 85' lang='lat' dir='ltr'>gustu</span> 
     </span>
     <span class='ocr_line' id='line_1_72' title="bbox 1176 1399 2024 1436; baseline 0 -8"><span class='ocrx_word' id='word_1_451' title='bbox 1176 1400 1245 1428; x_wconf 87' lang='lat' dir='ltr'>aceti</span> <span class='ocrx_word' id='word_1_452' title='bbox 1266 1402 1293 1428; x_wconf 85' lang='lat' dir='ltr'>et</span> <span class='ocrx_word' id='word_1_453' title='bbox 1312 1399 1383 1428; x_wconf 83' lang='lat' dir='ltr'>fellis</span> <span class='ocrx_word' id='word_1_454' title='bbox 1404 1399 1489 1428; x_wconf 87' lang='lat' dir='ltr'>totius</span> <span class='ocrx_word' id='word_1_455' title='bbox 1517 1400 1706 1428; x_wconf 87' lang='lat' dir='ltr'>amarissimae</span> <span class='ocrx_word' id='word_1_456' title='bbox 1731 1399 1865 1436; x_wconf 88' lang='lat' dir='ltr'>passionis</span> <span class='ocrx_word' id='word_1_457' title='bbox 1894 1407 2024 1428; x_wconf 91' lang='lat' dir='ltr'>consum-</span> 
     </span>
     <span class='ocr_line' id='line_1_73' title="bbox 1176 1446 2024 1483; baseline 0.001 -9"><span class='ocrx_word' id='word_1_458' title='bbox 1176 1449 1249 1475; x_wconf 79' lang='lat' dir='ltr'>mata</span> <span class='ocrx_word' id='word_1_459' title='bbox 1269 1446 1412 1483; x_wconf 81' lang='lat' dir='ltr'>plenitudo</span> <span class='ocrx_word' id='word_1_460' title='bbox 1443 1446 1613 1475; x_wconf 86' lang='lat' dir='ltr'>consisteret.</span> <span class='ocrx_word' id='word_1_461' title='bbox 1636 1447 1703 1475; x_wconf 88' lang='lat' dir='ltr'>Nam</span> <span class='ocrx_word' id='word_1_462' title='bbox 1734 1454 1798 1475; x_wconf 89' lang='lat' dir='ltr'>cum</span> <span class='ocrx_word' id='word_1_463' title='bbox 1829 1454 1879 1482; x_wconf 88' lang='lat' dir='ltr'>per</span> <span class='ocrx_word' id='word_1_464' title='bbox 1911 1449 2024 1483; x_wconf 84' lang='lat' dir='ltr'>gustum</span> 
     </span>
     <span class='ocr_line' id='line_1_74' title="bbox 1176 1493 2025 1532; baseline 0 -11"><span class='ocrx_word' id='word_1_465' title='bbox 1176 1494 1241 1530; x_wconf 75' lang='lat' dir='ltr'>ligni</span> <span class='ocrx_word' id='word_1_466' title='bbox 1257 1493 1349 1522; x_wconf 82' lang='lat' dir='ltr'>suavis</span> <span class='ocrx_word' id='word_1_467' title='bbox 1370 1497 1397 1522; x_wconf 89' lang='lat' dir='ltr'>et</span> <span class='ocrx_word' id='word_1_468' title='bbox 1412 1493 1488 1522; x_wconf 88' lang='lat' dir='ltr'>vetiti</span> <span class='ocrx_word' id='word_1_469' title='bbox 1500 1493 1523 1510; x_wconf 85' lang='lat'>¹⁰</span> <span class='ocrx_word' id='word_1_470' title='bbox 1539 1493 1623 1532; x_wconf 84' lang='grc'>1011115</span> <span class='ocrx_word' id='word_1_471' title='bbox 1637 1495 1748 1522; x_wconf 88' lang='lat' dir='ltr'>nostrae</span> <span class='ocrx_word' id='word_1_472' title='bbox 1766 1493 1928 1529; x_wconf 87' lang='lat' dir='ltr'>perditionis</span> <span class='ocrx_word' id='word_1_473' title='bbox 1942 1501 2025 1522; x_wconf 86' lang='lat' dir='ltr'>causa</span> 
     </span>
     <span class='ocr_line' id='line_1_75' title="bbox 1176 1539 2024 1577; baseline 0 -9"><span class='ocrx_word' id='word_1_474' title='bbox 1176 1540 1300 1569; x_wconf 84' lang='lat' dir='ltr'>extiterit</span> <span class='ocrx_word' id='word_1_475' title='bbox 1315 1540 1520 1576; x_wconf 83' lang='lat' dir='ltr'>praevaricator</span> <span class='ocrx_word' id='word_1_476' title='bbox 1535 1540 1627 1574; x_wconf 78' lang='lat' dir='ltr'>Adam,</span> <span class='ocrx_word' id='word_1_477' title='bbox 1643 1542 1831 1577; x_wconf 87' lang='lat' dir='ltr'>opportunum</span> <span class='ocrx_word' id='word_1_478' title='bbox 1842 1539 1895 1568; x_wconf 86' lang='lat' dir='ltr'>fuit</span> <span class='ocrx_word' id='word_1_479' title='bbox 1916 1543 1943 1569; x_wconf 92' lang='lat' dir='ltr'>et</span> <span class='ocrx_word' id='word_1_480' title='bbox 1964 1548 2024 1569; x_wconf 87' lang='lat' dir='ltr'>con-</span> 
     </span>
     <span class='ocr_line' id='line_1_76' title="bbox 1176 1586 2024 1624; baseline 0 -9"><span class='ocrx_word' id='word_1_481' title='bbox 1176 1595 1294 1624; x_wconf 82' lang='lat' dir='ltr'>gruum,</span> <span class='ocrx_word' id='word_1_482' title='bbox 1316 1595 1366 1623; x_wconf 90' lang='lat' dir='ltr'>per</span> <span class='ocrx_word' id='word_1_483' title='bbox 1387 1587 1459 1616; x_wconf 86' lang='lat' dir='ltr'>viam</span> <span class='ocrx_word' id='word_1_484' title='bbox 1474 1587 1643 1615; x_wconf 87' lang='lat' dir='ltr'>contrariam</span> <span class='ocrx_word' id='word_1_485' title='bbox 1663 1586 1760 1616; x_wconf 85' lang='lat' dir='ltr'>salutis</span> <span class='ocrx_word' id='word_1_486' title='bbox 1774 1589 1885 1616; x_wconf 90' lang='lat' dir='ltr'>nostrae</span> <span class='ocrx_word' id='word_1_487' title='bbox 1905 1587 2024 1616; x_wconf 89' lang='lat' dir='ltr'>inveniri</span> 
     </span>
     <span class='ocr_line' id='line_1_77' title="bbox 1175 1634 2025 1671; baseline 0 -8"><span class='ocrx_word' id='word_1_488' title='bbox 1175 1634 1340 1664; x_wconf 88' lang='lat' dir='ltr'>remedium.</span> <span class='ocrx_word' id='word_1_489' title='bbox 1355 1634 1424 1662; x_wconf 90' lang='lat' dir='ltr'>Cum</span> <span class='ocrx_word' id='word_1_490' title='bbox 1439 1634 1522 1662; x_wconf 87' lang='lat' dir='ltr'>etiam</span> <span class='ocrx_word' id='word_1_491' title='bbox 1537 1634 1565 1662; x_wconf 90' lang='lat' dir='ltr'>in</span> <span class='ocrx_word' id='word_1_492' title='bbox 1580 1634 1696 1671; x_wconf 84' lang='lat' dir='ltr'>singulis</span> <span class='ocrx_word' id='word_1_493' title='bbox 1710 1634 1843 1663; x_wconf 88' lang='lat' dir='ltr'>membris</span> <span class='ocrx_word' id='word_1_494' title='bbox 1857 1634 1945 1671; x_wconf 88' lang='lat' dir='ltr'>ipsius</span> <span class='ocrx_word' id='word_1_495' title='bbox 1959 1642 2025 1663; x_wconf 88' lang='lat' dir='ltr'>acu-</span> 
     </span>
     <span class='ocr_line' id='line_1_78' title="bbox 1175 1680 2024 1718; baseline 0 -9"><span class='ocrx_word' id='word_1_496' title='bbox 1175 1681 1346 1710; x_wconf 89' lang='lat' dir='ltr'>tissimarum</span> <span class='ocrx_word' id='word_1_497' title='bbox 1369 1680 1528 1717; x_wconf 86' lang='lat' dir='ltr'>passionum</span> <span class='ocrx_word' id='word_1_498' title='bbox 1549 1681 1699 1709; x_wconf 88' lang='lat' dir='ltr'>militantes</span> <span class='ocrx_word' id='word_1_499' title='bbox 1719 1681 1843 1718; x_wconf 72' lang='lat' dir='ltr'>sayitlae</span> <span class='ocrx_word' id='word_1_500' title='bbox 1867 1680 2024 1709; x_wconf 88' lang='lat' dir='ltr'>crebresce-</span> 
     </span>
     <span class='ocr_line' id='line_1_79' title="bbox 1176 1727 2023 1765; baseline -0.001 -9"><span class='ocrx_word' id='word_1_501' title='bbox 1176 1731 1254 1762; x_wconf 86' lang='lat' dir='ltr'>rent,</span> <span class='ocrx_word' id='word_1_502' title='bbox 1275 1736 1406 1765; x_wconf 78' lang='lat' dir='ltr'>quaram</span> <span class='ocrx_word' id='word_1_503' title='bbox 1427 1727 1591 1765; x_wconf 63' lang='lat' dir='ltr'>indignatio</span> <span class='ocrx_word' id='word_1_504' title='bbox 1612 1727 1738 1756; x_wconf 80' lang='lat' dir='ltr'>ebibebat</span> <span class='ocrx_word' id='word_1_505' title='bbox 1757 1727 1897 1764; x_wconf 78' lang='lat' dir='ltr'>spiritum</span> <span class='ocrx_word' id='word_1_506' title='bbox 1909 1728 1933 1744; x_wconf 77' lang='lat'>11</span> <span class='ocrx_word' id='word_1_507' title='bbox 1947 1727 2023 1762; x_wconf 88' lang='lat' dir='ltr'>eius,</span> 
     </span>
     <span class='ocr_line' id='line_1_80' title="bbox 1175 1774 2023 1811; baseline 0 -8"><span class='ocrx_word' id='word_1_508' title='bbox 1175 1774 1301 1809; x_wconf 86' lang='lat' dir='ltr'>decebat,</span> <span class='ocrx_word' id='word_1_509' title='bbox 1323 1777 1354 1803; x_wconf 89' lang='lat' dir='ltr'>ut</span> <span class='ocrx_word' id='word_1_510' title='bbox 1375 1783 1406 1803; x_wconf 90' lang='lat' dir='ltr'>os</span> <span class='ocrx_word' id='word_1_511' title='bbox 1420 1778 1447 1803; x_wconf 87' lang='lat' dir='ltr'>et</span> <span class='ocrx_word' id='word_1_512' title='bbox 1468 1775 1574 1811; x_wconf 84' lang='lat' dir='ltr'>lingua,</span> <span class='ocrx_word' id='word_1_513' title='bbox 1597 1774 1650 1803; x_wconf 89' lang='lat' dir='ltr'>cibi</span> <span class='ocrx_word' id='word_1_514' title='bbox 1665 1774 1800 1811; x_wconf 87' lang='lat' dir='ltr'>verbique</span> <span class='ocrx_word' id='word_1_515' title='bbox 1821 1774 1960 1809; x_wconf 86' lang='lat' dir='ltr'>vehicula,</span> <span class='ocrx_word' id='word_1_516' title='bbox 1975 1782 2023 1803; x_wconf 91' lang='lat' dir='ltr'>ne-</span> 
     </span>
     <span class='ocr_line' id='line_1_81' title="bbox 1175 1821 2024 1859; baseline -0.001 -9"><span class='ocrx_word' id='word_1_517' title='bbox 1175 1829 1315 1859; x_wconf 83' lang='lat' dir='ltr'>quaquam</span> <span class='ocrx_word' id='word_1_518' title='bbox 1331 1824 1506 1850; x_wconf 82' lang='lat' dir='ltr'>remanerent</span> <span class='ocrx_word' id='word_1_519' title='bbox 1520 1821 1662 1855; x_wconf 85' lang='lat' dir='ltr'>immunia,</span> <span class='ocrx_word' id='word_1_520' title='bbox 1675 1824 1707 1849; x_wconf 90' lang='lat' dir='ltr'>ut</span> <span class='ocrx_word' id='word_1_521' title='bbox 1718 1821 1911 1850; x_wconf 81' lang='lat' dir='ltr'>verificaretur</span> <span class='ocrx_word' id='word_1_522' title='bbox 1925 1821 1952 1849; x_wconf 94' lang='lat' dir='ltr'>in</span> <span class='ocrx_word' id='word_1_523' title='bbox 1967 1829 2024 1850; x_wconf 93' lang='lat' dir='ltr'>me-</span> 
     </span>
     <span class='ocr_line' id='line_1_82' title="bbox 1174 1867 2024 1905; baseline 0.001 -8"><span class='ocrx_word' id='word_1_524' title='bbox 1174 1868 1235 1897; x_wconf 86' lang='lat' dir='ltr'>dico</span> <span class='ocrx_word' id='word_1_525' title='bbox 1256 1871 1351 1897; x_wconf 87' lang='lat' dir='ltr'>nostro</span> <span class='ocrx_word' id='word_1_526' title='bbox 1372 1868 1567 1905; x_wconf 88' lang='lat' dir='ltr'>propheticum</span> <span class='ocrx_word' id='word_1_527' title='bbox 1588 1868 1657 1899; x_wconf 87' lang='lat' dir='ltr'>illud</span> <span class='ocrx_word' id='word_1_528' title='bbox 1668 1869 1707 1896; x_wconf 80' lang='lat'>¹2:</span> <span class='ocrx_word' id='word_1_529' title='bbox 1730 1867 1856 1905; x_wconf 81' lang='lat' dir='ltr'>Replevit</span> <span class='ocrx_word' id='word_1_530' title='bbox 1875 1877 1919 1897; x_wconf 83' lang='lat' dir='ltr'>me</span> <span class='ocrx_word' id='word_1_531' title='bbox 1939 1876 2024 1898; x_wconf 82' lang='lat' dir='ltr'>ama-</span> 
     </span>
     <span class='ocr_line' id='line_1_83' title="bbox 1175 1913 2024 1949; baseline 0.001 -6"><span class='ocrx_word' id='word_1_532' title='bbox 1175 1915 1319 1949; x_wconf 76' lang='lat' dir='ltr'>ritudine,</span> <span class='ocrx_word' id='word_1_533' title='bbox 1342 1915 1497 1944; x_wconf 77' lang='lat' dir='ltr'>inebriavit</span> <span class='ocrx_word' id='word_1_534' title='bbox 1520 1923 1565 1943; x_wconf 83' lang='lat' dir='ltr'>me</span> <span class='ocrx_word' id='word_1_535' title='bbox 1586 1913 1752 1948; x_wconf 78' lang='lat' dir='ltr'>absintlzio;</span> <span class='ocrx_word' id='word_1_536' title='bbox 1781 1914 1827 1943; x_wconf 89' lang='lat' dir='ltr'>sed</span> <span class='ocrx_word' id='word_1_537' title='bbox 1848 1917 1880 1943; x_wconf 86' lang='lat' dir='ltr'>ut</span> <span class='ocrx_word' id='word_1_538' title='bbox 1904 1917 1932 1943; x_wconf 88' lang='lat' dir='ltr'>et</span> <span class='ocrx_word' id='word_1_539' title='bbox 1955 1915 2024 1944; x_wconf 87' lang='lat' dir='ltr'>illud</span> 
     </span>
     <span class='ocr_line' id='line_1_84' title="bbox 1175 1961 2024 1997; baseline 0 -8"><span class='ocrx_word' id='word_1_540' title='bbox 1175 1961 1338 1997; x_wconf 91' lang='lat' dir='ltr'>impleretur</span> <span class='ocrx_word' id='word_1_541' title='bbox 1353 1961 1380 1989; x_wconf 93' lang='lat' dir='ltr'>in</span> <span class='ocrx_word' id='word_1_542' title='bbox 1396 1961 1554 1990; x_wconf 89' lang='lat' dir='ltr'>dulcissima</span> <span class='ocrx_word' id='word_1_543' title='bbox 1569 1963 1597 1989; x_wconf 89' lang='lat' dir='ltr'>et</span> <span class='ocrx_word' id='word_1_544' title='bbox 1610 1961 1798 1990; x_wconf 85' lang='lat' dir='ltr'>amantissima</span> <span class='ocrx_word' id='word_1_545' title='bbox 1812 1961 1899 1990; x_wconf 89' lang='lat' dir='ltr'>Matre</span> <span class='ocrx_word' id='word_1_546' title='bbox 1910 1961 1947 1989; x_wconf 74' lang='lat'>1³:</span> <span class='ocrx_word' id='word_1_547' title='bbox 1967 1961 2024 1990; x_wconf 88' lang='lat' dir='ltr'>Po-</span> 
     </span>
     <span class='ocr_line' id='line_1_85' title="bbox 1174 2007 2022 2046; baseline 0 -10"><span class='ocrx_word' id='word_1_548' title='bbox 1174 2008 1234 2036; x_wconf 78' lang='lat' dir='ltr'>suit</span> <span class='ocrx_word' id='word_1_549' title='bbox 1248 2016 1293 2036; x_wconf 85' lang='grc'>1116</span> <span class='ocrx_word' id='word_1_550' title='bbox 1304 2008 1392 2046; x_wconf 78' lang='lat' dir='ltr'>quasi</span> <span class='ocrx_word' id='word_1_551' title='bbox 1402 2007 1572 2042; x_wconf 74' lang='lat' dir='ltr'>desolatam,</span> <span class='ocrx_word' id='word_1_552' title='bbox 1585 2011 1643 2036; x_wconf 84' lang='lat' dir='ltr'>tota</span> <span class='ocrx_word' id='word_1_553' title='bbox 1654 2008 1699 2036; x_wconf 74' lang='lat' dir='ltr'>aie</span> <span class='ocrx_word' id='word_1_554' title='bbox 1713 2016 1843 2036; x_wconf 81' lang='lat' dir='ltr'>moerore</span> <span class='ocrx_word' id='word_1_555' title='bbox 1853 2007 2022 2046; x_wconf 80' lang='lat' dir='ltr'>confectam.</span> 
     </span>
    </p>

    <p class='ocr_par' dir='ltr' id='par_1_17' title="bbox 1175 2054 2025 2138">
     <span class='ocr_line' id='line_1_86' title="bbox 1254 2054 2025 2091; baseline 0.001 -9"><span class='ocrx_word' id='word_1_556' title='bbox 1254 2054 1329 2090; x_wconf 84' lang='lat' dir='ltr'>Quae</span> <span class='ocrx_word' id='word_1_557' title='bbox 1350 2054 1444 2091; x_wconf 80' lang='lat' dir='ltr'>lingua</span> <span class='ocrx_word' id='word_1_558' title='bbox 1470 2054 1562 2083; x_wconf 86' lang='lat' dir='ltr'>dicere</span> <span class='ocrx_word' id='word_1_559' title='bbox 1584 2054 1627 2083; x_wconf 89' lang='lat' dir='ltr'>vel</span> <span class='ocrx_word' id='word_1_560' title='bbox 1652 2054 1715 2091; x_wconf 92' lang='lat' dir='ltr'>quis</span> <span class='ocrx_word' id='word_1_561' title='bbox 1742 2054 1898 2083; x_wconf 84' lang='lat' dir='ltr'>intellectus</span> <span class='ocrx_word' id='word_1_562' title='bbox 1925 2062 2025 2091; x_wconf 86' lang='lat' dir='ltr'>capere</span> 
     </span>
     <span class='ocr_line' id='line_1_87' title="bbox 1175 2100 2024 2138; baseline 0.001 -9"><span class='ocrx_word' id='word_1_563' title='bbox 1175 2100 1277 2129; x_wconf 87' lang='lat' dir='ltr'>sufficit</span> <span class='ocrx_word' id='word_1_564' title='bbox 1305 2101 1506 2130; x_wconf 87' lang='lat' dir='ltr'>desolationum</span> <span class='ocrx_word' id='word_1_565' title='bbox 1532 2104 1644 2130; x_wconf 82' lang='lat' dir='ltr'>tuarum</span> <span class='ocrx_word' id='word_1_566' title='bbox 1666 2101 1789 2138; x_wconf 85' lang='lat' dir='ltr'>pondus,</span> <span class='ocrx_word' id='word_1_567' title='bbox 1811 2101 1895 2138; x_wconf 83' lang='lat' dir='ltr'>Virgo</span> <span class='ocrx_word' id='word_1_568' title='bbox 1917 2102 2024 2130; x_wconf 83' lang='lat' dir='ltr'>beata?</span> 
     </span>
    </p>
   </div>
   <div class='ocr_carea' id='block_1_15' title="bbox 889 2209 1406 2212">
    <p class='ocr_par' dir='ltr' id='par_1_18' title="bbox 889 2209 1406 2212">
     <span class='ocr_line' id='line_1_88' title="bbox 889 2209 1406 2212; baseline 0 0"><span class='ocrx_word' id='word_1_569' title='bbox 889 2209 1406 2212; x_wconf 95' lang='lat' dir='ltr'> </span> 
     </span>
    </p>
   </div>
   <div class='ocr_carea' id='block_1_16' title="bbox 269 2284 1118 3012">
    <p class='ocr_par' dir='ltr' id='par_1_19' title="bbox 270 2284 1118 2389">
     <span class='ocr_line' id='line_1_89' title="bbox 333 2284 1118 2314; baseline 0.001 -8"><span class='ocrx_word' id='word_1_570' title='bbox 333 2284 340 2296; x_wconf 84' lang='lat'>¹</span> <span class='ocrx_word' id='word_1_571' title='bbox 359 2285 426 2307; x_wconf 85' lang='lat' dir='ltr'>Rom.</span> <span class='ocrx_word' id='word_1_572' title='bbox 443 2284 469 2311; x_wconf 76' lang='grc'>9,</span> <span class='ocrx_word' id='word_1_573' title='bbox 488 2284 512 2311; x_wconf 74' lang='lat'>53</span> <span class='ocrx_word' id='word_1_574' title='bbox 526 2284 577 2306; x_wconf 79' lang='lat' dir='ltr'>dein</span> <span class='ocrx_word' id='word_1_575' title='bbox 593 2284 715 2311; x_wconf 82' lang='lat' dir='ltr'>respicitur</span> <span class='ocrx_word' id='word_1_576' title='bbox 726 2284 776 2306; x_wconf 85' lang='lat' dir='ltr'>lsai.</span> <span class='ocrx_word' id='word_1_577' title='bbox 793 2285 814 2311; x_wconf 83' lang='lat' dir='ltr'>l,</span> <span class='ocrx_word' id='word_1_578' title='bbox 827 2284 853 2306; x_wconf 79' lang='lat'>6:</span> <span class='ocrx_word' id='word_1_579' title='bbox 871 2284 889 2306; x_wconf 68' lang='lat' dir='ltr'>A</span> <span class='ocrx_word' id='word_1_580' title='bbox 902 2285 976 2312; x_wconf 77' lang='lat' dir='ltr'>planta</span> <span class='ocrx_word' id='word_1_581' title='bbox 996 2284 1036 2314; x_wconf 88' lang='lat' dir='ltr'>[ita</span> <span class='ocrx_word' id='word_1_582' title='bbox 1049 2285 1118 2307; x_wconf 84' lang='lat' dir='ltr'>etiam</span> 
     </span>
     <span class='ocr_line' id='line_1_90' title="bbox 270 2323 1118 2352; baseline 0.002 -7"><span class='ocrx_word' id='word_1_583' title='bbox 270 2323 332 2352; x_wconf 62' lang='lat' dir='ltr'>Vat]</span> <span class='ocrx_word' id='word_1_584' title='bbox 350 2324 416 2351; x_wconf 85' lang='lat' dir='ltr'>pedis</span> <span class='ocrx_word' id='word_1_585' title='bbox 433 2329 507 2352; x_wconf 85' lang='lat' dir='ltr'>usqne</span> <span class='ocrx_word' id='word_1_586' title='bbox 524 2323 554 2345; x_wconf 86' lang='lat' dir='ltr'>ad</span> <span class='ocrx_word' id='word_1_587' title='bbox 572 2323 681 2345; x_wconf 84' lang='lat' dir='ltr'>verticem</span> <span class='ocrx_word' id='word_1_588' title='bbox 705 2329 750 2346; x_wconf 91' lang='lat' dir='ltr'>non</span> <span class='ocrx_word' id='word_1_589' title='bbox 768 2326 802 2346; x_wconf 84' lang='lat' dir='ltr'>est</span> <span class='ocrx_word' id='word_1_590' title='bbox 818 2324 841 2345; x_wconf 89' lang='lat' dir='ltr'>in</span> <span class='ocrx_word' id='word_1_591' title='bbox 859 2330 886 2346; x_wconf 87' lang='lat' dir='ltr'>co</span> <span class='ocrx_word' id='word_1_592' title='bbox 911 2324 1003 2346; x_wconf 84' lang='lat' dir='ltr'>sanitas.</span> <span class='ocrx_word' id='word_1_593' title='bbox 1026 2324 1118 2347; x_wconf 79' lang='lat' dir='ltr'>Tertius</span> 
     </span>
     <span class='ocr_line' id='line_1_91' title="bbox 270 2362 534 2389; baseline -0.004 -4"><span class='ocrx_word' id='word_1_594' title='bbox 270 2362 333 2385; x_wconf 89' lang='lat' dir='ltr'>locus</span> <span class='ocrx_word' id='word_1_595' title='bbox 350 2365 384 2385; x_wconf 85' lang='lat' dir='ltr'>est</span> <span class='ocrx_word' id='word_1_596' title='bbox 401 2363 435 2385; x_wconf 81' lang='lat' dir='ltr'>Ps.</span> <span class='ocrx_word' id='word_1_597' title='bbox 454 2363 495 2389; x_wconf 76' lang='lat'>68,</span> <span class='ocrx_word' id='word_1_598' title='bbox 513 2363 534 2384; x_wconf 79' lang='lat'>2.</span> 
     </span>
    </p>

    <p class='ocr_par' dir='ltr' id='par_1_20' title="bbox 269 2400 1118 2547">
     <span class='ocr_line' id='line_1_92' title="bbox 333 2400 1116 2428; baseline 0.001 -5"><span class='ocrx_word' id='word_1_599' title='bbox 333 2400 341 2413; x_wconf 73' lang='lat'><strong>²</strong></span> <span class='ocrx_word' id='word_1_600' title='bbox 358 2401 462 2423; x_wconf 81' lang='lat' dir='ltr'>Fortasse</span> <span class='ocrx_word' id='word_1_601' title='bbox 479 2401 601 2428; x_wconf 83' lang='lat' dir='ltr'>respicitur</span> <span class='ocrx_word' id='word_1_602' title='bbox 617 2401 698 2423; x_wconf 86' lang='lat' dir='ltr'>Ezech.</span> <span class='ocrx_word' id='word_1_603' title='bbox 716 2401 757 2428; x_wconf 76' lang='lat'>32,</span> <span class='ocrx_word' id='word_1_604' title='bbox 775 2401 812 2423; x_wconf 69' lang='lat'>⁴24..</span> <span class='ocrx_word' id='word_1_605' title='bbox 830 2404 852 2424; x_wconf 87' lang='lat' dir='ltr'>et</span> <span class='ocrx_word' id='word_1_606' title='bbox 874 2401 942 2424; x_wconf 82' lang='lat' dir='ltr'>etiam</span> <span class='ocrx_word' id='word_1_607' title='bbox 960 2408 984 2424; x_wconf 80' lang='lat' dir='ltr'>v.</span> <span class='ocrx_word' id='word_1_608' title='bbox 1003 2402 1045 2424; x_wconf 72' lang='lat'>⁴25:</span> <span class='ocrx_word' id='word_1_609' title='bbox 1062 2402 1116 2424; x_wconf 84' lang='lat' dir='ltr'>Por-</span> 
     </span>
     <span class='ocr_line' id='line_1_93' title="bbox 271 2439 1117 2468; baseline 0.001 -6"><span class='ocrx_word' id='word_1_610' title='bbox 271 2442 377 2463; x_wconf 71' lang='lat' dir='ltr'>taverunt</span> <span class='ocrx_word' id='word_1_611' title='bbox 399 2440 550 2468; x_wconf 80' lang='lat' dir='ltr'>ignominiam</span> <span class='ocrx_word' id='word_1_612' title='bbox 573 2446 647 2462; x_wconf 85' lang='lat' dir='ltr'>suam.</span> <span class='ocrx_word' id='word_1_613' title='bbox 669 2439 713 2462; x_wconf 80' lang='lat' dir='ltr'>Cl‘r.</span> <span class='ocrx_word' id='word_1_614' title='bbox 739 2440 852 2467; x_wconf 79' lang='lat' dir='ltr'>Auselm.,</span> <span class='ocrx_word' id='word_1_615' title='bbox 869 2441 911 2463; x_wconf 89' lang='lat' dir='ltr'>loc.</span> <span class='ocrx_word' id='word_1_616' title='bbox 929 2440 966 2463; x_wconf 89' lang='lat' dir='ltr'>cit.</span> <span class='ocrx_word' id='word_1_617' title='bbox 979 2441 1011 2463; x_wconf 91' lang='lat' dir='ltr'>De</span> <span class='ocrx_word' id='word_1_618' title='bbox 1028 2440 1117 2464; x_wconf 88' lang='lat' dir='ltr'>Christo</span> 
     </span>
     <span class='ocr_line' id='line_1_94' title="bbox 269 2479 1118 2509; baseline 0.001 -8"><span class='ocrx_word' id='word_1_619' title='bbox 269 2480 326 2502; x_wconf 87' lang='lat' dir='ltr'>haee</span> <span class='ocrx_word' id='word_1_620' title='bbox 340 2485 408 2507; x_wconf 87' lang='lat' dir='ltr'>passo</span> <span class='ocrx_word' id='word_1_621' title='bbox 425 2479 480 2502; x_wconf 74' lang='lat' dir='ltr'>vide</span> <span class='ocrx_word' id='word_1_622' title='bbox 496 2479 574 2502; x_wconf 83' lang='lat' dir='ltr'>Matth.</span> <span class='ocrx_word' id='word_1_623' title='bbox 591 2479 631 2506; x_wconf 84' lang='lat'>27,</span> <span class='ocrx_word' id='word_1_624' title='bbox 650 2479 687 2501; x_wconf 84' lang='grc'>31.</span> <span class='ocrx_word' id='word_1_625' title='bbox 704 2485 781 2508; x_wconf 77' lang='lat' dir='ltr'>seqq-3</span> <span class='ocrx_word' id='word_1_626' title='bbox 798 2480 846 2502; x_wconf 84' lang='lat' dir='ltr'>Luc</span> <span class='ocrx_word' id='word_1_627' title='bbox 863 2480 904 2508; x_wconf 78' lang='lat'>23,</span> <span class='ocrx_word' id='word_1_628' title='bbox 917 2480 954 2502; x_wconf 73' lang='lat'>26.</span> <span class='ocrx_word' id='word_1_629' title='bbox 967 2486 1045 2509; x_wconf 84' lang='lat' dir='ltr'>seqq.;</span> <span class='ocrx_word' id='word_1_630' title='bbox 1058 2480 1118 2502; x_wconf 86' lang='lat' dir='ltr'>toan.</span> 
     </span>
     <span class='ocr_line' id='line_1_95' title="bbox 274 2517 984 2547; baseline 0.001 -7"><span class='ocrx_word' id='word_1_631' title='bbox 274 2519 311 2546; x_wconf 80' lang='grc'>19,</span> <span class='ocrx_word' id='word_1_632' title='bbox 333 2518 367 2541; x_wconf 85' lang='grc'>17.</span> <span class='ocrx_word' id='word_1_633' title='bbox 384 2524 448 2547; x_wconf 84' lang='lat' dir='ltr'>seqq.</span> <span class='ocrx_word' id='word_1_634' title='bbox 466 2519 508 2540; x_wconf 86' lang='lat' dir='ltr'>Pro</span> <span class='ocrx_word' id='word_1_635' title='bbox 527 2519 586 2541; x_wconf 76' lang='lat' dir='ltr'>reste</span> <span class='ocrx_word' id='word_1_636' title='bbox 603 2517 710 2541; x_wconf 74' lang='lat' dir='ltr'>nudatur</span> <span class='ocrx_word' id='word_1_637' title='bbox 728 2518 745 2540; x_wconf 94' lang='lat' dir='ltr'>G</span> <span class='ocrx_word' id='word_1_638' title='bbox 763 2519 824 2541; x_wconf 70' lang='lat' dir='ltr'>reste</span> <span class='ocrx_word' id='word_1_639' title='bbox 841 2518 984 2541; x_wconf 73' lang='lat' dir='ltr'>clenndatar.</span> 
     </span>
    </p>

    <p class='ocr_par' dir='ltr' id='par_1_21' title="bbox 333 2556 483 2584">
     <span class='ocr_line' id='line_1_96' title="bbox 333 2556 483 2584; baseline -0.007 -4"><span class='ocrx_word' id='word_1_640' title='bbox 333 2556 343 2569; x_wconf 78' lang='lat'>³</span> <span class='ocrx_word' id='word_1_641' title='bbox 361 2557 400 2580; x_wconf 86' lang='lat' dir='ltr'>tob</span> <span class='ocrx_word' id='word_1_642' title='bbox 418 2558 443 2584; x_wconf 87' lang='grc'>6,</span> <span class='ocrx_word' id='word_1_643' title='bbox 462 2558 483 2579; x_wconf 88' lang='lat'>8.</span> 
     </span>
    </p>

    <p class='ocr_par' dir='ltr' id='par_1_22' title="bbox 269 2595 1118 2664">
     <span class='ocr_line' id='line_1_97' title="bbox 332 2595 1118 2625; baseline 0 -7"><span class='ocrx_word' id='word_1_644' title='bbox 332 2595 342 2608; x_wconf 63' lang='lat'>³</span> <span class='ocrx_word' id='word_1_645' title='bbox 360 2596 412 2618; x_wconf 81' lang='lat' dir='ltr'>Vat.</span> <span class='ocrx_word' id='word_1_646' title='bbox 436 2596 519 2618; x_wconf 88' lang='lat' dir='ltr'>omittit</span> <span class='ocrx_word' id='word_1_647' title='bbox 546 2601 649 2625; x_wconf 76' lang='lat' dir='ltr'>quoque,</span> <span class='ocrx_word' id='word_1_648' title='bbox 676 2597 698 2618; x_wconf 83' lang='lat' dir='ltr'>et</span> <span class='ocrx_word' id='word_1_649' title='bbox 723 2596 787 2623; x_wconf 89' lang='lat' dir='ltr'>ponit</span> <span class='ocrx_word' id='word_1_650' title='bbox 808 2597 963 2625; x_wconf 77' lang='grc'>[1119111611111111.</span> <span class='ocrx_word' id='word_1_651' title='bbox 986 2598 1038 2618; x_wconf 85' lang='lat' dir='ltr'>ante</span> <span class='ocrx_word' id='word_1_652' title='bbox 1063 2601 1118 2619; x_wconf 79' lang='lat' dir='ltr'>con-</span> 
     </span>
     <span class='ocr_line' id='line_1_98' title="bbox 269 2634 1118 2664; baseline -0.001 -6"><span class='ocrx_word' id='word_1_653' title='bbox 269 2634 377 2664; x_wconf 72' lang='lat' dir='ltr'>fusionis.</span> <span class='ocrx_word' id='word_1_654' title='bbox 395 2647 426 2651; x_wconf 97' lang='lat'><strong>—</strong></span> <span class='ocrx_word' id='word_1_655' title='bbox 442 2635 475 2657; x_wconf 90' lang='lat' dir='ltr'>De</span> <span class='ocrx_word' id='word_1_656' title='bbox 492 2635 640 2657; x_wconf 77' lang='lat' dir='ltr'>crucifixione</span> <span class='ocrx_word' id='word_1_657' title='bbox 659 2634 741 2657; x_wconf 77' lang='lat' dir='ltr'>Christi</span> <span class='ocrx_word' id='word_1_658' title='bbox 759 2635 812 2657; x_wconf 83' lang='lat' dir='ltr'>vide</span> <span class='ocrx_word' id='word_1_659' title='bbox 829 2636 892 2657; x_wconf 88' lang='lat' dir='ltr'>locos</span> <span class='ocrx_word' id='word_1_660' title='bbox 904 2635 926 2657; x_wconf 90' lang='lat' dir='ltr'>in</span> <span class='ocrx_word' id='word_1_661' title='bbox 938 2638 990 2657; x_wconf 84' lang='lat' dir='ltr'>nota</span> <span class='ocrx_word' id='word_1_662' title='bbox 1004 2636 1017 2657; x_wconf 77' lang='lat'>2</span> <span class='ocrx_word' id='word_1_663' title='bbox 1030 2635 1118 2657; x_wconf 86' lang='lat' dir='ltr'>citatos.</span> 
     </span>
    </p>

    <p class='ocr_par' dir='ltr' id='par_1_23' title="bbox 270 2672 1118 2741">
     <span class='ocr_line' id='line_1_99' title="bbox 333 2672 1118 2702; baseline 0 -7"><span class='ocrx_word' id='word_1_664' title='bbox 333 2672 342 2685; x_wconf 77' lang='lat'><strong>⁵</strong></span> <span class='ocrx_word' id='word_1_665' title='bbox 358 2674 435 2696; x_wconf 85' lang='lat' dir='ltr'>Matth.</span> <span class='ocrx_word' id='word_1_666' title='bbox 453 2673 495 2700; x_wconf 76' lang='lat'>27,</span> <span class='ocrx_word' id='word_1_667' title='bbox 513 2673 561 2702; x_wconf 44' lang='lat'>4¹2&amp;</span> <span class='ocrx_word' id='word_1_668' title='bbox 579 2674 633 2696; x_wconf 86' lang='lat' dir='ltr'>Luc.</span> <span class='ocrx_word' id='word_1_669' title='bbox 652 2673 692 2701; x_wconf 72' lang='lat'>23,</span> <span class='ocrx_word' id='word_1_670' title='bbox 710 2674 751 2700; x_wconf 83' lang='lat'>35;</span> <span class='ocrx_word' id='word_1_671' title='bbox 769 2673 873 2702; x_wconf 85' lang='lat' dir='ltr'>sequitur</span> <span class='ocrx_word' id='word_1_672' title='bbox 890 2680 912 2696; x_wconf 82' lang='lat' dir='ltr'>v.</span> <span class='ocrx_word' id='word_1_673' title='bbox 930 2674 968 2696; x_wconf 83' lang='lat'>33.</span> <span class='ocrx_word' id='word_1_674' title='bbox 983 2673 1012 2695; x_wconf 84' lang='lat' dir='ltr'>de</span> <span class='ocrx_word' id='word_1_675' title='bbox 1028 2673 1118 2695; x_wconf 89' lang='lat' dir='ltr'>latroni-</span> 
     </span>
     <span class='ocr_line' id='line_1_100' title="bbox 270 2711 685 2741; baseline 0 -7"><span class='ocrx_word' id='word_1_676' title='bbox 270 2711 325 2740; x_wconf 87' lang='lat' dir='ltr'>bus,</span> <span class='ocrx_word' id='word_1_677' title='bbox 342 2715 364 2734; x_wconf 88' lang='lat' dir='ltr'>et</span> <span class='ocrx_word' id='word_1_678' title='bbox 380 2713 434 2734; x_wconf 88' lang='lat' dir='ltr'>Luc.</span> <span class='ocrx_word' id='word_1_679' title='bbox 451 2712 507 2735; x_wconf 84' lang='lat' dir='ltr'>ibid.</span> <span class='ocrx_word' id='word_1_680' title='bbox 525 2719 547 2734; x_wconf 84' lang='lat' dir='ltr'>v.</span> <span class='ocrx_word' id='word_1_681' title='bbox 565 2713 604 2735; x_wconf 82' lang='lat'>39.</span> <span class='ocrx_word' id='word_1_682' title='bbox 620 2719 685 2741; x_wconf 85' lang='lat' dir='ltr'>seqq.</span> 
     </span>
    </p>

    <p class='ocr_par' dir='ltr' id='par_1_24' title="bbox 332 2750 567 2774">
     <span class='ocr_line' id='line_1_101' title="bbox 332 2750 567 2774; baseline 0 -1"><span class='ocrx_word' id='word_1_683' title='bbox 332 2750 342 2763; x_wconf 65' lang='grc' dir='ltr'><em>ὃ</em></span> <span class='ocrx_word' id='word_1_684' title='bbox 359 2751 410 2773; x_wconf 72' lang='lat' dir='ltr'>Vat.</span> <span class='ocrx_word' id='word_1_685' title='bbox 428 2750 567 2774; x_wconf 67' lang='lat' dir='ltr'>dulcedinis.</span> 
     </span>
    </p>

    <p class='ocr_par' dir='ltr' id='par_1_25' title="bbox 270 2788 1117 2936">
     <span class='ocr_line' id='line_1_102' title="bbox 333 2788 1117 2818; baseline 0.001 -6"><span class='ocrx_word' id='word_1_686' title='bbox 333 2788 341 2801; x_wconf 85' lang='lat'>⁷</span> <span class='ocrx_word' id='word_1_687' title='bbox 358 2790 471 2817; x_wconf 77' lang='lat' dir='ltr'>Anselrn.¹</span> <span class='ocrx_word' id='word_1_688' title='bbox 489 2791 531 2814; x_wconf 88' lang='lat' dir='ltr'>loc.</span> <span class='ocrx_word' id='word_1_689' title='bbox 548 2790 598 2817; x_wconf 86' lang='lat' dir='ltr'>cit.;</span> <span class='ocrx_word' id='word_1_690' title='bbox 616 2791 727 2818; x_wconf 82' lang='lat' dir='ltr'>allegatur</span> <span class='ocrx_word' id='word_1_691' title='bbox 745 2791 806 2813; x_wconf 89' lang='lat' dir='ltr'>loan.</span> <span class='ocrx_word' id='word_1_692' title='bbox 824 2790 850 2818; x_wconf 80' lang='lat'>9,</span> <span class='ocrx_word' id='word_1_693' title='bbox 868 2791 906 2812; x_wconf 74' lang='lat'>3⁴2.</span> <span class='ocrx_word' id='word_1_694' title='bbox 921 2790 963 2812; x_wconf 86' lang='lat' dir='ltr'>Pro</span> <span class='ocrx_word' id='word_1_695' title='bbox 981 2789 1117 2813; x_wconf 71' lang='lat' dir='ltr'>maledictos</span> 
     </span>
     <span class='ocr_line' id='line_1_103' title="bbox 270 2828 1117 2859; baseline 0 -8"><span class='ocrx_word' id='word_1_696' title='bbox 270 2828 323 2851; x_wconf 86' lang='lat' dir='ltr'>illos</span> <span class='ocrx_word' id='word_1_697' title='bbox 341 2834 410 2852; x_wconf 76' lang='lat' dir='ltr'>canes</span> <span class='ocrx_word' id='word_1_698' title='bbox 424 2830 440 2850; x_wconf 90' lang='lat' dir='ltr'><strong>Z</strong></span> <span class='ocrx_word' id='word_1_699' title='bbox 452 2828 578 2852; x_wconf 73' lang='lat' dir='ltr'>maledicos</span> <span class='ocrx_word' id='word_1_700' title='bbox 596 2829 651 2858; x_wconf 89' lang='lat' dir='ltr'>(EF</span> <span class='ocrx_word' id='word_1_701' title='bbox 664 2829 795 2859; x_wconf 78' lang='lat' dir='ltr'>maleficos)</span> <span class='ocrx_word' id='word_1_702' title='bbox 808 2828 862 2852; x_wconf 83' lang='lat' dir='ltr'>illos</span> <span class='ocrx_word' id='word_1_703' title='bbox 874 2835 957 2857; x_wconf 63' lang='grc'>0111163,</span> <span class='ocrx_word' id='word_1_704' title='bbox 975 2835 1018 2857; x_wconf 84' lang='lat' dir='ltr'>pro</span> <span class='ocrx_word' id='word_1_705' title='bbox 1036 2828 1071 2851; x_wconf 74' lang='lat' dir='ltr'>vel</span> <span class='ocrx_word' id='word_1_706' title='bbox 1088 2828 1117 2851; x_wconf 90' lang='lat' dir='ltr'>le-</span> 
     </span>
     <span class='ocr_line' id='line_1_104' title="bbox 270 2866 1116 2896; baseline -0.001 -6"><span class='ocrx_word' id='word_1_707' title='bbox 270 2867 328 2890; x_wconf 76' lang='lat' dir='ltr'>viter</span> <span class='ocrx_word' id='word_1_708' title='bbox 345 2866 430 2890; x_wconf 71' lang='lat' dir='ltr'>(liceret</span> <span class='ocrx_word' id='word_1_709' title='bbox 447 2868 499 2890; x_wconf 77' lang='lat' dir='ltr'>Vat.</span> <span class='ocrx_word' id='word_1_710' title='bbox 518 2867 554 2891; x_wconf 68' lang='lat' dir='ltr'>vel</span> <span class='ocrx_word' id='word_1_711' title='bbox 571 2867 652 2891; x_wconf 77' lang='lat' dir='ltr'>leniter</span> <span class='ocrx_word' id='word_1_712' title='bbox 666 2867 950 2896; x_wconf 66' lang='grc'>11166161,-1105111111111603</span> <span class='ocrx_word' id='word_1_713' title='bbox 962 2873 1018 2891; x_wconf 77' lang='lat' dir='ltr'>suos</span> <span class='ocrx_word' id='word_1_714' title='bbox 1035 2868 1089 2889; x_wconf 91' lang='lat' dir='ltr'>FW</span> <span class='ocrx_word' id='word_1_715' title='bbox 1101 2867 1116 2889; x_wconf 92' lang='lat' dir='ltr'>Z</span> 
     </span>
     <span class='ocr_line' id='line_1_105' title="bbox 270 2906 757 2936; baseline 0.004 -8"><span class='ocrx_word' id='word_1_716' title='bbox 270 2908 291 2929; x_wconf 88' lang='lat' dir='ltr'>et</span> <span class='ocrx_word' id='word_1_717' title='bbox 310 2907 317 2928; x_wconf 69' lang='lat' dir='ltr'>=l</span> <span class='ocrx_word' id='word_1_718' title='bbox 340 2906 428 2928; x_wconf 85' lang='lat' dir='ltr'>addunt</span> <span class='ocrx_word' id='word_1_719' title='bbox 445 2913 476 2929; x_wconf 71' lang='grc'>60]</span> <span class='ocrx_word' id='word_1_720' title='bbox 492 2906 640 2929; x_wconf 76' lang='lat' dir='ltr'>abundantia</span> <span class='ocrx_word' id='word_1_721' title='bbox 654 2906 757 2936; x_wconf 78' lang='lat' dir='ltr'>pietatis.</span> 
     </span>
    </p>

    <p class='ocr_par' dir='ltr' id='par_1_26' title="bbox 333 2943 854 2974">
     <span class='ocr_line' id='line_1_106' title="bbox 333 2943 854 2974; baseline 0.002 -7"><span class='ocrx_word' id='word_1_722' title='bbox 333 2943 342 2957; x_wconf 69' lang='lat'>⁸</span> <span class='ocrx_word' id='word_1_723' title='bbox 362 2945 443 2967; x_wconf 78' lang='lat' dir='ltr'>rsatm.</span> <span class='ocrx_word' id='word_1_724' title='bbox 461 2945 502 2972; x_wconf 80' lang='lat'>56,</span> <span class='ocrx_word' id='word_1_725' title='bbox 520 2946 546 2972; x_wconf 75' lang='lat'>23</span> <span class='ocrx_word' id='word_1_726' title='bbox 564 2946 668 2974; x_wconf 87' lang='lat' dir='ltr'>seqnitur</span> <span class='ocrx_word' id='word_1_727' title='bbox 685 2946 741 2968; x_wconf 86' lang='lat' dir='ltr'>Luc.</span> <span class='ocrx_word' id='word_1_728' title='bbox 758 2946 799 2974; x_wconf 80' lang='lat'>23,</span> <span class='ocrx_word' id='word_1_729' title='bbox 818 2945 854 2968; x_wconf 74' lang='lat'>43.</span> 
     </span>
    </p>

    <p class='ocr_par' dir='ltr' id='par_1_27' title="bbox 333 2982 1116 3012">
     <span class='ocr_line' id='line_1_107' title="bbox 333 2982 1116 3012; baseline 0.001 -7"><span class='ocrx_word' id='word_1_730' title='bbox 333 2982 342 2996; x_wconf 75' lang='lat'>9</span> <span class='ocrx_word' id='word_1_731' title='bbox 359 2985 419 3006; x_wconf 89' lang='lat' dir='ltr'>Ioan.</span> <span class='ocrx_word' id='word_1_732' title='bbox 438 2984 479 3011; x_wconf 71' lang='lat' dir='ltr'>lt),</span> <span class='ocrx_word' id='word_1_733' title='bbox 497 2984 538 3012; x_wconf 82' lang='lat'>‘28;</span> <span class='ocrx_word' id='word_1_734' title='bbox 556 2985 596 3007; x_wconf 82' lang='lat' dir='ltr'>cfr.</span> <span class='ocrx_word' id='word_1_735' title='bbox 614 2991 636 3006; x_wconf 93' lang='lat' dir='ltr'>v.</span> <span class='ocrx_word' id='word_1_736' title='bbox 654 2984 691 3007; x_wconf 74' lang='lat'>29.</span> <span class='ocrx_word' id='word_1_737' title='bbox 710 2985 747 3007; x_wconf 85' lang='lat'>30.</span> <span class='ocrx_word' id='word_1_738' title='bbox 763 2997 794 3001; x_wconf 89' lang='lat'>—</span> <span class='ocrx_word' id='word_1_739' title='bbox 815 2985 888 3012; x_wconf 83' lang='lat' dir='ltr'>Supra</span> <span class='ocrx_word' id='word_1_740' title='bbox 907 2985 962 3006; x_wconf 87' lang='lat' dir='ltr'>WZ</span> <span class='ocrx_word' id='word_1_741' title='bbox 980 2986 1001 3007; x_wconf 91' lang='lat' dir='ltr'>et</span> <span class='ocrx_word' id='word_1_742' title='bbox 1022 2985 1027 3006; x_wconf 95' lang='grc'>1</span> <span class='ocrx_word' id='word_1_743' title='bbox 1050 2990 1116 3012; x_wconf 85' lang='lat' dir='ltr'>prae-</span> 
     </span>
    </p>
   </div>
   <div class='ocr_carea' id='block_1_17' title="bbox 1145 2285 1148 2980">
    <p class='ocr_par' dir='ltr' id='par_1_28' title="bbox 1145 2285 1148 2980">
     <span class='ocr_line' id='line_1_108' title="bbox 1145 2285 1148 2980; baseline 0 0"><span class='ocrx_word' id='word_1_744' title='bbox 1145 2285 1148 2980; x_wconf 95' lang='lat' dir='ltr'> </span> 
     </span>
    </p>
   </div>
   <div class='ocr_carea' id='block_1_18' title="bbox 1173 2285 2025 3006">
    <p class='ocr_par' dir='ltr' id='par_1_29' title="bbox 1173 2285 2025 3006">
     <span class='ocr_line' id='line_1_109' title="bbox 1175 2285 2025 2315; baseline 0.001 -8"><span class='ocrx_word' id='word_1_745' title='bbox 1175 2285 1249 2313; x_wconf 75' lang='lat' dir='ltr'>figunt</span> <span class='ocrx_word' id='word_1_746' title='bbox 1271 2285 1318 2309; x_wconf 76' lang='lat' dir='ltr'>iam</span> <span class='ocrx_word' id='word_1_747' title='bbox 1336 2289 1387 2308; x_wconf 82' lang='lat' dir='ltr'>ante</span> <span class='ocrx_word' id='word_1_748' title='bbox 1412 2287 1594 2313; x_wconf 77' lang='lat' dir='ltr'>consztmmata,-</span> <span class='ocrx_word' id='word_1_749' title='bbox 1611 2286 1669 2307; x_wconf 84' lang='lat' dir='ltr'>infra</span> <span class='ocrx_word' id='word_1_750' title='bbox 1687 2292 1729 2314; x_wconf 87' lang='lat' dir='ltr'>pro</span> <span class='ocrx_word' id='word_1_751' title='bbox 1747 2286 1837 2308; x_wconf 78' lang='lat' dir='ltr'>acetoso</span> <span class='ocrx_word' id='word_1_752' title='bbox 1855 2291 1883 2309; x_wconf 81' lang='lat' dir='ltr'>ac</span> <span class='ocrx_word' id='word_1_753' title='bbox 1899 2285 1967 2315; x_wconf 81' lang='lat' dir='ltr'>felleo</span> <span class='ocrx_word' id='word_1_754' title='bbox 1981 2291 2025 2315; x_wconf 83' lang='lat' dir='ltr'>po-</span> 
     </span>
     <span class='ocr_line' id='line_1_110' title="bbox 1175 2323 1663 2353; baseline 0 -7"><span class='ocrx_word' id='word_1_755' title='bbox 1175 2323 1228 2347; x_wconf 80' lang='lat' dir='ltr'>culo</span> <span class='ocrx_word' id='word_1_756' title='bbox 1246 2324 1280 2347; x_wconf 90' lang='lat'>10</span> <span class='ocrx_word' id='word_1_757' title='bbox 1292 2325 1334 2352; x_wconf 85' lang='lat' dir='ltr'>PQ</span> <span class='ocrx_word' id='word_1_758' title='bbox 1345 2324 1414 2347; x_wconf 82' lang='lat' dir='ltr'>STU</span> <span class='ocrx_word' id='word_1_759' title='bbox 1433 2330 1459 2346; x_wconf 92' lang='lat' dir='ltr'>cc</span> <span class='ocrx_word' id='word_1_760' title='bbox 1475 2325 1539 2347; x_wconf 83' lang='lat' dir='ltr'>aceto</span> <span class='ocrx_word' id='word_1_761' title='bbox 1557 2329 1586 2347; x_wconf 72' lang='lat' dir='ltr'>oc</span> <span class='ocrx_word' id='word_1_762' title='bbox 1602 2323 1663 2353; x_wconf 69' lang='lat' dir='ltr'>felle..</span> 
     </span>
     <span class='ocr_line' id='line_1_111' title="bbox 1238 2362 2023 2392; baseline 0 -7"><span class='ocrx_word' id='word_1_763' title='bbox 1238 2362 1258 2375; x_wconf 82' lang='lat'>²⁰</span> <span class='ocrx_word' id='word_1_764' title='bbox 1275 2363 1330 2385; x_wconf 90' lang='lat' dir='ltr'>Gen.</span> <span class='ocrx_word' id='word_1_765' title='bbox 1351 2363 1375 2390; x_wconf 86' lang='lat'>3,</span> <span class='ocrx_word' id='word_1_766' title='bbox 1399 2363 1420 2385; x_wconf 88' lang='grc'>6.</span> <span class='ocrx_word' id='word_1_767' title='bbox 1437 2375 1468 2379; x_wconf 92' lang='lat'>——</span> <span class='ocrx_word' id='word_1_768' title='bbox 1485 2364 1528 2385; x_wconf 85' lang='lat' dir='ltr'>Pro</span> <span class='ocrx_word' id='word_1_769' title='bbox 1545 2368 1599 2386; x_wconf 80' lang='lat' dir='ltr'>cum</span> <span class='ocrx_word' id='word_1_770' title='bbox 1622 2369 1666 2392; x_wconf 76' lang='lat' dir='ltr'>per</span> <span class='ocrx_word' id='word_1_771' title='bbox 1692 2364 1813 2392; x_wconf 68' lang='grc'>9113111111...</span> <span class='ocrx_word' id='word_1_772' title='bbox 1834 2362 1952 2386; x_wconf 68' lang='lat' dir='ltr'>exstiterit</span> <span class='ocrx_word' id='word_1_773' title='bbox 1973 2363 2023 2385; x_wconf 83' lang='lat' dir='ltr'>Vat.</span> 
     </span>
     <span class='ocr_line' id='line_1_112' title="bbox 1175 2400 2022 2431; baseline 0 -7"><span class='ocrx_word' id='word_1_774' title='bbox 1175 2401 1231 2431; x_wconf 77' lang='lat' dir='ltr'>quia</span> <span class='ocrx_word' id='word_1_775' title='bbox 1242 2408 1284 2431; x_wconf 76' lang='lat' dir='ltr'>per</span> <span class='ocrx_word' id='word_1_776' title='bbox 1297 2403 1419 2431; x_wconf 71' lang='grc'>9113111111...</span> <span class='ocrx_word' id='word_1_777' title='bbox 1430 2401 1531 2430; x_wconf 57' lang='lat' dir='ltr'>exstitit,</span> <span class='ocrx_word' id='word_1_778' title='bbox 1545 2404 1567 2424; x_wconf 86' lang='lat' dir='ltr'>et</span> <span class='ocrx_word' id='word_1_779' title='bbox 1579 2401 1661 2424; x_wconf 86' lang='lat' dir='ltr'>eadem</span> <span class='ocrx_word' id='word_1_780' title='bbox 1673 2401 1730 2424; x_wconf 81' lang='lat' dir='ltr'>infra</span> <span class='ocrx_word' id='word_1_781' title='bbox 1742 2401 1846 2424; x_wconf 76' lang='lat' dir='ltr'>invenire</span> <span class='ocrx_word' id='word_1_782' title='bbox 1857 2407 1900 2429; x_wconf 91' lang='lat' dir='ltr'>pro</span> <span class='ocrx_word' id='word_1_783' title='bbox 1913 2400 2022 2424; x_wconf 76' lang='lat' dir='ltr'>inveniri.</span> 
     </span>
     <span class='ocr_line' id='line_1_113' title="bbox 1238 2440 2025 2469; baseline -0.001 -6"><span class='ocrx_word' id='word_1_784' title='bbox 1238 2440 1256 2453; x_wconf 81' lang='lat'>¹¹</span> <span class='ocrx_word' id='word_1_785' title='bbox 1275 2440 1313 2463; x_wconf 89' lang='lat' dir='ltr'>lob</span> <span class='ocrx_word' id='word_1_786' title='bbox 1331 2441 1356 2467; x_wconf 83' lang='lat'>6,</span> <span class='ocrx_word' id='word_1_787' title='bbox 1376 2440 1400 2463; x_wconf 78' lang='lat'>4:</span> <span class='ocrx_word' id='word_1_788' title='bbox 1419 2440 1477 2469; x_wconf 85' lang='lat' dir='ltr'>Quia</span> <span class='ocrx_word' id='word_1_789' title='bbox 1495 2440 1591 2468; x_wconf 74' lang='lat' dir='ltr'>sagittae</span> <span class='ocrx_word' id='word_1_790' title='bbox 1608 2440 1698 2462; x_wconf 85' lang='lat' dir='ltr'>Domini</span> <span class='ocrx_word' id='word_1_791' title='bbox 1716 2440 1737 2462; x_wconf 89' lang='lat' dir='ltr'>in</span> <span class='ocrx_word' id='word_1_792' title='bbox 1751 2446 1787 2462; x_wconf 85' lang='lat' dir='ltr'>me</span> <span class='ocrx_word' id='word_1_793' title='bbox 1799 2442 1863 2467; x_wconf 85' lang='lat' dir='ltr'>sunt,</span> <span class='ocrx_word' id='word_1_794' title='bbox 1875 2446 1975 2469; x_wconf 86' lang='lat' dir='ltr'>quarum</span> <span class='ocrx_word' id='word_1_795' title='bbox 1990 2440 2025 2462; x_wconf 93' lang='lat' dir='ltr'>in-</span> 
     </span>
     <span class='ocr_line' id='line_1_114' title="bbox 1175 2478 2024 2507; baseline 0 -6"><span class='ocrx_word' id='word_1_796' title='bbox 1175 2479 1278 2507; x_wconf 79' lang='lat' dir='ltr'>dignatio</span> <span class='ocrx_word' id='word_1_797' title='bbox 1296 2479 1368 2502; x_wconf 81' lang='lat' dir='ltr'>ebibit</span> <span class='ocrx_word' id='word_1_798' title='bbox 1385 2479 1492 2507; x_wconf 83' lang='lat' dir='ltr'>spiritum</span> <span class='ocrx_word' id='word_1_799' title='bbox 1509 2485 1596 2501; x_wconf 90' lang='lat' dir='ltr'>meum.</span> <span class='ocrx_word' id='word_1_800' title='bbox 1613 2491 1644 2495; x_wconf 97' lang='lat'><strong>—</strong></span> <span class='ocrx_word' id='word_1_801' title='bbox 1661 2479 1710 2501; x_wconf 81' lang='lat' dir='ltr'>Mox</span> <span class='ocrx_word' id='word_1_802' title='bbox 1728 2485 1771 2506; x_wconf 88' lang='lat' dir='ltr'>pro</span> <span class='ocrx_word' id='word_1_803' title='bbox 1788 2478 1893 2506; x_wconf 81' lang='lat' dir='ltr'>decebat,</span> <span class='ocrx_word' id='word_1_804' title='bbox 1910 2480 1938 2501; x_wconf 86' lang='lat' dir='ltr'>ut</span> <span class='ocrx_word' id='word_1_805' title='bbox 1958 2484 1984 2501; x_wconf 84' lang='lat' dir='ltr'>os</span> <span class='ocrx_word' id='word_1_806' title='bbox 2003 2479 2024 2502; x_wconf 89' lang='lat' dir='ltr'>et</span> 
     </span>
     <span class='ocr_line' id='line_1_115' title="bbox 1176 2516 2021 2547; baseline 0 -7"><span class='ocrx_word' id='word_1_807' title='bbox 1176 2517 1272 2547; x_wconf 68' lang='grc'>11119110,</span> <span class='ocrx_word' id='word_1_808' title='bbox 1291 2517 1337 2541; x_wconf 76' lang='lat' dir='ltr'>cibi</span> <span class='ocrx_word' id='word_1_809' title='bbox 1354 2517 1462 2547; x_wconf 68' lang='lat' dir='ltr'>verbique</span> <span class='ocrx_word' id='word_1_810' title='bbox 1480 2517 1586 2541; x_wconf 71' lang='lat' dir='ltr'>celticum</span> <span class='ocrx_word' id='word_1_811' title='bbox 1598 2517 1650 2540; x_wconf 86' lang='lat' dir='ltr'>Vat.</span> <span class='ocrx_word' id='word_1_812' title='bbox 1664 2518 1691 2540; x_wconf 76' lang='lat' dir='ltr'>ut</span> <span class='ocrx_word' id='word_1_813' title='bbox 1702 2516 1747 2540; x_wconf 83' lang='lat' dir='ltr'>cibi</span> <span class='ocrx_word' id='word_1_814' title='bbox 1756 2516 1867 2546; x_wconf 73' lang='lat' dir='ltr'>verbique</span> <span class='ocrx_word' id='word_1_815' title='bbox 1877 2516 2021 2540; x_wconf 72' lang='lat' dir='ltr'>vehiculum.</span> 
     </span>
     <span class='ocr_line' id='line_1_116' title="bbox 1239 2555 2023 2583; baseline -0.001 -5"><span class='ocrx_word' id='word_1_816' title='bbox 1239 2555 1258 2569; x_wconf 71' lang='lat'>¹2</span> <span class='ocrx_word' id='word_1_817' title='bbox 1276 2557 1359 2579; x_wconf 85' lang='lat' dir='ltr'>Thren.</span> <span class='ocrx_word' id='word_1_818' title='bbox 1376 2557 1401 2583; x_wconf 88' lang='lat'>3,</span> <span class='ocrx_word' id='word_1_819' title='bbox 1418 2557 1450 2579; x_wconf 81' lang='grc'>15.</span> <span class='ocrx_word' id='word_1_820' title='bbox 1467 2569 1498 2573; x_wconf 95' lang='grc'><strong>-</strong></span> <span class='ocrx_word' id='word_1_821' title='bbox 1518 2557 1570 2579; x_wconf 83' lang='lat' dir='ltr'>Post</span> <span class='ocrx_word' id='word_1_822' title='bbox 1589 2555 1705 2580; x_wconf 73' lang='lat' dir='ltr'>absinthio</span> <span class='ocrx_word' id='word_1_823' title='bbox 1722 2555 1793 2579; x_wconf 90' lang='lat' dir='ltr'>ACN</span> <span class='ocrx_word' id='word_1_824' title='bbox 1802 2556 1857 2578; x_wconf 87' lang='lat' dir='ltr'>WZ</span> <span class='ocrx_word' id='word_1_825' title='bbox 1874 2558 1896 2578; x_wconf 86' lang='lat' dir='ltr'>et</span> <span class='ocrx_word' id='word_1_826' title='bbox 1915 2556 1922 2577; x_wconf 82' lang='lat' dir='ltr'>l</span> <span class='ocrx_word' id='word_1_827' title='bbox 1943 2561 2023 2583; x_wconf 86' lang='lat' dir='ltr'>prose-</span> 
     </span>
     <span class='ocr_line' id='line_1_117' title="bbox 1175 2594 2022 2624; baseline -0.001 -7"><span class='ocrx_word' id='word_1_828' title='bbox 1175 2598 1288 2624; x_wconf 86' lang='lat' dir='ltr'>quuntur:</span> <span class='ocrx_word' id='word_1_829' title='bbox 1308 2596 1418 2617; x_wconf 81' lang='lat' dir='ltr'>«Memor</span> <span class='ocrx_word' id='word_1_830' title='bbox 1435 2595 1505 2623; x_wconf 85' lang='lat' dir='ltr'>igitur</span> <span class='ocrx_word' id='word_1_831' title='bbox 1522 2595 1553 2618; x_wconf 91' lang='lat' dir='ltr'>sis</span> <span class='ocrx_word' id='word_1_832' title='bbox 1570 2598 1592 2617; x_wconf 88' lang='lat' dir='ltr'>et</span> <span class='ocrx_word' id='word_1_833' title='bbox 1608 2598 1643 2623; x_wconf 82' lang='lat' dir='ltr'>tu,</span> <span class='ocrx_word' id='word_1_834' title='bbox 1661 2595 1701 2617; x_wconf 86' lang='lat' dir='ltr'>Dei</span> <span class='ocrx_word' id='word_1_835' title='bbox 1719 2595 1807 2622; x_wconf 81' lang='lat' dir='ltr'>imago,</span> <span class='ocrx_word' id='word_1_836' title='bbox 1825 2600 1867 2622; x_wconf 87' lang='lat' dir='ltr'>per</span> <span class='ocrx_word' id='word_1_837' title='bbox 1883 2600 1948 2616; x_wconf 87' lang='lat' dir='ltr'>esum</span> <span class='ocrx_word' id='word_1_838' title='bbox 1967 2594 2022 2622; x_wconf 83' lang='lat' dir='ltr'>ligni</span> 
     </span>
     <span class='ocr_line' id='line_1_118' title="bbox 1175 2632 2022 2662; baseline 0 -7"><span class='ocrx_word' id='word_1_839' title='bbox 1175 2634 1238 2656; x_wconf 84' lang='lat' dir='ltr'>vetiti</span> <span class='ocrx_word' id='word_1_840' title='bbox 1256 2634 1277 2655; x_wconf 86' lang='lat' dir='ltr'>in</span> <span class='ocrx_word' id='word_1_841' title='bbox 1294 2634 1368 2655; x_wconf 78' lang='lat' dir='ltr'>Adam</span> <span class='ocrx_word' id='word_1_842' title='bbox 1386 2633 1514 2656; x_wconf 74' lang='lat' dir='ltr'>deformata</span> <span class='ocrx_word' id='word_1_843' title='bbox 1531 2636 1553 2655; x_wconf 85' lang='lat' dir='ltr'>et</span> <span class='ocrx_word' id='word_1_844' title='bbox 1569 2633 1670 2661; x_wconf 80' lang='lat' dir='ltr'>perdita,</span> <span class='ocrx_word' id='word_1_845' title='bbox 1683 2632 1834 2662; x_wconf 76' lang='lat' dir='ltr'>paupertatis</span> <span class='ocrx_word' id='word_1_846' title='bbox 1851 2633 1873 2655; x_wconf 78' lang='lat' dir='ltr'>el</span> <span class='ocrx_word' id='word_1_847' title='bbox 1889 2633 2022 2661; x_wconf 68' lang='grc'>1161139163-</span> 
     </span>
     <span class='ocr_line' id='line_1_119' title="bbox 1174 2671 2022 2702; baseline -0.002 -7"><span class='ocrx_word' id='word_1_848' title='bbox 1174 2672 1260 2701; x_wconf 81' lang='lat' dir='ltr'>sionis,</span> <span class='ocrx_word' id='word_1_849' title='bbox 1278 2672 1390 2695; x_wconf 76' lang='lat' dir='ltr'>absinthii</span> <span class='ocrx_word' id='word_1_850' title='bbox 1406 2674 1428 2696; x_wconf 89' lang='lat' dir='ltr'>et</span> <span class='ocrx_word' id='word_1_851' title='bbox 1443 2672 1505 2702; x_wconf 83' lang='lat' dir='ltr'>fellis</span> <span class='ocrx_word' id='word_1_852' title='bbox 1523 2672 1621 2702; x_wconf 85' lang='lat' dir='ltr'>[Thren.</span> <span class='ocrx_word' id='word_1_853' title='bbox 1639 2673 1663 2701; x_wconf 82' lang='lat'>3,</span> <span class='ocrx_word' id='word_1_854' title='bbox 1677 2672 1725 2702; x_wconf 64' lang='lat' dir='ltr'>la]</span> <span class='ocrx_word' id='word_1_855' title='bbox 1737 2678 1797 2701; x_wconf 82' lang='lat' dir='ltr'>qnae</span> <span class='ocrx_word' id='word_1_856' title='bbox 1809 2677 1851 2700; x_wconf 86' lang='lat' dir='ltr'>pro</span> <span class='ocrx_word' id='word_1_857' title='bbox 1864 2674 1885 2693; x_wconf 87' lang='lat' dir='ltr'>te</span> <span class='ocrx_word' id='word_1_858' title='bbox 1896 2671 1958 2694; x_wconf 86' lang='lat' dir='ltr'>Deus</span> <span class='ocrx_word' id='word_1_859' title='bbox 1969 2673 2022 2694; x_wconf 86' lang='lat' dir='ltr'>tuus</span> 
     </span>
     <span class='ocr_line' id='line_1_120' title="bbox 1174 2711 2022 2740; baseline -0.001 -6"><span class='ocrx_word' id='word_1_860' title='bbox 1174 2712 1197 2734; x_wconf 91' lang='grc'>111</span> <span class='ocrx_word' id='word_1_861' title='bbox 1215 2718 1283 2734; x_wconf 82' lang='lat' dir='ltr'>cruce</span> <span class='ocrx_word' id='word_1_862' title='bbox 1295 2712 1407 2740; x_wconf 82' lang='lat' dir='ltr'>gustavit,</span> <span class='ocrx_word' id='word_1_863' title='bbox 1420 2715 1444 2734; x_wconf 92' lang='lat' dir='ltr'>ut</span> <span class='ocrx_word' id='word_1_864' title='bbox 1456 2718 1549 2734; x_wconf 81' lang='lat' dir='ltr'>amarae</span> <span class='ocrx_word' id='word_1_865' title='bbox 1565 2712 1750 2739; x_wconf 83' lang='lat' dir='ltr'>compunctionis</span> <span class='ocrx_word' id='word_1_866' title='bbox 1763 2714 1786 2734; x_wconf 89' lang='lat' dir='ltr'>et</span> <span class='ocrx_word' id='word_1_867' title='bbox 1801 2711 1968 2739; x_wconf 81' lang='lat' dir='ltr'>compassionis</span> <span class='ocrx_word' id='word_1_868' title='bbox 1983 2717 2022 2738; x_wconf 88' lang='lat' dir='ltr'>po-</span> 
     </span>
     <span class='ocr_line' id='line_1_121' title="bbox 1174 2750 2023 2779; baseline -0.001 -6"><span class='ocrx_word' id='word_1_869' title='bbox 1174 2751 1226 2773; x_wconf 88' lang='lat' dir='ltr'>culo</span> <span class='ocrx_word' id='word_1_870' title='bbox 1243 2751 1402 2778; x_wconf 79' lang='lat' dir='ltr'>compleantur</span> <span class='ocrx_word' id='word_1_871' title='bbox 1422 2751 1509 2773; x_wconf 75' lang='lat' dir='ltr'>viscera</span> <span class='ocrx_word' id='word_1_872' title='bbox 1528 2753 1578 2779; x_wconf 83' lang='lat' dir='ltr'>tua,</span> <span class='ocrx_word' id='word_1_873' title='bbox 1596 2756 1697 2779; x_wconf 84' lang='lat' dir='ltr'>vereque</span> <span class='ocrx_word' id='word_1_874' title='bbox 1714 2750 1790 2773; x_wconf 85' lang='lat' dir='ltr'>dicere</span> <span class='ocrx_word' id='word_1_875' title='bbox 1807 2751 1883 2773; x_wconf 75' lang='lat' dir='ltr'>valeas</span> <span class='ocrx_word' id='word_1_876' title='bbox 1900 2756 1953 2772; x_wconf 89' lang='lat' dir='ltr'>cum</span> <span class='ocrx_word' id='word_1_877' title='bbox 1971 2750 2023 2772; x_wconf 83' lang='lat' dir='ltr'>Pro-</span> 
     </span>
     <span class='ocr_line' id='line_1_122' title="bbox 1174 2788 2019 2817; baseline 0 -5"><span class='ocrx_word' id='word_1_878' title='bbox 1174 2790 1255 2817; x_wconf 85' lang='lat' dir='ltr'>pheta:</span> <span class='ocrx_word' id='word_1_879' title='bbox 1273 2789 1390 2812; x_wconf 78' lang='lat' dir='ltr'>Memoria</span> <span class='ocrx_word' id='word_1_880' title='bbox 1406 2795 1498 2812; x_wconf 77' lang='lat' dir='ltr'>memor</span> <span class='ocrx_word' id='word_1_881' title='bbox 1514 2795 1567 2817; x_wconf 82' lang='lat' dir='ltr'>ero,</span> <span class='ocrx_word' id='word_1_882' title='bbox 1590 2790 1612 2812; x_wconf 84' lang='lat' dir='ltr'>et</span> <span class='ocrx_word' id='word_1_883' title='bbox 1630 2788 1729 2812; x_wconf 82' lang='lat' dir='ltr'>tabescet</span> <span class='ocrx_word' id='word_1_884' title='bbox 1744 2789 1769 2812; x_wconf 85' lang='lat' dir='ltr'>in</span> <span class='ocrx_word' id='word_1_885' title='bbox 1790 2795 1828 2812; x_wconf 83' lang='lat' dir='ltr'>me</span> <span class='ocrx_word' id='word_1_886' title='bbox 1843 2788 1926 2812; x_wconf 80' lang='lat' dir='ltr'>anima</span> <span class='ocrx_word' id='word_1_887' title='bbox 1942 2794 1995 2811; x_wconf 83' lang='lat' dir='ltr'>mea</span> <span class='ocrx_word' id='word_1_888' title='bbox 2007 2796 2019 2808; x_wconf 76' lang='lat'>⁷&gt;</span> 
     </span>
     <span class='ocr_line' id='line_1_123' title="bbox 1174 2827 2022 2858; baseline -0.001 -8"><span class='ocrx_word' id='word_1_889' title='bbox 1174 2828 1272 2857; x_wconf 85' lang='lat' dir='ltr'>[Thren.</span> <span class='ocrx_word' id='word_1_890' title='bbox 1289 2829 1315 2856; x_wconf 79' lang='lat'>3,</span> <span class='ocrx_word' id='word_1_891' title='bbox 1331 2828 1388 2858; x_wconf 78' lang='lat'>20.].</span> <span class='ocrx_word' id='word_1_892' title='bbox 1399 2841 1429 2845; x_wconf 97' lang='lat'><strong>—</strong></span> <span class='ocrx_word' id='word_1_893' title='bbox 1442 2829 1506 2857; x_wconf 84' lang='lat' dir='ltr'>Quae</span> <span class='ocrx_word' id='word_1_894' title='bbox 1522 2831 1651 2857; x_wconf 87' lang='lat' dir='ltr'>sequuntur</span> <span class='ocrx_word' id='word_1_895' title='bbox 1667 2828 1691 2850; x_wconf 89' lang='lat' dir='ltr'>in</span> <span class='ocrx_word' id='word_1_896' title='bbox 1708 2828 1745 2851; x_wconf 83' lang='lat' dir='ltr'>ed.</span> <span class='ocrx_word' id='word_1_897' title='bbox 1756 2828 1786 2850; x_wconf 88' lang='lat' dir='ltr'>ab</span> <span class='ocrx_word' id='word_1_898' title='bbox 1803 2828 1890 2851; x_wconf 88' lang='lat' dir='ltr'>eisdem</span> <span class='ocrx_word' id='word_1_899' title='bbox 1904 2828 1940 2850; x_wconf 91' lang='lat' dir='ltr'>hic</span> <span class='ocrx_word' id='word_1_900' title='bbox 1957 2827 2022 2850; x_wconf 88' lang='lat' dir='ltr'>omit-</span> 
     </span>
     <span class='ocr_line' id='line_1_124' title="bbox 1174 2866 2022 2895; baseline -0.001 -6"><span class='ocrx_word' id='word_1_901' title='bbox 1174 2870 1263 2895; x_wconf 82' lang='lat' dir='ltr'>tuntur,</span> <span class='ocrx_word' id='word_1_902' title='bbox 1281 2867 1321 2890; x_wconf 86' lang='lat' dir='ltr'>sed</span> <span class='ocrx_word' id='word_1_903' title='bbox 1340 2867 1396 2889; x_wconf 82' lang='lat' dir='ltr'>intra</span> <span class='ocrx_word' id='word_1_904' title='bbox 1414 2868 1435 2889; x_wconf 92' lang='lat' dir='ltr'>in</span> <span class='ocrx_word' id='word_1_905' title='bbox 1453 2867 1499 2889; x_wconf 82' lang='lat' dir='ltr'>fine</span> <span class='ocrx_word' id='word_1_906' title='bbox 1515 2867 1574 2890; x_wconf 85' lang='lat' dir='ltr'>tituli</span> <span class='ocrx_word' id='word_1_907' title='bbox 1591 2868 1632 2895; x_wconf 86' lang='grc'>31,</span> <span class='ocrx_word' id='word_1_908' title='bbox 1650 2867 1763 2889; x_wconf 89' lang='lat' dir='ltr'>nonnullis</span> <span class='ocrx_word' id='word_1_909' title='bbox 1780 2867 1883 2894; x_wconf 85' lang='lat' dir='ltr'>mutatis,</span> <span class='ocrx_word' id='word_1_910' title='bbox 1897 2866 2022 2889; x_wconf 81' lang='lat' dir='ltr'>adduntur.</span> 
     </span>
     <span class='ocr_line' id='line_1_125' title="bbox 1236 2905 2022 2935; baseline -0.001 -7"><span class='ocrx_word' id='word_1_911' title='bbox 1236 2905 1255 2918; x_wconf 79' lang='lat'>¹³</span> <span class='ocrx_word' id='word_1_912' title='bbox 1273 2906 1323 2928; x_wconf 83' lang='lat' dir='ltr'>Vat.</span> <span class='ocrx_word' id='word_1_913' title='bbox 1341 2906 1405 2929; x_wconf 83' lang='lat' dir='ltr'>addit</span> <span class='ocrx_word' id='word_1_914' title='bbox 1421 2912 1481 2934; x_wconf 76' lang='lat' dir='ltr'>sua,</span> <span class='ocrx_word' id='word_1_915' title='bbox 1505 2905 1598 2935; x_wconf 58' lang='lat' dir='ltr'>Vll-aine</span> <span class='ocrx_word' id='word_1_916' title='bbox 1610 2905 1723 2935; x_wconf 74' lang='lat' dir='ltr'>qloriosa.</span> <span class='ocrx_word' id='word_1_917' title='bbox 1740 2906 1815 2929; x_wconf 82' lang='lat' dir='ltr'>Locus</span> <span class='ocrx_word' id='word_1_918' title='bbox 1829 2912 1878 2934; x_wconf 87' lang='lat' dir='ltr'>seq.</span> <span class='ocrx_word' id='word_1_919' title='bbox 1889 2908 1923 2928; x_wconf 86' lang='lat' dir='ltr'>est</span> <span class='ocrx_word' id='word_1_920' title='bbox 1935 2906 2022 2927; x_wconf 83' lang='lat' dir='ltr'>Thren.</span> 
     </span>
     <span class='ocr_line' id='line_1_126' title="bbox 1177 2944 2022 2975; baseline 0 -9"><span class='ocrx_word' id='word_1_921' title='bbox 1177 2946 1198 2971; x_wconf 87' lang='grc'>1,</span> <span class='ocrx_word' id='word_1_922' title='bbox 1216 2946 1249 2967; x_wconf 87' lang='grc'>13.</span> <span class='ocrx_word' id='word_1_923' title='bbox 1261 2958 1292 2961; x_wconf 92' lang='lat'>—</span> <span class='ocrx_word' id='word_1_924' title='bbox 1304 2945 1380 2967; x_wconf 68' lang='lat' dir='ltr'>Verba</span> <span class='ocrx_word' id='word_1_925' title='bbox 1400 2945 1466 2973; x_wconf 78' lang='lat' dir='ltr'>Quae</span> <span class='ocrx_word' id='word_1_926' title='bbox 1484 2944 1568 2975; x_wconf 62' lang='grc'>[11191111</span> <span class='ocrx_word' id='word_1_927' title='bbox 1584 2948 1627 2968; x_wconf 87' lang='lat' dir='ltr'>etc.</span> <span class='ocrx_word' id='word_1_928' title='bbox 1644 2945 1666 2967; x_wconf 87' lang='lat' dir='ltr'>in</span> <span class='ocrx_word' id='word_1_929' title='bbox 1683 2944 1792 2968; x_wconf 90' lang='lat' dir='ltr'>ACWZ</span> <span class='ocrx_word' id='word_1_930' title='bbox 1809 2947 1831 2967; x_wconf 89' lang='lat' dir='ltr'>et</span> <span class='ocrx_word' id='word_1_931' title='bbox 1847 2945 1851 2967; x_wconf 90' lang='grc'>1</span> <span class='ocrx_word' id='word_1_932' title='bbox 1871 2947 2022 2972; x_wconf 86' lang='lat' dir='ltr'>transponun-</span> 
     </span>
     <span class='ocr_line' id='line_1_127' title="bbox 1173 2984 1438 3006; baseline 0 0"><span class='ocrx_word' id='word_1_933' title='bbox 1173 2986 1210 3006; x_wconf 92' lang='lat' dir='ltr'>tur</span> <span class='ocrx_word' id='word_1_934' title='bbox 1227 2984 1256 3006; x_wconf 83' lang='lat' dir='ltr'>ad</span> <span class='ocrx_word' id='word_1_935' title='bbox 1274 2984 1343 3006; x_wconf 87' lang='lat' dir='ltr'>finem</span> <span class='ocrx_word' id='word_1_936' title='bbox 1361 2990 1383 3006; x_wconf 89' lang='lat' dir='ltr'>n.</span> <span class='ocrx_word' id='word_1_937' title='bbox 1402 2984 1438 3006; x_wconf 80' lang='grc'>31.</span> 
     </span>
    </p>
   </div>
   <div class='ocr_carea' id='block_1_19' title="bbox 2038 410 2129 473">
    <p class='ocr_par' dir='ltr' id='par_1_30' title="bbox 2038 410 2129 473">
     <span class='ocr_line' id='line_1_128' title="bbox 2038 410 2129 459; baseline 0.022 -15"><span class='ocrx_word' id='word_1_938' title='bbox 2038 410 2129 459; x_wconf 32' lang='lat' dir='ltr'>[tonantia</span> 
     </span>
     <span class='ocr_line' id='line_1_129' title="bbox 2067 455 2119 473; baseline 0.019 -5"><span class='ocrx_word' id='word_1_939' title='bbox 2067 455 2119 473; x_wconf 58' lang='lat' dir='ltr'>spem«</span> 
     </span>
    </p>
   </div>
   <div class='ocr_carea' id='block_1_20' title="bbox 2050 565 2118 608">
    <p class='ocr_par' dir='ltr' id='par_1_31' title="bbox 2050 565 2118 608">
     <span class='ocr_line' id='line_1_130' title="bbox 2050 565 2118 585; baseline 0.015 -1"><span class='ocrx_word' id='word_1_940' title='bbox 2050 565 2118 585; x_wconf 81' lang='lat' dir='ltr'>Patienl</span> 
     </span>
     <span class='ocr_line' id='line_1_131' title="bbox 2057 589 2117 608; baseline 0.017 -1"><span class='ocrx_word' id='word_1_941' title='bbox 2057 589 2117 608; x_wconf 80' lang='lat' dir='ltr'>Christ</span> 
     </span>
    </p>
   </div>
   <div class='ocr_carea' id='block_1_21' title="bbox 2041 1450 2130 1521">
    <p class='ocr_par' dir='ltr' id='par_1_32' title="bbox 2041 1450 2130 1521">
     <span class='ocr_line' id='line_1_132' title="bbox 2063 1450 2129 1469; baseline 0 0"><span class='ocrx_word' id='word_1_942' title='bbox 2063 1450 2129 1469; x_wconf 74' lang='lat' dir='ltr'>Satisfa</span> 
     </span>
     <span class='ocr_line' id='line_1_133' title="bbox 2041 1479 2130 1498; baseline 0.011 -6"><span class='ocrx_word' id='word_1_943' title='bbox 2041 1479 2075 1498; x_wconf 84' lang='lat' dir='ltr'>pro</span> <span class='ocrx_word' id='word_1_944' title='bbox 2087 1479 2130 1498; x_wconf 80' lang='lat' dir='ltr'>pecc</span> 
     </span>
     <span class='ocr_line' id='line_1_134' title="bbox 2041 1499 2111 1521; baseline 0 -5"><span class='ocrx_word' id='word_1_945' title='bbox 2041 1499 2111 1521; x_wconf 75' lang='lat' dir='ltr'>gustus.</span> 
     </span>
    </p>
   </div>
   <div class='ocr_carea' id='block_1_22' title="bbox 2037 2061 2130 2128">
    <p class='ocr_par' dir='ltr' id='par_1_33' title="bbox 2037 2061 2130 2128">
     <span class='ocr_line' id='line_1_135' title="bbox 2037 2061 2130 2080; baseline 0 0"><span class='ocrx_word' id='word_1_946' title='bbox 2037 2061 2130 2080; x_wconf 79' lang='lat' dir='ltr'>Allocutio</span> 
     </span>
     <span class='ocr_line' id='line_1_136' title="bbox 2047 2085 2124 2104; baseline 0 0"><span class='ocrx_word' id='word_1_947' title='bbox 2047 2085 2124 2104; x_wconf 82' lang='lat' dir='ltr'>Matrem</span> 
     </span>
     <span class='ocr_line' id='line_1_137' title="bbox 2047 2109 2130 2128; baseline -0.012 0"><span class='ocrx_word' id='word_1_948' title='bbox 2047 2109 2130 2128; x_wconf 78' lang='lat' dir='ltr'>solatam.</span> 
     </span>
    </p>
   </div>
  </div>
 </body>
</html>
