2133 3317
26 581 29 593 l

30 693 35 696 '
48 692 112 711 entiam

454 208 651 237 OPUSCULUM
672 208 748 236 XVII.
771 208 881 237 SERMO
903 209 1004 238 SUPER
1027 210 1180 240 REGULAM
1201 212 1355 241 FRATRUM
1376 213 1537 242 MINORUM.

124 287 258 317 nascitur
285 285 368 314 homo
390 286 430 314 ad
450 285 588 319 laborem,
610 288 637 314 et
658 286 712 314 cito
730 286 931 322 requiescimus
951 295 967 315 a

124 333 264 364 laboribus
285 333 401 366 nostris,
423 335 454 361 ut
475 332 577 360 dicitur
608 332 635 360 in
657 333 832 369 Apocalypsi:
855 334 967 362 Amodo

123 382 184 410 iam
198 379 268 408 dicit
283 379 430 416 Spiritus,
445 381 478 407 ut
498 378 682 416 requiescant
696 387 715 406 a
730 378 880 407 laboribus
893 379 965 407 suis.

123 428 183 457 ideo
204 425 355 455 secundum
377 425 446 454 illud
467 425 618 462 Sapientis:
643 425 849 463 Quodcumque
869 424 968 462 facere

120 476 210 513 potest
228 481 336 501 manus
357 476 420 506 tua,
436 472 579 500 instanter
593 480 729 509 operare,
744 472 816 510 quia
830 480 880 500 nec
894 480 967 509 opus

121 529 171 550 nec
191 519 268 548 ratio
283 527 333 547 nec
347 519 466 547 scientia
483 523 523 547 est
537 519 619 556 apud
634 518 761 556 inferos,
783 527 839 557 quo
855 523 885 547 tu
900 527 967 556 pro-

119 575 216 606 peras.

199 615 244 642 27.
266 613 380 650 Quarto,
402 620 452 649 per
473 613 681 641 continentiam
696 612 727 641 in
748 616 838 641 mente
859 616 885 641 et
903 621 967 641 cor-

27 716 80 735 mte
93 707 211 736 utribus
232 706 409 739 universis»;
431 709 458 734 et
478 706 602 735 excludit
625 706 661 734 ibi
684 706 752 740 tria,
773 706 903 743 quoniam
925 706 966 734 in-

9 745 22 760 ο
27 742 108 780 “gieta-

22 784 88 806 intur.

22 807 24 860 i

19 921 22 977 *a*
15 862 23 893 2.-

10 670 67 782 ἥξω,
79 672 112 692 per
120 668 207 698 pore,
228 659 349 696 capitulo
381 659 542 688 undecimo:
569 671 582 684 «
596 659 734 696 Praecipio
765 659 882 688 firmiter
903 659 967 687 Fra-

123 753 287 783 continentia
309 753 351 781 vel
383 756 424 781 est
452 753 479 781 in
510 752 603 790 facto,
635 756 662 781 et
694 753 745 781 hoc
766 752 891 781 excludit
912 753 965 781 ibi:

127 812 141 826 α
154 801 206 829 Nec
227 799 346 828 habeant
367 802 495 836 suspecta
516 799 654 828 consortia
666 810 692 833 »;
708 800 750 828 vel
771 803 812 828 est
827 800 854 828 in
870 799 965 833 verbo,

121 850 149 876 et
169 847 221 875 hoc
242 846 366 875 excludit
395 846 448 874 ibi:
475 857 488 871 (ι
503 846 597 883 Neque
625 846 738 874 consilia
773 846 922 874 mulierum
937 857 964 880 »;

121 894 164 923 vel
185 894 213 922 in
233 893 383 921 occasione
403 895 430 921 et
450 892 652 925 familiaritate,
667 896 694 920 et
709 893 760 921 hoc
775 892 900 921 excludit
914 892 964 920 ibi:

125 952 140 965 «ι
153 940 206 968 Nec
227 939 418 976 ingrediantur
440 939 607 967 monasteria
621 939 820 967 monacharum
835 951 860 966 υ.
881 939 966 968 Debet

120 994 185 1023 ergo
205 986 299 1014 Frater
314 985 425 1014 studere
440 985 557 1014 castitati
572 989 599 1014 et
614 985 750 1014 subiicere
765 993 867 1022 corpus
882 994 963 1014 suum

120 1033 268 1070 ignobilius
288 1032 432 1066 nobiliori,
454 1032 608 1061 secundum
630 1032 696 1060 illud
729 1032 846 1069 Apostoli
861 1033 886 1060 ¹:
911 1033 966 1061 Ca-

121 1080 195 1117 stiqo
215 1088 323 1116 eorpus
344 1087 440 1107 meum
460 1083 486 1108 et
507 1079 538 1107 in
565 1079 732 1107 servitutem
754 1079 871 1116 rediyo,
894 1079 965 1108 scili-

121 1130 164 1155 cet
188 1137 203 1151 «κ
218 1125 331 1154 rationis
346 1137 372 1159 n,
396 1125 548 1154 secundum
575 1125 707 1154 Glossam.
740 1126 806 1154 Huic
834 1129 966 1154 consonat

121 1173 303 1209 Philosophus
324 1172 415 1209 primo
436 1172 596 1201 Ethicorum
609 1172 635 1200 ²:
662 1172 834 1201 «Continens
855 1176 896 1201 est
917 1172 964 1209 qui

120 1219 332 1256 concupiscibile
364 1227 522 1256 repugnans
554 1219 652 1247 rationi
682 1219 792 1248 subiicit
824 1219 964 1248 rationi».

119 1266 252 1295 Averroes
266 1274 351 1303 super
365 1269 462 1295 octavo
485 1266 662 1302 Physicorum
675 1266 685 1282 ³
707 1266 788 1300 dicit,
803 1266 877 1303 quod
896 1278 908 1290 a
921 1274 965 1295 ca-

120 1313 197 1342 stitas
217 1316 367 1350 generatur
388 1321 425 1342 ex
445 1313 599 1350 cognitione
621 1313 797 1341 scientiarum
819 1313 966 1350 speculati-

120 1368 219 1389 varum
240 1363 268 1389 et
288 1368 337 1397 per
359 1360 550 1397 expulsionem
573 1368 669 1388 eorum
690 1368 761 1396 quae
786 1360 914 1388 accidunt
929 1368 965 1389 ex

121 1407 251 1441 materia,
274 1414 323 1443 per
345 1407 527 1435 retentionem
549 1407 641 1443 legum
675 1407 831 1435 divinarum
853 1410 880 1435 et
901 1407 966 1435 obe-

120 1453 251 1482 dientiam
273 1453 366 1490 legum
387 1453 595 1487 naturalium»;
617 1456 644 1482 et
667 1453 753 1490 tangit
773 1457 894 1490 quatuor
917 1461 965 1490 per

118 1500 243 1529 ordinem
274 1500 428 1529 necessaria
460 1500 596 1529 castitati:
626 1501 730 1537 primo,
765 1500 838 1537 quod
874 1504 966 1529 castus

118 1550 245 1576 versetur
266 1547 293 1576 in
315 1547 368 1576 illis
395 1547 581 1584 speculativis
609 1547 783 1581 caelestium,
812 1547 965 1576 secundum

117 1594 186 1623 illud
213 1594 330 1631 Apostoli
346 1594 373 1622 4:
403 1593 512 1622 Nostra
539 1594 719 1622 conversatio
747 1594 778 1622 in
805 1594 893 1622 caelis
916 1598 964 1622 est.

117 1641 250 1674 Secundo,
270 1641 345 1678 quod
365 1641 486 1678 expellat
506 1640 621 1678 formas
642 1640 807 1669 materiales
821 1641 855 1669 de
869 1641 964 1675 corde,

117 1687 268 1717 secundum
304 1687 372 1716 illud
407 1688 471 1716 Iob:
503 1688 608 1725 Pepiyi
636 1686 740 1724 foedus
774 1696 839 1716 cum
874 1687 965 1716 oculis

115 1735 202 1769 meis,
225 1738 258 1763 ut
278 1743 335 1763 non
356 1735 514 1772 cogitarem
535 1735 569 1763 de
590 1734 710 1772 virgine.
740 1734 847 1768 Tertio,
869 1737 900 1763 ut
922 1742 965 1763 re-

116 1781 200 1809 tineat
214 1781 301 1818 leyem
322 1781 471 1809 divinam:
494 1780 558 1809 Non
573 1779 776 1809 moechaberis.
799 1781 918 1817 Quarto,
934 1784 965 1809 ut

116 1827 162 1856 lex
177 1827 279 1856 fomitis
292 1827 401 1857 obediat
416 1827 471 1865 leyi
484 1828 622 1862 rationis,
637 1828 702 1864 quia
717 1827 798 1856 etiam
814 1828 842 1856 in
864 1828 965 1856 sanctis

115 1877 142 1903 et
156 1874 250 1903 electis
263 1874 332 1903 solet
350 1874 540 1908 recalcitrare,
556 1874 708 1903 secundum
724 1874 790 1902 illud
809 1874 927 1911 Apostoli
939 1875 963 1902 ⁵:

122 1921 206 1949 Video
227 1921 320 1950 aliam
341 1921 427 1959 leyem
449 1921 480 1949 in
501 1921 638 1950 membris
659 1921 730 1949 meis
748 1926 959 1959 repugnantem

1812 215 1868 243 445

1024 287 1080 325 leyi
1092 289 1196 317 mentis
1210 298 1297 318 meae.
1313 307 1352 311 —
1366 291 1404 320 De
1420 291 1462 320 his
1477 294 1598 328 quatuor
1612 292 1714 321 dicitur
1732 292 1869 321 secundae
1886 299 2017 319 Confirmatur.

1024 334 1057 362 ad
1080 335 1236 364 Corinthios
1256 336 1374 365 decimo:
1391 337 1474 374 Spem
1490 337 1629 366 habemus
1644 346 1702 366 non
1720 338 1751 366 in
1772 338 1871 368 aliena

1025 380 1127 417 reyula
1150 381 1181 409 in
1195 380 1240 410 Itis
1254 391 1328 420 quae
1340 388 1527 420 praeparata
1544 388 1627 418 suut,
1647 384 1784 422 yloriari.
1801 386 1871 414 Vere

1024 434 1100 463 spem
1123 428 1205 456 hahet
1225 429 1320 458 Frater
1352 430 1421 459 bene
1442 431 1585 467 regulatus
1605 431 1696 468 quoad
1717 440 1747 460 se
1771 431 1869 469 ipsum

1024 473 1050 501 in
1074 474 1116 502 his
1138 474 1216 503 bonis
1237 476 1383 512 operibus,
1405 485 1476 514 quae
1497 477 1531 506 ab
1553 478 1612 514 ipso
1626 481 1691 507 sunt
1706 482 1870 515 praeparata

1023 519 1057 548 ad
1078 521 1161 549 vitam
1183 524 1340 557 aeternam,
1361 523 1489 559 gloriari,
1511 524 1576 561 quia
1591 524 1671 553 sicin
1692 525 1805 562 propria
1827 533 1871 554 re-

1023 566 1088 602 gula
1108 570 1134 595 et
1156 576 1209 595 non
1232 568 1258 596 in
1280 569 1368 597 aliena
1389 570 1561 606 gloriabitur.

1102 614 1147 642 28.
1177 615 1300 651 Quarto,
1325 617 1469 653 regulatur
1491 618 1585 646 Frater
1618 618 1708 654 quoad
1739 618 1865 656 fratrem
1881 624 2015 647 Quarto-ffl-

1022 668 1130 693 suum,·
1151 661 1198 689 sed
1226 661 1311 690 frater
1340 666 1429 699 potest
1459 671 1518 692 esse
1539 664 1566 692 in
1588 664 1690 701 duplici
1712 668 1802 694 statu:
1824 665 1867 694 vel
1885 649 1940 694 ‘3333
1954 647 2015 702 {¹¹¹ssssss

1023 708 1064 734 est
1084 708 1237 743 superior,
1259 708 1301 736 vel
1323 708 1456 746 inferior.
1473 710 1498 738 Si
1519 713 1560 739 est
1581 710 1723 748 inferior,
1745 714 1866 748 quatuor
1887 696 1933 735 ιζὲοιῖ1
1941 699 2009 740 ᾱῗιῖῗῖῗ

1884 745 1925 759 cem
1939 742 2013 758 statum.

1023 752 1111 781 modis
1132 754 1275 790 regulatur
1297 755 1387 791 quoad
1409 757 1590 792 superiorem.
1617 757 1644 785 ln
1667 757 1777 786 subdito
1792 758 1865 786 enim
1884 764 2015 810 gffiggfliroffi-

1022 798 1103 827 debet
1123 807 1183 829 esse
1204 801 1377 830 obedimitiae
1395 803 1594 840 promptitudo
1601 814 1612 837 ;
1633 804 1680 832 sed
1699 804 1804 841 duplex
1825 808 1866 833 est
1884 810 2001 834 druph'eiter-

1022 845 1192 881 obedientia,
1213 848 1318 877 scilicet
1338 849 1372 876 ad
1394 850 1546 885 praelatos,
1567 850 1615 887 qui
1631 854 1696 879 sunt
1710 854 1795 879 extra
1813 851 1866 879 Or—
1888 833 2015 875 pflffiiig'ge‘

1022 892 1132 926 dinan,
1154 897 1181 922 et
1202 894 1235 922 ad
1256 895 1408 930 praelatos,
1430 896 1477 933 qui
1509 900 1574 925 sunt
1603 897 1684 926 intra
1717 897 1863 926 Ordinem.
1886 879 2014 926 pnt'iffgssffw

1022 938 1058 966 Ad
1081 939 1233 975 praelatos,
1255 941 1302 977 qui
1325 944 1390 969 sunt
1414 945 1499 970 extra
1523 942 1674 977 Ordinem,
1696 952 1793 972 omnes
1825 947 1864 973 te-
1882 949 1947 990 quoad
1961 954 2015 973 prae-

1022 989 1124 1013 nentur
1146 986 1262 1015 Fratres.
1287 988 1317 1016 Et
1338 988 1408 1017 lianc
1436 989 1567 1018 describit
1588 990 1749 1026 tripliciter:
1772 998 1865 1027 respe-
1883 974 2014 1037 Οῗῑῖῗῧεῗιῇἳ-

1022 1034 1068 1060 ctu
1090 1032 1231 1069 episcopi,
1254 1042 1325 1063 nono
1346 1035 1482 1071 capitulo:
1510 1047 1523 1061 α
1537 1036 1646 1065 Fratres
1677 1045 1731 1065 non
1757 1037 1866 1074 praedi·
1906 1021 1987 1042 ‘'mm''

1022 1082 1085 1107 cent
1106 1079 1132 1107 in
1154 1080 1313 1117 episcopatu
1341 1082 1458 1111 alicuius
1486 1083 1630 1120 episcopi»
1657 1087 1707 1112 etc.
1730 1084 1866 1120 Respectu

1022 1125 1204 1160 cardinalis,
1225 1127 1387 1156 duodecimo
1408 1129 1544 1165 capitulo:
1564 1140 1578 1154 α
1593 1130 1628 1158 Ad
1652 1130 1720 1159 haec
1736 1138 1783 1167 per
1802 1131 1867 1159 obe-

1023 1171 1153 1201 dientiam
1175 1174 1288 1210 iniungo
1303 1175 1445 1209 Ministris‚
1462 1179 1493 1204 ut
1513 1179 1607 1213 petant
1628 1185 1643 1205 a
1664 1177 1774 1205 domino
1798 1177 1868 1214 Papa

1023 1227 1109 1247 unum
1126 1231 1139 1244 »
1164 1222 1214 1248 etc.
1238 1221 1370 1257 Respectu
1387 1222 1502 1258 Papae,
1519 1223 1608 1259 primo
1622 1223 1758 1260 capitulo:
1778 1236 1791 1248 «ι
1803 1224 1867 1252 Fra-

1023 1268 1065 1294 ter
1086 1266 1246 1295 Franciscus
1271 1268 1406 1303 promittit
1427 1269 1608 1298 obedientiam
1630 1273 1657 1298 et
1682 1271 1865 1299 reverentiam

1022 1312 1132 1341 domino
1154 1313 1240 1349 Papae
1262 1314 1378 1342 Honorio
1409 1323 1440 1343 ac
1472 1316 1679 1345 successoribus
1704 1317 1764 1345 eius
1785 1325 1866 1346 cano-

1023 1359 1082 1387 nice
1104 1360 1272 1389 intrantibus
1293 1363 1320 1388 et
1341 1361 1475 1390 Ecclesiae
1496 1363 1632 1391 Romanae
1646 1375 1672 1391 n.

1101 1407 1147 1434 29.
1175 1406 1363 1435 Obedientiam
1395 1408 1428 1436 ad
1450 1409 1587 1445 praelatos
1614 1409 1695 1438 intra
1726 1410 1864 1438 Ordinem
1874 1414 1946 1456 ,quoad
1955 1419 2008 1456 urge-

1023 1453 1109 1489 tangit
1130 1453 1235 1482 decimo
1256 1454 1393 1490 capitulo;
1416 1455 1450 1483 ad
1471 1455 1542 1483 hanc
1564 1456 1613 1484 soli
1635 1456 1737 1485 subditi
1753 1459 1864 1485 tenean-
1882 1440 2012 1487 ffiseffrssef'

1023 1503 1088 1534 tur3
1111 1500 1181 1528 hanc
1202 1500 1333 1529 describit
1354 1501 1477 1538 quinque
1506 1502 1611 1531 modis:
1640 1503 1745 1539 primo,
1773 1504 1863 1540 quoad
1875 1487 2012 1531 gumgfsefwm’

1022 1545 1230 1580 humilitatem,
1254 1547 1310 1575 ibi:
1337 1559 1350 1572 «
1365 1548 1488 1581 Fratres,
1510 1549 1557 1585 qui
1580 1552 1645 1578 sunt
1659 1550 1760 1578 subditi
1775 1562 1802 1578 ».
1819 1551 1865 1579 Se—

1022 1593 1128 1627 cundo,
1151 1594 1241 1630 quoad
1262 1593 1451 1631 facilitatem,
1473 1595 1529 1623 ibi:
1550 1607 1563 1621 «
1578 1596 1775 1631 Recordentur,
1791 1597 1865 1634 quod

1022 1643 1136 1677 propter
1164 1641 1252 1669 Deum
1281 1641 1487 1678 abnegaverunt
1516 1643 1643 1679 proprias
1668 1644 1864 1673 voluntates».

1022 1687 1130 1722 Tertio,
1152 1688 1242 1724 quoad
1264 1688 1484 1723 auctoritatem,
1507 1689 1563 1717 ibi:
1589 1690 1744 1719 «Firmiter
1759 1691 1865 1727 praeci-

1022 1735 1067 1771 pio
1087 1734 1168 1763 eis».
1197 1735 1310 1771 Quarto,
1339 1735 1429 1772 quoad
1456 1736 1691 1773 generalitatem,
1720 1737 1776 1765 ibi:
1803 1738 1865 1766 «Ut

1021 1781 1149 1809 obediant
1169 1781 1227 1809 suis
1249 1782 1379 1810 Ministris
1406 1782 1434 1810 in
1459 1782 1603 1816 omnibus,
1631 1791 1702 1820 quae
1731 1784 1865 1820 promise-

1022 1831 1088 1856 runt
1104 1828 1218 1856 Domino
1233 1828 1381 1857 observare
1396 1840 1423 1856 ».
1440 1829 1556 1865 Quinto,
1579 1830 1670 1867 quoad
1687 1831 1863 1867 puritatem,

1021 1874 1077 1903 ibi:
1103 1886 1116 1899 α
1133 1875 1163 1903 Et
1184 1883 1237 1903 nou
1253 1878 1318 1903 sunt
1338 1876 1475 1904 contraria
1496 1876 1602 1905 animae
1623 1885 1690 1905 suae
1704 1880 1731 1906 et
1746 1878 1863 1914 Regulae

1021 1924 1130 1950 nostrae
1142 1933 1168 1949 ».
1185 1921 1296 1949 Anima
1306 1921 1453 1958 dupliciter
1464 1925 1554 1959 potest
1565 1923 1731 1952 considerari
1743 1934 1748 1952 :
1762 1924 1861 1961 primo,
1880 1927 1986 1946 Distiuctio-

179 2143 183 2156 ¹
203 2143 272 2170 Epist.
291 2143 305 2165 1.
323 2142 375 2165 Cor.
393 2143 419 2171 9,
436 2143 473 2165 27.
491 2144 569 2165 Glossa
587 2146 621 2166 est
638 2143 798 2166 interlinearis
815 2144 877 2172 apud
901 2145 958 2166 Petr.

114 2180 239 2203 Lombard.
258 2184 280 2203 et
297 2182 425 2208 Lyranum:
443 2180 490 2204 Sed
506 2181 594 2211 castigo
612 2187 699 2211 corpus
716 2188 807 2209 meum,
826 2182 849 2203 id
866 2185 907 2210 est,
924 2189 958 2204 re-

115 2220 190 2248 primo
208 2219 297 2242 illicitos
315 2222 390 2241 motus
406 2219 522 2247 corporis,
539 2221 561 2242 el
578 2219 601 2242 in
617 2219 754 2243 servitutem
770 2220 866 2242 rationis
877 2219 958 2249 recliyo

116 2259 180 2286 illud,
198 2265 251 2281 cum
269 2259 312 2281 alio
331 2259 440 2281 tenderet.
465 2259 575 2281 servituti
600 2259 660 2281 enim
686 2259 818 2286 subiicitur,
840 2259 896 2281 dum
915 2266 959 2281 non

115 2304 190 2324 suam,
207 2298 248 2320 sed
265 2298 359 2325 spiritus
377 2298 465 2326 perficit
482 2298 632 2320 voluntatem.
650 2298 695 2320 Cfr.
712 2298 841 2320 Comment.
858 2298 881 2320 in
898 2299 959 2320 hunc

117 2338 168 2364 loc„
185 2337 249 2366 quod
267 2336 364 2359 babetur
382 2337 438 2359 inter
455 2343 524 2365 opera
542 2337 666 2359 Ambrosii.

177 2374 186 2388 ²
204 2375 259 2404 Cap.
279 2376 320 2403 13,
337 2375 376 2398 ubi
394 2376 422 2398 de
448 2375 552 2403 partibus
574 2376 623 2398 sive
649 2375 792 2398 facultatibus
808 2376 899 2398 animae
916 2376 959 2398 dis-

115 2420 206 2443 serens,
224 2414 304 2442 docet,
321 2415 402 2442 aliam,
419 2415 504 2437 scilicet
521 2415 675 2442 vegetativam
693 2421 739 2436 non
757 2414 852 2437 obedire
869 2415 959 2442 rationi,

115 2454 181 2476 aliam
203 2460 272 2480 vero,
295 2459 379 2481 nempe
400 2453 617 2481 concupiscibilem,
635 2454 675 2475 etsi
693 2453 835 2475 resistentem
861 2453 959 2482 obsequi

115 2493 205 2519 rationi,
222 2492 288 2514 sicuti
306 2495 368 2520 patet
385 2493 405 2514 in
428 2492 565 2515 continente.
583 2492 723 2514 Continentis
740 2492 801 2514 enim
818 2492 900 2514 rationi
918 2492 959 2514 ob-

115 2534 252 2559 temperate..
270 2530 404 2559 vegetabilis
429 2532 490 2553 nullo
517 2531 586 2553 inodo
612 2537 664 2553 cum
683 2531 770 2553 ratione
791 2531 958 2557 communicat,

114 2569 297 2598 concupiscibilis
314 2574 390 2592 autem
408 2573 430 2592 et
454 2570 548 2592 omnino
573 2569 703 2598 appetibilis
728 2570 842 2598 particeps
866 2570 958 2592 rationis

114 2609 217 2638 quodam
235 2609 305 2631 modo
322 2612 368 2636 est,
387 2612 501 2638 quatenus
521 2609 564 2637 ipsi
587 2608 666 2631 obedit
691 2609 835 2637 imperioque
851 2609 900 2631 eius
917 2608 959 2631 ob-

116 2651 237 2676 temperat.

177 2686 186 2700 ³
203 2688 225 2710 ln
242 2687 294 2710 edd.
312 2693 367 2715 opp.
383 2687 491 2709 Averrois
509 2688 585 2709 Venet.
603 2693 640 2709 an.
655 2686 711 2708 1489
729 2689 751 2708 et
766 2686 823 2708 1495
836 2687 857 2708 iu
875 2687 920 2709 fine
936 2687 958 2708 li·

116 2726 151 2749 bri
169 2727 214 2748 Vll.
232 2726 381 2754 physicorum
399 2728 470 2748 exstat
486 2726 605 2754 quoddam
623 2726 818 2752 additamentum,
844 2726 906 2754 quod
928 2725 958 2747 ab

116 2765 166 2788 aliis
183 2768 291 2794 tanquam
310 2765 420 2793 prologus
437 2764 488 2786 libr.
514 2765 570 2786 Vlll.
590 2764 739 2792 physicorum
761 2764 919 2786 consideratur
936 2767 958 2786 et

115 2804 148 2827 sie
166 2804 257 2832 incipit:
277 2813 287 2823 α
301 2804 388 2826 Utilitas
410 2807 487 2825 autem
514 2803 578 2825 istius
603 2803 710 2825 scientiae
727 2806 761 2825 est
783 2809 835 2830 pars
857 2803 957 2825 utilitatis

114 2843 221 2865 scientiae
237 2842 400 2870 speculativae,
417 2846 439 2864 et
456 2842 596 2864 declaratum
614 2844 648 2864 est
666 2842 686 2863 in
704 2841 796 2863 scientia
809 2842 898 2868 morali,
914 2841 956 2863 sci-

115 2882 166 2904 licet
177 2887 238 2910 quae
250 2881 378 2903 considerat
390 2881 419 2903 de
435 2880 564 2903 actionibus
582 2880 723 2907 voluntariis,
740 2880 802 2908 quod
819 2886 868 2903 esse
885 2881 956 2902 homi·

115 2921 151 2943 nis
167 2921 189 2942 in
206 2927 247 2943 sua
273 2920 350 2942 ultima
374 2920 512 2947 perfectione
536 2923 570 2942 est
595 2919 670 2947 ipsum
693 2925 743 2941 esse
765 2920 891 2947 perfectum
915 2925 956 2947 per

115 2959 221 2982 scientias
237 2959 390 2987 speculativas
401 2967 422 2980 π.
440 2958 544 2981 Subinde
560 2958 688 2981 ostenditur
698 2958 797 2980 influxus
808 2958 954 2980 scientiarum

115 2998 309 3026 speculativarum
328 2998 348 3019 in
366 2998 436 3020 vitam
459 2998 557 3019 hominis
575 2997 697 3020 moralem:
715 2997 810 3019 Necesse
827 2999 861 3019 est
877 2997 938 3019 enim
949 3015 954 3025 ,

1016 2150 1069 2166 cum
1087 2144 1184 2166 artifices
1201 2144 1347 2166 scientiarum
1364 2144 1558 2171 speculativarum
1577 2144 1659 2166 ruerint
1670 2145 1797 2167 secundum
1810 2151 1860 2168 cur-

1015 2189 1066 2205 sum
1086 2183 1223 2208 naturalem,
1241 2185 1266 2204 ut
1283 2182 1328 2204 sint
1345 2182 1440 2204 virtuosi
1457 2181 1566 2204 omnibus
1592 2183 1666 2205 modis
1683 2183 1794 2206 virtutum
1812 2189 1860 2206 mo-

1015 2222 1110 2248 ralium,
1128 2224 1152 2243 ut
1169 2222 1251 2244 iustitia
1270 2224 1292 2243 et
1308 2222 1432 2244 castitate„
1450 2223 1472 2243 et
1488 2222 1613 2244 Alexander
1631 2222 1651 2244 iu
1664 2222 1783 2250 prooemio
1795 2223 1860 2246 istius

1016 2260 1066 2282 libri
1084 2260 1215 2287 declaravit,
1233 2260 1351 2289 quomodo
1368 2265 1497 2288 sequuntur
1514 2260 1569 2282 istae
1581 2261 1677 2282 virtutes
1689 2267 1716 2282 ex
1728 2261 1858 2289 cognitione

1015 2299 1111 2321 istarum
1129 2299 1283 2321 scientiarum.
1302 2300 1357 2321 Nam
1376 2305 1428 2321 cum
1446 2299 1527 2327 aliquis
1544 2299 1636 2321 sciverit
1648 2299 1785 2327 parvitatem
1797 2300 1858 2322 vitae

1016 2344 1071 2360 suae
1088 2338 1110 2360 in
1128 2340 1234 2366 respectu
1260 2338 1325 2360 istius
1349 2344 1398 2361 esse
1422 2338 1507 2359 aeterni
1530 2341 1552 2360 et
1578 2341 1653 2360 motus
1670 2338 1794 2361 continui...
1812 2345 1858 2361 non

1015 2377 1079 2404 cupit
1096 2377 1190 2399 vitam...
1208 2378 1234 2398 Et
1259 2377 1404 2399 manifestum
1428 2379 1473 2402 est,
1491 2376 1554 2405 quod
1571 2376 1681 2399 deberent
1699 2383 1749 2399 esse
1766 2378 1818 2400 iusti
1837 2381 1859 2400 et

1015 2416 1083 2442 casti,
1100 2415 1223 2444 quoniam,
1247 2421 1299 2437 cum
1321 2415 1428 2437 sciverint
1450 2418 1554 2437 naturam
1576 2415 1674 2437 iustitiae
1694 2416 1809 2438 existentis
1834 2417 1858 2439 in

1015 2453 1141 2476 substantia
1154 2454 1249 2480 entium,
1262 2454 1366 2481 diligunt,
1378 2460 1403 2475 se
1415 2454 1533 2476 assimilari
1552 2454 1582 2475 illi
1599 2456 1705 2481 naturam
1722 2457 1744 2476 et
1755 2454 1858 2477 similiter

1015 2498 1068 2514 cum
1086 2492 1194 2514 sciverint
1211 2492 1328 2514 utilitatem
1341 2493 1495 2520 appetituum,
1509 2496 1530 2514 et
1541 2493 1604 2520 quod
1617 2499 1662 2514 non
1674 2496 1727 2515 sunt
1738 2493 1768 2515 de
1781 2499 1858 2515 nume-

1015 2537 1040 2553 ro
1059 2531 1236 2558 dispositionum
1254 2531 1434 2553 necessariarum
1448 2531 1468 2553 in
1482 2531 1638 2558 permanentia
1651 2532 1756 2558 hominis,
1770 2532 1856 2554 nedum

1015 2573 1040 2592 ut
1056 2570 1100 2592 sint
1117 2570 1279 2597 perfectiones»,
1296 2570 1337 2592 sed
1362 2573 1415 2592 sunt
1439 2570 1565 2592 accidentia
1583 2570 1613 2592 de
1637 2571 1771 2592 necessitate
1788 2573 1856 2593 mate-

1015 2608 1069 2635 riae,
1086 2609 1199 2636 expellent
1215 2614 1253 2631 eas
1275 2615 1287 2630 a
1310 2614 1334 2630 se
1357 2609 1450 2630 omnino
1467 2611 1489 2630 et
1513 2608 1591 2631 odient
1615 2615 1654 2631 eas
1672 2609 1771 2631 maximo
1788 2610 1855 2638 odio,

1014 2647 1084 2670 etsie
1100 2650 1167 2669 erunt
1183 2647 1237 2669 casti
1255 2647 1378 2669 retinentes
1400 2647 1462 2675 leges
1487 2647 1577 2670 divinas
1600 2650 1622 2670 et
1646 2647 1780 2671 obedientes
1802 2649 1856 2676 legi-

1014 2685 1058 2707 bus
1075 2686 1216 2708 naturalibus
1233 2688 1275 2708 etc.

1076 2723 1085 2736 ⁴
1102 2725 1170 2752 Epist.
1189 2725 1217 2747 ad
1236 2725 1290 2747 Phil.
1308 2726 1334 2752 3,
1352 2725 1389 2747 20.
1406 2738 1436 2740 —
1454 2724 1557 2747 Subinde
1574 2725 1700 2753 allegantur
1720 2725 1758 2748 lob
1771 2726 1796 2748 3¹
1807 2743 1813 2753 ,
1834 2727 1854 2749 l.

1013 2766 1035 2785 et
1053 2764 1123 2786 Exod.
1140 2764 1178 2790 20,
1200 2763 1238 2786 14:
1256 2764 1304 2785 Non
1322 2763 1490 2786 moechaberis.

1076 2801 1086 2813 ⁵
1104 2803 1168 2824 Rom.
1186 2803 1207 2831 7,
1226 2803 1268 2829 23,
1285 2806 1336 2830 post
1352 2808 1423 2831 quem
1441 2803 1464 2824 ll.
1481 2802 1534 2825 Cor.
1552 2803 1593 2830 lo,
1614 2804 1648 2826 15,
1661 2809 1721 2832 seq.:
1734 2805 1804 2832 Spem
1817 2810 1854 2826 au-

1014 2843 1059 2862 tem
1077 2840 1186 2863 habentes
1203 2841 1326 2863 crescentis
1343 2841 1396 2863 ndei
1415 2844 1515 2869 vestrae,
1533 2842 1555 2864 in
1573 2841 1641 2864 vobis
1657 2842 1801 2870 magnificari
1818 2849 1853 2865 se-

1013 2879 1114 2902 cundum
1132 2880 1235 2907 regulam
1253 2882 1353 2902 nostram
1377 2880 1398 2902 in
1415 2879 1593 2907 abundantiam,
1615 2881 1682 2903 etiam
1702 2881 1724 2903 in
1741 2881 1776 2903 illa
1794 2888 1854 2910 quae

1013 2919 1069 2941 ultra
1087 2925 1129 2940 vos
1145 2921 1210 2947 sunt,
1227 2919 1392 2947 evangelizare,
1409 2925 1455 2941 non
1472 2919 1494 2941 in
1511 2919 1583 2942 aliena
1601 2920 1679 2948 regula
1697 2920 1719 2943 in
1745 2920 1771 2943 iis
1792 2927 1853 2950 quae

1012 2960 1145 2985 praeparata
1164 2961 1228 2986 sunt,
1247 2958 1347 2986 gloriari.
