2133 3317
128 352 210 371 Solvitur
224 357 235 370 a

127 376 235 400 0111550510-

164 405 201 418 mo.

112 913 244 936 Hieronymus.

128 1151 243 1170 Bernartius.

140 1479 246 1498 Anselmus.

120 1947 204 1966 Christus
221 1947 254 1966 tri-

128 1972 202 1995 pliciter
209 1977 254 1995 pau-

128 2000 168 2018 per.

168 2018 187 2036 ln
200 2020 249 2037 ortu.

193 2182 250 2200 Beda.

255 222 312 251 ⁹274

257 300 320 337 quis
340 300 428 333 dicat,
449 299 592 327 Christum
612 305 667 326 non
690 296 835 333 proprium
856 295 987 325 habuisse
1011 295 1106 332 hospi-

258 348 343 381 tium,
366 346 413 375 sed
435 352 596 378 commune;
621 344 714 372 obviat
735 343 808 372 idem
835 342 1049 379 chrysostomus
1077 342 1106 371 in

258 401 386 423 sermone
406 393 440 421 de
461 391 617 429 proditione
637 390 759 419 ludae1:
777 401 791 415 ιι
805 390 896 426 Quos,
917 389 1023 426 inquit,
1043 396 1106 426 pre-

258 441 394 469 tiosorum
408 445 582 467 marmorum-
595 445 698 474 pompa
711 436 829 465 delectat
846 438 1012 473 cognoscant
1026 435 1108 464 Chri-

257 490 332 516 stum
353 486 479 515 omnium
494 484 659 518 Dominum,
678 483 753 520 quod
774 483 880 517 locum,
901 483 929 511 in
951 491 1010 520 quo
1022 485 1106 519 caput

258 533 418 566 reclinaret,
440 540 496 560 11011
519 531 625 560 habuit.
648 530 681 559 Et
707 530 768 558 ideo
796 529 924 566 discipuli
944 529 1038 566 ipsum
1064 529 1106 558 in-

258 582 400 616 terrogant
421 581 449 608 et
462 579 575 607 dicunt:
601 577 655 606 Ubi
668 577 712 605 vis
730 585 874 614 paremus
889 576 941 605 cita·
961 576 1107 605 comedere

259 625 376 655 Pascha
387 625 424 654 »5³
440 625 492 655 Sed
507 625 530 654 si
544 624 672 653 Christus
687 624 830 652 habuisset
847 623 1019 652 domicilium
1032 631 1107 652 com-

258 681 356 707 mune,
378 672 447 701 illud
467 671 594 708 discipuli
616 679 672 699 non
693 670 882 707 ignorassent,
904 670 952 699 sed
973 673 1000 699 et
1027 670 1107 698 Chri—

258 722 318 748 stus
338 719 398 748 loco
419 727 474 747 non
496 718 647 752 caruisset,
668 717 696 746 in
716 725 772 754 quo
800 719 884 753 caput
904 716 1053 745 reclinaret
1080 719 1107 745 et

258 767 361 796 Pascha
381 765 545 795 comederet.
575 765 719 802 Colligitur
747 772 813 801 ergo
834 771 870 792 ex
891 763 1107 800 interrogatione

258 813 458 850 discipulorum
481 815 508 841 et
529 811 640 849 hospitii
656 810 867 845 incertitudine,
887 810 962 847 quod
980 810 1108 838 Christus

258 860 427 889 domicilium
449 868 504 888 non
519 859 633 893 habuit,
652 866 703 887 nec
718 858 864 895 proprium
885 865 936 886 nec
950 865 1107 886 commune.

258 925 298 928 —
322 907 508 936 Aretissimam
531 914 643 943 quoque
664 905 773 934 Domini
799 907 993 942 paupertatem
1018 904 1109 933 decla-

260 963 324 984 rans
345 954 529 990 Hieronymus
555 953 590 981 ad
614 952 819 989 Nepotianum2
840 952 890 980 ait:
917 962 930 977 a
946 952 1039 988 Turpe
1067 954 1109 980 est

259 1004 322 1030 ante
343 1001 417 1030 sores
446 1000 596 1029 sacerdotis
616 1000 724 1028 Domini
755 999 884 1028 crucifixi
912 1001 940 1027 et
960 998 1107 1035 pauperis,

259 1049 306 1086 qui
323 1049 383 1078 cibo
399 1056 511 1085 quoque
532 1047 696 1076 vescebatur
710 1047 812 1080 alieno,
832 1046 943 1074 lictores
961 1046 1109 1074 consulum

260 1099 287 1125 et
306 1096 408 1124 milites
429 1095 571 1124 excubare
586 1106 613 1122 ».
638 1094 700 1123 Fuit
720 1094 813 1131 itaque
828 1093 955 1122 Christus
976 1096 1109 1129 tanquam

261 1151 326 1172 vere
354 1142 551 1179 pauperrimus
579 1141 668 1169 alieno
697 1140 758 1169 cibo
786 1142 966 1169 sustentatus.
992 1156 1030 1160 —
1054 1139 1108 1168 l-loc

261 1190 351 1226 ipsum
378 1188 558 1217 Βο1Ὶ131111153
580 1188 608 1216 in
636 1187 756 1224 quodam
779 1194 907 1215 sermone
928 1194 1012 1223 super
1040 1185 1109 1214 illud

262 1238 365 1265 Lucae:
389 1236 462 1264 Cum
477 1234 577 1273 factus
591 1238 662 1263 esset
682 1234 763 1263 Iesus
778 1242 927 1262 annorum
945 1232 1109 1266 duodecim,

260 1283 384 1320 apertius
405 1283 485 1311 dicit:
512 1294 526 1307 <z
542 1282 574 1311 Ut
598 1285 642 1315 te,
663 1281 793 1315 Domine,
815 1288 865 1317 per
886 1280 978 1309 omnia
998 1282 1109 1308 nostrae

261 1330 417 1368 paupertati
439 1329 642 1363 conformares,
663 1328 742 1365 quasi
763 1335 838 1356 unus
858 1327 886 1355 in
904 1326 985 1355 turba
1006 1334 1109 1363 paupe-

262 1385 324 1406 rum
347 1377 444 1414 stipem
477 1384 527 1413 per
558 1375 628 1404 ostia
658 1374 843 1404 mendicabas.
870 1373 938 1410 Quis
968 1373 1044 1402 dabit
1065 1380 1110 1401 me

262 1424 452 1454 buccellarum
467 1424 578 1452 illarum
597 1422 815 1451 mendicatarum
830 1421 994 1458 participem
1009 1420 1068 1449 [ieri
1084 1423 1111 1449 et

264 1471 337 1500 illius
358 1471 443 1500 divini
465 1470 547 1499 edulii
571 1469 696 1506 reliquiis
717 1468 837 1505 saginari
854 1470 888 1496 »ἵ
909 1484 950 1488 -
965 1467 1111 1495 Α11501111115

263 1519 345 1547 etiam
367 1518 395 1546 in
424 1517 495 1546 libro
516 1517 549 1545 de
578 1515 798 1545 Sacramentis4:
824 1526 839 1540 α
859 1515 966 1551 Pauper
995 1514 1032 1542 ita
1059 1513 1112 1542 fuit

263 1565 407 1598 Christus,
428 1567 477 1598 ut,
499 1564 612 1592 veniens
633 1563 661 1591 in
682 1562 835 1597 mundum,
857 1570 912 1590 11011
933 1562 960 1590 111
976 1569 1042 1595 5113,
1064 1560 1112 1590 sed

263 1613 291 1641 in
305 1612 394 1641 aliena
407 1612 490 1640 domo
510 1613 686 1645 nasceretur,
707 1612 735 1639 et
751 1613 834 1638 natus
855 1611 970 1646 propter
991 1608 1112 1645 inopiam

264 1659 316 1688 loci
336 1659 367 1687 111
382 1658 536 1696 praesepio
558 1658 707 1686 brutorum
722 1656 884 1685 animalium
905 1657 1070 1693 poneretur,
1085 1657 1113 1683 et

265 1707 361 1736 vivens
381 1706 409 1734 in
431 1705 536 1734 mundo
556 1713 615 1733 11011
630 1703 762 1737 liaberet,
783 1703 835 1732 ubst
855 1706 944 1740 eaput
964 1710 1055 1730 51111111
1068 1710 1113 1729 re-

265 1754 403 1787 etium-et,
419 1761 470 1781 nec
485 1752 621 1786 moriens,
636 1751 711 1780 unde
725 1750 879 1779 nuditatem
893 1757 972 1778 suam
994 1751 1114 1786 tegeret,

264 1808 315 1829 nec
336 1803 480 1834 mortuus,
502 1799 576 1828 unde
591 1798 796 1832 involveretur,
818 1804 869 1827 nec
883 1796 1044 1833 sepulcrum
1065 1798 1114 1824 aut

264 1848 373 1881 locum,
394 1846 443 1875 ubi
465 1854 567 1883 corpus
587 1847 734 1874 mortuum
754 1844 894 1873 locaretur
910 1855 937 1871 D.

344 1896 370 1922 7.
394 1894 434 1922 Ex
456 1894 499 1922 his
514 1892 671 1929 colligitur,
690 1891 765 1929 quod
785 1891 913 1920 Christus
934 1898 1042 1927 pauper
1062 1889 1115 1918 fuit

266 1942 292 1970 in
316 1944 400 1975 ortu,
421 1948 528 1978 pauper
548 1940 575 1968 in
598 1939 674 1968 vitae
686 1947 862 1976 pmgsressu,
885 1945 992 1975 pauper
1013 1937 1042 1965 in
1061 1940 1116 1965 101·-

265 1989 345 2017 mino
357 1988 377 2016 ⁵.
391 2005 426 2008 -
439 1988 522 2022 Sane,
537 1990 569 2016 ut
592 1987 662 2015 lianc
676 1988 870 2023 paupertatem
891 1984 1038 2013 amabilem
1052 1983 1118 2012 red-

266 2036 344 2064 deret
364 2034 484 2069 mundo,
506 2034 715 2071 pauperrimam
742 2033 855 2061 Matrem
877 2032 974 2069 elegit,
996 2038 1118 2069 pauper-

267 2082 330 2111 tatis
360 2082 486 2110 dei'ectus
514 2080 671 2109 voluntarie
692 2080 807 2117 pertulit
838 2082 866 2108 et
892 2082 925 2108 ut
955 2086 1061 2115 pauper
1089 2080 1117 2107 et

267 2130 346 2166 inops
376 2128 557 2157 discalceatus
588 2127 710 2156 incessit.
736 2127 775 2155 De
803 2128 967 2163 paupertate
996 2132 1118 2161 namque

268 2175 362 2204 Matris
383 2175 471 2212 ipsius
491 2174 557 2203 dicit
585 2174 655 2202 Beda
684 2181 768 2210 super
793 2174 916 2201 Marcum
931 2172 952 2206 θ,
973 2179 1117 2209 exponens

269 2222 461 2260 Evangelicum
484 2221 572 2250 illud:
595 2221 627 2249 St·
647 2220 716 2258 quis
734 2219 810 2248 wiihz'
822 2219 988 2253 ministrat,
1010 2227 1054 2246 me
1074 2227 1116 2246 se-

727 218 925 247 OPUSCULUM
946 218 988 247 XI.
1010 217 1173 247 APOLOGIA
1193 217 1374 247 PAUPERUM.
1396 218 1464 247 CAP.
1486 218 1539 247 vu.

1162 299 1291 334 quatur.-
1317 307 1332 321 ε(
1345 296 1572 330 Consideremus,
1594 296 1701 334 inquit,
1721 305 1777 334 qua
1798 297 1843 325 via
1866 297 2008 334 graditur,

1137 360 1138 368 .
1162 346 1194 371 ut
1215 343 1294 380 sequi
1314 351 1483 372 mereamur.
1502 343 1589 377 Ecce,
1608 351 1672 372 cum
1687 343 1816 372 dominus
1836 343 1872 373 sit
1892 347 1919 373 et
1933 352 2010 373 crea-

1162 392 1207 418 tor
1227 390 1409 427 Angelorum,
1425 393 1608 426 suscepturus
1629 393 1758 419 naturam
1773 393 1910 425 nostram,
1925 399 2009 428 quam

1163 437 1300 471 condidit,
1320 437 1349 465 in
1370 439 1486 466 uterum
1506 436 1626 473 Virginis
1653 437 1743 471 venit,
1765 437 1840 466 nasci
1862 440 1953 466 tamen
1982 438 2009 466 in

1162 484 1215 512 hoc
1236 484 1340 513 mundo
1355 491 1405 520 per
1426 483 1524 512 divites
1538 483 1643 518 noluit,
1662 487 1790 520 parentes
1804 492 1942 521 pauperes
1956 485 2010 513 ele-

1163 530 1210 567 git.
1232 530 1308 559 Unde
1329 533 1357 559 et
1383 538 1487 567 agnus,
1509 530 1559 567 qui
1582 538 1634 567 pro
1655 530 1701 559 illo
1722 531 1885 565 offerretur,
1907 531 2009 565 defuit,

1163 577 1370 606 columbarum
1387 577 1485 614 pullos
1499 581 1527 605 et
1542 586 1604 614 par
1626 580 1779 606 turmrum
1794 577 1828 606 ad
1843 578 2009 607 sacrificium

1164 625 1253 653 Mater
1265 624 1370 653 invenit
1381 636 1407 652 ».
1420 641 1459 645 -
1473 625 1520 653 His
1533 624 1682 653 concordat
1696 624 1911 661 Chrysostomus
1925 632 2010 662 super

1163 671 1333 700 Matthaeum
1356 671 1468 699 homilia
1482 673 1579 699 octava
1590 671 1617 699 ⁷:
1642 682 1656 695 «
1667 671 1779 700 Pariens
1799 671 1911 707 quidem
1926 671 2010 708 Virgo

1166 717 1277 751 Filium,
1293 717 1436 746 confestim
1455 717 1533 746 illum
1548 717 1580 746 in
1594 725 1735 754 praesepe
1749 717 1917 751 declinavit,
1933 717 2010 754 quia,

1163 764 1259 793 multis
1290 764 1518 793 convenientibus
1549 767 1664 801 propter
1694 764 1924 801 descriptionem,
1956 772 2012 793 non

1163 814 1225 840 erat
1238 811 1353 839 domum
1374 811 1508 839 invenire.
1523 810 1575 839 Sed
1596 811 1664 848 quid
1678 811 1745 845 fuit,
1762 811 1836 848 quod
1850 811 1937 840 suasit
1957 811 2013 839 Ma-

1164 866 1214 895 gos
1233 857 1374 886 adorare?
1395 857 1468 886 Nihil
1496 857 1571 886 enim
1597 857 1771 886 sensibilium
1792 866 1926 895 magnum
1953 860 2013 886 erat

1165 904 1236 939 illic,
1258 905 1306 933 sed
1326 912 1459 942 praesepe
1474 908 1501 933 et
1522 904 1668 942 tugurium
1689 907 1716 933 et
1730 905 1816 934 Mater
1837 912 1960 942 pauper,
1980 908 2012 933 ut

1164 951 1266 980 nudam
1294 951 1435 987 Magorum
1464 951 1558 980 videas
1578 951 1782 988 philosophiam
1796 962 1823 979 ».
1847 951 1920 980 Idem
1944 959 2013 988 quo-

1165 1006 1220 1035 que
1241 998 1268 1026 in
1297 998 1411 1026 homilia
1439 998 1607 1035 Epiphaniae
1634 998 1668 1027 de
1689 998 1795 1035 Magis⁸
1821 998 1954 1035 loquens,
1974 998 2013 1027 sic

1164 1045 1244 1074 dicit:
1271 1056 1284 1069 «
1300 1045 1436 1074 Viderunt
1459 1045 1646 1082 pandochium
1675 1045 1852 1074 tenebrosum
1874 1048 1902 1074 et
1926 1044 2013 1074 sordi-

1164 1092 1248 1127 dum,
1270 1093 1357 1129 magis
1378 1092 1544 1121 animalibus
1557 1100 1641 1129 quam
1664 1092 1825 1121 hominibus
1844 1095 1956 1129 aptum,
1985 1093 2013 1121 in

1165 1147 1224 1177 quo
1242 1147 1323 1168 nemo
1344 1142 1404 1177 erat
1425 1142 1573 1168 contentus
1592 1139 1737 1174 secedere,
1764 1139 1818 1168 11151
1838 1139 1946 1168 itineris
1966 1147 2013 1168 ne-

1165 1186 1292 1216 cessitate
1313 1189 1439 1220 coactus,
1461 1186 1634 1223 Matremque
1655 1186 1716 1215 eius
1743 1185 1792 1214 vix
1813 1185 1936 1215 tunicam
1965 1186 2013 1214 ha-

1165 1233 1275 1262 bentem
1298 1241 1396 1267 unam,
1417 1241 1473 1261 non
1494 1233 1528 1261 ad
1543 1236 1672 1262 ornatum
1694 1233 1835 1270 corporis,
1857 1232 1904 1262 sed
1925 1233 1961 1262 ad
1974 1236 2014 1262 te-

1165 1283 1329 1317 gumentum
1351 1279 1483 1308 nuditatis
1503 1280 1692 1316 proficientem
1707 1291 1734 1307 ».

1245 1328 1271 1355 8.
1294 1327 1373 1363 Quod
1393 1330 1486 1356 autem
1501 1327 1679 1363 pauperrime
1698 1327 1824 1361 vixerit,
1844 1335 1928 1364 super
1946 1327 2015 1356 illud

1166 1374 1249 1403 Marci
1262 1374 1287 1402 9;
1312 1373 1539 1410 Circumspectis
1551 1373 1702 1408 omuibus,
1724 1373 1819 1402 Glossa
1839 1374 1960 1403 declarat
1974 1374 2015 1403 di-

1167 1429 1246 1450 cens:
1273 1433 1287 1446 <t
1304 1421 1527 1458 Circumspectis
1543 1420 1694 1455 omnibus,
1716 1421 1739 1450 si
1760 1421 1824 1458 quis
1837 1429 1903 1450 eum
1923 1421 2015 1458 hospi-

1167 1468 1206 1497 tio
1227 1468 1388 1505 susciperet.
1418 1468 1520 1496 Tantae
1551 1468 1625 1497 enim
1649 1468 1821 1505 paupertatis
1848 1468 1900 1496 fuit
1924 1471 1952 1497 et
1978 1468 2016 1496 ita

1168 1515 1237 1543 nulli
1266 1515 1411 1548 adulatus,
1433 1518 1465 1543 ut
1492 1515 1521 1543 in
1542 1517 1618 1543 tanta
1644 1515 1717 1544 urhe
1743 1515 1853 1543 nullum
1879 1514 2016 1543 inveniret

1169 1561 1366 1598 hospitium».
1388 1562 1477 1598 Super
1498 1569 1582 1598 quem
1603 1561 1685 1590 etiam
1706 1562 1798 1591 locum
1820 1561 1891 1591 Beda
1912 1562 1939 1590 in
1960 1561 2016 1590 ori-

1169 1609 1251 1646 ginali
1265 1608 1287 1626 ¹⁰
1307 1608 1388 1637 dicit:
1415 1608 1650 1646 «Intelligendum
1670 1612 1727 1643 est,
1748 1608 1823 1646 quod
1837 1612 1929 1637 tantae
1949 1616 2018 1645 pau-

1170 1655 1285 1692 pertatis
1315 1655 1450 1684 Dominus
1471 1655 1540 1689 fuit,
1562 1658 1594 1684 ut
1615 1655 1643 1684 in
1673 1655 1745 1684 urhe
1766 1655 1888 1684 maxima
1908 1655 2017 1684 nullum

1170 1702 1325 1739 hospitem,
1347 1702 1452 1730 nullam
1473 1702 1644 1731 mansionem
1665 1702 1817 1736 inveniret,
1840 1702 1887 1731 sed
1908 1702 1936 1731 in
1951 1710 2019 1740 agro

1171 1749 1289 1787 parvulo
1310 1749 1384 1786 apud
1404 1749 1539 1778 Lazarum
1561 1757 1728 1787 sororesque
1749 1749 1809 1778 eius
1837 1749 2016 1779 habitaret».

1171 1796 1304 1825 Constans
1318 1798 1360 1825 est
1381 1796 1481 1832 igitur,
1496 1795 1571 1833 quod
1592 1795 1720 1825 Christus
1735 1804 1790 1825 non
1811 1796 1904 1825 solum
1924 1796 2019 1833 hospi-

1171 1843 1222 1878 tio,
1237 1842 1285 1872 sed
1306 1846 1333 1872 et
1347 1843 1449 1880 pretio,
1471 1851 1529 1880 quo
1542 1843 1612 1883 illud
1632 1843 1812 1878 conduceret,
1827 1843 1929 1878 caruit,
1950 1843 2018 1872 dum

1171 1890 1335 1919 necessitate
1355 1890 1516 1926 compulsus
1536 1889 1572 1919 de
1599 1889 1671 1919 urhe
1691 1890 1795 1925 exivit,
1819 1890 1866 1918 illo
1893 1890 2019 1919 videlicet

1171 1937 1230 1972 die,
1251 1945 1307 1974 quo
1329 1936 1443 1965 eandem
1470 1936 1573 1966 urbem
1592 1939 1724 1974 tanquam
1746 1944 1798 1965 rex
1816 1936 1901 1965 asello
1923 1939 2021 1965 vectus

1172 1984 1286 2013 intravit
1298 1985 1329 2012 ¹².
1352 1984 1407 2013 Hoc
1420 1984 1512 2021 ipsum
1527 1987 1554 2013 et
1568 1983 1662 2012 Glossa
1676 1991 1761 2021 super
1774 1983 1844 2012 illud
1858 1983 1966 2012 Ioannis
1979 1983 2018 2012 ¹²:

1178 2031 1260 2059 Venit
1276 2031 1414 2068 princeps
1442 2030 1547 2059 munda*
1567 2030 1657 2059 huius
1684 2034 1711 2059 et
1730 2031 1761 2059 111
1788 2039 1833 2059 me
1853 2039 1912 2059 11011
1936 2029 2020 2059 11111101

1172 2077 1351 2115 quidquam,
1367 2077 1529 2113 expressius
1550 2077 1661 2106 asserit:
1681 2088 1696 2102 α
1709 2077 1802 2106 Noluit
1822 2077 1957 2106 Dominus
1970 2077 2020 2106 ha-

1173 2125 1241 2153 bere
1261 2124 1335 2161 quod
1356 2124 1497 2160 perderet,
1520 2132 1626 2161 pauper
1641 2127 1713 2158 erat,
1735 2132 1769 2153 ne
1790 2124 1905 2153 haberet
1926 2124 2020 2153 diaho-

1173 2172 1217 2200 lus
1238 2170 1313 2207 quod
1333 2170 1494 2199 auferret».
1510 2170 1561 2199 Sed
1583 2178 1663 2199 omne
1684 2171 1848 2208 temporale,
1870 2171 1928 2200 sive
1946 2179 2021 2200 com-

1173 2225 1270 2251 mune,
1292 2217 1349 2245 sive
1370 2217 1532 2254 proprium,
1554 2219 1582 2246 et
1596 2217 1701 2246 auferri
1721 2219 1812 2254 potest
1832 2220 1860 2246 et
1880 2217 1966 2254 perdi.
1982 2233 2020 2239 —

331 2396 338 2409 ¹
357 2396 439 2418 Ilomil.
457 2396 477 2417 1.
495 2402 516 2417 11.
536 2395 562 2417 li:
575 2395 666 2417 Discunt
679 2395 708 2416 illi
723 2394 764 2423 qui
780 2394 914 2422 splendidas
929 2396 1064 2416 construunt
1080 2393 1118 2415 do-

268 2442 331 2463 mos,
349 2436 405 2457 latas
422 2435 537 2463 porticus,
555 2435 622 2461 longa
640 2436 717 2461 septa,
737 2433 853 2456 Christum
876 2439 921 2455 non
939 2432 1059 2459 habuisse,
1077 2432 1117 2455 nbi

269 2478 338 2503 caput
354 2480 422 2497 51111111
440 2474 560 2496 reclinaret
578 2473 662 2502 [Matth.
681 2474 708 2500 8,
727 2472 782 2502 20.].
801 2471 959 2500 Quamobrem
975 2472 1118 2499 interrogant

269 2514 314 2536 illi:
334 2513 378 2536 Ubi
393 2512 428 2536 vis
442 2518 558 2542 paremus
576 2511 618 2535 tibi
634 2511 753 2535 comedere
771 2510 863 2534 Pascha
880 2510 968 2540 [Mauri.
985 2510 1026 2537 26,
1046 2510 1109 2540 y17.]‘.’

332 2551 340 2565 2
358 2553 429 2580 Epist.
446 2552 484 2574 52.
500 2551 564 2580 (alias
579 2550 609 2580 2.)
629 2557 652 2573 11.
670 2551 707 2572 11.

332 2591 341 2604 ⁸
358 2592 400 2614 Vel
418 2591 494 2619 potius
519 2590 629 2613 Aelredus
655 2589 727 2612 abbas
752 2590 852 2612 Rievalis
868 2589 892 2611 in
917 2589 993 2611 Tract.
1019 2589 1048 2611 de
1069 2589 1119 2611 lesu

271 2637 342 2658 puero
360 2630 491 2657 duodenni,
509 2630 531 2652 in
548 2636 595 2658 quo
613 2629 739 2657 explicatur
757 2629 811 2651 illud
829 2629 883 2651 Luc.
901 2629 928 2656 2,
947 2628 989 2651 42:
1007 2628 1064 2651 Cum
1085 2628 1120 2657 fa-

270 2672 321 2693 ctus
333 2671 391 2693 esset
404 2670 482 2698 (lesus)
496 2675 617 2692 annorum
631 2668 755 2691 duodecim
766 2672 810 2690 etc.
825 2668 893 2696 (inter
910 2674 980 2696 opera
998 2667 1120 2696 Bernardi)

270 2717 292 2732 11.
310 2710 331 2731 6.
349 2709 392 2732 Csr.
411 2712 466 2731 tom.
485 2709 512 2730 V.
529 2715 583 2736 pag.
605 2708 659 2735 156,
678 2708 721 2730 col.
738 2708 753 2730 l.
773 2708 795 2729 in
813 2707 864 2729 sine.

333 2748 342 2760 ³
360 2749 414 2771 Sive
431 2748 460 2770 110
477 2748 679 2770 sacramentorum
697 2746 846 2774 Diversirate,
863 2746 892 2769 ad
910 2746 1044 2768 Waleranni
1065 2751 1121 2774 que-

271 2788 329 2809 relas
346 2787 479 2815 responsio,
504 2793 524 2809 0.
543 2786 564 2808 3.
586 2785 631 2808 Ct'r.
656 2786 710 2808 Luc.
729 2786 755 2812 2,
776 2786 807 2807 7:
830 2786 855 2807 Et
877 2785 996 2807 reclinaxit
1019 2791 1072 2807 eum
1096 2785 1117 2807 in

271 2826 393 2854 praesepio
411 2830 466 2853 etc.;
484 2826 510 2852 9,
536 2825 578 2847 58:
604 2825 673 2847 Filius
690 2828 766 2847 autem
790 2824 890 2847 hominis
911 2830 956 2846 non
974 2823 1057 2851 habet,
1079 2823 1121 2846 ubi

272 2868 341 2893 caput
363 2865 455 2887 reclinet
473 2866 523 2893 (cfr.
541 2865 617 2886 lllatth.
641 2865 667 2891 8,
688 2864 749 2891 20.);
767 2864 808 2891 23,
830 2864 870 2886 53:
892 2864 917 2885 Et
934 2863 1067 2890 depositum
1086 2863 1121 2885 in-

271 2904 344 2926 rolvit
360 2903 454 2933 [loseph
472 2903 501 2925 ab
524 2902 679 2932 111-1100111300]
696 2903 793 2925 sindone
815 2905 837 2925 et
857 2902 934 2930 posuit
954 2908 1008 2924 eum
1027 2902 1048 2924 in
1072 2907 1120 2923 mo-

272 2945 382 2965 numento
399 2945 442 2965 etc.

336 2980 345 2993 ⁵
362 2981 406 3004 Cir.
424 2987 493 3009 supra
511 2981 596 3009 Opusc.
615 2982 651 3003 Vl.
673 2981 703 3004 de
724 2981 863 3003 Persectione
886 2981 946 3003 vilae
964 2980 993 3003 ad
1015 2985 1118 3008 sorores,

274 3027 293 3043 c.
311 3022 331 3043 3.
350 3027 373 3042 n.
390 3021 411 3042 2.
429 3027 494 3049 seqq.

1237 2391 1247 2404 ὅ
1264 2392 1324 2414 Lihr.
1343 2393 1375 2414 lll.
1393 2392 1415 2413 in
1440 2392 1508 2414 Marc.
1532 2391 1571 2418 Ἰ10,
1589 2391 1632 2418 52,
1658 2390 1697 2413 ubi
1723 2391 1814 2418 exponit
1832 2391 1892 2413 ioan.
1919 2392 1960 2418 12,
1979 2391 2020 2413 26;

1175 2431 1204 2455 Si
1220 2431 1271 2461 quis
1289 2431 1348 2454 1111111·
1364 2430 1487 2454 ministrat
1503 2434 1545 2453 etr.
1563 2430 1693 2458 Respicitur
1710 2430 1765 2452 Luc.
1782 2431 1807 2456 2,
1826 2430 1863 2452 24.

1238 2469 1246 2483 7
1264 2471 1331 2492 Num.
1351 2471 1371 2492 fl.
1396 2470 1558 2498 Respiciumur
1575 2470 1629 2492 Luc.
1647 2471 1672 2496 2,
1689 2469 1711 2491 7.
1734 2472 1756 2491 et
1778 2469 1854 2491 Matth.
1878 2470 1903 2496 2,
1928 2469 1964 2491 ll.
1983 2469 2022 2496 (de

1175 2509 1265 2537 Magis).
1281 2510 1334 2531 Post
1350 2508 1448 2532 [1011111111
1460 2508 1564 2531 1111011110
1581 2511 1603 2531 et
1614 2509 1698 2537 Maqos
1715 2507 1818 2531 adorare
1834 2510 1907 2530 textus
1923 2508 2021 2536 origina-

1174 2549 1202 2571 lis
1218 2549 1283 2576 plura
1301 2548 1370 2571 addit.

1238 2586 1247 2600 ⁸
1264 2588 1348 2610 Hamil.
1365 2588 1387 2610 2.
1405 2587 1427 2609 in
1445 2588 1522 2609 lllatth.
1540 2586 1595 2615 (Op.
1609 2585 1746 2614 imperfect.)
1765 2587 1789 2613 2,
1809 2587 1845 2608 wll.

1238 2626 1247 2639 ⁹
1265 2627 1321 2655 Cap.
1339 2627 1375 2654 111,
1394 2627 1402 2648 1
1413 2627 1431 2648 l.
1448 2626 1528 2648 Glossa
1545 2629 1579 2648 est
1590 2625 1751 2648 interlinearis
1769 2625 1805 2653 (ex
1817 2625 1887 2653 Beda)
1906 2625 1969 2653 apud
1981 2626 2022 2653 Ly-

1175 2673 1266 2689 ranum.
1284 2666 1329 2689 Ct'r.
1346 2672 1417 2694 supra
1434 2672 1488 2694 pag.
1509 2665 1563 2692 113,
1581 2667 1634 2687 nota
1654 2665 1675 2687 5.

1239 2704 1258 2717 ¹⁰
1275 2704 1335 2727 Libr.
1354 2705 1386 2727 111.
1404 2705 1426 2726 111
1452 2705 1519 2726 lilarc.
1546 2704 1582 2732 lt,
1601 2704 1644 2726 lt:
1662 2704 1687 2725 Et
1703 2703 1877 2731 circumspectis
1901 2702 2021 2730 omnibus,

1175 2751 1230 2767 cnm
1247 2744 1291 2766 iam
1310 2750 1423 2772 vesperae
1434 2746 1494 2765 esset
1511 2744 1574 2771 hora,
1592 2743 1645 2765 exiit
1662 2742 1684 2764 in
1702 2742 1834 2764 Bethaniam
1853 2741 1902 2771 [ubi
1913 2740 2021 2770 Lazarus]

1175 2790 1228 2806 011111
1246 2783 1378 2806 duodecim.
1395 2783 1447 2805 Post
1464 2781 1583 2805 Dominus
1596 2781 1643 2811 ficit
1659 2784 1732 2803 textus
1749 2781 1865 2808 originalis
1882 2780 1945 2803 addit
1957 2781 1978 2803 e!
1989 2779 2022 2803 ita

1176 2821 1241 2845 nulli
1252 2822 1283 2845 sit
1299 2821 1421 2845 admotus.

1238 2860 1258 2876 ²¹—
1274 2862 1303 2884 Ut
1319 2862 1341 2883 in
1359 2861 1443 2883 eodem
1454 2866 1505 2888 cap.
1518 2861 1586 2882 Marc.
1602 2860 1640 2886 ll,
1655 2860 1707 2882 Ἰ1-10
1722 2859 1857 2882 insinuatur.
1869 2872 1899 2875 —
1912 2858 2022 2886 Superius

1175 2908 1218 2929 pro
1235 2900 1377 2924 condatem-et
1392 2900 1446 2923 edd.
1463 2901 1557 2923 emeret.

1238 2939 1257 2953 ¹²
1275 2940 1332 2968 Cap.
1350 2939 1391 2967 «14,
1409 2940 1446 2962 30.
1463 2939 1542 2961 Glossa
1567 2942 1601 2961 est
1625 2937 1761 2966 ordinaria,
1784 2938 1806 2960 in
1832 2944 1877 2966 qua
1903 2944 1945 2965 pro
1963 2943 2023 2966 pazt-

1172 2986 1216 3009 pet·
1242 2980 1294 3002 erat
1317 2978 1462 3001 substituitur
1484 2984 1579 3007 pauper
1604 2977 1672 3001 venit.
1694 2977 1737 3000 Csr.
1761 2980 1815 2999 tom.
1839 2977 1867 2999 V.
1889 2982 1944 3004 pag.
1967 2976 2021 3004 125,

1175 3021 1228 3040 notu
1250 3019 1282 3040 lO.

2032 629 2107 654 Chrysus

2061 658 2105 673 mus.

2030 1329 2050 1348 ln
2059 1329 2105 1348 vitae
2121 1341 2127 1346 .

2059 1358 2113 1376 gressi

2031 1563 2092 1584 Beda.

2035 1984 2106 2003 Glossa.
