2133 3317
207 217 263 245 748

460 255 515 277 van

206 295 275 317 —in
294 294 357 317 tertia
381 295 508 316 hierarchia
534 297 569 316 est
593 294 712 316 adoranda
733 300 775 322 per

209 333 348 356 sacrificium
365 336 387 355 et
404 333 569 360 laudationem,
584 333 721 355 admiranda
733 339 775 361 per

209 378 329 394 excessum
347 375 369 394 et
386 372 618 400 contemplationem,
634 372 775 400 amplecten-

207 411 236 434 da
264 418 305 439 per
331 412 437 433 osculum
462 415 484 433 et
509 411 656 433 ditectionem
672 409 727 433 ibid.
744 423 775 427 —

207 457 297 472 summa
316 451 438 473 manifeste
463 450 555 473 videtur
582 450 604 472 in
622 450 694 478 gloria
714 451 737 472 11
762 451 769 472 1

207 502 237 505 -
255 490 276 511 111
294 490 426 517 cognitione
449 490 552 512 veritatis
578 489 664 517 pendet
680 489 775 512 scientia

208 529 276 551 totius
285 535 303 550 s.
316 529 463 556 scripturae,
476 529 584 551 meritum
595 529 656 551 vitae
668 531 775 551 aeternae

208 570 230 590 et
247 568 338 590 animae
356 567 493 590 beatificatio
512 568 524 590 3
544 568 552 589 1

254 619 284 623 -
303 607 382 629 Virtus
400 607 502 629 veritatis
519 610 553 629 est
572 607 710 629 invincibilis
729 607 773 629 266

208 646 236 667 30
249 658 279 662 -
291 652 383 674 semper
396 646 467 668 vincit
479 648 501 668 et
510 646 629 668 invalescit
641 646 686 668 265
700 646 729 668 29
743 658 774 662 -

208 685 261 707 Eius
278 686 357 707 lumen
374 685 442 707 etiam
457 685 514 707 inter
526 686 611 708 densas
628 691 733 707 errorum
746 688 776 707 te-

207 723 292 746 nebras
301 724 376 746 radiat
385 723 441 747 ibid.
453 736 483 740 —
496 725 616 746 Amatores
625 724 728 746 veritatis
738 723 776 746 bo-

207 769 290 785 norum
304 770 402 791 operum
419 764 550 785 exercitatio
562 766 584 786 et
597 763 711 785 malorum
723 769 774 791 per-

208 803 283 830 pessio
296 808 415 831 nunquam
434 803 519 830 frangit
536 803 565 824 50
587 803 612 824 16
625 814 655 818 -
668 802 776 825 Veritatis

208 842 347 864 reseratione
359 842 453 864 sollicita
466 841 545 864 radius
557 848 627 864 verae
638 841 695 864 lucis
712 842 776 864 insul-

209 884 247 908 get
260 880 304 902 244
327 881 332 902 1
356 893 384 896 —
397 881 531 908 evangelica
543 883 577 903 est
595 881 631 902 lux
649 880 776 903 clarissima

209 920 254 942 389
277 921 302 942 12
319 932 351 936 -
377 920 439 942 velut
463 923 528 942 scuto
553 920 682 942 circumdat
700 920 744 942 234
762 921 775 942 3

209 971 236 975 -
256 959 384 981 intellectus
401 962 492 981 creatus
509 960 531 981 in
549 965 656 981 summae
674 959 776 981 veritatis

211 997 350 1027 obsequium
369 999 402 1021 sic
423 998 564 1026 redigendus
581 1001 627 1026 est,
645 998 708 1027 quod
727 998 776 1020 nul-

210 1038 245 1060 lus
263 1038 351 1060 falsitati
369 1037 507 1066 praebeatur
524 1044 633 1060 assensus
651 1038 696 1059 233
718 1038 723 1059 i
745 1049 776 1054 —

208 1076 276 1099 Omni
294 1077 384 1099 veritati
409 1077 580 1099 assentiendum
598 1079 633 1099 est
651 1077 695 1098 t30
713 1077 726 1098 9
744 1089 776 1093 -

208 1116 333 1138 Veritatem
360 1116 414 1138 fidei
440 1119 461 1137 et
484 1122 575 1137 morum
593 1122 673 1138 amore
691 1116 776 1143 praeci-

209 1162 256 1183 pno
274 1155 407 1177 desiderare
423 1161 450 1177 ac
467 1154 712 1184 quaerere-debemus
730 1155 774 1177 233

209 1195 217 1216 1
239 1207 270 1211 -
286 1195 336 1217 Non
353 1200 434 1217 omnes
450 1197 580 1222 agnoscunt
597 1195 723 1222 aequaliter
740 1200 777 1216 ve-

208 1234 296 1256 ritatem
316 1234 338 1256 in
357 1233 466 1256 omnibus
484 1234 524 1256 351
546 1240 558 1255 a
577 1246 606 1250 —
624 1233 667 1262 Qui
684 1240 697 1255 a
715 1237 776 1256 recta

210 1273 313 1295 veritatis
338 1273 374 1295 via
401 1273 499 1295 discedit
524 1279 565 1300 per
591 1273 659 1295 devia
677 1276 776 1300 vagatur

209 1318 315 1334 errorum
341 1312 386 1334 297
417 1312 441 1334 10
469 1325 496 1328 —-
515 1312 549 1334 Ad
576 1311 695 1334 veritatem
714 1311 778 1334 ducit

210 1355 274 1373 actus
292 1352 464 1373 illuminationis
482 1352 495 1373 3
510 1352 517 1373 1
536 1364 565 1367 -
577 1351 611 1373 Ad
629 1351 777 1379 splendorem

209 1391 312 1413 veritatis
329 1391 464 1418 pervenitur
476 1397 518 1418 per
530 1390 681 1412 imitationem
694 1390 778 1412 Christi

210 1431 238 1452 12
257 1431 269 1452 3
287 1442 318 1446 -
337 1430 377 1452 Via
396 1434 418 1452 et
435 1430 544 1458 splendor
562 1430 665 1452 veritatis
677 1432 711 1452 est
722 1435 777 1452 crux

210 1469 238 1491 14
257 1469 270 1491 5
287 1482 318 1485 -
336 1470 377 1491 Per
395 1469 506 1491 ieiunium
525 1469 661 1497 impetratur
678 1469 778 1497 pei-secta

209 1509 357 1536 intelligentia
377 1508 479 1530 veritatis
497 1508 541 1530 270
561 1508 588 1530 16

260 1548 347 1570 Ventus
365 1560 394 1563 —
413 1548 486 1569 t'oena
505 1547 592 1569 vermis
609 1547 632 1569 in
645 1547 733 1569 inferno
745 1550 779 1569 est

210 1586 358 1609 intolerabilis
376 1586 404 1609 54
424 1586 436 1608 6

257 1626 374 1649 Vesrssrmiz
392 1638 418 1641 —
440 1632 482 1654 pro
501 1627 555 1648 hora
580 1625 718 1649 duodecima
746 1632 779 1648 ce-

210 1664 293 1687 lebrari
312 1664 398 1687 debent
415 1665 460 1687 409
479 1666 492 1687 6

259 1705 379 1727 Vnsriotun
389 1717 419 1720 —
432 1704 546 1727 Creatoris
558 1707 611 1726 sunt
622 1711 704 1727 omnes
716 1710 779 1727 crea-

210 1746 274 1766 turae
292 1744 321 1766 30
340 1744 352 1765 3

259 1783 418 1805 Vesrnnzw'rum
443 1795 474 1799 —
499 1783 649 1805 Vestimentis
677 1789 780 1805 necessa-

210 1822 249 1844 riis
266 1822 370 1845 Christus
395 1828 474 1844 carere
499 1828 544 1844 non
562 1823 638 1850 potuit
655 1822 700 1845 275
718 1824 730 1844 8
749 1835 779 1838 —

210 1861 293 1883 Christi
310 1861 424 1889 sanguine
441 1867 483 1883 suo
495 1861 639 1884 rubricatum
652 1865 686 1884 est
702 1862 731 1884 80
749 1862 774 1884 31

212 1913 243 1917 -
260 1901 363 1928 Apostoli
380 1905 402 1923 et
419 1901 592 1928 praedicatores
609 1901 712 1923 veritatis
724 1902 779 1923 sim-

211 1941 262 1968 plici
280 1941 364 1962 vestitu
381 1940 480 1962 contenti
493 1946 543 1963 esse
556 1940 642 1963 debent
659 1940 703 1962 273
722 1941 736 1963 5
748 1953 779 1957 -

212 1980 354 2001 Vestimenta
380 1980 488 2002 deliciosa
515 1986 628 2008 quaerere
645 1983 679 2002 est
696 1986 779 2003 concu-

212 2019 322 2047 piscentia
348 2019 474 2047 voluptatis
501 2019 513 2041 4
540 2019 553 2041 5
574 2032 599 2035 —
619 2020 683 2048 Quae
709 2026 721 2042 a
739 2020 779 2042 FF.

212 2058 338 2080 Minoribus
366 2058 411 2080 sint
436 2058 582 2081 observanda
609 2059 687 2087 quoad
714 2059 780 2081 vesti-

212 2101 343 2120 mentorum
361 2098 485 2125 vilitatem,
502 2098 690 2126 procurationem
708 2102 780 2120 etsu-

211 2137 364 2165 perssuitatem
385 2137 423 2159 451
446 2143 467 2164 a,
485 2137 499 2159 b
517 2150 548 2154 —
566 2137 655 2160 Dictum
679 2137 780 2160 notabile

213 2177 234 2198 S.
264 2176 379 2199 Francisci
407 2177 484 2205 quoad
510 2177 607 2199 vestitus
632 2177 779 2205 asperitatem

214 2216 258 2238 516
277 2216 290 2237 2
309 2228 337 2231 ——
358 2216 451 2243 Propter
476 2222 514 2237 sex
537 2216 635 2238 rationes
653 2222 695 2244 per
712 2216 781 2244 privi-

212 2255 298 2282 legium
318 2255 469 2282 apostolicum
488 2254 630 2282 prohibitum
648 2258 690 2281 est,
701 2261 731 2277 ne
742 2255 780 2277 alii

212 2294 317 2316 deserant
335 2297 411 2315 vestes
428 2294 531 2315 Fratrum
559 2293 671 2316 itliuorum
691 2294 735 2316 363
758 2293 779 2316 b.

214 2333 259 2355 364
278 2339 289 2354 a
307 2345 338 2349 —
357 2333 438 2355 Vestes
460 2339 550 2360 sacrae,
573 2333 652 2361 quales
677 2339 727 2355 esse
744 2333 781 2355 de-

216 2371 285 2394 beant
304 2371 347 2393 453
366 2378 378 2393 a

261 2411 302 2433 Via
321 2424 352 2428 —
369 2415 432 2433 areta
450 2411 514 2433 ducit
530 2411 559 2433 ad
578 2411 648 2434 vitam
662 2411 707 2433 235
726 2412 738 2433 2
751 2424 780 2427 -

214 2451 337 2478 purgativa
355 2451 458 2473 consistit
483 2450 505 2472 in
530 2451 663 2478 expulsione
681 2451 781 2478 peccati,

213 2490 363 2511 illuminativa
389 2490 412 2512 111
438 2490 565 2512 imitatione
582 2489 676 2517 Christi,
694 2490 781 2512 unitiva

214 2529 235 2550 in
252 2529 398 2556 susceptione
425 2529 508 2556 Sponsi
535 2529 563 2551 12
588 2529 596 2550 1
617 2541 649 2545 -
666 2529 783 2558 quaelibet

213 2567 282 2590 habet
299 2568 394 2596 gradus,
411 2567 497 2596 quibus
522 2568 653 2591 ascenditur
679 2567 734 2590 ibid.
753 2581 781 2583 —

214 2607 370 2635 purgationis,
388 2607 560 2629 illuminationis
587 2610 609 2629 et
638 2607 782 2635 perfeetionis

214 2646 277 2668 ducit
302 2646 331 2668 ad
358 2646 465 2668 meritum
491 2649 512 2668 et
534 2646 714 2673 beatitudinem,
737 2646 783 2668 adi-

214 2686 325 2713 piscendo
351 2692 446 2713 pacem,
472 2685 591 2708 veritatem
618 2689 640 2708 et
663 2686 781 2708 caritatem

216 2726 228 2747 3
248 2726 256 2746 1

263 2764 374 2787 Viixricun
386 2776 417 2780 —
429 2764 519 2792 Corpus
531 2764 612 2787 Christi
626 2767 659 2787 est
671 2764 781 2786 viaticum

216 2806 306 2825 nostrae
324 2804 516 2831 peregrinationis
538 2804 578 2825 102
595 2804 608 2825 9

262 2843 368 2865 Vicimus
385 2855 415 2859 —
432 2842 550 2865 Ordinatio
568 2843 644 2871 quoad
663 2842 781 2864 Vicarium

216 2882 381 2909 provincialem
401 2882 444 2904 463
462 2888 474 2903 a
491 2894 522 2898 —
539 2881 685 2909 Conventus,
697 2882 749 2910 quis
761 2884 783 2903 et

216 2921 335 2948 quomodo
353 2921 507 2943 instituendus
523 2921 551 2943 sit
570 2921 613 2943 467
633 2920 647 2943 b

265 2960 371 2983 Vicronnt
390 2973 420 2977 —-
436 2960 541 2983 Christus
559 2960 668 2983 victoriae
693 2966 783 2982 assecu-

218 2999 278 3020 tione
295 3005 336 3021 nos
354 3000 405 3022 facit
422 3000 499 3021 viriles
516 2999 545 3021 73
568 3000 592 3021 10

907 217 1007 245 INDEX
1029 217 1278 246 ALPHABETICUS.

856 295 938 317 Vicws
956 307 985 310 —
1002 294 1053 317 vide
1069 301 1092 317 v.
1110 294 1189 318 Cibus.
1212 307 1243 312 —
1260 301 1308 317 non
1334 296 1375 318 im-

808 333 872 361 pedit
888 333 1024 361 religionem
1042 333 1179 356 christianae
1196 333 1249 356 fidei
1267 334 1307 356 261
1331 335 1358 356 13

855 373 925 395 Vtcus
941 385 972 389 —
989 372 1061 394 Albus
1078 372 1123 395 555
1142 373 1170 394 12

855 412 943 434 Vineae
960 423 991 427 —
1008 412 1124 439 Appetere
1141 411 1222 434 videre
1246 412 1325 439 pulcra
1342 414 1377 434 est

809 450 892 473 vitium
910 450 1049 472 curiositatis
1068 449 1081 472 4
1099 451 1112 473 5

857 489 930 512 VinuA
949 502 979 505 —
997 490 1121 517 sareptana
1148 489 1213 517 pavit
1238 490 1309 512 Etiam
1330 489 1376 512 324

809 528 838 550 24
856 540 886 544 -
903 529 1044 556 paupercula
1070 529 1169 551 ott'erens
1194 529 1241 551 duo
1259 529 1346 551 minuta
1363 535 1375 551 a

808 566 899 590 Christo
924 567 1031 590 laudatur
1058 566 1113 590 ibid.
1130 580 1159 583 —
1177 569 1321 596 paupercula
1346 570 1377 590 to-

809 608 858 628 tum
875 607 954 629 dando
971 606 1026 628 nihil
1044 606 1088 629 sibi
1113 607 1243 629 reservavit
1260 610 1329 636 atque
1346 607 1376 629 ita

810 646 832 668 in
850 649 951 668 extrema
970 652 995 668 se
1012 646 1116 668 nuditate
1134 646 1251 668 constituit
1268 647 1314 668 280
1332 647 1361 668 22

856 685 985 707 VicitAivrnt
1003 697 1033 701 —
1050 687 1085 707 est
1101 685 1124 707 in
1142 685 1284 713 gratitudine
1301 692 1378 708 exsur-

809 730 867 751 gens
892 724 922 746 ad
944 724 1060 746 canticum
1086 727 1181 752 propter
1209 723 1376 747 beneficiorum

810 763 929 785 utilitatem
955 764 979 785 16
1009 763 1037 785 10
1062 775 1093 779 -
1110 766 1132 785 te
1157 763 1261 786 sollicitet
1282 767 1377 791 propter

810 802 893 830 Sponsi
911 802 1120 830 promptitudinem
1140 802 1166 824 14
1181 803 1202 825 6.
1215 803 1244 825 ’15
1257 803 1269 824 8
1282 815 1313 819 —
1325 809 1377 825 con-

809 842 907 870 siderat,
925 848 996 870 quam
1014 843 1148 870 honestum,
1165 848 1236 870 quam
1249 843 1377 869 conserens,

809 887 881 909 quam
893 880 1029 903 delectabile
1043 881 1071 903 sit
1085 880 1180 908 diligere
1192 881 1266 903 Deum
1281 881 1309 903 15
1321 881 1334 902 7
1347 894 1377 897 —

810 921 839 943 Ex
857 920 976 948 vigilantia
994 920 1096 942 nascitur
1113 920 1197 942 fiducia
1216 919 1270 943 ibid.

857 959 999 982 Vicitnnrius
1015 972 1046 975 —
1063 959 1126 981 solus
1138 959 1306 981 haereticorum
1324 965 1378 987 pau-

810 999 905 1026 pertatis
921 998 1029 1026 dignitati
1046 998 1168 1025 derogavit
1186 999 1230 1020 286
1249 999 1257 1020 1
1279 1011 1310 1015 -
1327 1004 1379 1020 con-

811 1040 843 1060 tra
862 1038 1006 1066 paupertatis
1031 1037 1199 1065 professionem
1225 1041 1247 1060 et
1269 1040 1378 1060 sustenta-

811 1077 895 1099 tionem
909 1083 1039 1105 pauperum
1052 1078 1189 1099 Sanctorum
1199 1077 1263 1098 virus
1275 1077 1379 1099 evomuit

809 1115 865 1138 ibid.
884 1128 915 1132 -
931 1119 1015 1138 statum
1033 1116 1175 1138 saecularem
1193 1116 1262 1138 statui
1280 1116 1378 1143 Religio-

810 1155 846 1177 nis
864 1156 982 1182 praeserre
999 1154 1126 1177 conabatur
1144 1154 1189 1176 249
1212 1154 1235 1176 17

860 1194 958 1216 Vicum
976 1206 1006 1210 —
1023 1193 1091 1216 Omni
1109 1196 1214 1222 tempore
1226 1194 1330 1222 operatio
1347 1195 1378 1216 vi-

811 1234 917 1261 giliarum
936 1233 1036 1261 pretiosa
1054 1232 1161 1255 habenda
1179 1236 1213 1255 est
1232 1233 1275 1255 494
1294 1233 1308 1255 b

858 1273 942 1295 Vitizsu
959 1284 990 1288 -—-
1008 1272 1053 1294 563
1072 1273 1085 1294 2

859 1312 950 1334 Viti-ms
966 1324 996 1327 -—
1015 1311 1073 1333 Vilia
1092 1317 1184 1333 summo
1202 1311 1278 1333 studio
1291 1311 1380 1340 quaeri-

811 1354 885 1373 tantes
901 1350 986 1373 nobilia
1004 1357 1046 1378 per
1064 1350 1175 1372 incuriam
1194 1350 1296 1378 perdunt
1308 1350 1352 1373 470
1365 1351 1378 1372 2

810 1402 841 1407 —
850 1390 884 1412 Ad
894 1396 998 1412 amorem
1008 1389 1101 1412 vilitatis
1110 1389 1214 1412 habilitat
1222 1390 1332 1412 severitas
1342 1390 1355 1411 5
1365 1390 1378 1411 9

859 1430 955 1452 Viscum
968 1441 999 1445 —
1011 1429 1113 1451 Vinculis
1130 1429 1230 1451 caritatis
1247 1429 1380 1457 devinctus,

811 1468 915 1491 Christus
932 1468 962 1491 ad
983 1468 1131 1496 suscipienda
1155 1468 1245 1490 vincula
1267 1468 1379 1496 passionis

811 1508 841 1530 de
858 1508 921 1530 caelo
939 1508 962 1529 in
980 1510 1066 1529 terram
1093 1510 1178 1530 tractus
1195 1508 1236 1529 suit
1255 1507 1299 1529 168
1317 1507 1331 1529 5
1348 1519 1379 1523 —

812 1548 916 1575 Quatuor
933 1547 1031 1569 vinculis
1043 1546 1147 1569 Christus
1159 1547 1242 1574 ligatus
1254 1547 1295 1568 t'uit
1308 1546 1353 1568 -165
1366 1547 1374 1567 1

811 1598 843 1602 —
861 1586 932 1608 Valde
958 1586 1016 1608 (iura
1041 1589 1063 1607 ct
1088 1586 1184 1608 immitia
1207 1587 1298 1608 suerunt
1323 1587 1379 1607 haec

812 1625 905 1648 vincula
928 1625 968 1647 166
991 1626 995 1646 l
1020 1638 1047 1640 —
1066 1624 1380 1653 Christus-proptermiseri-

812 1664 916 1687 cordiam
935 1670 1001 1686 suam
1019 1664 1103 1691 ligatus
1121 1664 1161 1686 suit
1179 1663 1232 1687 ibid.
1249 1676 1280 1680 —
1299 1664 1380 1686 Vincu-

812 1704 838 1725 lis
855 1703 939 1726 Christi
957 1703 1042 1731 gratias
1067 1703 1185 1731 agendum
1207 1707 1253 1730 est,
1270 1703 1324 1731 quia
1341 1709 1380 1725 no-

812 1746 858 1765 stra
876 1743 969 1765 vincula
994 1745 1099 1770 potenter
1121 1743 1258 1771 dirumpunt
1276 1742 1331 1765 ibid.
1349 1754 1380 1758 -—-

813 1782 856 1810 Qui
874 1781 903 1804 (le
929 1782 995 1804 terris
1022 1782 1078 1804 trahi
1104 1781 1221 1804 desiderat
1243 1782 1272 1804 ad
1291 1781 1380 1803 caelum

812 1821 878 1849 prius
896 1821 1009 1849 passionis
1026 1821 1125 1843 vinculis
1142 1827 1184 1843 suo
1196 1821 1266 1848 capiti
1278 1820 1381 1848 colligari

813 1860 882 1883 debet
900 1861 944 1882 168
962 1860 976 1882 5
994 1873 1025 1876 ——-
1036 1861 1078 1882 Per
1090 1860 1191 1882 caritatis
1202 1860 1292 1882 vincula
1309 1867 1379 1882 unum

812 1906 865 1922 cum
878 1899 969 1923 Christo
980 1900 1094 1922 efficimur
1106 1898 1161 1922 ibid.
1173 1912 1203 1916 —
1217 1899 1307 1927 mentis,
1319 1905 1381 1928 quae

812 1940 857 1962 sint
875 1939 903 1961 46
923 1939 936 1961 4

862 1979 986 2001 visetenim
1004 1992 1033 1994 —
1051 1979 1137 2001 summi
1150 1978 1231 2001 iudicis
1244 1979 1319 2001 nullus
1331 1981 1381 2006 pot-

812 2021 846 2040 est
863 2018 966 2046 effugere
983 2019 997 2040 5
1015 2018 1028 2039 7

862 2058 935 2080 vix-um
953 2070 982 2073 -
1001 2057 1081 2079 transit
1104 2057 1125 2079 in
1149 2057 1286 2085 sanguinem
1305 2057 1349 2079 100
1367 2058 1380 2079 2

813 2110 842 2113 -
860 2097 920 2119 Usus
937 2096 984 2118 vini
1003 2102 1045 2124 pro
1063 2096 1203 2119 nutrimento
1221 2099 1255 2118 est
1268 2096 1382 2124 principa-

813 2136 868 2164 lior,
886 2136 1045 2162 communior,
1064 2136 1172 2158 mundior
1190 2138 1212 2158 et
1229 2136 1306 2158 minus
1324 2136 1382 2158 t'asti-

813 2175 893 2197 diosus
910 2174 964 2197 ibid.
981 2187 1013 2191 —-
1030 2175 1143 2202 siguificat
1164 2175 1302 2202 sanguinem
1320 2174 1382 2197 Chri-

813 2214 842 2236 sti
859 2213 913 2236 ibid.
930 2226 961 2229 —
979 2213 1060 2236 bibere
1077 2220 1123 2235 non
1140 2216 1174 2235 est
1196 2216 1317 2241 peccatum
1336 2214 1380 2236 258

814 2253 827 2275 3
844 2265 876 2269 -
892 2252 1031 2275 Conceditur
1057 2253 1105 2274 vini
1127 2259 1195 2280 usus,
1218 2252 1260 2274 sed
1277 2253 1327 2275 eius
1343 2252 1381 2274 ab·

814 2292 919 2314 stinentia
937 2292 1031 2314 consilio
1049 2291 1186 2320 perfectiore
1198 2291 1309 2314 suadetur
1326 2291 1380 2314 ibid.

814 2344 844 2346 —
862 2331 906 2359 Qui
923 2331 1020 2358 cupiunt
1046 2331 1144 2353 Domino
1170 2330 1259 2359 absque
1283 2331 1382 2358 impedi-

814 2372 892 2392 mento
918 2370 1006 2392 servire
1029 2376 1042 2391 a
1065 2370 1119 2392 vino
1145 2369 1260 2392 abstinent
1276 2369 1331 2392 ibid.
1351 2382 1381 2386 —

814 2409 872 2431 Tam
890 2408 1006 2431 abstinere
1024 2415 1036 2431 a
1054 2409 1108 2431 vino
1125 2415 1196 2437 quam
1209 2415 1237 2431 eo
1255 2409 1294 2437 uti,
1308 2412 1382 2436 potest

815 2448 865 2470 sieri
881 2449 983 2476 perfecte
1000 2451 1022 2470 et
1040 2448 1172 2476 imperfecte
1189 2448 1233 2470 259
1251 2448 1265 2470 7
1282 2461 1313 2465 -
1331 2448 1382 2470 tiliis

815 2488 890 2509 Aaron
909 2490 1018 2516 tanquam
1041 2487 1175 2510 sublimiora
1197 2487 1286 2515 adeptis
1303 2487 1382 2515 prohi-

815 2525 888 2549 bitum
902 2527 950 2553 suit,
959 2533 1013 2549 cum
1027 2527 1182 2549 ministrarent
1194 2527 1239 2548 263
1252 2527 1281 2549 20
1293 2539 1323 2543 -
1334 2526 1381 2549 Viri

816 2566 909 2594 perfecti
927 2566 1001 2589 tribus
1018 2566 1047 2588 de
1065 2566 1141 2588 causis
1163 2566 1191 2588 ad
1209 2566 1290 2587 vinum
1308 2572 1332 2588 se
1349 2571 1382 2587 re-

816 2606 950 2628 laxaverunt
968 2605 1013 2628 264
1032 2605 1061 2627 25
1074 2618 1103 2621 ——
1116 2605 1183 2632 virgo
1201 2604 1282 2627 Christi
1301 2606 1382 2633 sugere

816 2645 886 2667 debet
902 2651 945 2673 pro
962 2651 1052 2667 veneno
1070 2645 1110 2666 261
1133 2644 1204 2666 14-
1216 2650 1309 2672 semper
1321 2650 1381 2672 aqua

815 2684 961 2707 miscendum
974 2686 1008 2706 est
1020 2684 1065 2706 482
1078 2685 1091 2706 2
1103 2696 1134 2699 -
1147 2683 1292 2706 Delinidones
1304 2683 1382 2712 quoad

816 2724 975 2752 provisionem
1001 2723 1049 2745 vini
1073 2722 1117 2745 464
1136 2722 1151 2745 b
1170 2735 1198 2738 —
1216 2722 1262 2745 Cur
1279 2722 1382 2745 Christus

817 2763 839 2785 in
855 2769 925 2785 cruce
942 2762 1023 2784 vinum
1042 2763 1186 2790 myrrhatum
1200 2764 1287 2784 tantum
1305 2765 1384 2789 gusta-

815 2802 875 2825 verit
892 2802 937 2824 -177
956 2802 964 2824 1

864 2842 932 2864 Vtotn
952 2854 979 2857 —
993 2841 1145 2863 humilitatem
1157 2840 1272 2868 significat
1289 2840 1332 2862 192
1345 2839 1382 2862 53.

820 2881 861 2903 193
880 2880 909 2903 54

864 2920 935 2942 Vnica
953 2932 983 2936 —
1002 2919 1085 2942 seriens
1102 2918 1200 2941 debetur
1212 2918 1273 2941 vitiis
1292 2919 1335 2941 136
1355 2918 1363 2939 1

864 2959 936 2981 Viaco
949 2971 979 2975 —
994 2965 1006 2980 a
1025 2958 1139 2980 viriditate
1156 2964 1240 2980 nomen
1258 2957 1383 2980 1131101204

816 2999 844 3020 87
858 3010 888 3014 -
899 2998 1022 3026 Virginitas
1034 2998 1146 3025 figuratur
1158 3003 1199 3025 per
1211 2997 1283 3019 lilium
1297 2997 1304 3019 rt
1312 2997 1340 3018 96
1354 2996 1383 3018 63

1675 257 1725 279 VlR

1409 308 1440 312 —
1452 295 1519 318 Aliud
1532 298 1566 318 est
1578 295 1682 318 medium
1700 295 1823 324 pudicitiae
1836 296 1975 324 coniugalis,

1409 334 1470 357 aliud
1495 335 1660 357 sanctimoniae
1684 335 1802 363 virginalis
1820 336 1864 357 322
1892 336 1920 357 18
1946 348 1976 352 -

1409 374 1535 401 Virginitas
1551 376 1586 396 est
1606 373 1728 401 pei-rectior
1748 380 1819 402 quarn
1842 374 1975 402 coniuqum

1410 412 1454 434 258
1473 412 1493 434 4.
1512 413 1556 434 268
1575 413 1587 434 6
1605 425 1636 429 -
1652 419 1700 435 11011
1725 415 1759 435 est
1781 418 1874 440 semper
1900 414 1975 441 perfe—

1409 451 1466 473 ctior
1478 451 1600 479 coniugata
1613 452 1657 474 268
1671 451 1684 473 6
1696 464 1727 468 —
1740 451 1865 479 Virginitas
1877 452 1977 479 praeser-

1410 492 1446 512 tur
1463 490 1557 512 cuilibet
1582 491 1664 518 gradui
1687 490 1813 518 pudicitiae
1838 491 1879 512 311
1908 491 1921 513 3
1944 504 1974 507 —

1410 529 1487 551 Status
1503 535 1621 551 sacrarum
1640 529 1757 557 virginum
1784 535 1831 551 non
1847 530 1976 557 praefertur

1409 567 1478 591 statui
1495 568 1650 595 praelatorum
1670 568 1706 590 vel
1730 568 1833 590 virorum
1852 568 1976 596 quorumli-

1410 606 1449 628 bet
1465 605 1518 629 ibid.
1536 619 1567 623 —
1584 607 1716 629 loviniaiius
1733 607 1889 634 virginitatem
1902 610 1925 629 et
1936 613 1976 635 pu-

1410 645 1511 667 dicitiam
1529 645 1674 674 coniugalem
1700 646 1801 674 aequalis
1819 646 1881 674 apud
1904 646 1976 668 Deum

1410 684 1485 706 meriti
1502 685 1590 707 censuit
1608 685 1652 707 263
1673 685 1700 706 18
1718 697 1749 701 -
1771 685 1860 713 Quanta
1878 685 1907 707 sit
1928 685 1977 713 pul-

1410 723 1500 746 critudo
1526 723 1664 751 virginitatis
1689 723 1734 745 206
1758 724 1796 745 93.
1813 730 1848 752 sq.
1866 735 1897 739 —
1913 724 1978 746 Varii

1410 766 1464 785 sunt
1480 762 1567 790 gradus
1592 763 1731 790 virginitatis
1756 763 1800 785 206
1819 763 1857 785 95.
1877 763 1921 785 207
1939 763 1977 785 96.

1411 808 1446 830 sq.
1462 813 1492 817 —
1511 802 1531 823 in
1551 802 1648 824 Ecclesia
1672 801 1713 824 Dei
1738 802 1849 824 excellunt
1866 805 1977 831 tanquam

1411 841 1480 863 flores
1497 841 1518 862 in
1536 841 1641 869 gramine
1668 840 1713 862 194
1738 841 1767 863 57
1785 853 1816 856 »-
1832 843 1885 863 sunt
1910 840 1976 869 quasi

1411 880 1508 908 quidam
1526 880 1599 907 adeps
1616 883 1638 902 et
1655 880 1755 902 medulla
1778 880 1846 902 totius
1864 880 1978 902 Ecclesiae

1413 919 1456 941 206
1476 918 1505 941 94
1522 931 1552 935 -
1569 919 1644 941 Bonos
1662 919 1765 947 virgines
1789 925 1840 941 esse
1857 925 1976 941 summum

1412 958 1499 981 bonum
1524 961 1559 980 est
1582 961 1604 980 et
1628 964 1719 980 summa
1746 958 1818 986 gratia
1837 958 1881 980 204
1900 958 1928 980 89
1945 970 1976 975 —-

1411 998 1472 1020 Laus
1489 997 1626 1025 virginitatis
1648 997 1688 1019 196
1707 997 1735 1019 63

1460 1049 1488 1052 -
1506 1043 1531 1059 se
1548 1039 1618 1059 totam
1637 1037 1727 1064 Sponso
1739 1037 1830 1059 caelesti
1843 1042 1978 1059 consecrare

1412 1075 1481 1098 debet
1498 1076 1543 1098 215
1561 1076 1600 1097 119
1613 1088 1644 1092 —
1656 1075 1758 1098 eminent
1774 1075 1876 1098 castitate
1892 1078 1915 1098 et
1925 1081 1978 1098 con·

1412 1115 1504 1137 tinentia
1523 1115 1551 1137 62
1570 1115 1598 1136 18
1611 1127 1642 1131 -
1654 1114 1675 1136 111
1693 1117 1752 1137 terra
1765 1115 1893 1142 angelicam
1906 1115 1977 1137 vitam

1412 1154 1501 1176 ducunt
1517 1154 1562 1176 297
1581 1154 1609 1175 98
1623 1166 1652 1170 -
1666 1154 1751 1176 Votum
1769 1154 1920 1176 continentiae
1932 1153 1976 1176 vir-

1412 1194 1494 1221 ginalis
1511 1196 1545 1215 est
1569 1193 1657 1215 consilii
1682 1196 1703 1215 et
1726 1193 1748 1214 in
1774 1195 1865 1215 nostrae
1883 1193 1976 1221 ponitur

1412 1232 1497 1255 liberae
1509 1232 1634 1254 voluntatis
1645 1231 1752 1260 arbitrio,
1764 1238 1790 1254 ac
1803 1238 1844 1260 per
1853 1233 1896 1254 hoc
1905 1231 1978 1254 omitti

1412 1275 1488 1299 potest
1505 1271 1594 1300 absque
1611 1271 1674 1293 omni
1692 1274 1787 1299 peccato
1800 1270 1845 1293 240
1858 1271 1870 1292 3
1883 1283 1914 1287 -
1927 1270 1978 1293 Vir-

1413 1311 1530 1339 ginitatem
1548 1310 1666 1333 custodire
1683 1310 1782 1338 pertinet
1798 1310 1827 1332 ad
1845 1310 1916 1332 vitam
1929 1316 1979 1338 per-

1414 1351 1495 1372 fectam
1513 1349 1558 1371 243
1578 1350 1605 1371 13
1624 1361 1654 1365 -
1671 1349 1701 1371 ad
1724 1349 1823 1377 gradum
1841 1349 1979 1377 virginitatis

1412 1395 1459 1411 non
1476 1395 1502 1411 ex
1520 1391 1643 1416 praecepto
1661 1388 1807 1417 cuiusquam,
1825 1389 1865 1411 sed
1883 1388 1977 1416 propria

1412 1428 1529 1450 voluntate
1553 1428 1649 1449 viriliter
1673 1428 1801 1450 ascendunt
1825 1427 1871 1449 207
1896 1428 1926 1449 98
1948 1440 1977 1443 --

1413 1467 1544 1495 Virginitati
1562 1469 1586 1489 ut
1597 1466 1662 1494 operi
1674 1466 1820 1494 privilegiato
1832 1466 1930 1489 debetur
1941 1472 1979 1489 an-

1412 1507 1473 1528 reola
1492 1506 1537 1528 214
1556 1506 1608 1528 115.
1632 1506 1677 1528 250
1705 1506 1732 1527 19
1750 1518 1780 1522 -
1798 1506 1922 1533 Virginitas
1939 1511 1978 1528 vo-

1413 1545 1488 1567 venda
1505 1548 1527 1567 et
1543 1545 1672 1573 appetenda
1685 1548 1719 1567 est
1730 1545 1759 1567 ad
1777 1545 1818 1567 trIa
1830 1545 1978 1567 incommoda

1413 1585 1474 1607 vitae
1491 1584 1619 1612 praesentis
1636 1584 1728 1606 vitanda
1747 1587 1769 1606 et
1787 1584 1829 1606 tria
1854 1584 1978 1606 commoda

1413 1625 1503 1646 suturae
1521 1624 1609 1651 gloriae
1634 1623 1775 1652 acquirenda
1793 1624 1838 1645 209
1857 1623 1910 1645 104.
1926 1629 1978 1652 sqq.

1413 1663 1454 1685 211
1477 1664 1530 1685 108.
1546 1669 1598 1692 sqq.
1615 1675 1645 1679 —
1663 1663 1785 1691 Nunquam
1806 1663 1846 1691 qui
1863 1669 1979 1685 commen-

1413 1704 1453 1725 dat
1469 1703 1624 1730 virginitatem
1643 1702 1791 1724 adversarius
1804 1702 1934 1724 censendus
1946 1705 1980 1724 est

1413 1742 1515 1770 coniugii
1532 1743 1577 1764 236
1595 1742 1607 1764 3
1626 1754 1656 1758 -
1673 1741 1789 1764 Christum
1811 1742 1916 1764 omnium
1933 1741 1979 1764 vir-

1413 1784 1488 1804 tutum
1512 1781 1592 1803 itinere
1617 1781 1700 1803 imitari
1727 1780 1796 1803 debet
1817 1781 1862 1803 212
1887 1781 1931 1803 109
1949 1792 1979 1797 —

1414 1821 1457 1849 lpsi
1475 1821 1569 1843 devotio
1581 1823 1615 1843 est
1628 1820 1696 1843 valde
1707 1819 1836 1842 necessaria
1849 1819 1894 1842 205
1907 1820 1936 1841 90
1948 1832 1979 1836 —

1414 1860 1539 1888 praecipue
1563 1859 1685 1881 humilitati
1709 1859 1803 1881 studere
1827 1858 1913 1881 debent
1935 1858 1979 1881 194

1414 1899 1451 1921 57.
1470 1899 1515 1921 207
1533 1899 1562 1920 98
1579 1911 1610 1914 -—
1628 1898 1752 1926 Virginitas
1777 1904 1823 1920 non
1840 1898 1915 1926 placet
1931 1898 1979 1920 Deo

1413 1938 1462 1961 sine
1487 1938 1615 1960 humilitate
1641 1938 1685 1959 110
1704 1938 1716 1959 3
1735 1949 1765 1953 -
1783 1937 1907 1965 Virginitas
1932 1943 1980 1959 ser-

1415 1977 1490 2000 vanda
1508 1981 1542 2000 est
1560 1977 1687 1999 humilitate
1716 1977 1757 1999 112
1776 1977 1788 1998 8
1807 1989 1837 1993 -
1855 1976 1980 2004 Virginitas

1415 2017 1484 2039 mixta
1509 2016 1631 2039 humilitati
1656 2019 1690 2038 est
1718 2016 1777 2038 sicut
1802 2022 1896 2043 gemma
1921 2021 1978 2038 auro

1414 2056 1564 2084 superaddita
1588 2054 1643 2078 ibid.
1665 2068 1695 2071 -
1712 2061 1792 2077 sacrae
1817 2054 1903 2077 debent
1929 2060 1979 2077 esse

1415 2095 1513 2117 humiles
1530 2095 1625 2123 spiritu,
1637 2095 1740 2121 incessu,
1753 2100 1829 2121 sensu,
1842 2093 1922 2116 habitu
1934 2094 1974 2116 ’111

1415 2135 1428 2156 6
1441 2147 1472 2150 —
1484 2134 1564 2156 Utilius
1576 2136 1610 2156 est
1621 2133 1719 2161 perdere
1731 2133 1886 2161 virginitatem
1899 2134 1921 2154 et
1938 2138 1979 2160 per

1415 2174 1459 2195 hoc
1477 2173 1587 2201 consequi
1605 2172 1770 2200 humilitatem,
1787 2178 1858 2201 quam
1883 2174 1979 2200 propter

1415 2212 1553 2240 virginitatis
1570 2212 1678 2234 meritum
1700 2211 1822 2239 superbire
1839 2212 1884 2234 207
1902 2211 1930 2233 96
1948 2224 1978 2227 -

1414 2265 1445 2267 -
1467 2252 1547 2273 vinum
1565 2252 1645 2279 sugere
1671 2250 1740 2273 debet
1766 2257 1808 2278 pro
1826 2256 1915 2273 veneno
1933 2250 1974 2272 261

1416 2291 1444 2313 114
1462 2303 1491 2306 —
1511 2290 1690 2312 lnnumerabiles
1707 2293 1729 2312 et
1751 2289 1913 2312 subtilissimas
1934 2293 1980 2312 ten-

1415 2330 1512 2352 tationes
1529 2329 1635 2351 diabolus
1652 2329 1708 2357 ipsis
1725 2331 1792 2357 parat
1808 2329 1854 2351 215
1872 2329 1916 2351 119

1461 2381 1492 2385 -
1520 2369 1621 2396 linguam
1646 2368 1740 2391 sollicite
1767 2368 1884 2391 custodire
1910 2367 1980 2390 debet

1415 2409 1460 2430 212
1479 2408 1519 2430 1111
1541 2421 1570 2423 -
1597 2414 1675 2430 sacrae
1699 2408 1798 2430 maxime
1823 2407 1911 2430 silentio
1935 2410 1980 2429 stu-

1414 2447 1469 2470 dere
1487 2447 1572 2470 debent
1591 2447 1635 2469 115
1657 2449 1675 2469 1.
1693 2447 1701 2468 ¹l
1713 2448 1737 2468 16
1763 2448 1785 2474 2,
1803 2446 1816 2468 4
1833 2458 1865 2463 ——-
1881 2446 1980 2474 discipli-

1415 2490 1481 2509 natae
1506 2493 1557 2509 esse
1582 2486 1667 2509 debent
1688 2486 1711 2508 in
1737 2485 1814 2508 verbis
1840 2486 1884 2508 204
1903 2486 1931 2507 88
1949 2497 1979 2501 -

1415 2532 1543 2555 nunquam,
1554 2526 1597 2548 uisi
1608 2526 1632 2547 in
1644 2531 1728 2553 magna
1741 2525 1875 2547 necessitate
1887 2525 1980 2554 loquan-

1415 2569 1451 2588 tur
1469 2566 1513 2587 116
1537 2565 1550 2587 4
1568 2578 1599 2581 -
1616 2565 1678 2593 loqui
1701 2564 1786 2586 debent
1810 2570 1874 2592 raro,
1891 2570 1978 2592 pauca,

1415 2604 1525 2631 breviter,
1542 2610 1595 2626 cum
1612 2604 1695 2626 timore
1720 2607 1742 2625 et
1763 2603 1853 2631 pudore
1870 2602 1902 2625 ib.
1918 2603 1932 2625 5
1948 2615 1978 2619 —

1414 2644 1498 2666 Earum
1515 2643 1587 2665 verba
1605 2642 1691 2665 debent
1707 2648 1758 2665 esse
1770 2643 1806 2670 pia
1824 2645 1846 2665 et
1863 2643 1978 2665 fructuosa

1415 2683 1456 2705 201
1478 2683 1507 2705 82
1525 2695 1554 2698 -
1572 2682 1663 2704 Ν111111111
1680 2681 1779 2704 verbum
1802 2682 1932 2710 proseratur
1949 2680 1978 2703 ab

1415 2728 1456 2744 ore
1473 2722 1571 2749 virginis
1587 2717 1683 2748 Christi',
1701 2721 1765 2750 quod
1782 2721 1836 2743 nihil
1848 2720 1939 2743 virtutis
1956 2720 1979 2742 in

1415 2767 1440 2784 se
1457 2761 1573 2783 contineat
1589 2759 1643 2783 ibid.
1660 2772 1691 2777 ·-—-
1708 2760 1772 2788 Quae
1797 2759 1868 2782 verba
1893 2759 1923 2781 ab
1940 2765 1980 2781 ore

1415 2800 1513 2828 virginis
1529 2800 1655 2822 resecanda
1672 2799 1716 2822 sint
1726 2798 1781 2822 ibid.
1793 2799 1837 2821 203
1850 2799 1879 2821 86
1892 2810 1922 2815 -
1933 2802 1981 2821 stu-

1416 2839 1472 2862 dere
1489 2839 1575 2862 debent
1593 2838 1670 2861 verbis
1684 2839 1792 2865 caritatis,
1809 2838 1943 2860 humilitatis
1959 2840 1981 2860 et

1417 2878 1480 2907 pacis
1498 2879 1543 2900 203
1561 2879 1589 2900 86
1607 2890 1638 2894 —-
1655 2878 1686 2900 Os
1707 2878 1805 2906 virginis
1822 2877 1979 2905 virginitatem

1416 2923 1482 2940 suam
1496 2917 1579 2945 perdit,
1591 2917 1682 2946 quoties
1698 2917 1796 2939 scienter
1808 2916 1908 2945 loquitur
1919 2922 1981 2938 men-

1416 2956 1482 2979 dacia
1499 2955 1553 2979 ibid.
1574 2968 1605 2972 —
1628 2956 1736 2983 Magnum
1759 2955 1862 2978 dedecus
1882 2952 1980 2983 sponsae

1417 2995 1499 3018 Christi
1525 2999 1558 3018 est
1583 3001 1636 3017 cum
1662 2995 1706 3017 alio
1728 3001 1799 3024 quam
1816 3000 1869 3017 cum
1891 2995 1979 3022 Sponsa
