2133 3317
127 2895 180 2915 ante
197 2893 274 2915 mater
291 2894 340 2916 tua.

745 217 942 246 OPUSCULUM
962 217 1007 247 Vll

156 299 248 324 Videns
267 305 362 330 quoque
381 298 529 329 discipulum
548 297 659 322 amatum
678 296 703 320 01
722 296 867 325 amabilem,

156 341 264 366 Fidelem
284 341 329 366 Dei
347 341 482 370 famulum,
501 340 620 365 Ioannem
639 340 693 364 vita
711 338 832 368 nobilem,

156 384 293 415 Alloquens
311 383 397 408 ambos
415 383 521 408 dulciter
539 383 594 413 piae
613 382 680 407 vocis
698 382 810 411 oraculo,

157 426 340 452 Commendasti
358 425 498 457 benigniter
516 425 622 449 Matrem
642 424 735 449 Christi
754 425 888 456 discipulo,

156 469 246 495 Dicens
265 470 325 494 haec
336 469 343 482 ¹
362 469 452 493 Matri:
471 468 580 499 Mulier,
599 475 665 499 eece,
682 468 772 493 Filius
791 469 866 498 tuus,-

127 531 130 534 .
156 512 256 538 Deinde
274 511 417 543 discipulo:
436 511 516 543 Ecce,
534 512 617 536 mater
637 513 689 536 tua.

492 576 595 602 ORATIO.

156 640 176 666 Ο
194 641 275 672 qualis
293 640 458 672 permutatio!
477 648 491 665 o
510 640 605 672 quanta
622 639 806 672 inaequalitas!

156 684 176 709 O
194 684 275 715 qualis
293 683 427 709 desolatio!
448 690 461 709 0
479 691 542 715 quae
560 683 650 708 Matris
668 683 807 708 acerbitas!

128 744 130 747 ψ
155 727 221 752 Dum
238 726 323 752 custos
339 727 415 751 Matri
434 726 545 751 traditur
563 733 608 758 pro
627 726 747 758 magistro
767 726 920 757 discipulus,

155 770 221 794 Dum
240 777 284 800 per
302 769 409 794 Matrem
428 769 563 800 suscipitur
582 776 627 801 pro
646 769 697 794 Deo
723 769 760 793 vir
783 769 963 800 pauperculus,

155 813 221 838 Dum
239 812 317 837 Matri
334 813 419 838 custos
436 812 547 837 mittitur
566 819 610 843 pro
629 819 686 844 rege
705 812 810 843 simplex
829 812 946 837 famulus.

156 856 194 881 Sic
212 855 284 885 tuae,
302 856 374 885 Iesu,
394 856 490 887 gratiae
509 863 548 880 me
566 855 708 880 commendo
726 855 854 880 humiliter

155 899 268 931 Tuaeque
287 900 456 931 providentiae
475 907 513 924 me
531 899 658 924 committo
678 899 828 930 perenniter,

155 942 203 972 Ut,
223 943 339 968 exorante
357 942 460 974 Virgine
479 950 524 973 pro
542 942 613 967 nobis
631 941 676 966 te²
697 941 852 973 suppliciter,

155 986 178 1011 A
197 985 353 1017 peccatorum
373 985 472 1009 turbine
491 985 568 1010 simus
587 985 666 1009 securi
684 985 783 1016 iugiter.

411 1071 538 1104 Quartum
561 1071 678 1096 Verbum.

154 1157 227 1188 Iesu,
246 1157 331 1183 Patris
348 1157 453 1189 ingeniti
471 1157 553 1182 virtus
571 1158 597 1182 et
615 1157 751 1189 sapientia,

154 1201 225 1231 Iesu,
244 1201 361 1232 cuiusque
380 1201 472 1226 conditi
491 1200 562 1225 tenor
581 1200 607 1225 et
625 1200 804 1230 consistentia,

155 1244 192 1269 Tu
210 1244 305 1269 virtute
322 1243 430 1268 mirabili
449 1251 527 1275 panes
545 1243 772 1274 multiplicaveras,

155 1288 192 1312 Tu
210 1287 304 1312 virtute
323 1287 445 1312 consimili
463 1286 562 1311 stellam
581 1286 664 1311 infans
683 1286 802 1315 duxeras,

155 1330 290 1356 Defunctos
309 1330 490 1359 suscitaveras,
509 1337 585 1361 opera
603 1330 667 1354 mira
685 1329 791 1358 feceras,

155 1374 254 1400 Morbos
273 1381 357 1399 omnes
376 1380 524 1403 sanaveras,
544 1373 625 1398 10111111
644 1372 727 1398 01110111
747 1372 914 1402 formaveras,

156 1418 193 1442 Tu
211 1417 305 1442 virtute
324 1417 430 1442 terribili
449 1416 577 1441 daemonia
595 1416 713 1445 eieceras,

155 1461 193 1486 Tu
210 1460 305 1485 virtute
324 1460 445 1485 consimili
462 1459 548 1484 hostes
566 1459 623 1484 tuos
642 1458 830 1490 prostraveras,

156 1503 202 1528 Sed
220 1503 309 1528 affixus
328 1503 454 1534 patibulo,
473 1502 545 1527 Patri
564 1502 646 1527 factus
665 1502 793 1531 obediens,

155 1547 231 1572 Iussu
249 1546 348 1575 Patris,
367 1546 396 1571 ut
414 1545 512 1571 vinculo
531 1544 630 1570 vinctus
651 1552 753 1569 manens
772 1545 798 1570 et
816 1545 930 1576 patiens,

157 1589 204 1620 Qui
222 1590 291 1619 vult,
311 1589 375 1621 quod
394 1589 459 1614 hanc
477 1588 620 1620 angustiam
638 1588 668 1613 ut
685 1588 800 1613 infirmus
825 1588 966 1618 sustineas,

156 1633 208 1658 Nec
227 1631 399 1664 praedictam⁵
418 1632 569 1664 potentiam,
589 1631 614 1657 te
632 1631 757 1661 liberans,
776 1638 904 1661 exerceas3

156 1676 313 1707 Quapropter
332 1676 375 1701 tuo
395 1676 478 1701 sensui
497 1675 628 1701 condolens
646 1674 807 1705 naturaliter,

158 1718 295 1744 Clamorem
314 1718 411 1743 confers
430 1718 555 1750 planctui,
574 1718 657 1743 dicens
674 1717 883 1743 lamentabiliter:

157 1762 220 1793 Eli,
238 1761 301 1793 Eli,
321 1761 391 1786 Zama
407 1761 573 1792 sabacthani,
593 1761 640 1786 hoc
659 1762 710 1792 est,
730 1761 804 1786 Deus
820 1767 905 1792 meus,

157 1805 230 1830 Deus
247 1812 331 1836 meus,
350 1806 380 1829 ut
398 1804 462 1836 quid
479 1804 639 1836 dereliquisti
657 1803 714 1829 me?

492 1871 598 1896 0111110.

158 1934 177 1960 O
195 1934 332 1959 lamentum
351 1935 477 1964 mirabile,
497 1934 603 1959 salutem
622 1942 699 1966 agens
718 1934 859 1959 hominum!

158 1977 178 2003 O
196 1978 314 2002 innocens
332 1984 373 2002 cor
391 1977 497 2007 humile,
517 1984 609 2008 poenas
628 1977 761 2008 deplorans
780 1977 925 2002 criminum!

158 2020 197 2045 Ad
216 2021 241 2045 te
259 2020 308 2045 fert
326 2028 364 2045 me
383 2021 533 2052 compassio,
554 2027 599 2052 pro
618 2028 655 2045 me
674 2020 699 2045 te
719 2020 773 2051 pati
793 2020 886 2050 sentio,

158 2064 224 2088 Ante
243 2064 268 2088 te
286 2071 324 2088 me
343 2064 443 2095 proiicio
461 2063 590 2095 tecumque
608 2063 703 2088 luctum
722 2063 798 2092 facio,

158 2106 224 2131 Nam
243 2106 290 2131 iste
308 2106 392 2131 luctus
410 2106 481 2131 utilis
500 2106 538 2131 est
556 2106 616 2131 mihi
636 2113 681 2137 pro
700 2106 805 2134 solatio,

159 2149 205 2179 Qui
225 2149 284 2174 mihi
304 2148 492 2180 praemiabilis⁴
511 2149 545 2174 sit
564 2150 589 2174 in
607 2148 708 2174 aeterno
727 2149 824 2180 gaudio.

414 2235 538 2268 Quintum
562 2235 679 2260 Verbum.

159 2322 231 2351 Iesu,
251 2322 329 2346 duleis
349 2322 479 2351 memoria,
500 2321 626 2346 sitibunda
644 2321 756 2346 dilectio!

159 2365 232 2394 Iesu,
250 2365 329 2389 dulcis
348 2364 451 2394 fiducia,
470 2364 621 2389 laetabunda
642 2364 755 2389 refectio!

159 2408 224 2433 Dum
244 2408 360 2432 extensus
378 2407 496 2432 existeres
515 2414 590 2438 super
608 2414 678 2432 aram
697 2406 817 2438 patibuli,

159 2451 224 2476 Dum
243 2451 386 2476 immolatus
404 2458 491 2482 ageres
510 2450 701 2482 redemptionem
721 2450 823 2481 populi,

159 2494 225 2519 Dum
244 2493 269 2519 te
287 2494 381 2518 nudum
400 2493 522 2525 aspiceret
540 2493 647 2518 mundus
665 2493 747 2518 instar
766 2493 914 2524 spectaculi,

160 2537 225 2561 Dum
243 2537 380 2561 lamentum
400 2536 541 2562 ostenderet
559 2543 633 2567 super
652 2535 677 2560 te
695 2536 781 2561 vultus
800 2536 906 2565 saeculi,

160 2580 224 2604 Dum
244 2579 329 2605 hostes
347 2580 375 2604 de
395 2579 420 2604 te
437 2579 565 2608 luderent,
585 2579 610 2604 ct
628 2579 682 2604 noti
702 2579 739 2604 tui
758 2578 873 2610 fugerent
884 2577 901 2609 ⁶,

161 2622 226 2647 Dum
244 2623 308 2647 clavi
327 2622 437 2647 membra
455 2622 599 2652 tenderent,
619 2623 644 2646 01
663 2622 732 2647 1101171
746 2629 771 2646 se.
784 2621 968 2651 contraherent,

1009 239 1016 247 .
1038 216 1234 246 RHYTHMICA.
1809 220 1866 248 675

1058 296 1122 321 Dum
1142 297 1246 321 vulnera
1265 297 1444 326 tumescerent,
1464 298 1489 322 et
1507 297 1622 323 humores
1640 297 1789 327 defluerent,

1057 339 1123 364 Dum
1142 347 1230 364 carnes
1248 340 1478 369 contremiscerent,
1498 341 1523 365 et
1542 340 1649 365 virtutes
1667 341 1821 370 arescerent,

1057 382 1128 409 Sitim
1149 382 1237 407 subisti
1256 382 1390 413 fervidam,
1410 383 1478 408 sitim
1496 391 1579 409 amore
1597 384 1756 415 languidam,

1057 425 1128 450 Sitim
1148 426 1271 450 virtutum
1289 426 1417 457 cupidam,
1437 427 1537 451 nostrae
1557 427 1646 452 salutis
1664 426 1777 456 avidam,

1057 468 1167 499 Benigne
1186 467 1303 493 dicensss:
1325 468 1406 500 Sirio,
1425 469 1552 494 hominum
1571 469 1642 494 fidem
1663 470 1733 500 cupio

1058 511 1216 542 Salutemque
1235 511 1358 541 desidero,
1379 519 1424 543 pro
1442 519 1491 543 qua
1511 512 1563 543 pati
1583 520 1620 537 me
1639 512 1722 538 offero.

1392 578 1497 605 0111110.

1058 640 1078 665 O
1098 640 1153 665 31113
1172 641 1349 671 saluberrima,
1369 642 1489 673 exoptans
1508 643 1646 668 amicitias!

1058 683 1078 708 O
1096 683 1152 708 sitis
1172 684 1251 709 cordis
1269 685 1371 714 intima,
1391 684 1509 716 frangens
1528 686 1756 717 concupiscentias!

1057 727 1177 757 Praesta,
1196 727 1226 752 ut
1244 727 1275 752 ad
1293 728 1318 752 te
1337 728 1419 752 sitiam
1440 728 1465 753 et
1483 728 1533 753 ista
1552 728 1594 753 siti
1612 729 1641 753 ut
1659 729 1775 759 ardeam,

1058 770 1166 795 Pravam
1186 770 1253 795 sitim
1272 770 1402 802 effugiam,
1422 771 1479 796 dum
1491 770 1500 784 ⁷
1519 771 1550 796 ad
1569 772 1593 796 te
1612 772 1705 797 fontem
1724 773 1851 798 transeam

1058 813 1196 844 Potumque
1216 813 1282 838 vitae
1300 813 1428 843 hauriam,
1448 821 1496 845 quo
1515 813 1573 839 felix
1592 822 1688 846 semper
1707 822 1820 840 maneam

1057 855 1091 880 Et
1110 855 1188 880 Deum
1208 863 1288 881 meum
1308 856 1418 886 videam,
1438 857 1550 882 sanctam
1569 858 1697 889 ingressus
1717 858 1834 889 patriam.

1325 941 1430 968 Sextum
1455 943 1573 968 Verbum.

1057 1027 1129 1057 Iesu,
1149 1028 1236 1053 nostra
1255 1029 1405 1060 redemptio,
1428 1029 1500 1058 Iesu,
1520 1029 1670 1061 Redemptor
1689 1031 1814 1055 omnium!

1057 1070 1129 1099 Iesu,
1148 1071 1235 1095 nostra
1253 1071 1364 1101 dilectio,
1384 1071 1455 1101 Iesu,
1476 1072 1545 1097 salus
1563 1072 1728 1098 credentium!

1057 1114 1123 1138 Dum
1142 1122 1186 1145 per
1204 1115 1283 1139 crucis
1302 1115 1447 1146 mysterium
1467 1115 1599 1147 diligenter
1617 1123 1749 1148 perageres

1057 1156 1229 1187 Redemptoris
1248 1157 1368 1187 officium,
1387 1157 1416 1182 ut
1433 1158 1557 1183 hominem
1576 1159 1722 1189 redimeres,

1058 1200 1206 1225 Sustinendo
1227 1201 1391 1232 supplicium,
1410 1201 1439 1226 ut
1456 1201 1512 1226 inde
1531 1209 1576 1227 nos
1595 1203 1718 1234 eripereS,

1059 1243 1239 1269 Consummans
1258 1244 1405 1269 sacrificium
1425 1245 1482 1270 tuae
1500 1246 1583 1270 carnis
1601 1246 1626 1270 et
1645 1247 1788 1278 sanguinis,

1059 1287 1238 1311 Consummans
1258 1288 1325 1318 pacis
1343 1288 1463 1319 proelium
1483 1289 1602 1313 salutaris
1620 1290 1776 1319 certaminis,

1059 1329 1240 1355 Consummans
1259 1330 1433 1355 tra11S1t01·ium
1452 1338 1552 1356 cursum
1572 1332 1648 1357 huius
1668 1333 1789 1364 imayim's
1802 1332 1821 1365 Β,

1059 1372 1239 1397 consummans
1259 1372 1382 1404 opificium
1402 1373 1578 1405 redemptionis
1596 1374 1718 1404 hominis,

1059 1415 1124 1440 Dum
1143 1416 1231 1441 mortis
1250 1416 1337 1441 horam
1356 1424 1482 1447 cerneres,
1502 1417 1560 1442 dum
1579 1418 1625 1443 hac
1643 1419 1695 1443 vita
1715 1419 1844 1449 deficeres,

1059 1458 1123 1482 Dum
1143 1458 1216 1483 finem
1236 1460 1283 1484 iam
1304 1460 1473 1491 contingeres,
1492 1461 1551 1486 dum
1570 1462 1652 1486 omnia
1672 1462 1816 1493 perficeres,

1060 1501 1094 1525 Ut
1111 1502 1136 1526 in
1157 1509 1254 1526 summa
1273 1502 1442 1533 concluderes,
1462 1502 1580 1528 dixisti⁹:
1603 1503 1814 1529 C'onsummatum
1826 1505 1870 1529 est.

1059 1544 1125 1569 Nam
1144 1545 1216 1570 Iesus
1236 1545 1366 1570 crucifixus
1385 1546 1437 1575 est,
1457 1546 1482 1571 et
1500 1546 1589 1578 Agnus
1607 1547 1751 1572 immolatus
1769 1548 1822 1577 est,

1059 1588 1167 1620 Sanguis
1185 1589 1237 1613 eius
1256 1588 1349 1614 effusus
1368 1589 1420 1619 est,
1440 1590 1465 1614 et
1483 1590 1591 1621 pretium
1610 1590 1718 1615 solutum
1739 1590 1791 1620 est;

1060 1631 1179 1656 Diabolus
1199 1631 1310 1657 devictus
1330 1633 1381 1662 est,
1401 1632 1426 1657 et
1444 1632 1537 1657 bellum
1556 1633 1754 1658 consummatum
1773 1634 1825 1663 est,

1060 1673 1260 1706 chirographum
1278 1675 1387 1700 deletum
1406 1675 1458 1705 est,
1477 1675 1502 1700 01
1520 1675 1593 1701 1101110
1606 1676 1655 1701 iam
1669 1676 1811 1708 redemptus
1824 1676 1869 1701 est.

1396 1741 1500 1767 Onmo.

1060 1805 1080 1830 O
1099 1805 1211 1834 bonitas,
1231 1805 1292 1830 bone
1311 1805 1383 1833 Iesu.
1403 1805 1445 1836 qui
1464 1812 1490 1829 es
1508 1805 1595 1830 nostra
1614 1804 1711 1829 iustitia
1723 1804 1757 1829 ¹⁰!

1060 1847 1080 1873 O
1099 1848 1207 1876 veritas,
1227 1855 1283 1872 vere
1302 1848 1374 1877 Iesu,
1394 1847 1436 1879 qui
1455 1855 1480 1872 es
1499 1848 1586 1872 nostra
1605 1848 1721 1873 seientia!

1060 1890 1080 1915 Ο
1099 1890 1205 1919 caritas,
1224 1898 1279 1915 care
1298 1890 1369 1920 Iesu,
1389 1891 1430 1922 qui
1449 1898 1475 1915 es
1493 1891 1581 1915 nostra
1599 1890 1751 1921 redemptio!

1060 1933 1080 1958 O
1099 1934 1234 1963 sanctitas,
1255 1934 1339 1958 sancte
1358 1934 1430 1963 lesu,
1450 1934 1537 1959 nostra
1556 1933 1736 1958 sanctificatio!

1061 1975 1210 2000 Consumma
1230 1975 1299 2001 nobis
1318 1976 1427 2007 gratiam
1446 1976 1471 2001 et
1489 1983 1632 2001 consumma
1651 1976 1788 2006 iustitiam,

1061 2018 1210 2043 Consumma
1229 2019 1403 2044 conscientiam
1423 2019 1448 2044 et
1466 2026 1609 2044 consumma
1627 2018 1758 2044 laetitiam.

1309 2104 1449 2137 Septimum
1474 2105 1590 2131 Verbum.

1059 2192 1131 2221 Iesu,
1153 2193 1194 2217 via
1213 2192 1364 2221 rectissima,
1384 2192 1442 2216 Iesu
1462 2192 1552 2217 salutis
1571 2192 1676 2221 ostium,

1060 2236 1133 2266 Iesu,
1153 2236 1226 2267 porta
1245 2236 1388 2265 tutissima,
1407 2235 1466 2260 Iesu
1484 2234 1611 2266 protector
1629 2235 1752 2264 omnium,

1059 2279 1132 2309 Iesu,
1152 2278 1260 2303 salubris
1279 2279 1373 2303 veritas
1392 2279 1417 2303 et
1434 2279 1478 2303 lux
1496 2279 1603 2303 mentem
1623 2278 1782 2308 illuminans,

1060 2322 1132 2352 Iesu,
1153 2322 1219 2347 vitae
1238 2322 1359 2352 felicitas,
1379 2322 1464 2347 dulcor
1481 2323 1508 2347 in
1526 2322 1597 2347 corde
1616 2322 1737 2351 iubilans,

1061 2364 1127 2389 Dum
1145 2365 1170 2389 in
1189 2365 1306 2389 extremis
1324 2372 1424 2396 ageres,
1443 2365 1472 2389 ut
1490 2365 1599 2389 animam
1617 2365 1765 2396 deponereS,

1061 2407 1126 2432 Dum
1144 2407 1209 2432 hanc
1227 2408 1305 2432 vitam
1324 2408 1462 2437 desereres,
1482 2407 1511 2432 ut
1530 2407 1561 2432 ad
1579 2407 1682 2432 limbum
1702 2407 1871 2437 descenderes,

1061 2450 1153 2475 Volens
1173 2451 1239 2475 viam
1258 2450 1400 2480 ostendere,
1421 2458 1464 2481 per
1483 2457 1557 2482 quam
1576 2450 1691 2475 debemus
1711 2458 1827 2482 pergere,

1061 2493 1153 2518 Volens
1172 2493 1274 2518 cunctos
1292 2494 1430 2523 instruere,
1450 2493 1491 2525 qui
1511 2493 1571 2518 facti
1590 2493 1649 2518 sunt
1668 2493 1696 2517 de
1716 2493 1830 2524 pulvere,

1062 2535 1153 2561 Volens
1173 2536 1243 2560 illum
1263 2536 1405 2565 ostendere,
1424 2537 1466 2567 qui
1486 2536 1569 2567 potest
1587 2543 1632 2560 nos
1651 2535 1794 2565 defendere,

1061 2579 1092 2604 In
1112 2586 1159 2610 quo
1178 2579 1267 2604 debent
1286 2578 1406 2604 confidere
1426 2579 1467 2610 qui
1485 2579 1590 2604 mortem
1610 2579 1699 2603 debent
1718 2586 1818 2610 capere,

1060 2621 1140 2646 Tuum
1161 2622 1286 2646 sacratum
1306 2622 1422 2652 spiritum
1442 2622 1484 2647 tuo
1505 2621 1576 2646 Patri
1595 2622 1754 2646 sanctissimo

190 2829 198 2843 ¹
216 2830 277 2853 toan.
299 2831 337 2858 19,
355 2831 391 2852 26.
409 2836 458 2859 seq.
474 2842 505 2847 ——·
522 2831 551 2853 Ex
572 2829 637 2852 Sbar.
660 2832 681 2853 et
704 2830 787 2852 Bonelli
810 2830 971 2858 supplevaus

127 2860 200 2890 haec,-
216 2861 301 2884 Boneiti
318 2861 387 2884 etiam
405 2861 469 2884 addit
485 2867 549 2884 nune
565 2864 616 2884 ante
628 2861 704 2885 Filius
714 2862 774 2915 210ζὲ
790 2867 817 2883 ac
832 2867 897 2915 7ιὶπο
914 2861 971 2916 halec

774 2898 807 2915 ar.
823 2899 856 2915 se
900 2898 925 2915 ro
951 2899 970 2915 e.

191 2922 200 2936 ³
218 2924 247 2946 lta
266 2923 343 2950 Sbar.;
355 2923 406 2946 Vat.
417 2925 440 2946 et
451 2923 535 2946 Bonelli
548 2923 628 2953 Neque
640 2922 725 2947 dictam
734 2942 740 2951 ,
752 2924 803 2946 cod.
816 2924 864 2947 Nec
875 2899 969 2948 getam.

128 2966 159 2971 —
175 2955 250 2977 Locus
267 2955 398 2983 Scripturae
414 2961 462 2984 seq.
480 2958 514 2977 est
531 2955 596 2977 Marc.
618 2954 657 2982 15,
675 2954 717 2982 343
735 2955 811 2978 Matth.
827 2954 868 2984 27,
887 2955 923 2978 45.

191 2985 200 2998 ⁴
218 2986 269 3008 Vnt.
285 2985 433 3015 praemialis.

192 3016 201 3029 ⁶
218 3017 294 3039 Matth.
312 3018 353 3045 26,
371 3017 409 3039 56.
430 3017 486 3039 {nfra
503 3023 529 3040 ex
547 3017 631 3039 Bonclli
648 3016 809 3039 substituimus
826 3016 895 3040 sitim
911 3016 971 3040 subi-

1026 2829 1057 2853 sti
1073 2836 1115 2858 pro
1134 2829 1203 2853 Silim
1220 2829 1334 2853 sumsisti.
1352 2830 1436 2852 Bonelli
1453 2829 1505 2853 dein
1518 2830 1601 2853 omittit
1614 2829 1677 2853 silim
1689 2829 1873 2860 (ωπον-0111119111-

1026 2860 1095 2888 dam,
1114 2860 1184 2884 Sitim
1201 2860 1317 2885 virtutum
1334 2861 1454 2890 cupidam.

1088 2893 1098 2907 ὅ
1117 2893 1175 2914 ioan.
1196 2892 1237 2920 19,
1255 2893 1292 2915 28,

1089 2922 1098 2936 ⁷
1115 2923 1145 2947 lta
1163 2922 1240 2951 Suae,
1259 2923 1310 2946 Vnt.
1328 2927 1349 2946 et
1366 2923 1419 2946 cod.
1436 2922 1508 2947 donec
1525 2930 1567 2952 pro
1585 2923 1655 2952 dum,
1674 2923 1760 2946 Bonelli
1777 2925 1805 2948 ct.

1089 2953 1098 2967 ⁸
1116 2955 1198 2977 psalm.
1217 2955 1259 2982 38,
1276 2955 1303 2978 7:
1321 2955 1486 2978 Verumtamen
1504 2955 1526 2978 in
1545 2955 1645 2984 imagine
1660 2955 1782 2984 pertransit
1795 2956 1872 2978 homo.

1090 2985 1100 2999 ⁰
1117 2986 1176 3009 ioan.
1198 2986 1235 3013 19,
1254 2986 1295 3014 30,
1314 2990 1335 3008 et
1353 2986 1408 3009 infra
1425 2985 1473 3009 Col.
1491 2987 1518 3014 2,
1537 2986 1573 3009 14.

1091 3015 1110 3029 ¹⁰
1128 3017 1172 3040 cfr.
1190 3017 1203 3039 1.
1221 3017 1273 3039 Cor.
1292 3018 1317 3045 1,
1335 3018 1373 3040 30.
