2133 3317
129 1266 221 1285 Hortatio.

683 227 881 256 OPUSCULUM
901 226 932 254 X.
955 226 1041 254 VITIS
1062 225 1212 254 MYSTICA.
1235 225 1498 254 ADDITAMENTUM
1519 226 1550 254 V.

234 311 332 340 Iesum3
346 311 371 336 et
389 310 470 335 adhuc
488 309 606 333 nimirum
619 306 737 334 currunt,
757 304 895 330 clamantes
907 305 934 329 111
946 304 999 329 1010
1013 303 1085 329 corde

236 355 310 380 suo¹z
329 353 413 379 Trahc
431 359 470 377 me
478 352 540 382 post
553 352 589 381 te,
608 350 639 374 ut
650 356 787 373 curramus
806 348 834 372 in
850 347 924 372 odore
942 348 1086 379 unquento-

235 405 295 422 rum
309 398 420 426 tuorum,
435 394 547 423 scientes,
561 393 626 424 quod
638 399 719 423 ‘neque
731 391 839 416 volentis
852 397 931 422 neque
943 390 1071 415 erm-remis
1078 409 1085 421 ‚

236 440 278 464 sed
291 439 367 464 solius
386 438 436 462 Dei
452 436 595 461 miserentis
614 435 660 460 est.
679 434 787 466 Superat
799 434 884 459 autem
903 440 987 459 omnes
1000 433 1086 458 odores

237 483 346 508 omnium
363 479 488 505 virtutum
510 478 580 503 uncti
598 478 657 503 Iesu
684 478 743 503 odor
763 476 887 506 crucifixi,
906 476 949 501 ubi
976 475 1086 507 profecto

236 525 367 557 praecipue
386 522 514 548 efflorebat
532 522 558 547 et
575 522 605 546 de
623 522 726 547 floribus
744 521 877 546 vulnerum
903 527 1004 545 suorum
1022 520 1087 544 inae-

234 567 386 593 stimabilem
405 566 492 590 effudit
510 565 616 590 odorem.
636 565 735 590 Fracto
755 565 820 589 enim
839 563 973 588 alabastro
987 562 996 575 2
1015 570 1088 587 mun-

235 610 331 635 dissimi
343 609 453 640 corporis
472 608 604 640 virginalis
617 608 696 632 dulcis
715 607 787 638 Iesu,
801 606 907 631 effusum
920 606 959 631 est
974 613 1088 637 unguen-

236 653 290 677 tum
309 652 473 677 sacratissimi
492 651 630 682 sanguinis.
649 651 711 682 Ipsa
729 657 825 681 (1110(1110
851 650 1010 674 sanctissima
1034 649 1088 674 ani-

236 703 290 725 ma,
309 696 335 720 111
348 702 397 726 qua
411 695 463 719 sine
481 694 556 719 dubio
570 693 697 719 redolebat
716 692 873 725 unguentum
886 692 992 724 spiritus
1011 692 1089 723 septi-

236 739 334 768 formis,
347 738 450 768 emissa,
463 737 503 762 est
522 737 644 762 dilatatus
657 736 683 761 et
701 736 829 767 dispersus
843 736 902 761 odor
914 736 974 760 vitis
987 735 1088 761 nostrae

236 782 348 807 florentis
366 788 416 806 non
435 781 516 806 solum
534 781 622 810 terris,
643 780 686 805 sed
699 780 724 804 et
742 780 842 809 inferis;
863 780 888 804 et
901 779 1016 804 suscitati
1029 779 1089 803 sunt

236 826 328 851 mortui
347 825 399 850 tam
425 825 457 849 ad
481 824 560 849 vitam
586 824 697 855 corporis
724 823 822 855 quidam
852 830 926 855 quam
951 823 983 848 ad
1010 822 1088 847 vitam

236 869 348 898 animae,
368 868 394 893 et
412 868 492 893 adhuc
505 868 537 892 ad.
555 867 634 892 vitam
647 867 756 898 quotidie
776 866 945 895 suscitantur,
964 866 1023 897 quia
1035 866 1089 890 tota

237 912 328 937 domus
347 911 455 941 Christi,
474 911 499 936 id
519 910 557 935 est
576 911 700 940 Ecclesia,
720 910 827 941 impleta
846 910 883 934 est
901 916 932 934 cat
945 910 1022 934 odore
1040 916 1089 933 tm-

236 955 343 986 ffloentiss
361 955 462 980 nostrae
482 954 541 979 vitis
561 954 693 985 praecipue
711 954 737 978 111
754 954 869 984 passione
887 952 1009 978 florentis.
1029 952 1089 977 Con-

237 998 330 1023 scissus
348 998 387 1022 est
400 1005 486 1022 saccus
499 998 609 1028 corporis
622 997 680 1021 boni
698 996 770 1026 Iesu,
784 995 925 1021 cecideruut
940 1002 1021 1027 grana
1034 1002 1089 1020 san-

237 1041 384 1072 guinearum
403 1040 549 1072 guttarum,
569 1047 632 1071 quae
645 1039 725 1064 adhuc
738 1047 753 1064 a
771 1039 886 1063 fidelibus
903 1038 985 1063 mente
1006 1038 1090 1069 colligi

238 1083 344 1115 possunt
363 1084 388 1108 ct
406 1084 438 1108 ab
456 1083 629 1108 accedentibus
648 1083 679 1107 ad
698 1090 795 1107 crucem
819 1082 926 1107 fideliter
949 1088 978 1106 ac
1002 1081 1089 1106 devote

237 1126 400 1159 colliguntur.
417 1127 618 1152 Pretiosissimus
636 1133 693 1151 vere
713 1126 847 1150 thesaurus
860 1125 885 1150 et
903 1124 1089 1155 incomparabi-

237 1170 269 1195 lis
287 1170 376 1202 guttae
396 1170 456 1195 sunt
475 1170 605 1201 sanguinis
625 1168 719 1194 Christi
738 1169 804 1193 Iesu.

309 1212 369 1237 145.
390 1213 483 1238 Accede
501 1213 563 1242 huc,
584 1220 597 1236 0
616 1212 697 1245 fidelis
716 1213 813 1241 anima,
839 1211 865 1236 01
883 1211 971 1242 collige
990 1210 1036 1235 tibi
1055 1217 1090 1235 10-

238 1257 329 1288 liquias
348 1257 479 1288 epularum
499 1257 588 1287 Sponsi
607 1256 658 1285 tui,
679 1256 755 1280 micas
773 1255 946 1287 gratissimas,
970 1254 1029 1280 folia
1051 1261 1091 1279 ro-

239 1307 323 1325 sarum
343 1300 433 1331 Sponsi
446 1300 496 1329 tui,
516 1299 595 1324 dulcis
608 1299 675 1324 Iesu.
688 1298 763 1328 Ecce,
782 1299 808 1323 in
822 1298 917 1329 quanta
929 1297 1090 1322 multitudine

239 1342 365 1367 distillant
383 1342 412 1367 de
430 1342 546 1367 manibus
565 1342 639 1366 simul
658 1341 683 1365 et
702 1341 805 1372 pedibus
824 1348 868 1365 nec
887 1347 936 1366 non
956 1340 981 1365 01
1006 1340 1034 1364 de
1056 1340 1091 1364 la-

239 1385 291 1410 tere
310 1385 420 1410 crucifixi
440 1384 534 1409 Christi
552 1385 624 1409 Iesu!
644 1384 701 1410 Non
727 1384 766 1409 est
790 1384 891 1409 morbus
916 1384 1026 1413 animae,
1052 1383 1091 1407 0111

238 1429 278 1454 1115
291 1429 395 1454 fioribus
414 1429 505 1453 mederi
524 1436 574 1453 non
593 1429 682 1460 possis.
702 1428 796 1459 Collige
815 1427 915 1452 tantum
929 1426 988 1452 folia
1001 1426 1091 1451 florum

239 1472 352 1497 florentis
371 1472 443 1501 Iesu,
463 1471 546 1496 stillas
566 1472 696 1503 sanguinis
716 1470 854 1500 rubicundi,
874 1470 899 1495 et
918 1470 1039 1501 tanquam
1057 1470 1091 1501 pi-

239 1515 319 1544 lulas,
340 1515 392 1539 51110
411 1514 501 1546 quibus
520 1522 573 1539 esse
592 1514 664 1543 nolo,
684 1514 711 1538 in
729 1513 841 1538 cubiculo
860 1513 941 1537 cordis
959 1513 997 1537 tui
1011 1518 1091 1536 recon-

239 1558 277 1583 de.
302 1558 359 1582 Erit
383 1558 429 1582 tibi
448 1558 550 1582 illarum
574 1564 649 1588 sapor
674 1557 698 1581 et
718 1557 777 1582 odor
801 1557 828 1581 in
853 1556 999 1581 medicinam
1025 1555 1092 1580 salu-

239 1601 322 1630 brem,
343 1601 454 1630 morbos,
475 1601 495 1625 si
509 1601 551 1632 qui
564 1600 671 1629 fuerint,
690 1600 852 1631 repellentem
872 1599 1039 1630 venturosque
1055 1605 1092 1623 ca-

240 1644 347 1669 ventem.
366 1643 428 1668 Vide
457 1643 572 1673 tantum,
601 1650 631 1668 ne
656 1650 767 1674 unquam
787 1643 839 1667 sine
862 1642 914 1666 illis
933 1649 986 1666 esse
1014 1641 1092 1672 velis,

240 1695 302 1719 quae
321 1695 378 1712 vere
396 1694 486 1712 nomen
496 1685 505 1698 '¹
524 1686 631 1716 habent,
646 1685 757 1717 quolibet
770 1685 837 1710 fideli
849 1685 958 1710 dicente:
973 1685 1029 1709 Sine
1042 1684 1093 1716 qui-

240 1731 287 1756 bus
306 1738 359 1756 esse
378 1731 443 1755 nolo.
462 1730 543 1755 Hauri
562 1730 640 1761 igitur
660 1729 713 1754 toto
732 1729 812 1754 cordis
831 1728 869 1753 tui
888 1728 978 1753 affectu
994 1728 1093 1753 odorem

239 1774 299 1799 vitis
317 1781 404 1803 verae,
423 1773 482 1798 Iesu
501 1772 595 1797 Christi
613 1772 753 1802 Nazareni,
767 1772 792 1797 et
804 1771 927 1796 delectare
940 1771 965 1795 111
978 1771 1036 1800 1110,
1051 1771 1093 1795 510-

240 1817 269 1842 nt
287 1816 364 1841 Pater
389 1816 503 1841 caelestis
525 1817 552 1840 in
576 1816 619 1841 1110
638 1815 777 1840 delectatus
796 1814 857 1845 fuit,
884 1814 914 1839 ut
933 1821 989 1839 vere
1014 1814 1093 1838 dicere

242 1859 352 1891 potuerit
362 1861 384 1884 ὗε
404 1860 471 1885 Ecce
477 1879 484 1891 ,
503 1858 566 1884 odor
585 1859 635 1890 filii
648 1859 697 1883 mci
716 1859 784 1883 sicut
800 1859 864 1884 odor
878 1858 937 1889 ayri
951 1857 1039 1889 pleni,
1053 1857 1095 1882 cui

242 1902 370 1927 benedixit
392 1903 539 1933 Dominus,-
564 1909 622 1927 vere
640 1902 729 1934 pleni,
754 1902 783 1926 in
808 1909 858 1932 quo
884 1901 987 1926 habitat
1011 1900 1095 1925 omnis

238 1946 375 1977 plenitudo
393 1946 564 1977 Divinitatis,
584 1946 614 1970 in
633 1953 683 1976 quo
702 1952 788 1970 omnes
809 1945 926 1970 thesauri
951 1944 1095 1975 sapientiae

241 1990 265 2014 et
282 1989 401 2014 scientiae
419 1988 544 2014 reconditi
561 1990 630 2013 sunt.

314 2031 373 2057 146.
393 2032 440 2056 Est
458 2032 542 2057 autem
561 2031 642 2056 adhuc
660 2038 749 2060 causa,
769 2038 845 2062 quare
864 2030 937 2056 tanto
957 2030 1095 2055 Crucifixus

108 2083 151 2126 3112)
162 2083 218 2101 huius
243 2075 315 2100 odore
334 2074 495 2106 fragraverit.
508 2074 619 2100 Modicus
638 2074 679 2098 vel
698 2074 784 2099 01111115
798 2074 836 2098 est
855 2073 914 2098 odor
933 2073 1044 2104 corporis
1056 2080 1095 2098 cu-

96 2112 107 2126 0
122 2111 229 2126 orlseausa.
244 2118 249 2123 .

241 2117 345 2143 iuslibet
363 2118 480 2142 animalis
499 2117 622 2147 viventis3
642 2117 685 2142 sed
697 2124 753 2141 cum
772 2117 824 2148 igni
838 2123 894 2141 caro
913 2116 1030 2147 apposita
1043 2115 1095 2140 fue-

242 2161 291 2193 rit,
311 2168 385 2192 quam
406 2161 506 2190 suavis,
526 2167 601 2191 quam
629 2159 782 2184 delectabilis
800 2159 857 2183 inde
877 2158 995 2190 procedat
1014 2158 1096 2183 odoris

242 2203 402 2235 fragrantia,
428 2203 514 2228 nullus
538 2202 648 2234 ignorat.
673 2201 842 2227 Attendamus
873 2208 946 2232 ergo,
972 2201 1028 2232 quis
1055 2201 1095 2225 vel

96 2253 229 2296 Hogffigtsitum
244 2247 354 2278 quantus
378 2247 445 2277 ignis
470 2246 567 2277 corpori
592 2245 693 2270 nostrae
712 2245 772 2269 vitis
797 2244 913 2276 apposita
938 2244 1021 2269 suerit.
1040 2243 1096 2268 Fla-

243 2289 336 2322 grabat
354 2290 461 2314 interius
479 2289 591 2314 incendio
613 2288 727 2313 caritatis
745 2288 893 2317 immensae,
913 2287 1022 2312 exterius
1041 2294 1096 2318 pas-

244 2333 320 2358 sionis
339 2333 440 2361 ardore,
460 2332 617 2357 verissimum
632 2332 657 2356 et
670 2331 843 2363 gratissimum
863 2330 888 2355 et
905 2330 1096 2355 saluberrimum

243 2375 417 2401 holocaustum
437 2376 462 2400 in
488 2382 532 2400 ara
557 2375 637 2400 crucis
661 2374 793 2399 crucifixus
821 2374 901 2398 bonus
926 2373 1006 2398 Iesus.
1026 2373 1096 2403 Quod

243 2418 417 2444 holocaustum
444 2419 523 2443 simile
542 2418 606 2443 isti?
631 2417 737 2442 Nullum
762 2424 831 2446 vere,
858 2417 916 2448 quia
938 2417 1037 2441 nullum
1062 2417 1097 2442 sic

244 2462 326 2488 totum
345 2462 488 2491 incensum3
507 2461 682 2486 holocaustum
700 2461 792 2492 quippe
812 2461 893 2485 totum
912 2460 1044 2485 incensum
1063 2460 1096 2485 di-

1143 304 1209 328 citur
1223 303 1247 333 ⁰,
1267 303 1292 328 et
1311 304 1332 328 si
1356 303 1425 328 istud
1449 304 1577 329 dicebatur
1601 311 1688 328 verum
1714 303 1901 332 holocaustum,
1928 304 1991 335 quod

1143 347 1225 371 totam
1243 346 1359 376 ardebat,
1379 354 1434 371 cum
1455 347 1539 372 tamen
1557 347 1591 371 ibi
1609 347 1709 371 arderet
1726 346 1784 372 solco
1803 354 1879 377 caro:
1898 347 1991 378 quanto

1142 390 1226 414 verius
1244 389 1332 414 nostra
1351 396 1411 414 vera
1433 389 1534 414 victima
1559 389 1654 415 dicetur
1672 389 1859 419 holocaustum,
1879 390 1944 421 quod
1968 390 1993 415 et
2033 399 2035 402 ⁴

2010 435 2109 456 Notandum*

1142 432 1211 457 intus
1231 432 1256 457 et
1275 432 1336 457 foris
1356 433 1584 463 incomparabiliter
1603 432 1728 457 ardebat?
1746 432 1858 457 Ardebat
1875 433 1900 457 et
1924 433 1992 458 totus

1142 475 1308 505 Laurentius,
1328 475 1474 500 Vincentius
1493 476 1584 507 aliique
1603 483 1677 507 quani
1697 476 1795 507 plures,
1816 476 1858 500 sed
1881 476 1944 500 nihil
1962 476 1994 500 ad

1142 518 1217 543 hunc.
1237 518 1297 548 Quis
1322 519 1387 543 enim
1414 518 1460 543 hoc
1479 518 1570 543 audeat
1598 519 1724 550 profiteri,
1744 519 1773 543 ut
1800 519 1891 550 aliquis
1909 526 1993 544 eorum

1144 562 1186 592 (1111
1205 561 1234 585 (10
1253 561 1327 585 11111115
1355 561 1433 585 divini
1460 561 1526 592 ignis
1549 561 1670 586 immensa
1698 561 1852 592 plenitudine
1881 561 1994 593 singulas

1145 604 1296 629 scintillulas
1315 604 1476 635 acceperant,
1495 605 1521 629 in
1539 605 1722 635 comparatione
1735 604 1809 629 huius
1829 605 1943 629 caritatis
1955 605 1995 629 vel

1145 648 1239 679 aliquid
1258 647 1376 672 arderent
1386 646 1413 671 ⁷?
1426 647 1486 677 Quis
1499 647 1573 672 etiam
1587 647 1670 672 ardori
1683 647 1790 673 fornacis
1803 648 1883 673 crucis
1896 648 1995 679 aliquod

1144 691 1236 716 audeat
1249 691 1397 722 supplicium
1418 691 1581 722 comparare?
1593 691 1629 715 De
1643 698 1690 722 (1110
1704 698 1748 716 1105
1768 692 1883 722 superius
1892 689 1901 702 ⁸
1915 691 1996 716 multa

1145 734 1302 759 meminimus
1321 734 1433 764 posuisse
1452 734 1572 765 exempla.
1592 733 1629 758 De
1647 734 1792 759 holocausto
1806 734 1884 765 igitur
1897 734 1994 764 nostro,

1145 776 1261 802 crucifixo
1274 777 1345 805 Iesu,
1359 776 1591 807 incomparabiliter
1600 776 1703 801 ardente
1716 776 1906 801 inaestimabilis
1922 777 1996 802 nimis

1145 820 1204 845 odor
1224 820 1358 851 processit3
1379 819 1552 850 odoratusque
1571 820 1702 844 Dominus
1719 819 1786 844 Deus
1805 820 1881 844 Pater
1894 819 1997 845 odorem

1145 863 1283 888 suavitatis
1293 861 1311 894 ⁰,
1331 863 1455 887 benedixit
1477 862 1549 887 nobis
1567 863 1708 894 avertitque
1730 863 1793 887 iram
1817 862 1997 894 indignationis

1146 914 1204 931 suae
1223 907 1296 938 longe
1316 914 1330 931 a
1349 906 1432 935 nobis,
1453 913 1512 937 pace
1531 906 1556 930 in
1575 906 1701 937 integrum
1719 906 1868 935 reformata,
1892 906 1918 931 et
1940 913 1998 931 san-

1145 950 1220 981 guine
1238 949 1369 974 rubicundi
1388 949 1446 974 Iesu
1466 949 1517 974 tam
1541 949 1627 974 nostro
1657 956 1732 980 quam
1757 949 1836 980 ipsius
1862 949 1996 980 participe,

1146 994 1214 1024 pacis
1233 993 1349 1017 aeternae
1368 992 1451 1017 obside
1470 992 1613 1017 exsistente.
1633 991 1807 1017 Odoraverunt
1825 992 1850 1017 et
1868 992 1911 1016 alii
1924 999 1998 1023 quam

1146 1036 1232 1067 plures
1250 1036 1282 1060 ab
1308 1035 1401 1061 oriente
1421 1035 1446 1060 et
1471 1036 1606 1064 occidente,
1630 1035 1661 1060 ab
1686 1036 1801 1066 aquilone
1820 1035 1845 1060 et
1863 1035 1998 1060 meridiano

1145 1078 1316 1108 accurrentes,
1336 1078 1361 1103 et
1384 1078 1415 1102 ad
1437 1078 1484 1103 hoc
1509 1078 1646 1103 dulcissimi
1665 1078 1747 1103 odoris
1772 1085 1865 1109 corpus
1884 1077 1999 1103 floridum

1146 1122 1305 1153 congregati,
1324 1122 1354 1146 ut
1373 1122 1401 1146 (10
1420 1129 1447 1147 eo
1462 1129 1488 1146 50
1507 1122 1613 1152 satient,
1632 1121 1676 1146 illo
1690 1121 1774 1146 tamen
1787 1120 1886 1152 integro
1905 1128 1999 1152 perma-

1146 1164 1232 1195 nente,
1251 1164 1420 1195 impleverunt
1445 1165 1524 1195 ipsius
1543 1164 1680 1189 dulcissimi
1704 1164 1763 1188 Iesu
1789 1163 1892 1188 verbum
1918 1163 2000 1188 dicen-

1146 1207 1223 1232 1151οε
1252 1208 1303 1233 Ubi
1320 1206 1401 1237 fucrit
1423 1215 1524 1238 corpus,
1542 1207 1578 1232 ibi
1601 1207 1825 1239 conyreqctbzmtm·
1844 1208 1868 1231 ct
1887 1206 1999 1237 aquitae.

1147 1251 1193 1275 Sed
1211 1251 1261 1275 iam
1280 1258 1330 1275 non
1358 1251 1434 1275 cruda
1454 1251 1479 1275 et
1503 1250 1680 1281 indigestibilis
1699 1257 1756 1275 caro
1781 1250 1831 1274 ista
1849 1249 1998 1280 comeditur,

1147 1294 1240 1325 optime
1259 1294 1374 1325 percocta
1393 1294 1485 1325 duplici
1510 1294 1567 1325 igne
1586 1293 1701 1318 caritatis
1723 1293 1798 1318 simul
1824 1294 1849 1318 et
1869 1293 2000 1324 passionis.

1147 1337 1218 1362 Unde
1232 1337 1285 1362 tam
1298 1337 1439 1362 delectabili
1458 1337 1530 1362 ο(1010
1544 1336 1661 1361 inebriati
1679 1343 1729 1361 non
1743 1337 1823 1361 solum
1841 1337 1890 1361 viri
1908 1336 2001 1361 natura

1147 1380 1276 1409 fortiores,
1296 1380 1339 1404 sed
1358 1379 1382 1404 et
1399 1379 1562 1411 virgunculae
1575 1379 1724 1404 tenerrimae
1737 1379 1843 1404 currunt
1855 1378 1908 1404 toto
1921 1379 2001 1404 cordis

1147 1423 1252 1453 affectu,
1273 1423 1387 1448 omnibus
1407 1423 1501 1447 viribus
1520 1423 1597 1447 animi
1615 1422 1647 1447 ad
1665 1422 1765 1447 delicias
1784 1422 1863 1447 crucis
1886 1422 2002 1447 hausturi

1148 1467 1248 1491 delicias
1266 1467 1347 1491 cordis
1358 1466 1385 1496 ¹¹,
1406 1466 1528 1498 quantum
1548 1467 1573 1490 in
1593 1465 1719 1497 praesenti
1738 1466 1790 1490 vita
1809 1465 1879 1495 licet,
1892 1473 2002 1497 unguen-

1147 1509 1231 1535 torum
1250 1509 1411 1534 defiuentium
1428 1509 1534 1540 largiter
1546 1508 1578 1533 ab
1590 1508 1735 1534 holocausto
1748 1508 1834 1533 nostro
1847 1508 1900 1533 tam
1912 1508 2002 1533 validis

1147 1553 1248 1584 ignibus
1264 1553 1375 1577 ardente.

1222 1596 1282 1621 147.
1302 1597 1359 1622 Non
1379 1603 1468 1627 parum
1487 1596 1551 1620 enim
1565 1595 1698 1620 delicatum
1711 1595 1823 1620 ardentis
1836 1595 1947 1626 corporis
1960 1595 2001 1619 ad-
2019 1602 2112 1627 Aeceditg

1149 1640 1220 1664 auxit
1239 1640 1338 1665 odorem
1357 1639 1528 1670 spiritualium
1547 1639 1733 1670 unguentorum
1752 1639 1825 1668 odor,
1844 1638 1869 1663 id
1888 1638 1927 1663 est
1945 1645 2000 1670 gra·
2013 1628 2112 1674 ἷέξῑῑέᾞὲ

2013 1673 2060 1700 ritus
2073 1674 2090 1692 S.
2103 1679 2112 1692 n

2014 1702 2091 1716 filonem.

1150 1683 1271 1708 tuitorum
1292 1683 1406 1712 collatio,
1420 1689 1482 1714 quae.
1496 1682 1553 1713 post
1566 1683 1707 1713 passionem
1719 1690 1734 1707 a
1747 1682 1852 1707 Domino
1864 1681 1924 1707 Iesu
1935 1682 2001 1713 Apo-

1151 1726 1223 1751 stolis
1243 1726 1304 1750 sunt
1321 1725 1423 1751 collata.
1442 1725 1510 1750 Ante
1527 1726 1669 1757 passionem
1682 1726 1747 1750 enim
1757 1724 1873 1756 Spiritus
1886 1725 2002 1750 nondum

1150 1770 1208 1794 erat
1226 1769 1317 1800 (latus,
1338 1769 1401 1800 quia
1420 1769 1495 1794 Iesus
1516 1768 1629 1793 mondum
1652 1769 1709 1793 erat
1731 1766 1941 1800 ylot⁴ificatzts¹²,·
1960 1767 2003 1793 hu—

1150 1812 1247 1837 miliato
1266 1812 1350 1837 autem
1369 1812 1394 1837 et
1413 1812 1523 1837 exaltato
1551 1812 1592 1843 pio
1619 1812 1692 1841 Iesu,
1718 1810 1821 1836 defluxit
1844 1812 2004 1843 unquentum

1151 1856 1260 1888 Spiritus
1279 1855 1390 1881 sanctia
1403 1855 1494 1887 capite,
1513 1855 1539 1880 id
1558 1855 1597 1880 est
1615 1862 1630 1879 a
1650 1854 1764 1885 Christo,
1777 1855 1803 1879 id
1815 1854 1854 1879 est
1865 1854 1955 1884 uncto,
1975 1854 2003 1879 ἐκ

1152 1899 1271 1930 barbam,
1290 1899 1315 1924 id
1334 1898 1380 1928 est,
1400 1899 1427 1923 in
1446 1906 1486 1924 005
1506 1899 1548 1930 (101
1567 1897 1675 1923 viriliter
1700 1898 1805 1930 egerunt
1824 1897 1849 1922 01
1868 1896 2003 1923 confortati

1152 1942 1225 1972 sunt,
1246 1942 1275 1967 ut
1294 1941 1445 1973 superarent
1463 1942 1487 1966 in
1509 1941 1629 1971 Domino,
1649 1940 1674 1966 et
1692 1948 1742 1966 non
1762 1941 1842 1966 solum
1854 1941 1883 1965 in
1897 1940 2003 1965 barbam

1151 1984 1259 2016 Aaron,
1278 1985 1303 2009 id
1322 1985 1368 2014 est,
1382 1992 1431 2009 non
1446 1985 1526 2010 solum
1541 1985 1644 2009 summis
1658 1984 1752 2009 Christi
1768 1983 1898 2015 Apostolis
1917 1983 2003 2008 datum

1151 2028 1190 2053 est
1209 2028 1367 2060 unguentum
1385 2027 1444 2057 hoc,
1464 2027 1529 2058 quod
1548 2028 1619 2058 quasi
1638 2026 1800 2058 liquefactum
1818 2026 1867 2051 fuit
1878 2027 1935 2058 igne
1949 2033 2004 2057 pas-

1152 2072 1228 2096 510015
1248 2070 1356 2100 Christi,
1376 2070 1405 2095 ut
1424 2070 1495 2095 daret
1511 2070 1610 2095 odorem
1622 2070 1701 2095 bonae
1715 2070 1837 2101 opinionis
1850 2077 1894 2100 per
1907 2076 2002 2094 omnem

1151 2114 1262 2143 101101ος
1283 2113 1325 2138 5οᾶ
1338 2113 1413 2138 0110111
1427 2113 1554 2138 descendit
1572 2113 1601 2138 in
1619 2120 1693 2138 oram
1712 2113 1866 2144 vestimenti,
1883 2112 1908 2137 id
1921 2112 1960 2137 est
1977 2113 2003 2137 10

1150 2157 1238 2182 infima
1254 2157 1365 2181 membra
1381 2156 1518 2185 Ecclesiae,
1539 2163 1601 2187 quae
1620 2156 1659 2181 est
1677 2156 1797 2187 tanquam
1818 2155 1912 2180 Christi
1930 2155 2004 2180 vesti-

1152 2200 1272 2225 mentum.
1292 2200 1362 2224 Unde
1381 2199 1503 2230 scriptum
1522 2199 1561 2224 est
1571 2197 1604 2223 ¹⁸:
1629 2199 1699 2225 Vivit
1716 2199 1861 2231 Dominus,
1881 2199 1945 2230 quia
1964 2198 2004 2224 Itis

1152 2243 1272 2267 ommbus
1291 2243 1416 2273 tanquam
1434 2243 1581 2267 vestimento
1601 2241 1736 2272 inclucris;
1760 2241 1825 2273 quod
1850 2241 1876 2266 et
1900 2241 1937 2266 ita
1960 2242 2004 2266 1111-

1153 2286 1248 2318 pletum
1268 2286 1307 2311 est
1325 2286 1350 2310 et
1368 2285 1449 2311 adhuc
1469 2285 1602 2317 impletur,
1622 2285 1651 2310 ut
1670 2285 1745 2310 etiam
1764 2286 1793 2310 in
1811 2285 1930 2310 nationes
1948 2284 2003 2316 Spi-

1152 2330 1219 2355 ritus
1232 2329 1317 2355 sancti
1328 2329 1418 2360 ⁸qratia
1431 2328 1609 2360 ctifflmdatur,
1629 2329 1654 2354 et
1673 2328 1785 2353 sentiant
1798 2328 1893 2353 Christi
1905 2328 2003 2354 odorem

1153 2372 1294 2404 spiritualis
1312 2372 1435 2404 unguenti
1454 2372 1483 2396 de
1502 2378 1598 2397 summo
1617 2372 1726 2397 omnium
1745 2371 1827 2403 capite
1840 2371 2002 2401 defluentem,

1154 2423 1202 2448 (1110
1221 2415 1327 2440 mundae
1346 2415 1411 2439 fiant
1429 2415 1642 2445 adolescentulae,
1661 2415 1691 2439 ut
1709 2414 1843 2440 attrahant
1858 2414 1883 2439 et
1896 2414 2003 2445 diligant

1153 2459 1257 2484 unctum
1276 2458 1392 2484 nostrum
1409 2458 1435 2483 et
1447 2458 1551 2483 currant
1562 2458 1591 2483 in
1604 2458 1681 2483 odore
1693 2459 1883 2489 unquentorum
1894 2457 1963 2482 illius
1974 2457 2001 2481 ¹4.

306 2622 314 2635 ¹
333 2622 397 2646 Cant.
416 2624 437 2650 1,
455 2624 476 2650 3,
494 2626 546 2651 post
563 2629 633 2651 quem
651 2623 718 2645 Rom.
736 2622 758 2650 9,
778 2623 785 2644 l
793 2623 812 2644 6.
826 2635 856 2638 —
869 2622 981 2650 Superius
999 2628 1095 2652 proper

240 2654 446 2684 praedicatores...
462 2654 544 2684 effusis
563 2654 601 2683 (ita
620 2654 646 2682 A)
666 2654 720 2676 Bon.
736 2660 790 2676 curn
808 2653 845 2676 ed.
863 2654 871 2675 ,1
891 2653 1097 2683 praedicatores...

244 2692 255 2708 e
275 2692 327 2709 uso.

256 2686 278 2715 ff
307 2716 316 2729 2
334 2717 402 2739 Marc.
423 2717 430 2738 l
438 2717 463 2745 t,
482 2717 502 2739 3.
521 2729 551 2734 --
570 2717 681 2745 Superius
699 2723 741 2744 pro
755 2716 862 2746 profecto
881 2716 921 2745 (ita
938 2716 965 2745 Α)
989 2716 1026 2739 ed.
1044 2717 1052 2738 1
1074 2719 1097 2738 et

244 2749 298 2771 Bon.
312 2748 433 2778 perfectio.

307 2778 316 2791 ³
334 2781 395 2802 loan.
417 2781 454 2807 12,
472 2780 493 2801 3.
511 2792 542 2796 —
560 2779 665 2802 Subinde
681 2779 805 2807 respicitur
822 2779 858 2801 Ps.
876 2779 919 2806 29,
937 2779 980 2801 42:
1002 2778 1096 2818 Consci-

244 2810 297 2833 disti
315 2817 407 2833 saccutn
426 2817 514 2833 meum.
531 2824 560 2827 ——
578 2811 689 2839 Superius
711 2817 738 2833 ex
761 2811 779 2832 Α
796 2810 967 2838 supplevimus¹
980 2811 1001 2833 et
1017 2809 1096 2833 adhuc

244 2841 277 2865 act
292 2841 372 2865 vitum..
896 2840 906 2853 4
923 2842 979 2864 Bon.
996 2847 1094 2864 numen.

308 2872 317 2885 ⁵
334 2874 390 2895 Gen.
408 2873 450 2900 ⁴27,
468 2873 511 2901 27,
528 2876 580 2902 post
597 2879 668 2902 quem
686 2872 732 2896 Col.
751 2874 777 2900 2,
795 2873 816 2895 9.
834 2876 856 2895 et
873 2873 895 2895 3.

308 2903 317 2916 θ
335 2904 425 2931 lsidor.,
447 2905 577 2933 Etytnolog.
594 2905 631 2927 Vl.
655 2911 675 2927 c.
694 2905 730 2931 Ἰ19,
748 2911 772 2927 n.
792 2904 837 2926 35:
858 2904 1022 2927 Holocaustum
1040 2903 1096 2926 illud

245 2938 291 2963 est,
308 2935 347 2958 ubi
366 2939 439 2958 totum
457 2936 510 2963 igne
532 2936 687 2964 consumitur,
710 2936 773 2964 quod
799 2936 916 2958 offertur...
933 2933 1008 2958 ΓὈλον
1033 2935 1094 2957 enim

245 2967 331 2989 Graece
349 2968 423 2990 lotum
446 2967 539 2995 dicitur,
559 2969 638 2991 καῦσις
655 2966 768 2994 incensio,
791 2970 813 2989 et
833 2967 993 2989 holocaustum
1019 2967 1095 2989 lotum

245 2997 376 3021 incensum.
393 2997 438 3020 Csr.
455 2999 564 3026 August,
588 2999 688 3020 Enarrat.
706 2998 727 3020 in
749 2998 783 3020 Ps.
803 2998 840 3020 49.
858 3004 882 3020 n.
907 2998 943 3021 15.
963 2998 1021 3020 Bon.
1039 3003 1093 3020 cum

245 3030 283 3052 ed.
307 3030 311 3051 1
334 3029 415 3052 omittit
433 3028 622 3052 holocaustum...
640 3029 770 3053 incensum.

1216 2621 1224 2634 ⁷
1241 2622 1304 2644 Ilanc
1321 2621 1504 2649 propositionem
1522 2626 1548 2642 ex
1567 2620 1582 2641 Α
1601 2619 1770 2647 51111111011111115.

1215 2652 1224 2665 ⁸
1242 2653 1298 2681 Cap.
1317 2653 1337 2675 3.
1355 2659 1377 2674 0.
1395 2653 1417 2674 2.
1434 2658 1515 2680 scqq.;
1533 2657 1553 2674 c.
1572 2650 1592 2673 4.
1610 2657 1632 2673 n.
1646 2650 1672 2678 43
1690 2657 1709 2673 c.
1727 2651 1749 2673 5.
1766 2657 1787 2672 n.
1806 2651 1828 2672 2.
1846 2656 1924 2679 seqq.;
1941 2656 1961 2672 c.
1980 2649 2001 2672 6.

1152 2691 1225 2727 sequ
1242 2716 1298 2738 Gen.
1317 2716 1339 2742 8,
1357 2715 1395 2737 21.
1406 2727 1437 2731 —
1449 2713 1553 2736 Subinde
1565 2713 1686 2741 respicitur
1703 2713 1740 2735 Ps.
1757 2713 1799 2739 84,
1819 2712 1839 2735 4.
1851 2719 1913 2741 seq.:
1929 2714 2001 2734 Aver-

1153 2747 1197 2769 tisti
1214 2746 1244 2769 ab
1262 2747 1293 2768 ira
1311 2746 1475 2774 indignationis
1493 2748 1568 2768 tuae...
1586 2747 1664 2767 averte
1682 2744 1739 2766 iram
1754 2747 1817 2767 tuam
1835 2750 1846 2766 a
1862 2743 1939 2766 nobis.

1215 2777 1235 2790 ¹⁰
1253 2779 1307 2801 Luc.
1327 2778 1368 2805 17,
1385 2777 1423 2800 37.
1439 2790 1471 2793 -
1489 2777 1583 2799 10101105
1599 2782 1627 2799 ex
1642 2776 1660 2798 Α
1677 2776 1839 2804 supplevimus
1851 2776 1872 2798 et
1883 2774 2002 2804 indigesti-

1153 2809 1217 2837 bilis,
1235 2810 1275 2838 qui
1293 2809 1362 2831 etiam
1379 2808 1478 2831 vocibus
1501 2808 1586 2837 optime
1606 2808 1718 2837 percocta
1735 2807 1843 2835 praefigit
1865 2807 1927 2833 tum,
1945 2807 2002 2829 Bon.

1153 2847 1206 2863 cum
1224 2841 1260 2863 ed.
1281 2841 1288 2862 l
1311 2841 1353 2863 illis
1370 2840 1434 2862 addit
1451 2845 1506 2863 cum
1520 2839 1558 2862 sit.

1216 2871 1234 2884 ¹¹
1253 2871 1309 2894 Cod.
1326 2872 1344 2893 A
1362 2871 1446 2893 omittit
1462 2870 1540 2894 cordis
1557 2869 1603 2893 sni.

1215 2902 1235 2915 ¹²
1253 2904 1313 2925 1000,
1330 2903 1357 2931 7,
1375 2903 1413 2924 39.
1429 2914 1461 2918 -—
1478 2901 1580 2924 Subinde
1597 2902 1709 2929 allegatur
1726 2901 1762 2923 Ps.
1780 2900 1835 2928 1132,
1853 2901 1876 2922 2.

1216 2933 1235 2946 ¹³
1253 2934 1303 2956 lsai.
1321 2934 1362 2962 49,
1382 2934 1425 2956 Ἰ18;
1444 2933 1503 2955 Vivo
1526 2939 1583 2961 ego,
1601 2933 1656 2955 dicit
1672 2933 1796 2959 Dominus,
1814 2932 1868 2960 quia
1892 2930 2001 2954 omnihus

1152 2965 1188 2987 his
1205 2966 1268 2988 velut
1285 2968 1421 2988 ornamento
1438 2965 1552 2987 vestieris.
1569 2965 1599 2987 Ex
1615 2964 1633 2986 A
1651 2964 1813 2992 supplevimus
1836 2964 1895 2985 111100
1916 2963 2001 2985 locum.

1152 3009 1182 3012 —
1199 2997 1308 3025 Sequitur
1325 2998 1373 3019 Act.
1393 2996 1434 3024 110,
1453 2995 1490 3018 45.

1215 3027 1235 3040 ¹⁴
1252 3027 1315 3050 Cant.
1335 3028 1355 3055 l,
1373 3028 1395 3050 3.
