2133 3317
237 221 295 249 744

490 258 542 281 soi.

239 299 340 326 servitio,
358 298 433 321 statim
451 298 587 325 fugiendum
605 300 639 319 est
656 297 684 319 ad
702 296 803 319 solitudi-

237 344 291 361 nem
309 338 354 360 502
374 337 401 359 15
418 349 449 353 -
466 336 525 359 Vitia
543 336 620 358 omnia
637 335 760 357 solitudine
772 335 803 357 vi-

238 379 315 399 tantur
333 376 376 398 249
396 376 424 398 17
441 388 473 392 -
489 376 613 402 invenitur,
631 375 745 397 consortia
763 375 804 396 ho-

238 416 327 438 minum
354 415 465 443 fugiendo
483 414 527 436 116
545 414 558 436 3
576 426 607 430 -
624 413 752 436 necessaria
770 416 804 435 est

238 460 282 483 pro
300 454 403 477 oratione
428 454 472 476 502
491 453 520 475 15
537 465 568 469 -
585 453 662 475 01111111
686 452 708 474 111
726 452 803 474 solitu·

239 494 292 516 dine
309 495 343 516 est
360 493 427 515 valde
452 493 608 521 periculosum
626 491 680 514 ibid.
696 504 727 507 —-
748 492 805 514 Lau-

239 532 297 555 dans
313 531 460 554 solitudinem
478 537 523 553 non
540 533 574 553 est
590 530 739 553 adversarius
755 536 804 552 coe-

238 570 352 593 nobiticae
369 571 430 593 vitae
447 570 492 592 236
510 571 523 592 3

286 610 429 633 Somcrrtmo
446 622 476 626 —
488 610 518 632 de
529 609 628 631 crastino
640 608 756 637 prohibita
771 611 805 631 est

240 649 285 672 342
302 655 315 671 a
332 661 363 665 —
380 651 443 671 notat
460 654 529 671 curae
541 648 686 674 anxietatem,
704 647 803 670 illicitam

239 688 444 716 conquisitionem,
461 693 556 709 avaram
568 687 740 715 superfluorum
754 692 804 714 pro-

238 727 354 750 visionem
380 726 409 750 ib.
434 726 449 749 b
467 728 536 749 -111
559 727 674 754 corporali
699 726 804 749 subsidio

239 766 416 789 sollicitudinem
443 766 491 788 Deo
518 766 663 788 committere
691 765 805 788 debemus

239 804 292 828 ibid.
317 817 349 822 —
373 805 442 828 huius
466 805 551 827 saeculi
575 804 683 832 provenit
708 811 734 827 ex
751 811 803 827 ava-

239 844 290 866 ritia
308 844 352 866 433
370 844 391 866 6.
418 844 463 866 439
481 845 494 866 5
511 856 542 860 -
560 844 677 872 Quaenam
703 843 805 866 incidant

240 882 261 905 in
280 883 371 911 culpam
397 883 556 905 sollicitudinis
574 883 617 905 433
636 883 649 904 6
673 894 703 899 —-
728 888 805 905 saecu-

239 922 292 944 laris
310 922 339 944 ita
356 922 492 950 perimenda
509 925 555 950 est,
574 924 598 944 ut
615 921 743 944 sollicitudo
760 921 804 949 spi-

239 961 328 983 ritualis
345 967 391 984 non
408 961 542 983 excludatur
559 960 614 983 ibid.
631 973 662 977 —
679 960 805 988 spiritualis

240 1000 365 1029 praecipue
383 1002 500 1023 exercetur
517 1000 539 1022 in
557 1000 703 1028 procuranda
720 1000 805 1022 anima-

240 1046 292 1063 rum
311 1040 384 1062 salute
401 1038 456 1062 ibid.
472 1052 502 1055 —
521 1039 642 1067 Vigilantia
664 1041 685 1061 te
702 1039 806 1061 sollicitet

240 1081 335 1107 propter
353 1078 436 1106 Sponsi
452 1078 659 1106 promptitudinem
673 1077 701 1099 14
714 1078 735 1099 6.
753 1078 778 1099 15
791 1078 804 1100 8

239 1130 270 1134 --
288 1118 413 1140 Sollicitum
431 1117 550 1139 ambulare
567 1123 621 1139 cum
639 1117 686 1139 Deo
703 1119 738 1138 est
749 1119 805 1139 stre-

240 1156 333 1179 nuitatis
350 1157 363 1179 5
382 1157 394 1178 8

288 1196 408 1218 ΞοιυτιοΝΕ
425 1207 456 1211 -
474 1196 531 1217 sacta
549 1201 591 1222 pro
609 1200 646 1222 re,
659 1194 694 1216 ius
706 1194 805 1222 emptori

241 1235 379 1263 acquisitum
397 1237 431 1256 est
449 1234 469 1256 in
487 1240 512 1256 re
529 1236 606 1261 empta
625 1233 670 1255 424
689 1233 718 1256 25

287 1275 359 1296 Soron
376 1286 406 1290 —
429 1273 491 1301 pacis
516 1275 550 1295 est
577 1273 598 1294 iu
625 1272 806 1295 obumbratione

241 1312 322 1335 Christi
339 1315 476 1340 protegente
492 1311 522 1334 ab
539 1312 622 1334 ardore
643 1312 807 1340 concupiscen-

240 1352 285 1375 tiae
302 1355 324 1374 et
340 1353 422 1374 timore
440 1357 528 1380 poenae
549 1352 574 1373 12
593 1352 606 1373 2

288 1392 392 1414 Somnum
409 1404 439 1406 —
457 1391 498 1412 561
521 1391 533 1412 6

288 1431 362 1453 Senon
379 1443 408 1446 —
426 1430 471 1452 Cur
488 1430 565 1452 anima
584 1430 630 1452 Deo
656 1430 740 1452 devota
767 1436 806 1452 vo-

240 1472 304 1492 cetur
321 1475 386 1492 soror
404 1472 425 1491 et
442 1475 526 1497 sponsa
544 1472 566 1491 et
583 1475 628 1491 nou
647 1475 703 1491 uxor
724 1469 766 1491 164
784 1469 806 1491 5.

240 1515 276 1537 sq.
287 1521 317 1525 —
330 1515 477 1537 nequaquam
489 1508 610 1530 carnaliter
621 1511 727 1530 amantur
745 1507 775 1531 ib.
792 1508 805 1530 6

287 1549 377 1570 Srccms
396 1561 424 1563 —
442 1548 504 1569 Deus
520 1547 550 1569 ad
575 1547 677 1569 universi
704 1547 806 1575 comple-

240 1587 327 1609 tionem
351 1587 456 1609 diversas
480 1587 596 1609 constituit
621 1593 698 1608 rerum
717 1586 806 1614 species

240 1625 285 1647 243
307 1627 341 1648 12.
359 1625 403 1648 267
423 1625 435 1648 4
454 1638 483 1641 -
500 1625 656 1653 Congruentia
674 1626 805 1653 specierum

240 1665 439 1687 sacramentalium
457 1667 556 1693 quatuor
578 1664 706 1687 rationibus
723 1664 806 1692 proba-

241 1706 278 1726 tur
296 1703 340 1725 100
359 1705 371 1725 2

289 1743 402 1765 SPECULUM
420 1755 450 1759 —
467 1742 571 1765 Christus
588 1745 622 1765 est
633 1743 755 1770 speculum
768 1743 805 1765 de-

240 1781 300 1804 coris
317 1782 422 1804 omnium
439 1782 570 1809 specierum
588 1785 610 1804 et
626 1782 739 1804 luminum
751 1787 806 1804 con-

240 1820 353 1843 tentivum
380 1820 408 1842 85
436 1820 463 1843 46
481 1833 512 1837 -
529 1820 633 1843 Christus
658 1824 682 1843 ut
700 1820 803 1843 Verbum

240 1859 367 1882 increatum
385 1862 419 1882 est
435 1861 556 1888 speculum
574 1860 725 1882 intellectuale
737 1860 805 1882 totius

240 1898 361 1921 machinae
378 1899 502 1921 mundialis
519 1899 564 1921 242
585 1899 611 1921 12
626 1912 653 1915 -
666 1900 688 1921 111
701 1900 744 1921 11οο
756 1905 805 1927 spe·

240 1938 291 1960 culo
317 1938 476 1966 exemplariter
497 1941 579 1961 cuncta
606 1939 720 1965 relucent,
743 1944 804 1967 quae

240 1976 387 2004 spiritualiter
399 1980 421 1999 et
432 1977 568 1999 sensibiliter
578 1977 739 2005 producuntur
751 1976 804 2000 ibid.

240 2028 271 2031 —
282 2016 343 2038 Beati
361 2016 383 2038 in
395 2017 489 2044 speculo
501 2017 639 2039 aeternitatis
651 2017 727 2039 omnia
741 2022 805 2044 prae-

240 2054 317 2082 tei-ita,
335 2055 463 2082 praesentia
475 2058 497 2078 et
510 2057 583 2078 sutura
597 2056 741 2084 apertissime
753 2061 805 2084 spe-

240 2094 345 2116 culantur
363 2094 392 2116 65
410 2094 438 2116 24

287 2133 362 2155 Spem
379 2145 410 2150 —
427 2136 527 2156 castrum
546 2134 591 2156 560
610 2135 623 2156 2

287 2172 341 2194 Srcs
357 2184 388 2188 —
411 2175 456 2194 tota
483 2173 575 2200 figenda
600 2176 633 2195 est
658 2173 679 2195 in
706 2173 805 2195 Domino

241 2210 284 2232 493
302 2217 315 2232 a
333 2223 362 2226 ——-
380 2210 449 2233 debet
466 2217 516 2233 esse
533 2212 555 2233 in
581 2212 743 2239 imploratione
764 2212 806 2234 mi-

240 2249 380 2272 sericordiae
406 2250 418 2271 8
437 2250 457 2271 3.
477 2250 501 2271 11
526 2250 552 2271 12
571 2263 600 2265 -
618 2256 678 2278 quae
701 2251 806 2278 procedit

240 2294 267 2310 ex
286 2288 372 2310 meritis
390 2289 491 2316 propriis
515 2292 537 2311 et
561 2289 653 2311 divinae
671 2290 804 2312 clementiae

240 2327 388 2354 confidentia,
402 2328 517 2350 meritoria
530 2331 571 2356 est,
584 2327 705 2350 laudabilis
722 2331 744 2351 et
755 2334 805 2351 san-

240 2369 275 2389 cta
293 2367 321 2389 52
341 2367 369 2388 20
387 2379 416 2383 -
434 2365 516 2389 veniae
538 2367 590 2389 data
608 2370 642 2389 est
659 2368 746 2390 homini
764 2374 805 2395 per

240 2406 407 2433 repromissum
434 2406 557 2428 Salvatoris
583 2406 709 2429 adveutum
735 2406 760 2428 71
791 2408 804 2429 2

240 2457 269 2460 -—
288 2444 391 2467 Christus
414 2445 534 2472 promissis
556 2445 627 2467 erexit
644 2446 672 2468 ad
691 2452 756 2474 spem
775 2446 799 2467 81

241 2483 270 2505 34
287 2496 318 2499 —
336 2484 377 2506 Per
389 2489 454 2511 spem
467 2483 623 2506 retributionis
635 2488 741 2507 aeternae
753 2490 805 2507 con-

241 2522 345 2544 firmatur
370 2529 436 2545 mens
461 2524 561 2545 humana
579 2523 609 2545 73
631 2524 656 2545 12
675 2536 705 2540 -
722 2524 804 2546 Christi

240 2562 324 2589 agonia
342 2568 383 2584 nos
405 2562 472 2590 erigit
498 2562 527 2584 ad
552 2568 617 2590 spem
641 2563 663 2584 in
681 2563 805 2585 tribulatio-

240 2607 295 2623 num
314 2601 463 2629 perpessione
479 2601 508 2623 76
528 2602 556 2623 18
574 2614 605 2618 -
621 2602 738 2625 Fiduciam
755 2603 805 2631 spei

241 2639 354 2662 habemus
371 2646 384 2662 a
402 2640 491 2663 Christo
509 2647 551 2668 pro
569 2640 636 2663 nobis
653 2644 745 2664 mortuo
757 2642 770 2664 8
783 2642 804 2664 3.

241 2679 265 2700 11
289 2679 317 2701 12

289 2731 318 2733 -
335 2718 417 2740 Anima
435 2718 464 2740 ad
489 2724 554 2746 spem
577 2719 674 2746 erigitur
696 2720 806 2747 exemplis

240 2763 259 2778 s.
276 2757 409 2784 Scripturae
434 2758 462 2779 38
481 2758 509 2779 27
528 2770 558 2773 —
575 2758 689 2786 Suffragia
715 2759 806 2781 Sancto-

239 2802 291 2818 rum
309 2798 332 2818 et
348 2796 372 2818 B.
389 2797 418 2818 111.
444 2796 546 2824 Virginis
572 2797 663 2825 erigunt
688 2798 718 2820 ad
739 2804 805 2826 spem

240 2835 269 2856 38
288 2835 317 2856 28
334 2847 365 2851 -
383 2835 405 2857 111
423 2835 531 2858 fiduciam
550 2836 646 2863 erigitur
667 2842 709 2864 per
734 2837 806 2859 devo-

240 2873 327 2895 tionem
349 2873 389 2896 148
408 2875 421 2896 2
440 2887 467 2891 -
491 2875 573 2896 veniae
594 2875 662 2897 datur
680 2876 806 2903 peccatori-

240 2911 285 2934 bus
302 2918 348 2934 non
365 2912 544 2936 abhorrentibus
555 2914 621 2942 sequi
634 2914 731 2942 vestigia
744 2914 806 2937 Chri-

240 2950 269 2972 sti
286 2951 315 2972 78
334 2950 363 2972 27
382 2963 412 2968 —
429 2952 471 2974 Per
488 2958 553 2980 spem
571 2953 653 2975 veniae
671 2954 758 2976 reditur
775 2954 805 2976 ad

238 2990 326 3011 sontem
343 2990 515 3013 misericordiae
531 2991 561 3013 76
579 2992 608 3014 20
626 3005 656 3008 —-
673 2992 702 3014 de
719 2993 806 3015 adiuto-

931 218 1031 246 INDEX
1053 217 1300 246 ALPHABETICUS.

836 296 871 318 rio
889 296 969 318 (111-1110
994 295 1123 323 concipitur
1143 295 1166 317 in
1191 295 1313 317 securitate
1337 295 1400 323 spiri-

836 335 891 358 tuali
917 335 944 357 10
968 335 987 357 11
1011 347 1040 350 -
1057 333 1210 362 sperantibus
1234 334 1341 356 solatium
1367 338 1401 357 est

837 374 975 403 sequestrari
993 380 1005 396 a
1023 373 1111 395 mundo
1128 375 1150 395 et
1167 373 1230 400 iungi
1249 373 1295 395 Deo
1308 375 1401 395 aeterno

837 414 882 436 326
901 414 929 435 28

884 453 1021 475 Semi-ruatia
1038 463 1069 467 --
1086 457 1178 479 semper
1195 453 1217 473 et
1229 450 1317 479 ubique
1329 451 1403 473 omni-

837 491 881 514 bus
898 490 1062 519 praeponenda
1088 492 1141 512 sunt
1158 489 1203 512 475
1223 490 1229 511 ’1
1251 502 1283 506 —
1299 489 1329 511 ab
1351 490 1402 517 ipso

837 531 938 558 praelato
955 532 977 552 et
993 530 1124 552 animarum
1143 529 1239 551 custode
1256 529 1401 556 procuranda

836 572 890 592 sunt
911 569 952 591 145
971 569 998 591 13
1018 581 1047 584 —-
1065 569 1112 591 Non
1131 570 1165 590 est
1181 568 1253 596 digna
1265 573 1402 595 compensa-

838 609 868 631 tio
885 608 987 636 receptio
1004 608 1159 635 corporalium
1182 607 1309 635 spiritualia
1334 607 1403 629 semi-

837 647 898 670 nanti
917 647 961 669 420
980 648 993 669 2
1010 659 1041 663 -
1064 646 1172 669 Studium
1198 646 1316 674 spirituale
1341 646 1403 668 vires

838 687 942 715 corporis
967 686 1068 709 desiccat
1092 690 1114 708 et
1140 685 1254 708 consumit
1279 685 1325 707 344
1342 692 1354 707 a
1372 697 1403 701 —

838 726 995 754 spiritualium
1013 725 1106 747 consilia
1123 724 1257 753 quaerenda
1275 727 1328 746 sunt.
1342 725 1370 746 89
1389 725 1401 746 3

838 778 868 781 —
886 764 1044 793 spiritualium
1058 763 1202 786 conversatio
1214 764 1319 785 affectum
1333 763 1403 786 afficit

838 807 860 827 et
876 805 1005 826 inflammat
1023 803 1051 825 89
1065 804 1078 825 2
1091 815 1121 819 -
1133 803 1291 830 Spiritualium
1306 803 1404 824 societas

837 843 964 873 acquiritur
981 849 993 864 a
1013 842 1101 864 mundo
1118 848 1142 864 se
1160 841 1316 864 abstrahendo
1334 840 1388 863 ibid.

885 883 984 905 Semirus
1001 894 1032 898 —
1049 884 1083 904 est
1099 881 1220 909 proprium
1238 881 1261 903 in
1279 881 1362 903 divinis
1376 880 1403 902 17

839 923 863 944 11
885 934 915 938 -
933 922 956 944 S.
973 921 1077 949 procedit
1094 927 1106 942 a
1129 921 1194 943 Patre
1219 923 1241 942 et
1266 920 1321 942 Filio
1346 920 1405 942 sicut

838 962 900 984 calor
918 960 972 983 ibid.
990 973 1018 976 —
1037 960 1132 988 Spiritui
1149 961 1172 982 S.
1190 959 1354 987 appropriatur
1365 965 1404 981 vo-

838 1001 926 1027 luntas,
944 1000 1000 1028 quia
1018 1000 1108 1022 Donum
1122 998 1155 1022 ib.
1174 999 1202 1021 12
1219 1011 1250 1015 -
1267 998 1362 1026 Spiritui
1380 998 1402 1020 S.

838 1039 1002 1067 appropriatur
1019 1038 1118 1061 dulcedo
1141 1040 1235 1066 propter
1261 1038 1403 1060 voluntatem

838 1081 860 1100 et
877 1078 1002 1100 bonitatem
1028 1077 1082 1100 ibid.
1106 1089 1137 1094 -
1155 1077 1249 1105 Spiritui
1276 1077 1297 1099 S.
1324 1083 1405 1105 appro-

839 1117 928 1145 priatur
945 1116 1046 1145 bonitas,
1065 1116 1117 1145 qnia
1136 1116 1247 1138 connexio
1266 1115 1320 1138 ibici.
1337 1128 1367 1132 —
1381 1115 1404 1137 Ei

839 1156 1002 1184 appropriatur
1020 1156 1092 1183 pietas
1109 1155 1245 1178 consolatrix
1268 1157 1290 1177 et
1307 1155 1404 1177 clemen-

839 1196 868 1218 tia
886 1195 915 1217 28
934 1195 942 1216 ’1

885 1247 916 1250 -
933 1233 1068 1262 supervenit
1085 1234 1107 1255 in
1125 1233 1245 1261 Virginem
1269 1233 1328 1255 sicut
1345 1233 1405 1261 ignis

839 1273 932 1296 divinus
957 1275 1057 1295 mentem
1084 1273 1134 1295 eius
1151 1272 1296 1294 inflammans
1319 1274 1341 1294 et
1358 1279 1405 1295 car-

839 1319 891 1334 nem
909 1312 1054 1335 sanctiticans
1079 1312 1104 1333 71
1126 1312 1139 1333 3
1157 1323 1188 1327 -—
1205 1312 1229 1333 111
1254 1312 1317 1333 0111111
1335 1312 1405 1340 pleni-

839 1351 919 1374 tudine
935 1351 1050 1380 requievit
1067 1357 1138 1379 super
1154 1350 1270 1373 Christum
1290 1351 1318 1372 86
1334 1351 1360 1372 49
1374 1363 1405 1367 —

839 1390 972 1418 intelligitur
997 1390 1019 1412 111
1044 1389 1152 1412 columba
1169 1390 1198 1412 73
1216 1390 1229 1412 9
1248 1402 1279 1406 -
1295 1393 1405 1412 contesta-

839 1433 876 1452 tus
892 1432 927 1452 est
948 1429 1038 1452 Christo
1059 1429 1083 1451 in
1105 1429 1306 1457 transfiguratione
1328 1429 1357 1451 74
1380 1430 1404 1451 12

839 1482 869 1485 -
888 1469 972 1491 111155115
989 1471 1023 1491 051
1040 1468 1236 1497 quinquagesimo
1254 1468 1291 1491 die
1308 1471 1360 1496 post
1373 1475 1405 1491 re-

839 1509 1006 1531 surrectionem
1025 1508 1054 1529 82
1072 1508 1101 1529 39
1119 1520 1150 1524 -
1167 1508 1275 1535 apparuit
1287 1508 1307 1529 in
1321 1508 1405 1536 linguis

839 1548 914 1575 igneis
932 1550 1040 1576 tanquam
1055 1547 1088 1569 ori
1103 1547 1235 1569 ministrans
1246 1546 1354 1574 verbum,
1372 1547 1406 1569 in-

839 1587 938 1609 tellectui
956 1587 1031 1609 lucem
1050 1589 1072 1608 et
1084 1587 1173 1608 all'ectui
1187 1586 1295 1608 ardorem
1307 1585 1362 1608 ibid.
1376 1598 1404 1602 —

839 1626 890 1648 fecit
907 1626 1034 1653 discipulos
1046 1626 1108 1654 loqui
1120 1625 1190 1647 variis
1208 1625 1292 1653 linguis
1310 1624 1363 1648 ibid.
1376 1638 1406 1642 —

839 1664 962 1687 inebriavit
978 1665 1099 1693 Apostolos
1116 1665 1216 1687 caritatis
1228 1665 1282 1692 igne
1296 1664 1342 1687 227
1361 1665 1405 1687 173

839 1717 869 1721 —
886 1704 1012 1732 discipulos
1029 1704 1122 1726 edocuit
1138 1710 1232 1726 omnem
1250 1704 1371 1726 veritatem
1385 1707 1407 1726 et

838 1743 868 1766 ad
885 1750 979 1766 omnem
997 1743 1142 1766 dilectionem
1155 1743 1260 1765 accendit
1272 1746 1294 1765 et
1306 1743 1329 1765 in
1341 1743 1405 1765 omni

838 1783 923 1805 virtute
940 1783 1041 1805 firmavit
1058 1783 1087 1804 82
1106 1783 1134 1805 39
1152 1795 1183 1799 —
1199 1783 1267 1805 docet
1284 1782 1313 1805 de
1336 1782 1406 1805 omni-

838 1822 891 1849 bus,
908 1828 968 1851 quae
986 1822 1112 1850 expediunt
1129 1822 1195 1844 saluti
1209 1822 1253 1844 147
1267 1822 1274 1843 1
1297 1834 1327 1838 -
1345 1822 1406 1844 Deus

839 1861 903 1884 dedit
920 1861 1030 1889 Spiritum
1049 1862 1072 1883 S.
1095 1861 1156 1883 dono
1178 1860 1407 1888 superabundantiae

838 1901 860 1923 111
878 1901 1023 1928 signaculum
1036 1900 1208 1928 acceptationis,
1220 1900 1242 1922 in
1256 1900 1404 1928 privilegium

838 1940 977 1968 adoptionis,
995 1940 1017 1961 in
1034 1940 1128 1962 anulum
1146 1939 1330 1967 desponsationis
1344 1940 1356 1961 6
1377 1940 1404 1961 Ἰ13

838 1991 868 1995 -
881 1979 979 2007 Spiritus
991 1979 1013 2001 S.
1030 1979 1116 2001 virtute
1133 1978 1231 2001 Ecclesia
1251 1981 1371 2006 purgatur,
1384 1979 1406 2000 il-

838 2018 963 2040 luminatur
980 2020 1001 2040 et
1019 2018 1137 2046 perficitur
1155 2018 1183 2039 82
1202 2018 1231 2039 39

885 2070 915 2073 —
934 2058 974 2079 Per
992 2057 1102 2085 Spiritum
1126 2058 1148 2079 S.
1174 2063 1256 2079 sumus
1281 2057 1404 2084 praedesti-

838 2097 892 2123 nati,
909 2096 981 2119 renati
999 2099 1020 2118 et
1045 2096 1067 2118 111
1090 2096 1190 2118 Ecclesia
1207 2096 1341 2124 congregati
1360 2097 1372 2118 8
1392 2096 1405 2118 3

838 2147 868 2152 -
885 2135 987 2157 Gratuita
1009 2141 1050 2163 per
1068 2135 1178 2163 SpIritum
1197 2136 1219 2157 S.
1237 2135 1303 2157 nobis
1325 2135 1405 2157 collata

838 2177 891 2196 sunt
908 2174 953 2196 220
972 2174 1016 2196 147
1034 2186 1065 2190 ——
1082 2175 1124 2196 Per
1136 2175 1223 2202 largam
1237 2174 1404 2196 immissionem

838 2213 936 2240 Spiritus
954 2213 976 2235 S.
998 2213 1125 2241 acquiritur
1151 2213 1300 2235 conformitas
1325 2212 1404 2234 divina

843 2252 883 2273 130
900 2252 914 2273 7
932 2264 962 2267 ——
980 2251 1103 2279 Quomodo
1120 2251 1197 2273 anima
1215 2252 1253 2273 fiat
1274 2257 1333 2273 unus
1359 2252 1403 2279 spi-

838 2291 895 2313 ritus
912 2296 965 2313 cum
983 2290 1030 2313 Deo
1057 2290 1100 2312 149
1131 2291 1155 2312 10
1173 2303 1204 2306 -
1222 2291 1263 2312 Ρο1“
1280 2291 1405 2318 susceptio-

838 2335 892 2351 nem
910 2329 1010 2357 Spiritus
1027 2330 1049 2351 S.
1068 2332 1156 2357 septem
1182 2329 1295 2357 gradibus
1312 2329 1405 2352 venitur

839 2368 868 2390 ad
886 2368 1005 2390 dulcorem
1028 2368 1128 2390 caritatis
1157 2368 1182 2390 14
1201 2368 1214 2390 6
1232 2380 1262 2384 -
1279 2369 1297 2390 Α
1316 2369 1403 2396 Spiritu

839 2407 860 2429 S.
873 2406 987 2429 habemus
999 2407 1139 2429 affluentiam
1152 2407 1260 2429 desiderii
1273 2408 1285 2429 8
1301 2408 1321 2429 3.
1337 2408 1359 2429 11
1376 2408 1404 2430 12

838 2458 869 2462 -
885 2446 926 2468 Dei
944 2445 1074 2468 inhabitans
1092 2446 1113 2468 in
1131 2446 1206 2468 anima
1224 2446 1324 2469 ostendit
1335 2453 1360 2469 se
1381 2447 1403 2469 in

838 2486 972 2513 operatione
990 2488 1050 2507 extra
1070 2485 1113 2507 440
1132 2486 1144 2507 8
1158 2497 1188 2501 -
1206 2486 1304 2513 Spiritus
1317 2486 1340 2508 S.
1352 2492 1405 2514 gra-

838 2525 868 2547 tia
886 2524 1064 2547 misericorditer
1076 2524 1177 2546 animam
1190 2524 1296 2552 adiuvat,
1309 2525 1405 2547 dulciter

838 2564 969 2586 consolatur
986 2567 1007 2586 et
1024 2563 1096 2585 reficit
1113 2559 1135 2585 01
1159 2563 1180 2585 111
1206 2563 1267 2585 110110
1293 2565 1406 2586 confortat

839 2603 868 2625 95
886 2603 899 2624 3
918 2615 948 2618 —-
965 2602 1107 2630 septiformis
1133 2602 1211 2630 incipit
1235 2605 1258 2625 et
1283 2603 1361 2630 dirigit
1384 2606 1406 2625 et

840 2642 947 2664 meritum
965 2644 1112 2664 consummat
1131 2641 1174 2663 409
1199 2642 1211 2663 6
1229 2654 1260 2658 -
1277 2642 1319 2664 Per
1337 2642 1405 2670 Spiri-

839 2683 875 2703 tus
893 2681 915 2703 S.
933 2681 1111 2703 consolationem
1124 2681 1146 2703 111
1160 2681 1221 2703 bono
1233 2682 1341 2704 exercitio
1353 2688 1405 2709 per-

838 2719 925 2742 sistItur
943 2719 971 2742 94
989 2721 1002 2742 2
1020 2732 1050 2736 ——
1068 2721 1089 2742 ln
1107 2720 1184 2748 ipsum
1196 2720 1340 2743 refundenda
1353 2723 1406 2743 sunt

839 2759 917 2780 omnia
934 2765 1005 2787 opera
1023 2759 1052 2781 95
1070 2760 1083 2781 3
1101 2759 1305 2787 —intelligentiae
1317 2763 1350 2782 est
1363 2762 1405 2782 sta-

839 2797 890 2820 bilis
907 2798 930 2820 in
948 2798 995 2820 Deo
1013 2800 1034 2820 et
1051 2798 1143 2821 1110111115
1160 2798 1190 2821 ad
1207 2805 1275 2821 omne
1293 2805 1353 2826 opus
1367 2798 1405 2821 bo-

839 2843 894 2858 num
914 2836 953 2859 441
982 2838 1006 2859 12
1023 2849 1054 2853 -
1071 2840 1150 2859 causat
1174 2836 1321 2860 stabilitatem
1345 2838 1406 2860 vitae

839 2874 892 2898 ibid.
906 2888 936 2891 ——
948 2876 1065 2904 malignus
1077 2878 1156 2899 causat
1167 2876 1338 2899 instabilitatem
1351 2876 1405 2899 ibid.

839 2927 868 2930 -—
886 2915 973 2942 gratiae
998 2915 1139 2943 septiformis
1164 2915 1310 2938 invocandus
1328 2916 1355 2938 86
1377 2915 1404 2937 49

838 2965 869 2970 -
886 2959 978 2981 semper
995 2956 1029 2976 est
1046 2953 1219 2977 benedicendus
1230 2957 1253 2977 et
1264 2954 1406 2977 sanctifican-

839 2992 884 3014 dus
902 2992 932 3014 95
950 2993 963 3015 3

1697 257 1750 279 STE

1482 308 1511 311 —
1528 296 1550 317 S.
1568 301 1610 323 per
1631 295 1781 323 cupiditatem
1804 298 1826 318 et
1851 295 2001 319 ambitionem

1435 340 1587 362 personarum
1607 334 1812 357 ecclesiasticarum
1830 335 1875 357 emi
1893 338 1915 358 et
1932 336 2001 359 vendi

1436 374 1494 396 solet
1511 373 1556 396 304
1575 374 1603 396 29

1483 425 1513 429 -
1530 413 1672 435 Documenta
1695 413 1865 440 Scripturarum
1889 416 1942 435 sunt
1963 414 2003 436 ali-

1436 454 1511 473 menta
1529 452 1652 479 spirituum
1671 452 1715 474 316
1729 453 1742 474 2
1753 451 1945 480 —intelligibilis
1957 459 2003 475 ma-

1436 490 1555 512 nifestatus
1572 493 1606 513 est
1622 497 1664 518 per
1681 497 1773 513 crucem
1791 491 1920 513 secundum
1934 491 2003 519 tripli-

1437 535 1487 551 cem
1505 529 1657 552 differentiam
1677 530 1704 552 Ἰ13
1724 529 1736 552 4

1485 568 1600 591 Setssnnoa
1616 580 1647 585 —
1664 571 1786 596 generatur
1804 575 1817 591 a
1829 570 1879 591 luce
1892 572 2002 598 tanquam

1439 610 1533 635 parente
1552 607 1579 629 17
1602 608 1622 629 11
1639 620 1669 623 -
1681 608 1811 636 coaequalis
1823 612 1845 630 et
1856 608 2004 631 consubstan-

1437 647 1494 669 tialis
1511 646 1584 668 oritur
1601 646 1630 668 ab
1648 649 1738 669 aeterna
1756 647 1806 670 luce
1822 647 1848 669 71
1871 648 1879 669 1
1902 661 1932 663 -
1949 654 2003 670 cum

1437 686 1488 708 luce
1505 685 1612 713 producit
1629 686 1728 708 calorem
1750 686 1776 708 17
1796 686 1819 708 11
1836 698 1866 703 -
1878 687 1916 709 Dei
1931 687 2001 709 Patris

1437 728 1471 747 est
1487 724 1614 747 substantia
1632 728 1654 747 et
1671 725 1802 753 hypostasis
1814 724 1867 747 ibid.
1879 738 1910 742 —
1922 726 2003 753 Splen-

1437 764 1518 786 dorem
1536 763 1703 791 sempiternum
1720 764 1795 786 nullus
1807 764 1902 792 adipisci
1916 767 2003 794 potest,

1438 803 1481 825 nisi
1499 803 1538 831 qui
1557 803 1742 831 perseveraverit
1759 803 1780 825 in
1798 803 1866 825 finem
1886 804 1930 825 178
1948 805 1961 826 2
1973 816 2004 820 -

1439 842 1482 870 Qui
1500 848 1553 864 eum
1572 842 1686 869 recipiunt
1702 841 1724 863 in
1741 842 1792 869 ipso
1813 842 1907 865 assidue
1928 843 2004 865 felices

1438 881 1551 903 laetantur
1568 880 1622 903 ibid.
1638 893 1670 897 —
1685 881 1788 904 veritatis
1804 881 1826 903 in
1850 882 1887 903 via
1911 887 2003 910 compa·

1438 920 1526 942 raudus
1549 920 1678 942 secundum
1703 920 1875 943 similitudinem
1898 920 1928 943 ad
1944 927 2005 943 sum-

1440 965 1491 981 mae
1508 959 1611 981 veritatis
1627 959 1742 981 visionem
1760 959 1783 981 in
1795 958 1937 982 beatitudine
1950 960 1978 982 12
1994 961 1999 982 l

1487 999 1601 1021 SPOLETunt
1618 1011 1649 1014 —
1667 998 1711 1020 5l3
1731 999 1750 1020 1.
1769 998 1814 1020 563
1832 999 1854 1021 5.
1871 999 1916 1021 565
1934 1005 1946 1021 a

1487 1037 1569 1060 sponsi
1589 1050 1618 1053 —
1635 1037 1716 1060 Anima
1735 1037 1856 1060 christiana
1875 1040 1909 1060 est
1920 1044 2005 1066 sponsa

1439 1076 1480 1098 Dei
1502 1076 1639 1104 desponsata
1662 1083 1703 1104 per
1725 1077 1835 1104 Spiritum
1853 1078 1875 1099 S.
1894 1077 1907 1099 6
1926 1077 1954 1099 13
1973 1090 2003 1093 —

1439 1114 1523 1138 Christi
1541 1115 1626 1138 intrare
1643 1115 1712 1138 [lebet
1729 1116 1749 1137 in
1763 1116 1839 1138 locum
1852 1116 1927 1144 angeli
1939 1122 2006 1144 repu-

1439 1154 1494 1177 diati
1513 1155 1558 1176 110
1576 1155 1588 1176 3
1607 1167 1637 1171 -
1654 1154 1750 1183 Christi,
1767 1155 1887 1184 quomodo
1909 1155 1939 1178 ad
1957 1161 2006 1183 per-

1439 1194 1560 1216 sectionem
1586 1194 1680 1216 tendere
1705 1194 1778 1222 possit
1806 1194 1847 1216 108
1867 1194 1887 1217 1.
1906 1201 1957 1223 sqq.
1974 1207 2005 1211 —

1439 1233 1503 1261 Quae
1528 1233 1571 1260 ipsi
1596 1234 1641 1255 sint
1668 1233 1776 1261 fugienda
1793 1232 1824 1256 ib.
1842 1234 1863 1256 3.
1882 1233 1926 1256 109
1944 1234 1957 1256 4
1974 1247 2005 1250 —-

1439 1272 1521 1295 Christi
1537 1272 1606 1295 valde
1623 1272 1715 1295 humilis
1732 1278 1782 1295 esse
1799 1272 1869 1295 debet
1887 1273 1930 1295 110
1949 1273 1962 1295 3
1973 1285 2005 1290 -

1440 1312 1549 1340 Magnum
1567 1311 1670 1334 dedecus
1686 1315 1720 1334 est
1737 1318 1835 1340 sponsae
1852 1311 1934 1334 Christi
1951 1318 2005 1334 cum

1439 1351 1482 1373 alio
1500 1357 1571 1380 quam
1589 1357 1643 1373 cum
1661 1350 1750 1374 Christo
1767 1357 1897 1374 sermonem
1919 1350 2006 1374 habere

1442 1390 1486 1412 116
1506 1390 1518 1412 4

1489 1442 1517 1446 ——
1536 1429 1639 1457 Sponsae
1656 1429 1769 1452 Ecclesiae
1786 1430 1894 1452 convenit
1911 1430 2006 1452 transire

1440 1468 1462 1490 in
1480 1468 1551 1496 patris
1576 1469 1701 1496 spiritualis
1725 1471 1861 1496 potestatem
1881 1469 1925 1491 398
1944 1469 1957 1491 5
1976 1481 2005 1484 —-

1440 1507 1486 1530 Cur
1503 1507 1579 1529 anima
1598 1507 1671 1530 fidelis
1688 1510 1784 1530 vocetur
1801 1514 1866 1530 soror
1884 1510 1906 1530 et
1922 1514 2006 1536 sponsa

1440 1549 1463 1569 et
1480 1553 1525 1569 non
1543 1553 1599 1569 uxor
1618 1547 1661 1569 164
1680 1547 1700 1569 5.
1713 1553 1748 1575 sq.
1760 1560 1790 1563 -—
1802 1548 1875 1570 solent
1888 1547 2007 1570 ardentius

1441 1586 1527 1612 amari,
1545 1586 1654 1613 coniugio
1671 1586 1747 1608 adhuc
1764 1586 1862 1613 recenti,
1879 1592 1950 1615 quam
1969 1592 2006 1614 po·

1441 1628 1488 1647 stea
1505 1624 1534 1647 ib.
1553 1625 1567 1647 5
1584 1637 1614 1641 —
1631 1625 1750 1647 carnaliter
1767 1625 1894 1653 diliguntur
1912 1624 1941 1648 ib.
1961 1626 1974 1648 6

1488 1664 1582 1686 Sponsus
1598 1676 1628 1680 —
1645 1667 1722 1686 noster
1745 1664 1848 1687 Christus
1873 1667 1907 1687 est
1930 1664 1974 1687 164
1992 1665 2005 1687 6

1441 1716 1470 1718 -
1488 1709 1529 1725 cur
1546 1703 1647 1725 animam
1665 1703 1756 1726 fidelem
1774 1710 1877 1726 sororem
1895 1706 1917 1726 et
1937 1710 2008 1732 spon-

1441 1748 1490 1764 sam
1516 1745 1538 1764 et
1563 1748 1608 1764 non
1632 1748 1728 1765 uxorem
1754 1746 1821 1765 vocet
1837 1742 1866 1765 ib.
1885 1743 1905 1765 5.
1923 1749 1958 1772 sq.
1976 1755 2007 1760 —-

1442 1781 1513 1803 Amor
1531 1781 1603 1809 ipsius
1620 1787 1713 1809 semper
1730 1788 1805 1804 novus
1822 1784 1856 1804 cst
1872 1781 1902 1805 ib.
1915 1782 1929 1804 5
1941 1783 2008 1804 —ln

1442 1826 1522 1842 amore
1539 1820 1612 1848 ipsius
1628 1821 1683 1842 nihil
1701 1821 1791 1843 carnale
1813 1821 1950 1849 sapiendum
1973 1824 2007 1844 est

1440 1858 1470 1882 ib.
1489 1860 1501 1881 6

1488 1899 1616 1921 STAB1L1TAS
1627 1911 1658 1915 —
1669 1899 1730 1922 Deus
1742 1902 1776 1922 est
1787 1899 1897 1922 stabilitas
1909 1906 2008 1923 movens

1441 1937 1469 1959 16
1492 1938 1513 1959 11
1535 1950 1566 1954 -
1583 1938 1681 1966 Spiritus
1708 1938 1730 1960 S.
1756 1941 1835 1961 causat
1859 1938 2006 1961 stabilitatem

1441 1976 1480 1998 441
1505 1977 1532 1998 12

1487 2016 1571 2038 Surus
1587 2028 1619 2032 —
1635 2017 1658 2038 ln
1675 2017 1774 2039 Ecclesia
1796 2017 1920 2040 universali
1944 2017 2005 2039 Deus

1439 2055 1545 2077 diversos
1562 2058 1633 2078 status
1650 2062 1701 2078 esse
1717 2056 1819 2079 decrevit
1837 2056 1882 2079 297
1900 2057 1913 2079 9
1931 2069 1962 2073 -
1973 2057 2007 2079 di-

1439 2094 1500 2116 versi
1518 2095 1646 2117 secundum
1665 2096 1752 2117 variam
1769 2095 1954 2118 distributionem
1966 2096 2006 2118 do-

1439 2140 1521 2155 norum
1539 2137 1561 2156 et
1578 2134 1669 2156 varium
1686 2135 1789 2157 imitandi
1813 2135 1908 2157 modum
1932 2141 2006 2157 exem-

1439 2172 1530 2199 plariter
1547 2173 1681 2195 derivantur
1698 2179 1710 2195 a
1728 2173 1806 2196 Verbo
1824 2174 1941 2196 incarnato
1959 2174 2003 2196 243

1441 2212 1468 2233 Ἰ12
1487 2223 1517 2227 -
1535 2212 1572 2234 Est
1589 2212 1676 2240 gradus
1693 2215 1715 2235 et
1732 2213 1847 2235 distinctio
1861 2213 1882 2235 in
1894 2213 2006 2241 exemplis

1438 2256 1465 2272 ac
1481 2250 1561 2273 verbis
1577 2250 1661 2273 Christi
1677 2254 1782 2279 respectu
1806 2254 1907 2275 statuum
1930 2253 2007 2275 diver-

1440 2295 1520 2311 sorum
1538 2289 1579 2311 241
1601 2291 1614 2312 8
1632 2302 1663 2306 -
1679 2290 1764 2313 diversi
1777 2291 1800 2313 in
1812 2291 1912 2314 Ecclesia
1924 2291 2005 2314 Christi

1438 2329 1599 2351 commendari
1616 2333 1713 2357 possunt
1729 2329 1837 2353 laudibus
1849 2331 1972 2358 praecelsis
1984 2333 2006 2353 et

1439 2368 1551 2395 propriis,
1569 2374 1615 2391 non
1632 2371 1708 2391 tamen
1721 2369 1819 2392 dissonis
1831 2370 1875 2392 236
1889 2370 1902 2392 3
1915 2382 1945 2386 -
1957 2370 2006 2399 qui-

1440 2406 1495 2429 libet
1511 2413 1578 2429 suam
1596 2407 1665 2430 habet
1681 2409 1868 2436 praerogativam
1881 2409 2005 2437 specialem

1439 2445 1492 2468 ibid.
1512 2446 1556 2468 244
1577 2447 1583 2468 1
1605 2460 1635 2463 -
1652 2448 1726 2476 qualis
1741 2448 1769 2470 sit
1781 2448 1904 2476 perfectior
1917 2448 1961 2470 248
1976 2448 2005 2470 15

1439 2497 1469 2501 -
1482 2485 1618 2513 Vigilantius
1630 2486 1726 2515 eiusque
1738 2493 1849 2515 sequaces
1861 2490 1945 2510 statum
1958 2493 2006 2510 sae-

1439 2525 1540 2547 cularem
1558 2525 1626 2547 statui
1643 2526 1769 2554 Religionis
1786 2527 1823 2548 vel
1840 2527 1956 2554 praeferre
1968 2527 2004 2550 vel

1439 2569 1540 2592 aequare
1552 2564 1694 2587 conabantur
1708 2565 1752 2587 249
1766 2565 1794 2587 17
1803 2578 1834 2581 —
1846 2566 1869 2588 ln
1881 2568 1941 2588 statu
1952 2566 2005 2588 sub-

1440 2603 1487 2625 IImi
1505 2606 1539 2625 est
1557 2606 1718 2626 ornamentum
1736 2603 1811 2626 nobile
1824 2605 1941 2627 humilitas
1953 2611 2006 2633 pro-

1440 2642 1510 2664 funda
1528 2642 1573 2664 392
1592 2643 1605 2664 2

1487 2681 1587 2703 STATUTA
1604 2693 1635 2698 —
1651 2681 1702 2704 vide
1718 2688 1740 2705 υ.
1758 2681 1947 2706 Constitutiones.

1487 2721 1571 2742 STELLA
1589 2733 1619 2737 —
1636 2721 1708 2748 Magis
1725 2721 1747 2743 in
1764 2721 1851 2744 oriente
1863 2722 1971 2750 apparuit
1983 2724 2004 2744 et

1439 2764 1479 2781 eos
1497 2759 1591 2787 praevia
1609 2760 1709 2782 claritate
1726 2760 1790 2783 duxit
1807 2760 1836 2782 72
1855 2761 1867 2782 6
1884 2773 1916 2777 -
1927 2761 2004 2784 oriens

1440 2800 1462 2820 et
1485 2799 1592 2826 praeiens
1618 2802 1651 2821 est
1676 2798 1779 2822 Christus
1795 2798 1849 2822 ibid.
1867 2812 1898 2816 —
1914 2799 2004 2822 Corona

1439 2837 1555 2860 stellarum
1583 2838 1707 2860 duodecim
1735 2838 1848 2866 significat
1879 2839 2003 2862 duodecim

1440 2877 1524 2904 gaudia
1542 2877 1599 2899 caeli
1616 2877 1645 2899 57
1664 2878 1676 2899 2

1487 2916 1614 2938 ΞΤΕ111111Α5
1631 2928 1658 2932 -
1678 2919 1760 2944 regnat
1777 2917 1798 2939 in
1824 2917 1924 2944 mundo,
1950 2917 2003 2946 quia

1440 2954 1556 2977 Christum
1577 2957 1688 2984 tanquam
1710 2956 1879 2979 infructuosum
1901 2956 2004 2984 despexit

1442 2993 1469 3015 13
1488 2993 1502 3015 4
