2133 3317
136 511 205 530 Malum
222 512 254 530 tri-

169 535 219 560 plex.

140 931 246 950 Perfectum

154 955 228 978 triplex.

122 1400 253 1423 Imperfectum

149 1423 224 1447 triplex.

141 1867 250 1888 Corollaria.

270 236 326 265 238

269 315 384 352 gloriam
406 315 497 350 captet
517 313 675 340 humanam.
697 309 821 338 Tertium
842 312 935 337 autem
951 310 993 336 est
1012 307 1116 336 bonum

268 361 429 390 secundnm
450 368 495 392 se,
517 357 591 395 quod
613 357 689 385 nullo
710 356 791 384 modo
813 356 924 392 potest¹
947 354 1018 383 male
1039 354 1116 388 fieri,

270 408 342 437 sicut
362 410 403 436 est
424 414 495 443 opus
515 404 628 433 virtutis
648 411 684 432 ex
706 402 829 432 caritatis
847 401 940 430 radice
957 401 1117 438 procedens.

348 455 398 483 Per
421 454 495 481 hunc
514 452 597 480 etiam
618 450 731 479 modum
753 449 899 486 tripliciter
924 448 1026 477 dicitur
1053 457 1117 477 ma-

270 502 351 530 lam:
374 500 477 528 malum
487 521 494 533 ,
509 498 638 535 inquam,
654 496 686 525 in
699 504 802 533 9611616
815 495 919 524 dicitur
933 497 1012 523 actus
1028 498 1118 523 trans-

269 548 328 577 iens
356 554 440 583 super
468 544 611 573 materiam
641 543 806 577 indebitam,
828 543 901 571 sicut
921 542 1047 571 occidere
1068 542 1118 570 ho-

269 594 381 622 minem.
403 592 506 620 Malum
528 600 563 619 ea:
585 589 813 619 circumstantia
840 589 942 618 dicitur
969 592 1048 618 actus
1076 589 1117 617 in-

268 641 403 669 formatus
418 637 626 668 circumstantia
640 636 801 666 deordinata
810 659 817 670 ,
831 639 864 665 ut
878 636 1022 665 comedere
1036 638 1118 664 extra

269 688 375 715 horam.
398 686 499 714 Malum
520 684 682 713 seeundum
703 692 733 712 se
759 686 801 712 est
828 682 902 720 quod
930 682 1008 711 nullo
1037 682 1118 711 modo

267 736 357 771 potest
372 733 441 762 bene
456 732 533 766 fieri,
555 734 586 760 ut
607 733 673 760 sunt
694 731 740 759 illa
766 742 779 755 «
794 738 866 767 quae
886 738 953 758 mox
977 729 1119 758 nominata

268 781 415 809 coniuncta
436 782 501 808 511111
523 779 594 807 111310
606 779 616 795 ²
632 790 660 812 »,
681 780 714 806 ut
734 777 861 811 mentiri,
876 776 1023 810 fornicari,
1042 776 1118 804 odire

268 827 413 856 veritatem
436 829 463 855 et
484 826 639 863 approbare
661 832 796 854 errorem.

347 874 373 902 8.
396 873 483 902 Simili
505 873 587 901 etiam
609 872 690 900 modo
709 870 873 908 perfectum
890 870 1036 907 tripliciter
1051 869 1118 898 dici-

268 924 324 950 tur.
348 920 501 949 Perfectum
523 927 643 956 namque
665 919 696 947 in
715 927 818 956 9611616
839 921 880 947 651
901 920 979 946 361115
1000 917 1119 945 difficilis

268 971 295 997 et
315 968 467 1001 excellens,
484 970 579 1003 utpote
593 966 685 995 omnia
706 966 882 1002 relinquere,
896 967 993 1001 utpote
1014 964 1119 992 intrare

268 1015 444 1052 Religionem.
461 1013 615 1042 Perfectum
631 1022 665 1042 ex
680 1012 906 1041 circumstantia
923 1011 1025 1040 dicitur
1040 1014 1119 1039 actus

268 1061 386 1091 difficilis
400 1061 499 1089 debitis
513 1060 728 1089 circumstantiis
742 1059 902 1093 adornatus,
913 1061 946 1087 ut
960 1058 1118 1094 relinquere

268 1108 377 1137 divitias
398 1107 550 1144 gaudenter
571 1109 599 1135 61
619 1106 653 1134 ad
668 1105 886 1135 aedificationem
903 1104 1034 1141 proximi.
1058 1104 1119 1132 Per-

268 1155 371 1185 fectum
392 1157 486 1183 autem
508 1154 670 1182 secundnm
684 1162 713 1181 se
728 1156 769 1182 est
783 1155 863 1181 actus
877 1151 996 1180 difficilis
1017 1159 1033 1179 a
1048 1150 1118 1179 cari-

268 1202 354 1231 tatis3
375 1201 546 1230 sublimitate
567 1200 734 1237 procedens,
756 1202 787 1227 ut
808 1201 849 1227 est
876 1200 969 1227 motus
996 1197 1118 1226 fervidae

269 1252 296 1278 et
317 1248 461 1277 ecstaticae
488 1247 642 1276 dilectionis
664 1246 690 1274 in
712 1246 817 1280 Deum,
839 1245 883 1274 vel
904 1252 992 1282 purae
1013 1247 1040 1273 et
1060 1244 1118 1281 ple-

268 1304 320 1325 nae
340 1295 494 1324 dilectionis
514 1294 548 1323 ad
570 1294 721 1322 inimicum.

348 1343 429 1371 quta
450 1342 525 1370 hunc
547 1341 630 1370 etiam
653 1340 765 1368 modum
788 1338 990 1376 imperfectam
1015 1337 1118 1366 dicitur

270 1390 424 1426 tripliciter.
440 1388 633 1425 Imperfectum
649 1387 753 1424 quippe
768 1387 799 1415 in
811 1394 915 1424 9611616
925 1385 1027 1414 dicitur
1039 1387 1118 1413 361115

268 1437 356 1466 facilis
369 1439 397 1465 et
411 1436 445 1465 ad
459 1444 544 1473 quem
559 1436 682 1464 humana
703 1434 850 1462 infirmitas
872 1433 1030 1466 inclinatur,
1046 1432 1118 1461 sicut

268 1484 365 1521 fugere
386 1486 505 1511 mortem
525 1482 569 1511 vel
590 1481 737 1518 pecuniam
752 1480 901 1517 possidere.
922 1479 1116 1516 Imperfectum

268 1539 302 1559 633
323 1529 550 1559 circumstantia
577 1531 619 1557 est
639 1531 718 1557 actus
746 1527 913 1556 informatus
934 1526 1117 1555 circumstan-

268 1577 305 1606 tia
326 1577 475 1605 inclinante
496 1575 528 1604 ad
551 1575 702 1604 infimum4
724 1574 845 1603 iustitiae
866 1576 986 1607 statum,
1008 1575 1040 1601 ut
1061 1573 1117 1601 vim

267 1623 377 1652 facienti
398 1623 538 1651 dimittere
559 1624 664 1651 vestem
686 1624 801 1658 propter
823 1621 917 1658 fugam
942 1620 1055 1649 maioris
1076 1620 1117 1648 in—

267 1670 364 1699 iuriae.
386 1669 581 1706 Imperfectum
602 1668 765 1697 secundam
785 1676 831 1702 se,
854 1668 929 1704 quod
944 1667 1021 1696 nullo
1036 1666 1117 1695 modo

266 1719 357 1754 potest
377 1720 451 1745 stare
472 1724 536 1745 cum
557 1715 715 1752 evangelica
729 1714 913 1752 perfectione,
928 1714 1000 1743 sicut
1014 1713 1117 1748 ducere

266 1772 402 1797 uxorem,
424 1764 468 1792 vel
489 1763 617 1800 refugere
638 1764 839 1799 paupertatem.

347 1811 372 1838 9.
395 1809 463 1838 Cum
486 1809 570 1846 igitur
596 1812 652 1837 tam
684 1808 891 1837 multiformiter
922 1808 1031 1836 dicatur
1060 1810 1117 1836 tam

267 1857 407 1895 perfectus
438 1864 522 1894 quam
553 1856 734 1893 imperfectus
764 1856 881 1890 actus⁵,
917 1855 1025 1884 clarum
1059 1858 1116 1889 est,

267 1904 342 1942 quod
362 1904 434 1933 sicut
454 1903 568 1932 malam
589 1903 621 1932 in
640 1911 742 1940 yenere
763 1905 853 1940 potest
874 1902 936 1931 fieri
956 1902 1061 1931 bonum
1080 1910 1117 1931 ex

267 1951 491 1985 circumstantia,
512 1952 545 1979 ut
566 1950 691 1979 occidere
711 1949 868 1984 hominem,
890 1949 956 1986 quia
974 1949 1118 1978 maleficus

268 2001 325 2033 est,
341 2001 368 2028 et
382 1998 448 2035 quia
462 1998 508 2027 lex
524 1998 601 2026 iubet
615 2000 642 2026 61
656 1997 827 2034 reipublicae
841 1996 962 2031 confert,
982 1999 1009 2025 et
1023 2004 1038 2025 6
1053 2004 1117 2025 6011-

268 2053 350 2075 verso
372 2045 478 2074 bonnm
498 2045 530 2073 in
548 2053 652 2082 9enere
677 2046 767 2081 potest
788 2043 848 2072 fieri
871 2044 976 2072 malum
997 2051 1034 2072 ex
1063 2043 1116 2072 cir-

268 2092 449 2126 cumstantia,
471 2094 568 2128 utpote
589 2091 656 2119 dare
670 2091 872 2126 eleemosynam
887 2092 1002 2127 propter
1016 2097 1116 2118 vanam

269 2139 403 2177 gloriam;
425 2138 464 2167 sic
485 2141 512 2167 et
529 2137 692 2175 perfectam
712 2137 744 2166 in
762 2145 865 2174 9enere
886 2139 977 2173 potest
990 2136 1052 2164 fieri
1067 2135 1118 2164 im-

269 2185 423 2223 perfectum
451 2193 488 2214 ex
510 2184 733 2218 circumstantia,
762 2186 858 2220 utpote
886 2191 937 2212 5113
958 2183 1118 2220 relinquere

269 2232 391 2266 modica,
413 2234 445 2260 ut
465 2231 528 2269 quis
549 2231 665 2267 accipiat
686 2230 791 2259 maiora
819 2229 1002 2259 ecclesiastica
1029 2229 1117 2263 bona,

269 2280 313 2309 vel
334 2279 369 2308 ab
390 2279 463 2308 omni
478 2281 542 2307 actu
562 2278 680 2307 carnalis
701 2277 822 2306 libidinis
842 2277 982 2306 abstinere
1003 2279 1119 2313 propter

269 2327 354 2355 vitam
377 2326 501 2363 corporis
522 2324 739 2362 prolongandam
752 2335 758 2359 ;
773 2327 801 2353 61
821 2332 836 2353 6
857 2323 997 2352 6011113110
1013 2323 1119 2360 imper-

269 2373 376 2411 fectum
399 2373 430 2401 in
449 2381 552 2410 yenere
572 2374 663 2409 potest
683 2371 744 2400 fieri
766 2370 920 2408 perfectum
942 2378 979 2399 ex
998 2370 1119 2399 circum-

271 2420 387 2454 stantia,
408 2421 505 2456 utpote
526 2419 623 2456 fugere
643 2420 777 2452 mortem,
792 2420 824 2446 ut
838 2417 901 2455 quis
922 2417 1071 2454 gloriosius
1093 2420 1120 2446 et

334 2596 342 2609 ¹
361 2597 412 2620 Vat.
429 2600 508 2620 eontra
525 2596 542 2618 A
553 2595 595 2619 BC
605 2596 623 2618 D
641 2596 705 2619 addit
721 2602 770 2619 esse
786 2595 880 2619 malum
896 2597 945 2619 ant.

335 2635 344 2648 ²
361 2636 465 2664 Aristot.,
483 2636 507 2658 ll.
525 2636 596 2658 Ethic.
614 2641 633 2657 c,
652 2636 680 2664 ὃς
698 2636 738 2658 cir.
755 2637 811 2658 tom.
829 2636 845 2657 l.
862 2641 916 2663 pag.
930 2636 972 2663 32,
984 2638 1038 2658 nota
1056 2636 1077 2658 6.
1090 2648 1120 2652 —

272 2675 337 2704 Vat.,
354 2675 525 2698 contradicente
541 2676 572 2704 G,
589 2675 659 2703 legit:
670 2674 737 2698 Mala
749 2673 880 2698 secandum
896 2680 921 2697 se
937 2676 994 2698 sunt
1005 2674 1048 2697 illa
1061 2681 1121 2705 qnae

272 2720 331 2737 mox
348 2717 392 2737 etc.

335 2752 344 2765 ³
361 2753 434 2776 Codd.
463 2752 561 2776 BCDG
587 2752 692 2776 virtutis.
720 2753 825 2776 Subinde
846 2759 889 2781 pro
917 2753 1040 2777 ecstaticae
1067 2753 1119 2776 Vat.

273 2786 404 2815 eattractae.

336 2830 345 2842 ⁴¹
362 2831 392 2853 lta
409 2831 428 2853 A
437 2831 454 2853 B
463 2831 479 2854 C
490 2831 508 2854 D
517 2831 533 2853 F
542 2832 576 2859 ῦς
593 2831 646 2854 Vat.
663 2830 793 2855 inclinatas
810 2831 843 2855 ad
853 2831 958 2862 infimae.

336 2868 346 2881 ⁵
363 2870 425 2899 Vat.y
437 2870 608 2899 refragantibus
620 2871 638 2893 A
647 2871 664 2893 Β
674 2870 690 2894 C
699 2871 718 2893 D
728 2871 758 2899 G,
776 2872 826 2894 tam
841 2871 976 2900 perfectam
994 2877 1068 2901 quam
1080 2871 1120 2894 im-

273 2908 412 2938 perfectum.

336 2946 346 2960 ‘³
363 2947 407 2971 Cfr.
424 2948 484 2971 loan.
503 2949 529 2977 8,
546 2949 584 2971 59.
596 2952 619 2972 et
632 2950 672 2978 12,
689 2950 727 2972 36.
738 2949 771 2972 De
783 2949 852 2972 Paulo
864 2950 919 2972 vide
930 2950 955 2972 11.
967 2949 1019 2973 Cor.
1033 2950 1069 2977 ll,
1082 2950 1119 2972 33.

338 2985 346 2998 ⁷
363 2987 424 3010 loan.
445 2987 487 3016 10,
505 2988 543 3010 ll.
559 2990 582 3010 et
599 2988 635 3010 ⁴5.
652 3001 683 3004 —
700 2988 812 3016 Superius
837 2995 880 3017 pro
897 2990 920 3012 et
935 2990 970 3012 est
993 2990 1062 3012 actus
1080 2988 1119 3017 (ita

275 3026 292 3048 A
302 3025 381 3054 BCD)
399 3026 450 3049 Vat.
467 3027 490 3049 et
505 3025 549 3049 hoc
566 3027 600 3049 est
616 3032 676 3056 opus
694 3028 715 3050 et
731 3028 807 3051 actus.

758 230 956 260 OPUSCL'LUM
977 229 1019 258 XI.
1041 228 1203 258 APOLOGIA
1224 228 1406 258 PAUPERUM.
1427 228 1495 257 CAP.
1518 229 1536 257 1.

1175 306 1348 335 fructuosius
1362 310 1389 335 et
1403 307 1589 343 opportunius
1603 315 1654 344 pro
1669 306 1785 335 Domino
1800 306 1938 343 patiatur,
1954 314 2022 343 quo—

1175 353 1255 382 modo
1276 353 1347 390 fugit
1367 353 1516 382 01111511156
1538 357 1565 382 et
1585 354 1668 382 etiam
1692 353 1837 390 Apostolus
1851 353 1961 382 Paulus.
1981 353 2023 382 Sic

1175 403 1202 429 et
1222 400 1250 428 in
1272 400 1461 428 consimilibus
1482 400 1608 429 similiter
1629 403 1671 429 est
1691 400 1878 429 iudicandum.

1256 447 1299 475 lO.
1323 446 1364 474 Ex
1385 446 1429 475 his
1449 449 1576 483 patenter
1594 447 1696 484 liquet,
1712 447 1780 484 quid
1794 447 1827 475 de
1842 447 1944 475 Christi
1958 454 2022 484 ope-
2044 456 2117 499 Acfpue,

1174 493 1253 522 ribus
1268 493 1403 521 veraciter
1418 493 1593 521 sentiendum
1607 496 1656 522 est.
1672 494 1738 522 Nam
1754 501 1817 522 cum
1833 493 1975 530 loquimur
1989 493 2023 522 (16
2044 481 2117 534 30ξὲἱῖ1

1174 540 1275 569 Christi
1297 539 1445 576 operibus,
1467 542 1557 576 potest
1572 540 1631 568 fieri
1647 548 1739 569 sermo
1754 540 1788 569 de
1802 541 1862 569 eius
1877 549 1961 578 opere
1978 541 2023 569 in-

1175 587 1293 620 teriori,
1308 589 1357 615 aut
1372 586 1518 614 exteriori.
1532 586 1660 615 Interius
1674 586 1792 616 dicimus
1807 595 1877 624 opus
1891 596 2023 625 operans,
2041 592 2121 616 Notaui..

1173 634 1302 663 exterius
1330 641 1401 670 opus
1421 636 1576 669 operatum.
1606 633 1693 662 Omne
1714 637 1807 662 autem
1829 642 1899 671 opus
1920 634 2022 663 Christi

1173 688 1292 717 operans
1313 680 1371 709 sive
1393 680 1518 708 interius
1546 683 1588 709 est
1615 680 1863 717 perfec-tissimum,
1893 681 1959 718 quia
1983 688 2022 710 ⁴ex

1174 727 1375 765 perfectissima
1402 727 1517 756 caritate
1545 727 1695 764 processit,
1724 730 1751 756 et
1771 730 1813 756 est
1834 730 1912 756 actus
1933 728 2023 765 perfe-

1175 775 1312 805 ctissimae
1333 775 1484 803 voluntatis
1506 777 1534 803 et
1552 774 1674 803 virtutis.
1696 774 1773 811 Opus
1794 782 1861 803 vero
1875 775 1936 804 eius
1950 778 2024 804 exte-

1174 824 1241 851 rius
1262 823 1289 851 111
1311 830 1340 851 56
1361 822 1566 851 consideratum
1587 822 1736 859 aliquando
1756 822 1809 850 fuit
1823 822 1975 858 perfectum
1990 822 2024 851 de

1175 878 1276 908 genere
1297 873 1391 904 actus,
1413 872 1510 906 utpote
1531 869 1615 897 morti
1637 877 1666 898 se
1686 869 1802 903 offerre,
1824 869 1866 897 vel
1889 869 2023 898 animam

1174 925 1229 953 pro
1244 916 1346 944 ouibus
1358 924 1466 953 ponere
1478 916 1487 932 ⁷
1496 926 1506 949 ;
1527 915 1675 952 aliquando
1690 915 1894 952 imperfectum,
1909 919 1942 944 ut
1955 924 1971 944 a
1984 915 2023 944 fa-

1175 963 1216 992 cie
1237 963 1465 1000 persequendum
1487 962 1600 999 fugere,
1623 964 1654 990 ut
1675 970 1704 991 se
1725 962 1816 999 ipsum
1838 962 2022 997 abscondere,

1175 1013 1207 1038 ut
1227 1018 1278 1046 pro
1300 1009 1438 1038 amotione
1466 1008 1561 1038 calicis
1588 1016 1716 1038 exorare.
1746 1009 1943 1038 Verumtamen
1971 1010 2024 1038 hoc

1175 1065 1258 1094 opus,
1280 1057 1400 1085 relatum
1421 1056 1455 1085 ad
1477 1056 1579 1085 Christi
1608 1056 1750 1085 caritatem
1779 1059 1806 1085 et
1833 1056 1969 1085 rationem
1997 1060 2024 1085 et

1176 1111 1303 1138 causam,
1326 1111 1414 1140 quare
1434 1103 1488 1132 hoc
1508 1103 1640 1137 faciebat,
1663 1106 1690 1132 et
1711 1103 1745 1131 ad
1767 1111 1914 1140 personam
1929 1111 2023 1138 suam,

1175 1149 1295 1178 efficitur
1316 1149 1556 1186 perfectissimum.
1580 1166 1617 1170 —
1638 1150 1714 1179 Unde
1735 1150 1893 1179 Bernardus
1917 1150 1945 1179 in
1966 1158 2024 1180 ser·
2038 1153 2129 1196 oenigma

1175 1204 1256 1225 mone
1270 1196 1304 1225 de
1318 1197 1399 1225 beato
1413 1196 1519 1225 Andrea
1531 1196 1551 1230 8,
1566 1199 1688 1226 tractans
1702 1197 1785 1225 illud:
1799 1197 1831 1226 Si
1840 1197 1908 1234 fieri
1916 1200 2023 1235 potest,
2044 1182 2124 1220 ³133&

1175 1246 1308 1271 transeat
1335 1251 1354 1271 a
1381 1252 1426 1271 1116
1455 1243 1534 1272 calix
1555 1244 1623 1278 iste,
1649 1244 1700 1272 ait:
1735 1245 1885 1281 «Agnosco
1906 1245 1934 1273 in
1955 1244 2026 1274 duce

1174 1290 1239 1319 belli
1261 1290 1463 1326 pusillanimem
1485 1290 1709 1327 trepidationem,
1725 1298 1843 1328 agnosco
1857 1291 1962 1328 aegroti
1977 1299 2025 1320 vo-

1175 1345 1233 1366 cem
1256 1337 1282 1365 in
1305 1337 1426 1370 medico,
1448 1345 1567 1374 agnosco
1598 1337 1787 1366 infirmantem
1808 1338 1937 1375 gallinam
1958 1346 2023 1367 cum

1175 1383 1271 1421 pullis,
1293 1383 1438 1412 considero
1460 1384 1619 1418 caritatem,
1641 1387 1740 1421 stupeo
1758 1384 1953 1422 dignationem,
1974 1393 2024 1414 ex-

1174 1438 1291 1467 pavesco
1313 1430 1506 1459 humilitatem.
1530 1431 1686 1460 Misericors
1713 1431 1847 1461 Dominus
1868 1440 1921 1461 non
1951 1432 2023 1462 beati

1175 1478 1298 1506 Andreae
1314 1478 1460 1506 robustum
1477 1478 1528 1506 sibi
1544 1478 1666 1515 suscepit
1677 1478 1818 1513 affectum,
1834 1479 1900 1516 quia
1913 1488 1972 1508 non
1983 1484 2024 1508 est

1173 1525 1258 1553 sanis
1279 1533 1353 1562 opas
1367 1525 1511 1559 medieas,
1527 1525 1577 1553 secl
1590 1525 1666 1554 male
1681 1524 1852 1554 habentibus
1863 1526 1882 1554 ⁹.
1899 1526 1925 1555 Si
1940 1534 2024 1564 quem

1174 1572 1245 1601 forte
1266 1572 1389 1609 dignatio
1410 1572 1589 1606 scandalizat,
1611 1572 1692 1609 plane
1706 1575 1832 1601 meretur
1847 1573 1960 1602 audire:
1976 1574 2024 1602 An

1175 1619 1276 1647 oculus
1308 1623 1378 1647 taus
1408 1627 1535 1657 nequam
1566 1622 1622 1653 est,
1644 1619 1717 1657 qnia
1745 1628 1795 1657 690
1823 1619 1916 1648 bonus
1935 1620 2024 1648 sum?

1175 1666 1242 1694 Huic
1263 1666 1337 1694 enim
1358 1666 1426 1694 odor
1447 1666 1520 1694 vitae
1540 1666 1569 1694 in
1590 1669 1709 1695 mortem
1731 1669 1780 1695 est.
1803 1667 1875 1703 Quid
1892 1675 2024 1704 magnum

1174 1713 1281 1747 fuerat,
1310 1712 1427 1742 Domine
1455 1713 1532 1747 Iesu,
1562 1713 1599 1748 si,
1628 1713 1775 1743 accedente
1802 1714 1888 1748 hora,
1910 1717 2024 1751 propter

1174 1768 1258 1797 quam
1281 1768 1412 1794 veneras,
1434 1760 1591 1796 intrepidus
1619 1762 1722 1795 stares,
1747 1764 1876 1798 tanquam
1904 1761 1952 1798 qui
1971 1769 2023 1798 po-

1174 1810 1303 1835 testatem
1324 1806 1451 1835 habebas
1468 1807 1598 1844 ponendi
1617 1807 1751 1836 animam
1773 1810 1872 1842 tuam,
1894 1811 1920 1836 et
1939 1816 2022 1837 nemo

1175 1853 1288 1882 tollebat
1307 1862 1372 1882 eam
1394 1862 1413 1883 a
1435 1858 1459 1882 te
1472 1853 1516 1882 10?
1537 1854 1590 1883 Aut
1613 1862 1668 1883 non
1689 1854 1770 1892 louge
1791 1854 1938 1892 gloriosius
1958 1854 2023 1890 fuit,

1174 1900 1400 1938 quandoquidem
1421 1903 1511 1930 totum
1538 1903 1653 1938 propter
1680 1909 1731 1930 1105
1751 1901 1895 1939 agebatur,
1916 1905 1948 1930 ut
1969 1910 2024 1931 11011

1174 1948 1264 1977 50111111
1286 1948 1377 1985 passio
1398 1948 1536 1985 corporis,
1558 1948 1606 1977 sed
1627 1948 1709 1977 etiam
1731 1948 1822 1977 cordis
1842 1948 1949 1978 affectio
1972 1957 2024 1986 pro

1174 1995 1254 2024 nobis
1275 1995 1393 2029 faceret,
1416 1998 1447 2024 ut
1468 2003 1539 2032 quos
1560 1995 1717 2024 vivificabat
1737 2003 1813 2025 mors
1834 1998 1898 2030 1113,
1913 1998 1962 2025 1113
1982 1996 2024 2024 111-

1175 2041 1326 2070 nilominus
1347 2044 1374 2070 61
1396 2041 1542 2078 trepidatio
1564 2042 1707 2076 robustos,
1728 2045 1756 2071 et
1777 2042 1915 2072 moestitia
1929 2043 2023 2078 laetos,

1174 2091 1202 2117 et
1222 2088 1344 2117 taedium
1366 2089 1487 2123 alacres,
1510 2091 1537 2117 et
1564 2088 1688 2117 turbatio
1718 2089 1827 2126 quietos
1857 2089 1975 2124 faceret,
1997 2092 2024 2119 et

1174 2135 1306 2164 desolatio
1327 2135 1527 2164 consolatos»?
1547 2136 1640 2172 Usque
1662 2136 1717 2164 huc
1738 2136 1904 2165 Bernardus.
1929 2153 1967 2157 -—
1992 2136 2024 2165 Et

1174 2183 1227 2211 hoc
1248 2182 1341 2219 ipsum
1362 2185 1419 2216 est,
1441 2182 1516 2219 quod
1537 2182 1603 2211 dicit
1623 2183 1794 2220 Augustinus
1815 2183 1843 2212 in
1858 2184 2024 2212 auctoritate

1175 2229 1340 2265 superiusn
1362 2229 1491 2266 allegata,
1519 2229 1594 2266 quod
1626 2240 1640 2255 «
1655 2229 1803 2259 sublimius
1829 2230 1934 2267 aliquid
1961 2230 2025 2259 fecit
2122 2231 2124 2276 1

1177 2276 1292 2310 Ρ3111115,
1315 2284 1400 2313 quam
1420 2276 1512 2305 fuerat
1539 2284 1625 2313 opus,
1647 2277 1722 2314 quod
1750 2277 1853 2306 fecerat
1880 2277 2024 2312 Christus,

1176 2331 1227 2352 nec
1248 2326 1340 2352 tamen
1362 2323 1463 2352 Paulus
1482 2323 1631 2353 sublimius
1652 2324 1777 2358 Christo,
1792 2324 1876 2353 immo
1897 2324 2025 2354 Christus

1177 2370 1339 2404 sublimius,
1368 2370 1434 2408 quia
1465 2371 1714 2400 misericordius».
1743 2371 1822 2408 Quod
1854 2371 1915 2401 ideo
1942 2371 2023 2406 dicit,

1177 2417 1242 2454 quia
1256 2417 1316 2454 ipsa
1330 2417 1525 2446 condescensio
1540 2418 1656 2453 Christi,
1671 2426 1726 2455 qua
1744 2418 1872 2448 Christus
1893 2419 2025 2448 membris

2041 2137 2091 2159 Item,
2097 2136 2116 2164 ,Δ
2125 2141 2133 2156 1

2079 2162 2114 2179 stin

1240 2596 1249 2608 Β
1267 2597 1340 2619 Serm.
1367 2597 1388 2619 1.
1414 2603 1435 2619 11.
1461 2597 1482 2619 5.
1509 2602 1571 2625 seq.‚
1597 2596 1638 2619 ubi
1655 2598 1735 2619 tractat
1752 2596 1807 2619 illud
1824 2596 1901 2619 lllatlh.
1919 2596 1961 2624 26,
1978 2596 2023 2619 39:

1177 2636 1261 2664 Pater,
1281 2635 1304 2659 si
1317 2635 1373 2666 steri
1386 2637 1464 2665 potest
1479 2638 1522 2658 etc.
1540 2637 1582 2658 Pro
1596 2635 1777 2665 pusillanimem
1795 2635 1835 2664 (ita
1852 2635 1897 2658 CD
1914 2638 1936 2658 et
1952 2635 1989 2658 ed.
2003 2636 2024 2664 l,

1178 2675 1209 2705 2.)
1235 2675 1287 2697 Vnt.
1302 2674 1542 2705 pusillanimitatem,
1568 2677 1642 2698 textus
1665 2674 1782 2703 originalis
1795 2674 2024 2704 pusillanimorum,

1178 2715 1217 2743 qui
1235 2714 1303 2737 etiam
1321 2713 1421 2737 subinde
1438 2720 1481 2742 pro
1497 2715 1579 2744 stupeo
1600 2713 1773 2744 diquatz'onem,
1796 2719 1926 2743 expavesco
1948 2713 2026 2737 humi-

1178 2753 1268 2777 litatem
1284 2753 1402 2776 substituit
1413 2755 1496 2783 stupeo
1507 2752 1697 2781 miserationem,
1714 2758 1844 2783 expavesco
1856 2752 2024 2782 dignationem.

1242 2790 1252 2804 ⁹
1268 2793 1346 2815 11131111.
1363 2792 1389 2821 9,
1408 2792 1445 2815 12,
1462 2805 1494 2808 -
1511 2792 1620 2820 Sequitur
1644 2792 1721 2814 Matth.
1738 2792 1779 2818 20,
1803 2791 1839 2814 15.
1857 2794 1879 2814 61
1903 2791 2024 2820 respicitur

1178 2831 1202 2854 ll.
1219 2830 1272 2854 Cor.
1289 2832 1315 2858 2,
1334 2832 1376 2854 1¹6:
1393 2831 1448 2854 Aliis
1465 2831 1561 2860 quidem
1579 2830 1636 2854 odor
1653 2831 1734 2853 mortis
1752 2830 1774 2853 in
1792 2833 1902 2859 mortem,
1921 2830 1970 2853 aliis
1986 2836 2024 2853 au-

1178 2873 1224 2893 tem
1242 2871 1300 2893 odor
1317 2870 1379 2893 vitae
1396 2870 1419 2892 in
1436 2870 1516 2892 vitam.
1533 2882 1564 2887 —
1581 2870 1634 2892 Vat.
1653 2875 1707 2892 cum
1732 2869 1782 2892 aliis
1807 2869 1860 2892 edd.
1882 2869 1950 2897 legit:
1966 2870 1987 2892 et
2003 2868 2027 2892 si

1178 2915 1247 2939 quem
1264 2908 1371 2939 diqnatio
1389 2910 1456 2932 tanta
1472 2908 1621 2932 scandalizet
1636 2911 1679 2931 etc.

1241 2947 1260 2961 ¹⁰
1277 2950 1337 2972 10311.
1357 2949 1397 2976 10,
1416 2949 1453 2971 18.
1469 2961 1501 2965 -
1518 2948 1629 2977 Superius
1645 2954 1688 2976 pro
1702 2947 1824 2972 accedente
1840 2947 1902 2971 hora
1918 2947 1972 2970 edd.
1988 2953 2025 2971 ac-

1177 2987 1270 3012 cedente
1287 2988 1336 3011 iam
1354 2988 1415 3011 hora
1432 2987 1524 3011 mortis.

1240 3026 1259 3039 ¹¹
1277 3027 1345 3049 Num.
1362 3027 1384 3048 6.
