2133 3317
354 271 408 295 CAL

149 326 181 330 —
199 313 252 335 Veri
270 311 371 340 Apostoli
382 310 542 334 calceamentis
554 309 664 331 virtutum

106 352 202 375 calceari
219 351 304 374 debent
321 351 366 372 388
383 350 398 372 7

149 403 180 407 —
197 390 319 419 Quomodo
336 387 511 415 intelligendum
523 387 552 409 sit
566 385 664 409 verbum

104 431 164 453 loau.
189 430 254 457 Bapt.
279 429 308 451 de
332 427 430 455 corrigia
455 425 604 448 calceamenti
620 431 665 447 non

105 468 216 491 solvenda
234 467 277 489 307
295 467 309 489 7

150 520 179 523 —
206 505 309 528 1101136111
334 504 410 527 lndiae
435 503 595 526 calceamentis
619 509 666 525 non

104 548 198 568 utuntur
215 545 259 567 389
279 545 302 566 11

152 596 182 601 -
199 583 376 607 Constitutiones
399 582 550 604 calceamenta
576 586 666 604 concer-

104 626 184 646 nentes
202 622 241 645 451
263 622 279 644 b

150 661 245 685 clunis
261 673 293 678 —
309 660 370 682 iuxta
387 660 480 688 PapIam
497 662 551 682 sunt
566 659 667 682 sandalia

107 701 151 723 402
170 700 197 722 17
215 712 246 716 -—-
263 699 371 722 dicuntur
387 699 454 728 quasi
470 698 594 726 caligulae,
613 698 667 726 quia

104 745 174 767 super
199 739 283 767 pedem
309 738 456 766 colligantur,
473 738 510 760 vel
535 737 590 766 quia
607 737 668 759 calce

104 779 204 807 ligantur
222 778 266 799 338
285 778 297 799 6

151 829 182 834 --
198 817 270 844 Petri,
288 816 345 845 quid
367 815 515 844 spiritualiter
539 815 668 843 significent

106 856 151 878 387
169 856 182 878 6

153 894 221 918 ciux
238 906 269 911 --
286 894 390 917 Christus
411 899 452 921 per
474 893 580 919 calicem,
598 898 667 921 quem

108 933 225 956 bibiturus
238 936 298 960 erat,
311 933 442 961 passionem
454 932 592 960 significavit
601 931 645 953 177
655 933 668 953 2

153 972 226 996 Giton
242 984 274 989 ·-
291 971 405 1000 Splendor
430 974 452 993 et
475 971 513 993 lux
537 971 669 998 producunt

106 1012 219 1039 calorem,
236 1011 265 1034 ita
284 1010 347 1040 quod
365 1010 425 1032 calor
443 1009 547 1038 procedit
563 1008 593 1031 ab
609 1011 669 1031 utro-

107 1057 165 1080 que,
182 1047 296 1073 116010οο
313 1055 355 1078 per
371 1049 469 1071 modum
486 1048 558 1076 prolis
580 1048 605 1069 17
627 1048 648 1069 111

153 1102 184 1106 —
200 1090 252 1117 plus
269 1088 401 1116 comprimit
413 1090 486 1110 terrae
503 1086 583 1115 glebas
598 1092 669 1115 quam

106 1129 179 1157 frigus
197 1128 240 1150 403
259 1128 287 1150 18
305 1139 336 1144 ——
353 1127 419 1149 flndit
435 1128 457 1148 et
474 1126 558 1153 frangit
568 1125 670 1153 graviter

106 1167 179 1196 pedes
195 1167 272 1190 nudos
288 1165 343 1189 ibid.

153 1206 266 1229 CALuuMA
283 1217 314 1222 ·-
331 1207 365 1227 651
382 1204 431 1227 falsi
456 1203 558 1226 criminis
575 1203 671 1231 imposi-

107 1245 138 1268 tio
156 1245 201 1268 435
219 1245 243 1266 -11

152 1284 251 1307 Canthus
265 1296 296 1299 -
313 1283 373 1311 ignis
395 1282 464 1304 trium
487 1287 613 1310 puerorum
631 1281 671 1303 de-

107 1324 182 1351 signat
199 1322 367 1345 mendicitatem
386 1321 529 1349 paupertatis
546 1321 590 1343 326
609 1321 638 1342 29

154 1362 275 1385 Ciminum
291 1373 323 1378 --
347 1360 415 1389 Apud
439 1359 578 1388 Campilium
601 1365 671 1388 appa-

107 1403 158 1424 rent
174 1402 198 1423 S.
213 1401 334 1423 Francisco
351 1403 397 1422 tres
415 1399 523 1422 mulieres
545 1405 672 1427 paupercu-

110 1441 145 1463 lae
162 1440 207 1462 524
225 1440 238 1462 6

155 1479 270 1502 Caurium
286 1491 318 1495 —
334 1478 378 1501 553
397 1479 417 1500 2.
435 1478 481 1500 559
499 1478 521 1500 3.
533 1478 577 1500 562
595 1478 608 1499 2

155 1518 231 1541 Canon
247 1530 278 1534 —
295 1517 381 1539 Omnes
397 1523 511 1539 canonum
529 1517 592 1544 leges
609 1522 673 1538 ema-

109 1559 164 1580 nant
180 1563 192 1579 a
210 1556 270 1579 Sede
286 1556 410 1584 apostolica
428 1556 472 1578 338
491 1555 506 1577 b

155 1596 268 1619 Cnnrtcuu
279 1608 310 1612 —
322 1596 345 1617 ln
357 1595 454 1618 Canticis
466 1595 564 1622 Spiritus
580 1596 673 1617 sanctus

109 1636 176 1658 docet
192 1635 354 1657 allocutionem
370 1634 451 1662 Sponsi
473 1637 496 1656 et
511 1639 611 1662 sponsae
628 1634 641 1655 9
659 1632 672 1655 4

155 1686 186 1691 -
202 1680 290 1697 novum
307 1676 329 1696 et
346 1673 432 1696 cantica
449 1675 541 1699 vetera,
558 1672 615 1701 quid
628 1672 673 1694 sint

110 1713 154 1736 202
172 1713 209 1735 83.
232 1719 267 1742 sq.
291 1725 322 1729 —
346 1712 437 1735 Cantica
462 1715 541 1734 veter-a
567 1711 671 1733 cavenda

110 1755 164 1775 511111
180 1758 222 1780 per
238 1757 332 1774 omnem
349 1751 446 1774 modum
460 1750 489 1773 ib.
502 1750 531 1773 84
543 1763 574 1766 —
585 1750 673 1773 Cantici

110 1792 164 1814 novi
178 1791 282 1814 imitatrix
300 1794 334 1813 est
350 1791 419 1812 Mater
436 1789 518 1812 Christi
536 1790 580 1812 203
599 1790 628 1812 85
644 1801 675 1805 -

110 1830 218 1858 Virgines
230 1830 260 1852 ad
271 1830 330 1858 Agni
347 1829 439 1857 nuptias
454 1829 568 1851 canticum
586 1835 674 1851 novum

110 1870 207 1892 afferunt
223 1869 268 1891 212
287 1869 330 1890 1110

157 1908 278 1931 emonis
294 1920 324 1924 —-
346 1907 437 1930 animae.
461 1910 495 1929 est
516 1910 588 1935 tanta,
611 1907 675 1936 quod

111 1948 171 1970 nulla
191 1950 294 1970 creatura
313 1947 371 1969 infra
396 1947 469 1968 Deum
487 1946 552 1968 satiet
570 1945 619 1968 eius
636 1946 676 1968 de-

111 1986 221 2009 siderium
240 1986 264 2008 31
287 1986 300 2007 6

159 2025 246 2048 Carano
254 2037 282 2041 -—
289 2024 418 2047 secundum
427 2030 516 2046 morem
526 2024 675 2052 antiquorum

112 2064 280 2092 ReligIosorum
293 2062 448 2091 distinguebat
460 2062 564 2085 habitum
582 2063 676 2085 novitio-

111 2109 164 2126 rum
181 2103 211 2126 ab
228 2102 307 2125 habitu
320 2103 477 2130 professorum
490 2101 534 2124 400
548 2102 572 2124 44
597 2115 623 2118 —
642 2106 676 2124 est

112 2142 235 2165 novitiatus
260 2142 349 2170 insigne
374 2141 414 2163 401
443 2141 466 2163 1111
493 2153 523 2157 -—
541 2147 568 2163 ex
584 2141 675 2163 defectu

113 2181 246 2205 humilitatis
263 2180 408 2209 paucissimis
424 2180 559 2203 conceditur
576 2179 630 2202 ibid.

160 2220 246 2244 cmm
265 2232 294 2236 -
311 2219 441 2248 significant
463 2219 613 2247 cogitationes
630 2219 670 2241 281

114 2260 143 2282 28

160 2298 285 2321 cimanum
301 2310 332 2314 —
349 2297 416 2325 Apud
428 2297 558 2325 Capitulum
570 2297 676 2325 generale

113 2338 238 2366 praecipua
263 2337 349 2359 residet
372 2336 495 2359 auctoritas
520 2335 613 2358 Ordinis
635 2341 678 2363 gu-

113 2376 227 2399 bernandi
245 2376 289 2398 450
307 2382 319 2398 a
331 2388 362 2392 —
374 2376 395 2397 111
407 2375 504 2402 Capituli
521 2375 589 2396 huius
604 2380 678 2396 exem-

114 2416 178 2444 plum
195 2414 330 2442 congregati
347 2414 453 2442 discipuli
475 2416 613 2441 receperunt
630 2413 677 2440 Spi-

114 2455 183 2477 ritum
201 2456 304 2477 sanctum
324 2453 368 2475 4-27
386 2453 399 2475 3

161 2507 191 2510 -—
210 2493 329 2522 generale,
346 2492 436 2521 quoties
461 2492 489 2514 sit
513 2491 678 2513 celebrandum

116 2533 160 2555 427
179 2533 192 2555 3
209 2544 240 2549 ——
257 2532 300 2560 Qui
318 2531 423 2554 mittendi
440 2531 484 2553 sint
500 2530 529 2552 ad
546 2529 678 2558 Capitulum

115 2572 223 2600 generale
249 2571 293 2593 462
311 2570 326 2593 h
343 2583 374 2587 —
398 2569 575 2593 Constitutiones
600 2568 677 2597 quoad

116 2610 246 2638 Capitulum
266 2610 373 2638 generale
390 2608 443 2632 ibid.
462 2608 505 2630 463
523 2614 548 2635 3,
566 2607 581 2629 11

162 2662 192 2665 -
202 2649 303 2677 primum
316 2649 423 2677 generale
434 2648 497 2676 apud
509 2647 678 2670 Portiunculam

117 2689 161 2711 515
180 2689 208 2710 40
226 2700 256 2704 —
273 2688 379 2716 generale
391 2686 531 2710 celebratum
544 2685 621 2708 Assisii
635 2685 679 2707 549

117 2728 130 2749 8
141 2739 173 2744 —
186 2728 244 2750 lnter
256 2728 299 2749 hoc
311 2727 440 2754 Capitulum
455 2731 546 2747 sacrum
560 2731 645 2753 corpus
657 2725 680 2746 S.

116 2766 228 2789 Francisci
246 2766 347 2788 defertur
358 2766 386 2788 ad
399 2771 483 2787 novam
498 2764 613 2786 basilicam
626 2763 680 2786 ibid.

163 2818 193 2821 —
210 2805 351 2833 provinciale
359 2823 364 2833 ,
375 2804 466 2833 quoties
477 2803 505 2826 sit
517 2803 680 2825 celebrandum

119 2844 163 2867 427
181 2844 195 2866 5
212 2856 242 2860 -
259 2850 300 2866 cur
317 2843 442 2871 praecipue
467 2843 489 2864 in
506 2848 566 2864 anno
584 2841 680 2869 Capituli

119 2882 231 2911 generalis
248 2881 413 2904 celebrandum
431 2881 459 2903 sit
476 2880 530 2903 ibid.

165 2933 195 2938 --
212 2920 389 2943 Constitutiones
413 2920 443 2942 de
467 2920 571 2948 Capitulo
589 2919 682 2946 provin-

118 2961 167 2983 ciali
186 2960 225 2982 461
248 2966 260 2981 3
277 2972 308 2976 -
326 2960 414 2982 Poenae
431 2962 528 2981 statutae
544 2962 623 2981 contra
640 2957 682 2980 Ca-

120 2999 190 3027 pitula
209 2998 359 3027 provincialia
377 2997 421 3020 465
439 3004 451 3019 a

213 3045 239 3069 S.
251 3045 340 3068 Bonuu.
352 3057 382 3061 —
393 3045 462 3067 Tom.
474 3045 529 3067 Vlll.

794 228 893 257 INDEX
915 228 1161 256 ALPHABETICUS.

745 320 775 324 —
792 306 902 334 Capitulis
919 305 1101 334 provincialibus
1126 305 1149 327 S.
1174 304 1262 326 Franci-

699 352 752 368 scus
769 352 811 374 per
831 345 949 368 sollicitam
975 350 1054 367 curam
1078 343 1208 371 regiminis,
1231 343 1262 365 in-

699 385 805 408 stantiam
831 385 919 412 precis,
947 384 1072 406 efficaciam
1097 382 1263 405 benedictionis

699 425 782 452 spiritu
799 429 909 452 praesens
925 426 974 445 erat
989 422 1034 444 515
1053 422 1080 444 10
1101 434 1132 437 -
1149 421 1204 443 Mira
1221 420 1263 443 Dei

700 463 795 486 faciente
811 463 907 491 virtute,
924 461 1047 490 anquando
1064 461 1133 483 etiam
1145 459 1263 482 visibiliter

700 502 807 530 apparuit
823 500 878 524 ibid.

747 553 778 557 —
794 542 818 563 ln
835 540 940 568 Capitulo
961 539 1085 562 Arelatensi
1097 539 1133 561 Fr.
1144 538 1264 561 Monaldus

701 580 759 603 vidit
775 580 797 602 S.
814 580 961 602 Franciscum
980 579 1001 600 in
1027 578 1079 600 ae're
1104 577 1264 604 sublevatum,

701 619 800 641 extensis
817 619 880 641 velut
903 618 926 640 in
952 623 1020 640 cruce
1044 616 1152 639 manibus
1173 615 1264 639 henedi-

701 660 791 680 centem
809 658 901 680 Fratres
918 656 964 679 545
983 657 1019 678 10.
1037 656 1082 678 538
1100 655 1128 677 14

748 709 778 712 -
795 696 933 723 Guardiani,
950 695 1043 724 quando
1060 694 1225 717 celebrandum
1237 694 1266 717 sit

703 735 742 758 461
764 735 779 757 11

748 787 779 790 -
796 774 929 801 culparum,
946 773 1066 802 quomodo
1083 772 1216 795 habendum
1237 772 1266 794 sit

703 813 747 836 454
766 819 785 835 a.
807 813 850 835 458
868 819 888 839 3,
907 812 921 834 b

749 852 820 875 Carra
837 864 868 868 —
884 852 991 879 designat
1007 851 1143 874 exteriorem
1155 850 1265 873 amictum

704 891 748 913 400
769 891 795 913 10

750 929 822 952 CAPrA
839 942 868 946 -—-
887 929 932 952 552
950 929 964 951 5

750 969 822 991 CAPUT
840 981 869 984 —
886 968 998 996 singulari
1016 968 1104 990 actione
1129 974 1175 989 non
1200 973 1267 990 occu-

703 1010 782 1036 patur,
800 1010 824 1030 ut
841 1010 908 1029 vacet
925 1007 1028 1029 omnium
1042 1006 1200 1029 membrorum
1213 1012 1267 1034 pro—

703 1047 784 1069 visioni
804 1046 848 1068 445
867 1046 895 1068 43
913 1058 944 1062 -—
960 1052 1003 1074 pro
1028 1045 1136 1068 omnibus
1156 1044 1266 1067 membris

704 1085 809 1114 proficit,
825 1085 901 1113 audit,
918 1085 1013 1113 odorat,
1036 1087 1112 1112 gustat
1128 1087 1150 1107 et
1166 1084 1267 1112 loquitur

704 1124 758 1148 ibid.

750 1176 782 1180 —
803 1164 857 1186 Sine
881 1169 927 1185 uno
952 1163 1027 1190 capite
1052 1163 1111 1184 nulla
1137 1161 1267 1190 respublica

704 1207 764 1226 stare
781 1203 840 1225 bene
857 1205 932 1231 potest
950 1201 994 1224 427
1013 1203 1026 1223 2

751 1242 884 1265 Cinoiuatis
900 1254 929 1257 —
948 1243 1063 1269 protector
1088 1240 1179 1263 Ordlnis
1202 1240 1268 1262 Mino-

704 1288 755 1304 rum
773 1281 887 1304 licentiam
904 1279 974 1302 habet
990 1279 1049 1302 bona
1067 1279 1159 1302 Ordinis
1176 1279 1269 1307 dispen-

704 1321 770 1343 sandi
787 1321 832 1343 395
850 1320 863 1341 8
880 1332 912 1336 —
928 1319 998 1342 debet
1014 1325 1065 1341 esse
1082 1319 1225 1347 gubernator
1246 1318 1269 1340 in

705 1360 811 1388 agendis,
829 1361 945 1387 protector
962 1358 991 1380 ab
1009 1357 1200 1386 oppressionibus
1216 1357 1270 1379 alie-

705 1400 740 1422 nis
757 1401 779 1421 et
795 1400 910 1421 corrector
927 1398 949 1420 in
967 1398 1055 1420 delictis
1068 1397 1111 1419 436
1130 1397 1142 1418 3

752 1438 848 1461 Cantus
864 1449 894 1454 —
912 1437 1087 1459 fundamentum
1100 1435 1169 1458 habet
1180 1435 1216 1458 sui
1228 1435 1270 1458 bo-

706 1483 761 1500 num
779 1477 906 1503 infinitum,
923 1478 1017 1504 propter
1035 1475 1099 1504 quod
1111 1475 1166 1497 nihil
1179 1474 1268 1497 finitum

706 1516 822 1544 praevalet
839 1518 916 1538 contra
934 1521 985 1537 eam
1005 1514 1049 1537 425
1066 1515 1095 1537 26

752 1567 783 1572 -
803 1558 837 1577 051
861 1555 947 1577 donum
974 1554 1073 1582 Spiritus
1097 1554 1180 1581 530611,
1205 1553 1270 1582 quod

705 1601 773 1617 nemo
791 1594 843 1621 scit,
860 1600 885 1616 se
902 1593 988 1616 habere
1005 1593 1050 1615 250
1068 1594 1097 1615 22

752 1645 783 1650 -
799 1638 834 1655 051
850 1634 923 1655 forma
940 1633 1051 1655 virtutum
1070 1632 1114 1654 124
1133 1633 1140 1653 1

753 1685 784 1688 -
801 1674 835 1694 051
852 1672 928 1699 radix,
941 1673 1026 1698 forma,
1040 1671 1102 1698 11015,
1114 1671 1271 1699 complemen-

707 1714 755 1734 tum
773 1714 795 1734 et
811 1711 929 1733 vinculum
948 1710 1093 1738 perfeetionis
1110 1710 1155 1732 244
1168 1711 1181 1732 2
1193 1722 1225 1726 -
1238 1711 1272 1731 est

707 1751 774 1779 origo
791 1753 813 1773 et
830 1750 894 1772 radix
911 1749 1058 1778 perfectionis
1076 1749 1119 1771 ‘249
1145 1749 1173 1771 49
1192 1761 1220 1764 —
1237 1751 1272 1771 est

708 1790 827 1812 vinculum
845 1788 989 1817 perfectionis
1014 1788 1059 1811 203
1078 1788 1115 1810 19.
1132 1788 1176 1810 302
1195 1788 1223 1809 23
1241 1800 1271 1804 —

709 1831 856 1857 comparatur
874 1828 1023 1850 fundamento
1041 1830 1063 1849 ct
1080 1827 1152 1849 radici
1170 1826 1214 1849 272
1236 1828 1241 1848 1

755 1881 786 1884 -
803 1868 934 1890 Secundum
953 1867 1003 1889 eius
1019 1867 1106 1895 gradus
1118 1870 1151 1889 est
1162 1866 1272 1894 perfectio

708 1907 845 1930 eminentior
862 1907 906 1929 249
926 1907 933 1928 4
941 1907 961 1928 9.
979 1906 1024 1928 250
1042 1907 1071 1928 22
1084 1918 1113 1921 -—
1126 1911 1172 1927 non
1189 1905 1273 1927 suflicit

709 1947 756 1969 sine
782 1952 853 1974 opere
879 1945 923 1968 250
946 1946 970 1967 19
988 1957 1018 1961 -
1036 1946 1112 1967 Status
1137 1947 1159 1966 et
1184 1944 1272 1972 gradus

709 1987 824 2014 perfectae
840 1984 939 2007 caritatis
961 1991 1007 2007 000
1024 1986 1058 2006 est
1074 1984 1117 2006 nisi
1135 1983 1158 2006 in
1171 1983 1269 2005 maxima

709 2026 722 2047 9
741 2025 753 2046 8
772 2037 801 2040 —
818 2024 893 2052 aliqua
911 2026 945 2046 est
962 2023 1096 2051 imperfecta
1113 2022 1157 2045 240
1176 2023 1188 2045 3

756 2076 786 2079 -
804 2062 872 2085 habet
889 2065 973 2085 statum
991 2062 1096 2084 infimum
1114 2062 1136 2084 in
1148 2061 1273 2084 observan-

709 2103 737 2125 tia
755 2102 917 2124 mandatorum
934 2101 1056 2129 legalium,
1074 2101 1177 2123 medium
1195 2100 1218 2122 10
1235 2100 1272 2123 ad-

709 2141 841 2169 impletione
857 2140 1011 2168 spiritualium
1023 2139 1178 2168 consiliorum‚
1194 2145 1273 2167 supre-

709 2186 774 2203 mum
790 2180 813 2202 iu
825 2179 975 2208 perfruitione
986 2178 1183 2206 sempiternalium
1194 2178 1273 2201 iucun-

709 2219 806 2242 ditatum
824 2218 869 2241 244
888 2219 901 2240 2

756 2271 787 2274 -
803 2258 838 2280 Ad
855 2258 955 2280 caritatis
971 2257 1128 2285 impletionem
1150 2259 1173 2279 et
1197 2256 1274 2279 obser-

710 2297 811 2320 vantiam
839 2298 970 2319 referuntur
998 2297 1076 2319 omnia
1104 2299 1227 2324 praecepta
1252 2298 1274 2319 et

710 2336 803 2358 consilia
821 2335 866 2358 245
884 2336 896 2357 3
913 2347 944 2351 -
960 2334 1065 2358 Caritatis
1082 2338 1146 2357 actus
1157 2338 1191 2357 est
1208 2335 1274 2357 decli-

711 2380 765 2396 nare
777 2375 835 2396 mala
843 2391 848 2401 ,
865 2373 974 2401 prosequi
987 2373 1047 2395 bona
1059 2376 1081 2395 et
1093 2371 1205 2401 1131100101·
1216 2374 1275 2395 ferre

711 2413 808 2436 adversa
826 2411 880 2435 ibid.
900 2425 930 2428 —
950 2411 1055 2434 Caritatis
1072 2414 1137 2434 actus
1156 2411 1275 2439 egreditur

711 2451 740 2474 ab
761 2451 840 2474 habitu
865 2451 956 2474 virtutis
981 2451 1017 2473 vel
1043 2451 1173 2473 secundum
1198 2450 1274 2478 legem

711 2491 841 2519 praecepti,
858 2490 895 2512 vel
912 2490 1040 2512 secundum
1060 2489 1181 2511 consilium
1199 2488 1228 2511 ib.
1247 2489 1260 2511 4

760 2542 790 2546 -
807 2529 892 2557 Legem
909 2529 1011 2551 continet
1022 2529 1045 2550 10
1057 2535 1081 2550 56
1094 2531 1164 2550 totam
1183 2528 1227 2550 430
1247 2528 1274 2549 12

711 2581 742 2585 -
760 2569 803 2591 Lex
820 2568 898 2590 divina
921 2570 967 2590 tota
990 2568 1118 2595 completur
1141 2567 1164 2589 in
1182 2566 1275 2589 caritate

714 2607 757 2629 309
776 2607 805 2629 14
822 2619 852 2623 -
869 2607 891 2629 10
918 2606 1049 2634 cognitione
1066 2606 1166 2628 caritatis
1190 2605 1276 2633 pendet

713 2646 807 2669 scientia
820 2645 888 2668 totius
899 2651 978 2668 sacrae
991 2645 1123 2672 Scripturae
1134 2647 1156 2667 et
1168 2644 1275 2666 meritum

714 2685 775 2707 vitae
800 2687 906 2707 aeternae
923 2685 935 2706 3
958 2684 963 2705 l
986 2696 1015 2699 —
1032 2684 1065 2706 Ad
1093 2683 1211 2705 caritatem
1230 2683 1278 2705 uni-

714 2730 781 2746 versa
798 2723 838 2745 Dei
850 2723 989 2745 documenta
1007 2722 1151 2745 reducuntur
1168 2721 1214 2744 244
1231 2722 1244 2743 2

760 2774 791 2779 —·
808 2762 870 2784 Varii
882 2764 935 2784 sunt
946 2762 1040 2784 effectus
1052 2760 1168 2783 mirabiles
1178 2760 1277 2783 caritatis

716 2801 760 2824 124
782 2802 787 2823 1
810 2814 838 2817 -
858 2802 943 2823 fructus
966 2806 1064 2828 magnus
1081 2803 1126 2826 est,
1143 2800 1184 2821 sed
1201 2799 1277 2821 occul-

715 2844 752 2863 tus
769 2840 797 2862 43
817 2839 845 2862 45
862 2851 893 2856 -
905 2839 1038 2861 Secundum
1051 2839 1114 2867 quud
1127 2838 1204 2860 anima
1216 2838 1275 2860 circa

715 2879 832 2902 caritatem
850 2881 967 2906 versatur,
990 2877 1086 2905 suscipit
1109 2877 1182 2899 meriti
1208 2877 1278 2899 incre⁴

715 2920 819 2940 mentum
838 2918 851 2939 3
870 2918 877 2939 1
899 2929 930 2933 -
947 2917 1006 2939 Laus
1023 2916 1122 2938 raritatis
1140 2916 1168 2938 43
1187 2915 1215 2938 45

761 2969 792 2973 -
810 2958 879 2979 Actus
890 2956 987 2978 ‹litlicilis
999 2962 1010 2977 a
1023 2955 1122 2977 caritatis
1139 2954 1279 2977 sublimitate

716 2996 844 3024 procedens
861 2998 895 3018 est
912 2996 1028 3023 perfectus
1045 2994 1174 3017 secundum
1192 3000 1216 3016 se
1232 2994 1277 3016 238

1801 224 1855 252 689

1552 263 1607 286 CAR

1296 305 1309 326 8
1327 317 1355 320 -
1374 304 1438 332 Opus
1454 303 1545 326 virtutis
1561 309 1588 325 ex
1605 302 1705 324 caritatis
1717 301 1795 324 radice
1807 308 1856 329 pro-

1295 343 1381 365 cedens
1397 345 1431 365 est
1447 342 1535 365 bonum
1561 341 1690 364 secundum
1707 347 1732 363 se
1748 339 1777 363 ib.
1795 340 1809 362 7
1827 352 1858 356 —

1295 382 1369 404 Motus
1386 382 1488 404 fervidae
1508 383 1530 404 et
1555 380 1674 403 ecstaticae
1692 379 1817 402 dilectionis
1834 379 1858 401 in

1296 421 1369 443 Deum
1387 424 1409 443 et
1426 426 1498 448 purae
1510 422 1532 442 et
1543 421 1624 448 plenae
1637 418 1764 441 dilectionis
1776 418 1805 440 ad
1818 418 1856 440 ini-

1297 460 1383 482 micum
1408 462 1442 482 est
1466 461 1530 482 actus
1548 458 1645 482 difficilis
1662 461 1684 480 et
1700 459 1827 486 perfectus,
1845 463 1857 479 a

1298 499 1397 521 caritatis
1413 498 1553 521 sublimitate
1570 498 1697 526 procedens
1714 496 1744 520 ib.
1764 497 1776 518 8

1342 550 1373 554 —
1385 538 1437 560 Sola
1449 538 1512 560 ducit
1524 537 1641 559 hominem
1651 536 1680 559 ad
1693 535 1857 564 perfectionem

1300 577 1342 599 124
1361 578 1369 598 1
1390 590 1421 593 -
1437 577 1554 599 Profectus
1571 575 1670 598 caritatis
1687 574 1774 597 inducit
1786 574 1858 602 perfe-

1298 616 1397 638 ctionem
1415 615 1519 638 omnium
1536 615 1650 637 bonorum
1670 614 1693 636 11
1717 614 1740 635 4l
1762 626 1792 629 ——
1809 618 1858 640 per-

1299 656 1356 677 fecta
1376 654 1429 677 facit
1448 656 1524 676 actum
1547 654 1576 676 de
1600 659 1642 676 suo
1667 658 1752 681 genere
1776 652 1860 680 imper-

1298 695 1381 716 fectum
1410 694 1550 722 perfectum,
1571 692 1679 715 addendo
1707 692 1736 714 illi
1759 691 1859 720 aliquam

1299 732 1493 755 circumstantiam
1512 731 1557 754 254
1582 731 1595 753 7
1621 744 1650 747 -
1676 731 1804 753 Perfectum
1826 733 1860 752 est

1298 771 1362 801 quod
1374 778 1400 794 ex
1412 772 1513 799 perfecta
1530 770 1624 793 caritate
1641 769 1746 798 procedit
1762 769 1807 791 267
1825 769 1838 790 2

1345 823 1376 828 -
1397 811 1449 833 Sine
1474 810 1567 832 caritate
1592 815 1637 831 non
1663 811 1737 836 potest
1761 807 1859 830 obtineri

1299 850 1409 878 perfectio
1426 849 1500 871 meriti
1518 849 1563 871 250
1581 849 1610 870 22
1626 860 1658 864 -
1673 850 1725 869 31116
1740 846 1860 869 11550611ῑί0-

1299 895 1350 911 nem
1369 889 1483 916 perfectae
1499 887 1599 910 caritatis
1615 892 1684 909 nemo
1701 885 1770 908 dehet
1786 892 1810 908 se
1822 891 1860 907 ae-

1299 928 1391 950 stimare
1409 928 1536 955 perfectum
1554 927 1568 948 9
1585 927 1598 947 8
1615 938 1646 942 -
1667 925 1765 948 Caritate
1781 925 1861 953 acqui-

1299 967 1353 994 sita,
1371 966 1503 988 facillimum
1521 967 1555 987 est
1581 964 1669 987 1101111111
1688 965 1761 986 facere
1785 969 1861 990 011106,

1299 1005 1363 1034 quod
1379 1007 1414 1027 est
1430 1003 1576 1032 perfectionis
1596 1004 1618 1025 ll
1641 1003 1665 1024 11

1347 1056 1377 1060 -
1402 1046 1617 1072 quantumcumque
1642 1047 1714 1070 parva
1737 1041 1816 1067 eflicit,
1839 1043 1864 1063 ut

1300 1086 1420 1110 peccatum
1437 1088 1483 1104 non
1501 1084 1582 1109 regnet
1599 1082 1620 1103 in
1638 1081 1742 1107 homine,
1759 1080 1800 1102 sed
1816 1086 1861 1102 uon

1300 1122 1329 1144 ad
1347 1122 1437 1144 culmen
1455 1120 1602 1149 perfectionis
1626 1120 1715 1147 attingit
1740 1120 1784 1141 239
1803 1120 1816 1141 2
1833 1131 1864 1135 -

1300 1161 1341 1183 Dei
1358 1160 1388 1183 ad
1405 1160 1479 1182 zelum
1504 1160 1603 1182 iustitiae
1628 1159 1771 1181 inflammare
1793 1158 1862 1180 debet

1303 1200 1345 1222 136
1369 1200 1373 1222 Ι

1348 1251 1379 1255 -
1395 1241 1489 1266 superat
1511 1238 1591 1260 mortis
1613 1237 1717 1260 innatum
1744 1238 1863 1259 horrorem

1302 1278 1347 1300 425
1366 1278 1395 1301 26
1412 1290 1444 1294 -
1460 1274 1562 1306 perfecta
1580 1283 1625 1299 non
1650 1276 1749 1299 excludit
1770 1276 1863 1298 omnino

1302 1318 1428 1340 naturalem
1447 1317 1552 1339 timorem
1570 1316 1660 1344 mortis,
1677 1315 1717 1338 sed
1730 1315 1780 1337 eius
1791 1315 1865 1337 domi-

1303 1356 1367 1378 nium
1384 1356 1430 1378 254
1448 1356 1484 1378 to.
1502 1356 1548 1378 ‘255
1567 1356 1603 1377 44.
1620 1361 1655 1383 sq.

1349 1408 1380 1411 —
1397 1396 1419 1417 10
1436 1394 1558 1417 dilectione
1575 1394 1615 1416 Dei
1635 1393 1710 1421 primo
1733 1396 1767 1415 est
1784 1396 1866 1420 gustus

1303 1434 1434 1461 suavitatis,
1452 1440 1478 1456 ex
1496 1440 1542 1462 quo
1568 1433 1668 1455 nascitur
1689 1435 1749 1454 tanta
1767 1432 1866 1458 esuries,

1303 1476 1328 1496 ut
1344 1474 1398 1496 011111
1415 1473 1487 1501 possit
1503 1472 1603 1495 animam
1628 1471 1736 1498 reficere,
1753 1471 1794 1493 nisi
1812 1477 1865 1493 eum

1303 1519 1372 1542 quem
1391 1515 1465 1539 amat,
1483 1512 1600 1540 possideat
1616 1512 1716 1539 perfecte
1734 1511 1762 1532 Ι10
1775 1510 1788 1532 9
1801 1523 1830 1526 -
1843 1510 1866 1532 ln

1303 1552 1396 1574 caritate
1413 1551 1579 1579 complacentia
1597 1551 1694 1579 (11116131,
1711 1550 1794 1572 laetitia
1806 1549 1864 1571 dele-

1304 1594 1355 1619 ctat,
1373 1590 1519 1613 adhaerentia
1538 1590 1680 1617 conglutinat
1701 1589 1726 1611 14
1744 1589 1756 1610 6

1352 1643 1381 1645 -
1398 1630 1537 1656 101131011131,
1555 1631 1650 1656 propter
1662 1628 1819 1650 celsitudinem
1832 1633 1868 1649 ex·

1304 1669 1408 1692 cedentia
1442 1669 1527 1696 elevat,
1561 1670 1656 1696 propter
1686 1667 1866 1695 pulcritudinem

1305 1707 1470 1735 complacentia
1487 1707 1585 1735 quietat,
1604 1709 1698 1734 propter
1715 1705 1800 1728 amoris
1818 1705 1869 1727 eius

1305 1746 1471 1775 plenitudinem
1483 1746 1565 1768 laetitia
1578 1746 1687 1772 delectat,
1699 1747 1793 1773 propter
1805 1750 1868 1766 amo-

1304 1786 1336 1808 ris
1353 1785 1436 1813 Sponsi
1451 1784 1606 1808 fortitudinem
1619 1783 1764 1806 adhaerentia
1777 1784 1869 1810 conglu-

1305 1824 1362 1847 tinat
1379 1824 1407 1846 44
1426 1824 1446 1846 6.
1466 1824 1495 1846 15
1513 1824 1525 1845 8

1353 1876 1382 1880 —
1400 1863 1441 1885 Per
1463 1863 1590 1890 profectum
1617 1862 1715 1884 caritatis
1735 1861 1870 1889 pervenitur

1305 1902 1334 1925 ad
1360 1902 1523 1930 perfectionem
1549 1901 1715 1930 tranquillitatis
1740 1901 1763 1922 ll
1786 1901 1822 1927 11,
1841 1901 1869 1922 112

1305 1954 1336 1958 -
1352 1941 1450 1964 Caritate
1467 1942 1567 1969 perfecte
1584 1940 1667 1968 adepta
1685 1940 1760 1962 anima
1779 1939 1867 1962 beatifi-

1306 1983 1370 2003 catur
1387 1981 1400 2002 3
1420 1981 1427 2002 4
1449 1993 1480 1997 —
1497 1980 1580 2002 Dulcor
1597 1979 1696 2002 caritatis
1714 1979 1736 2001 in
1748 1979 1785 2001 via
1798 1977 1868 2000 habet

1305 2019 1477 2043 similitudinem
1495 2019 1524 2041 ad
1542 2019 1619 2041 dotem
1634 2018 1746 2040 fruitionis
1762 2018 1784 2040 in
1797 2017 1870 2045 gloria

1307 2059 1335 2081 42
1354 2060 1361 2080 l

1353 2110 1384 2115 —
1401 2097 1492 2121 Caritati
1510 2103 1578 2120 verae
1598 2103 1655 2125 prae
1676 2096 1764 2119 cunctis
1785 2095 1871 2118 virtuti-

1307 2137 1351 2159 bus
1367 2139 1401 2160 est
1418 2137 1569 2159 insistendum
1588 2136 1632 2158 1124
1652 2136 1659 2157 4
1681 2148 1711 2151 —
1724 2135 1868 2158 Studendum

1306 2179 1341 2199 est
1357 2176 1387 2198 ad
1404 2175 1573 2204 proficiendum
1591 2175 1613 2197 in
1630 2175 1723 2197 caritate
1745 2174 1765 2196 ll
1790 2174 1812 2195 ll

1353 2227 1384 2232 -—
1401 2215 1435 2237 Ad
1452 2215 1570 2237 caritatem
1588 2213 1652 2236 ducit
1668 2216 1732 2236 actus
1753 2213 1871 2241 perfectio-

1307 2254 1342 2277 nis
1360 2255 1372 2276 3
1395 2254 1399 2276 l
1421 2266 1452 2270 —
1468 2254 1512 2282 Qui
1529 2260 1554 2276 sc
1571 2253 1652 2276 excitat.
1677 2253 1784 2275 continue
1801 2255 1823 2274 et
1840 2252 1870 2274 in-

1308 2296 1369 2316 tente
1394 2299 1435 2321 per
1457 2293 1584 2315 orationem
1610 2292 1715 2320 proficiet
1739 2292 1760 2313 in
1778 2291 1871 2312 caritate

1308 2338 1382 2360 usque
1399 2332 1429 2354 ad
1446 2332 1608 2360 perfectionem
1621 2330 1788 2359 tranquillitatis
1800 2330 1824 2351 -tt
1845 2330 1870 2351 12

1307 2382 1339 2387 --
1360 2371 1459 2393 nutritur
1481 2371 1565 2392 devota
1590 2369 1773 2392 consideratione
1798 2369 1872 2391 crucis

1308 2408 1391 2432 Christi
1409 2410 1438 2431 69
1456 2410 1470 2431 5

1355 2461 1386 2465 -
1403 2448 1512 2470 minuitur
1529 2447 1718 2475 multiplicatione
1740 2446 1872 2474 temporalis

1309 2487 1461 2516 possessionis
1477 2487 1522 2508 282
1541 2487 1565 2509 31

1357 2539 1386 2542 -
1405 2527 1428 2548 10
1446 2525 1557 2553 gradIbus
1579 2524 1756 2552 disponentibus
1777 2524 1806 2546 ad
1824 2524 1872 2546 dul-

1310 2571 1388 2588 corem
1414 2565 1513 2586 caritatis
1538 2564 1595 2586 ordo
1621 2567 1667 2590 est,
1692 2569 1734 2586 nec
1750 2566 1822 2585 status
1839 2566 1873 2585 cst

1310 2607 1362 2626 ante
1388 2604 1507 2630 ultimum,
1533 2609 1574 2625 066
1596 2603 1625 2625 ad
1651 2603 1712 2624 illum
1738 2602 1871 2630 pervenitur

1311 2643 1353 2665 uisi
1370 2648 1412 2670 per
1430 2642 1516 2669 gradus
1534 2641 1682 2664 intermedius
1700 2641 1729 2663 45
1746 2641 1759 2662 7

1357 2694 1388 2698 -
1405 2681 1437 2703 Ad
1461 2681 1579 2703 caritatem
1604 2680 1736 2703 ascenditur
1761 2685 1801 2708 per
1827 2682 1872 2702 tres

1311 2720 1398 2748 gradus
1415 2720 1542 2742 secundum
1560 2719 1623 2741 viam
1641 2719 1750 2741 unitivam
1771 2719 1799 2740 42
1818 2719 1826 2740 4

1357 2772 1388 2776 -
1404 2759 1437 2781 Ad
1462 2759 1625 2786 perfectionem
1652 2758 1672 2780 in
1694 2758 1815 2780 dilectione
1833 2757 1873 2779 Dei

1311 2805 1349 2821 sex
1366 2797 1478 2826 gradibus
1495 2798 1602 2825 paulatim
1616 2800 1637 2819 et
1654 2797 1758 2819 ordinate
1771 2797 1873 2824 procedi-

1311 2841 1348 2860 tur
1369 2838 1394 2859 10
1411 2838 1424 2858 9
1444 2849 1472 2853 -
1490 2837 1580 2859 Gradus
1598 2836 1697 2858 caritatis
1714 2836 1872 2863 significantur

1312 2882 1353 2904 per
1370 2882 1408 2899 sex
1431 2875 1530 2904 gradus,
1548 2875 1634 2904 quibus
1660 2874 1827 2897 ascendebatur
1843 2874 1873 2897 ad

1312 2917 1419 2938 thronum
1439 2914 1567 2937 Salomonis
1584 2913 1613 2936 ιἸ).
1634 2914 1654 2936 11

1358 2966 1390 2971 -
1417 2954 1451 2976 Ad
1480 2953 1642 2981 perfectionem
1670 2952 1769 2975 caritatis
1796 2955 1818 2974 et
1845 2952 1873 2974 ad

1312 2999 1415 3016 amorem
1434 2993 1531 3020 Spiritus
1548 2992 1618 3015 sancti
1632 2992 1769 3020 pertingitur
1786 2994 1873 3019 septem

1753 3038 1779 3059 87
