2133 3317
131 623 188 642 Cibos
199 622 261 641 multi·

155 646 238 671 plicavit.

141 1374 262 1401 Quadruplex

172 1400 238 1422 pietas.

135 2363 204 2382 Contra
215 2368 269 2387 prae-

136 2387 230 2406 dicatores
238 2392 270 2405 va-

136 2415 176 2429 1103,

277 210 332 238 526

276 288 405 316 Christus
426 288 460 316 de
481 287 571 324 lapide
598 286 745 315 bibendam
778 286 955 323 produxit».
988 285 1129 322 Stupeuda

277 335 326 363 Dei
348 334 485 371 dignatio,
508 342 580 371 quae
602 333 690 362 servis
705 333 763 362 suis
784 336 840 361 tam
861 333 941 362 facile
956 341 984 362 se
1000 333 1127 361 inclinati

277 381 348 410 Bibit
369 381 465 410 sitiens
486 381 569 409 homo
591 388 692 417 aquam
713 380 747 409 de
779 383 858 417 petra
888 379 994 408 orantis
1024 379 1128 408 virtute

276 428 440 466 productam
462 431 489 456 et
510 428 641 464 poculum
664 427 757 456 hausit
778 427 811 455 de
832 435 906 455 saxo
931 426 1092 455 durissimo
1107 427 1127 454 1.

277 475 369 511 Aquae
391 475 527 503 decursus
548 474 649 503 ibidem
671 478 734 503 ante
756 482 811 503 non
832 473 885 503 fuit
899 481 962 508 nec,
978 477 1010 502 ut
1031 476 1072 502 est
1086 473 1127 502 di-

278 522 395 559 ligenter
415 522 586 559 quaesitum,
607 521 737 558 deinceps
758 521 848 558 potuit
870 521 995 550 inveniri.

359 568 402 597 13.
419 568 542 604 Qualiter
557 571 649 597 autem
667 576 716 605 per
731 568 830 597 merita
845 568 887 597 sui
904 567 1035 605 pauperis
1049 567 1128 596 Chri-

278 618 337 644 stus
358 615 584 652 multiplicaverit
605 615 681 643 cibos
702 615 729 643 in
752 614 838 649 mari,
860 622 923 643 cum
940 622 991 643 suo
1012 614 1072 643 1060
1094 614 1129 643 311

278 662 394 691 inferius
410 663 420 678 2
453 662 658 697 annotandunu
680 662 732 690 1106
760 665 868 690 1611111111
897 669 1128 690 commemorasse

277 709 411 743 sufficiat,
444 709 518 746 quod
549 709 583 737 de
614 709 720 738 modica
751 709 924 745 eleemosyna
952 708 1002 737 sibi
1031 709 1129 737 collata

277 759 376 785 nautas
391 765 406 784 a
427 756 507 785 famis
528 759 555 785 et
577 756 674 785 mortis
696 755 819 792 periculo
840 763 888 792 per
907 755 965 784 dies
993 755 1128 792 plurimos

277 803 420 837 liberavit,
437 806 468 832 ut
482 811 518 832 ex
534 803 586 832 1106
601 803 706 840 liquido
721 803 806 840 possit
821 802 936 836 adverti,
952 802 1026 840 quod
1040 802 1128 831 omni-

278 850 398 887 potentis
419 850 466 879 Dei
500 850 621 878 famulus
650 850 722 878 sicut
749 850 775 878 in
805 849 951 878 eductione
978 857 1067 886 aquae
1095 849 1128 878 de

658 208 856 237 OPUSCULUM
879 207 967 236 XXIII.
988 207 1140 236 LEGENDA
1162 207 1277 236 SANCTI
1298 207 1474 236 FRANCISCI.
1496 206 1564 235 CAP.
1587 207 1651 235 VIII.

1186 288 1265 322 petra
1279 285 1427 314 conformis
1441 285 1548 314 exstitit
1562 285 1646 322 Moysi
1661 285 1686 319 ³,
1708 285 1747 314 sic
1764 285 1792 313 in
1807 285 2032 322 multiplicatione

1185 332 1347 361 victualium
1378 333 1473 361 Eliseo.
1510 349 1549 353 —-
1576 332 1675 361 Procul
1702 332 1788 369 igitur
1819 340 1835 360 a
1863 333 2032 369 pauperibus
2049 341 2111 365 Erum.

1185 379 1286 408 Christi
1308 379 1461 408 diffidentia
1481 380 1570 408 omnis
1591 378 1727 408 abscedat.
1750 379 1776 407 Si
1792 379 1864 407 enim
1883 383 2031 416 paupertas

1185 426 1322 454 Francisci
1343 425 1411 454 adeo
1432 426 1558 462 copiosae
1579 425 1761 454 sufficientiae
1782 425 1851 460 fuit,
1872 428 1904 454 ut
1933 426 2032 455 subve-

1185 473 1320 501 nientium
1343 472 1394 501 sibi
1416 472 1540 501 defectus
1561 475 1617 501 tam
1632 473 1644 489 4
1659 472 1729 501 mira
1750 472 1854 501 virtute
1875 472 2032 509 suppleret,

1185 520 1259 557 quod
1282 528 1332 549 nec
1354 520 1432 548 cibus
1453 527 1503 548 nec
1525 522 1607 556 potus
1628 527 1679 548 nec
1700 519 1800 548 domus
1820 519 1942 554 deesset,
1968 528 2030 549 cum

1185 566 1318 603 pecuniae
1339 570 1366 595 et
1387 566 1455 595 artis
1470 570 1497 595 et
1511 569 1628 595 naturae
1644 566 1760 595 facultas
1775 566 1930 600 defecerat3
1946 567 2032 596 multo

1187 614 1272 651 magis
1294 614 1339 642 1116
1361 614 1528 647 merebitur,
1550 621 1622 650 quae
1643 613 1745 641 usitato
1759 613 1867 641 divinae
1889 613 2034 650 providen-

1187 660 1241 689 tiae
1267 660 1364 689 ordine
1392 660 1578 689 communiter
1607 660 1806 689 conceduntur.
1836 660 1877 694 Si,
1906 660 2033 697 inquam,

1186 711 1280 745 petrae
1302 708 1410 737 siccitas
1431 708 1464 736 ad
1496 707 1627 744 pauperis
1655 715 1749 736 vocem
1777 707 1921 736 abundans
1950 715 2034 744 pocu-

1186 755 1243 783 lum
1274 755 1375 783 sitienti
1409 754 1565 791 propinavit
1597 754 1783 791 pauperculo,
1816 754 1853 782 nil
1881 754 1934 783 iam
1964 754 2034 783 inter

1185 802 1276 831 onmia
1298 810 1380 830 suum
1402 801 1548 838 denegabit
1568 801 1733 838 obsequium
1765 801 1809 830 his
1830 801 1877 838 qni
1907 809 1957 838 pro
1979 802 2035 830 Au-

1185 852 1261 878 ctore
1283 848 1409 877 omnium
1431 848 1524 876 omnia
1544 848 1730 885 reliquerunt.

1036 980 1196 1008 Cnmrunmu
1218 980 1282 1008 VIII.

492 1104 532 1132 De
550 1104 669 1141 pietatis
691 1103 812 1142 affectu,
835 1107 861 1132 et
879 1104 1022 1142 quomodo
1044 1103 1158 1132 ratione
1178 1103 1312 1132 carentia
1332 1102 1508 1131 videbuntur
1530 1102 1570 1131 ctrl
1591 1102 1687 1140 ipsum
1711 1102 1790 1141 affici
1804 1103 1823 1131 ⁵.

361 1228 385 1255 l.
408 1227 508 1255 Pietas
530 1234 611 1261 vera,
633 1235 705 1264 quae
720 1227 873 1255 secundum
890 1226 1048 1263 Apostolum
1064 1226 1075 1242 ⁶
1091 1226 1131 1254 (td

279 1274 380 1302 onznia
394 1274 477 1307 valet,
493 1273 560 1302 adeo
576 1281 623 1302 cor
634 1273 770 1302 Francisci
787 1274 942 1310 repleverat
957 1281 987 1302 ac
1003 1276 1130 1310 penetra-

280 1324 358 1350 verat
373 1321 494 1355 viscera,
516 1323 548 1349 ut
571 1323 658 1349 totum
674 1320 816 1349 videretur
832 1321 924 1348 virum
940 1320 986 1348 Dei
1004 1320 1029 1348 111
1046 1328 1129 1348 31111111

280 1368 432 1397 (10111111111111
454 1367 615 1396 vindicasse.
631 1368 700 1396 Haec
722 1371 779 1401 est,
795 1375 866 1404 quae
881 1367 972 1404 ipsum
988 1375 1037 1404 per
1052 1367 1131 1395 clevo-

281 1415 386 1444 tionem
408 1423 520 1443 sursum
542 1414 640 1451 agebat
662 1415 687 1443 in
712 1415 814 1448 Deum,
837 1422 886 1451 per
901 1413 1131 1451 compassionem

281 1462 495 1491 transformabat
518 1462 543 1490 in
566 1462 723 1496 Christum,
742 1470 792 1498 per
808 1462 1074 1490 condescensionem
1090 1461 1132 1489 in-

281 1510 400 1539 clinabat
421 1509 454 1537 ad
475 1509 637 1546 proximum
659 1513 686 1538 et
708 1517 757 1546 per
779 1509 965 1538 universalem
993 1508 1130 1537 concilici-

282 1557 385 1585 tionem
401 1557 440 1585 cut
454 1556 575 1593 stnyata
590 1556 761 1593 refigurabat
776 1556 808 1584 ad
825 1556 997 1585 innocentiae
1016 1559 1129 1584 statum.

281 1603 406 1641 Cumque
429 1611 477 1640 per
499 1604 570 1632 hanc
593 1603 636 1640 pie
658 1607 818 1632 moveretur
839 1603 873 1631 ad
895 1603 999 1637 omnia,
1029 1603 1132 1639 specia-

280 1650 343 1679 liter
365 1653 456 1679 tamen
478 1650 583 1679 animas
605 1650 704 1679 Christi
729 1650 788 1678 Iesu
804 1650 937 1687 sanguine
953 1649 1073 1686 pretioso
1088 1657 1131 1677 re-

281 1697 405 1734 demptas
431 1706 495 1726 cum
527 1701 654 1726 cerneret
675 1697 813 1734 inquinari
837 1697 930 1734 aliqua
958 1697 1039 1725 sorde
1068 1704 1131 1733 pec-

281 1744 350 1779 cati,
373 1748 448 1773 tanta
469 1744 653 1773 mIserationis
675 1744 861 1773 teneritudine
893 1744 1070 1780 deplorabat,
1100 1745 1132 1771 ut

281 1800 327 1821 eas
349 1794 479 1828 tanquam
503 1794 591 1820 mater
612 1791 639 1820 in
662 1791 772 1820 ChrIsto
794 1791 916 1828 quotidie
942 1790 1096 1828 parturiret
1111 1790 1130 1818 ⁷.

282 1839 313 1867 Et
334 1839 402 1867 haec
418 1847 501 1875 penes
517 1839 607 1875 ipsum
623 1846 706 1867 causa
720 1839 871 1875 praeCIpua
885 1838 1034 1867 venerandi
1054 1837 1131 1867 verbi

280 1886 328 1915 Dei
356 1886 513 1921 ministros,
546 1885 621 1923 quod
651 1894 747 1914 semen
777 1884 875 1923 fratri
894 1894 948 1914 suo
980 1884 1130 1922 defuncto,

281 1933 391 1962 Christo
406 1933 533 1962 videlicet
547 1941 598 1970 pro
613 1933 806 1970 peccatoribus
822 1932 975 1967 crucifixo,
997 1940 1047 1969 per
1063 1932 1133 1969 ipso-

281 1988 344 2009 rum
367 1980 575 2009 conversionem
607 1983 634 2009 et
656 1980 700 2017 pia
728 1980 913 2009 sollicitudine
938 1980 1079 2008 suscitent
1105 1982 1133 2008 et

281 2027 397 2057 sollicita
418 2028 518 2064 pietate
540 2027 705 2065 gubernent.
722 2027 877 2056 Istiusmodi
893 2027 1078 2056 miserationis
1093 2027 1133 2055 of-

281 2074 375 2103 ficium
398 2075 487 2103 Patri
506 2074 785 2103 misericordiotritni
800 2074 811 2090 ⁸
833 2074 907 2103 omni
927 2074 1063 2103 sacrificio
1084 2074 1132 2103 fir-

281 2122 374 2150 mabat
394 2121 550 2158 acceptius,
573 2122 695 2150 maxime
717 2122 738 2150 si
761 2121 853 2150 studio
881 2121 966 2150 fuerit
994 2121 1132 2158 perfectae

281 2168 404 2197 caritatis
419 2169 591 2205 impensum,
606 2171 638 2197 ut
652 2169 684 2197 ad
701 2169 727 2197 id
743 2168 886 2197 laboretur
901 2168 989 2205 magis
1003 2169 1132 2205 exemplo

281 2224 365 2253 quam
387 2216 488 2250 verbo,
512 2216 598 2253 magis
620 2216 773 2252 lacrymosa
801 2223 884 2252 prece
912 2223 996 2252 quam
1023 2215 1131 2252 loquaci

282 2270 417 2291 sermone.

361 2311 387 2338 2.
411 2309 597 2346 plangendum
627 2309 742 2346 proinde
773 2309 881 2338 dicebat
912 2309 1130 2346 praedIcatorem

282 2359 414 2393 tanquam
436 2364 503 2385 vera
524 2356 624 2393 pietate
646 2356 802 2393 privatum,
825 2356 883 2385 sive
904 2356 951 2393 qui
974 2356 1002 2384 in
1024 2356 1131 2393 praedi-

283 2403 389 2432 catione
411 2411 464 2432 non
480 2403 636 2432 animarum
652 2404 762 2440 quaerit
777 2403 911 2437 salutem,
927 2403 972 2432 sed
988 2403 1131 2440 propriam

282 2450 410 2485 laudem,
433 2450 489 2479 sive
511 2450 559 2487 qui
580 2450 717 2487 pravitate
738 2450 858 2479 destruit
879 2450 951 2479 vitae
966 2450 1040 2487 quod
1061 2450 1133 2479 aedi-

347 2656 354 2668 ¹
374 2657 439 2679 Dent.
457 2657 499 2685 32,
518 2657 559 2679 '131
578 2657 606 2679 Ut
627 2660 722 2685 sugeret
745 2658 789 2679 mel
815 2657 844 2679 de
866 2660 931 2685 petra
956 2658 1081 2686 oleumque
1103 2658 1132 2680 de

283 2702 336 2718 saxo
354 2696 487 2718 durissimo.
504 2708 535 2712 -—
552 2696 607 2718 Fide
625 2697 666 2718 BE
683 2697 845 2724 supplevimus
856 2696 1005 2726 productum.
1019 2697 1132 2725 Superius

283 2741 325 2763 pro
342 2741 366 2758 se
384 2735 482 2758 inclinat
500 2736 515 2757 E
532 2735 671 2759 inclinatur.

346 2774 355 2787 ²
373 2774 429 2803 Cap.
447 2776 467 2797 9.
485 2782 506 2797 n.
526 2775 546 2797 4.

346 2813 355 2826 ³
367 2814 412 2837 Csr.
422 2815 492 2837 Exod.
503 2815 544 2842 47,
558 2816 575 2837 1.
588 2822 666 2844 seqq.;
678 2815 708 2837 de
722 2815 793 2837 Eliseo
805 2815 860 2837 vide
872 2815 909 2838 lV.
924 2816 980 2844 Reg.
994 2816 1019 2843 4,
1036 2817 1054 2838 1.
1065 2822 1130 2845 seqq.

345 2853 354 2865 '²
373 2854 423 2875 Vat.
441 2856 463 2875 et
480 2854 516 2876 ed.
539 2854 543 2876 1
566 2854 622 2877 iam.

346 2891 355 2903 5
373 2892 416 2914 Csr.
435 2893 518 2914 Thom.
536 2899 548 2914 a
566 2892 661 2921 Celano,
681 2893 731 2915 Vita
751 2894 765 2916 1.
785 2900 809 2921 p.
826 2894 842 2916 l.
859 2900 878 2916 c.
893 2893 929 2916 14.
941 2894 963 2915 111
981 2894 1038 2921 fine,
1056 2894 1093 2916 21.
1110 2896 1131 2916 et

284 2931 326 2957 28;
345 2931 395 2953 Vita
414 2932 436 2953 ll.
454 2938 477 2959 p.
494 2932 517 2953 lt.
535 2938 554 2954 c.
573 2932 593 2954 5.
611 2935 633 2954 et
650 2938 672 2960 p.
699 2933 732 2954 nt.
751 2938 769 2954 c.
793 2932 884 2955 29-36.
909 2933 947 2955 54.
969 2933 1052 2955 92-94.
1081 2933 1130 2955 102.

285 2969 336 2992 toa.
359 2970 475 2992 106-IOS.
495 2971 543 2993 115.

346 3007 356 3020 ⁵
372 3009 442 3036 Epist.
460 3010 474 3031 1.
493 3010 552 3032 Tim.
571 3010 596 3038 4,
615 3010 640 3032 8:
658 3011 731 3033 Pietas
748 3013 825 3033 autem
852 3011 881 3033 ad
904 3011 980 3034 omnia
1004 3011 1065 3034 utilis
1089 3014 1130 3034 est.

1187 1226 1251 1254 ficat
1272 1226 1388 1254 veritate
1409 1225 1559 1254 doctrinae.
1593 1226 1805 1255 Praeferendum
1834 1227 1900 1255 huic
1928 1227 2036 1256 dicebat

1188 1273 1311 1301 Fratrem
1335 1273 1487 1309 simplicem
1503 1276 1530 1301 et
1551 1273 1705 1310 elinguem,
1733 1273 1780 1310 (1111
1812 1273 1884 1302 bono
1909 1274 2037 1311 exemplo

1188 1320 1255 1348 alios
1278 1322 1442 1356 provocaret
1463 1320 1496 1348 ad
1517 1320 1630 1348 bonum.
1654 1320 1720 1349 Illud
1743 1328 1855 1357 quoque
1876 1321 1994 1349 verbum
2009 1321 2035 1349 ⁹:

1192 1367 1284 1395 Donec
1305 1367 1415 1395 sterilis
1433 1367 1546 1404 peperit
1564 1367 1728 1404 plurimos,
1752 1368 1843 1396 taliter
1864 1368 2036 1405 exponebat:

1193 1425 1206 1439 «
1223 1414 1353 1448 sterilis,
1376 1414 1479 1451 inquit,
1502 1417 1543 1443 est
1563 1415 1659 1443 Frater
1680 1415 1885 1452 pauperculus,
1916 1416 1964 1452 qui
1992 1423 2038 1453 ge-

1189 1461 1303 1490 nerandi
1327 1462 1353 1489 in
1384 1462 1502 1490 Ecclesia
1530 1461 1601 1490 filios
1629 1470 1682 1490 non
1716 1462 1800 1491 habet
1827 1462 1958 1491 officium.
1991 1463 2038 1492 Hic

1186 1509 1286 1546 pariet
1308 1509 1333 1537 111
1356 1509 1457 1537 iudicio
1478 1509 1631 1546 plurimos,
1653 1509 1718 1546 quia
1740 1517 1810 1546 quos
1824 1517 1899 1538 nunc
1924 1509 2038 1546 privatis

1188 1556 1361 1584 orationibus
1382 1556 1518 1584 convertit
1539 1556 1572 1584 ad
1597 1556 1739 1585 Christum
1761 1564 1827 1585 suae
1848 1556 1952 1593 gloriae
1974 1559 2038 1586 tunc

1189 1602 1275 1631 Iudex
1296 1603 1424 1631 ascribet.
1448 1603 1529 1639 Quae
1549 1603 1655 1631 multos
1687 1602 1771 1632 habet
1798 1602 1874 1640 filios
1903 1603 2038 1640 infirma-

1189 1648 1283 1683 bitur,
1299 1650 1363 1686 quia
1387 1649 1560 1686 praedicator
1581 1658 1669 1679 vanus
1690 1653 1717 1679 61
1739 1650 1858 1687 loquax,
1880 1651 1929 1687 qui
1944 1651 2038 1680 multis

1189 1705 1264 1725 nunc
1279 1697 1356 1733 quasi
1373 1705 1423 1726 sua
1439 1697 1542 1726 virtute
1556 1697 1656 1734 genitis
1670 1697 1783 1734 gaudet,
1799 1701 1944 1735 cognoscet
1959 1701 2038 1733 tunc,

1189 1752 1218 1772 se
1239 1744 1277 1772 nil
1300 1744 1404 1781 proprii
1428 1744 1532 1773 habere
1552 1745 1580 1773 in
1602 1745 1641 1773 eis
1656 1757 1682 1773 ».

1269 1791 1294 1820 3.
1317 1791 1386 1820 Cum
1408 1791 1493 1829 igitur
1514 1792 1670 1821 animarum
1693 1792 1809 1821 salutem
1832 1792 1970 1821 viscerosa
1983 1793 2038 1830 ple-

1189 1841 1244 1867 tate
1265 1841 1408 1875 appeteret
1428 1842 1455 1867 et
1476 1838 1582 1867 fervida
1596 1839 1780 1868 aemulatione
1795 1840 1909 1874 zelaret,
1931 1840 2037 1869 suavis-

1189 1885 1265 1914 simis
1287 1893 1316 1914 se
1337 1885 1445 1914 dicebat
1465 1886 1568 1923 repleri
1590 1885 1722 1915 odoribus
1750 1889 1777 1915 et
1801 1886 1880 1924 quasi
1895 1890 2038 1924 unguento

1189 1932 1311 1969 pretioso
1333 1932 1416 1967 liniri,
1439 1940 1502 1961 cum
1525 1936 1684 1962 sanctorum
1706 1934 1834 1962 Fratrum
1863 1942 1912 1971 per
1940 1934 2037 1963 orbem

1189 1979 1350 2008 distantium
1372 1980 1511 2009 odorifera
1531 1980 1605 2008 fama
1630 1980 1732 2009 multos
1763 1981 1872 2010 audiret
1903 1981 1937 2010 ad
1965 1981 2037 2010 viam

1190 2027 1314 2055 veritatis
1346 2027 1447 2056 induci.
1470 2027 1511 2055 Ex
1539 2027 1636 2056 talium
1652 2028 1676 2044 ¹⁰
1707 2027 1804 2056 auditu
1831 2028 1990 2057 exsultabat
2011 2028 2039 2057 in

1189 2074 1306 2111 spiritu,
1328 2074 1566 2103 benedictionibus
1588 2075 1661 2103 omni
1684 2075 1842 2112 acceptione
1870 2075 2037 2112 dignissimis

1189 2121 1299 2150 Fratres
1330 2121 1391 2150 illos
1419 2122 1613 2156 accumulans,
1642 2122 1689 2159 qui
1716 2122 1801 2151 verbo
1830 2123 1873 2151 vel
1894 2131 1977 2160 opere
2005 2123 2038 2152 ad

1189 2168 1289 2197 Christi
1312 2176 1434 2197 amorem
1456 2168 1620 2197 inducerent
1641 2173 1807 2206 peccatores.
1830 2170 1873 2198 Sic
1887 2170 1970 2199 etiam
1990 2170 2037 2208 qui

1190 2215 1356 2252 Religionem
1388 2223 1495 2244 sacram
1524 2216 1626 2253 iniquis
1653 2216 1788 2245 violarent
1818 2217 1951 2254 operIbus
1981 2225 2038 2246 ma-

1189 2262 1342 2291 ledictionis
1362 2262 1422 2291 eius
1443 2263 1633 2300 gravissimam
1655 2263 1837 2292 incurrebant
1858 2265 2036 2293 sententiam:

1194 2321 1207 2334 «
1222 2310 1239 2337 A
1256 2312 1299 2343 16,
1321 2309 1424 2346 iuquit,
1441 2310 1611 2339 sanctissime
1626 2310 1756 2345 Domine,
1778 2314 1805 2339 et
1826 2319 1842 2339 a
1857 2313 1913 2340 tota
1927 2311 2037 2340 caelesti

1189 2356 1267 2385 curia
1288 2359 1316 2385 et
1336 2364 1352 2384 a
1373 2364 1417 2385 me
1436 2357 1553 2393 parvulo
1575 2359 1623 2385 tuo
1652 2357 1706 2386 sint
1727 2357 1880 2392 maledicti,
1909 2358 1957 2395 qui
1986 2366 2037 2387 suo

1189 2403 1261 2432 malo
1283 2404 1411 2440 exemplo
1443 2404 1616 2433 confundunt
1647 2407 1674 2433 et
1705 2404 1854 2433 destruunt
1882 2405 1956 2442 quod
1987 2413 2037 2442 per

1189 2453 1298 2479 sanctos
1319 2451 1429 2479 Fratres
1450 2450 1560 2479 Ordinis
1576 2451 1660 2480 huius
1674 2451 1823 2480 aedificasti
1844 2454 1872 2481 et
1892 2452 2037 2481 aedificare

1192 2671 1219 2674 —
1232 2658 1328 2680 Inferius
1340 2661 1392 2686 post
1402 2660 1569 2687 penetraverat
1586 2658 1631 2681 fide
1648 2658 1666 2680 A
1675 2658 1694 2680 G
1703 2659 1709 2680 I
1719 2659 1739 2681 K
1750 2658 1768 2680 lll
1787 2658 1920 2681 addidimus
1934 2658 2036 2687 viscera,

1189 2700 1211 2719 et
1228 2704 1270 2725 pro
1288 2697 1368 2720 virum
1385 2697 1428 2720 Dei
1443 2698 1495 2720 Vat.
1512 2700 1534 2720 et
1551 2697 1588 2720 ed.
1606 2698 1614 2719 1
1637 2697 1778 2720 substituunt
1794 2703 1891 2720 servum
1911 2697 1959 2720 Dei.

1252 2735 1260 2748 ⁷
1278 2737 1325 2758 Gal.
1345 2736 1371 2764 li,
1390 2737 1430 2758 119:
1447 2737 1518 2759 Filioli
1536 2737 1595 2764 mei,
1612 2743 1672 2765 quos
1685 2737 1766 2759 iterum
1780 2737 1895 2765 parturioy
1907 2737 1981 2759 donec
1993 2738 2036 2759 sor-

1189 2778 1265 2798 metur
1282 2775 1385 2798 Christus
1398 2776 1420 2798 in
1433 2775 1508 2798 vobis.
1520 2789 1550 2792 —
1562 2775 1665 2798 Subinde
1677 2776 1799 2803 respicitur
1811 2776 1877 2798 Dent.
1891 2775 1933 2804 25,
1946 2776 1972 2798 5:
1990 2776 2036 2798 Sed

1188 2815 1284 2843 accipiet
1301 2821 1352 2837 eam
1370 2814 1478 2844 [uxorem
1496 2814 1609 2844 defuncti]
1627 2816 1694 2838 frater
1711 2815 1761 2838 eius
1781 2818 1803 2837 et
1822 2814 1941 2837 suscitabit
1957 2821 2036 2837 semen

1188 2855 1263 2877 fratris
1279 2855 1322 2877 sui.

1250 2892 1259 2905 Β
1278 2894 1348 2922 Epist.
1366 2894 1389 2916 II.
1406 2893 1458 2916 Cor.
1477 2894 1502 2921 1,
1521 2894 1541 2916 3.

1250 2931 1259 2944 ⁹
1277 2932 1338 2955 Libr.
1358 2933 1372 2955 1.
1389 2933 1447 2961 Reg.
1465 2934 1491 2961 2,
1509 2933 1530 2955 5.
1549 2932 1594 2955 Csr.
1614 2933 1748 2961 Wadding„
1759 2933 1801 2955 106.
1814 2933 1859 2960 611.,
1870 2933 1899 2955 ad
1912 2939 1949 2955 an.
1963 2933 2035 2960 1220,

1187 2978 1209 2994 n.
1228 2972 1264 2994 30.
1282 2984 1312 2988 —
1330 2972 1442 3000 Superius
1459 2978 1501 3000 pro
1515 2973 1658 3001 provocaret
1675 2972 1729 2995 edd.
1743 2973 1866 3001 provocat.

1251 3010 1270 3025 ¹⁰
1287 3012 1339 3034 Vat.
1355 3014 1377 3034 et
1393 3012 1429 3034 ed.
1449 3013 1457 3033 1
1480 3012 1509 3035 Et
1526 3011 1618 3034 talium.

2101 431 2103 451 t

2101 452 2102 467 1

2108 1089 2111 1135 l

2067 1221 2112 1250 l³rae³¹
2117 1233 2133 1251 lu*

2052 1254 2108 1273 Fratei
2114 1255 2133 1274 im

2052 1277 2100 1301 plox.

2065 1795 2110 1814 Gaui
2123 1795 2133 1815 d

2053 1819 2110 1838 fructu
2116 1824 2133 1838 nn

2070 1848 2111 1861 rum*
2121 1847 2133 1862 a*

2088 1867 2110 1885 trt

2057 2312 2116 2339 Malea
2125 2316 2133 2330 u

2086 2340 2114 2355 01ss
