2133 3317
103 638 131 657 De
139 637 237 662 portandis

124 661 237 703 {apg—ceamen-

115 731 231 750 Ambrosius.

104 824 235 848 Hieronymus.

124 1433 232 1457 Chrysosto-

156 1462 196 1475 mus
199 1471 203 1474 .

139 1714 237 1734 Eusebius.

248 226 303 255 306

247 303 385 341 Evangelii
406 302 571 331 documenta
590 299 720 337 perfectis
741 299 924 333 conveniunt,
947 298 1005 327 5106
1026 306 1095 335 quo-

247 359 310 380 rum
332 340 507 378 observantia
528 346 680 384 imperfecti
702 346 802 375 salvari
823 348 955 382 possunt,
977 348 1004 374 et
1021 345 1096 382 quod

248 397 382 426 sententia
397 395 619 424 Manichaeorum
641 393 708 427 fuit,
730 392 764 421 ad
785 392 853 421 haec
874 399 970 421 omnes
990 391 1095 420 indiffe-

249 447 343 473 renter
371 442 494 479 astringi.
522 441 579 470 Non
609 440 695 477 igitur
716 440 797 474 dicit,
820 440 950 468 Faustum
972 447 1095 473 errasse,

248 491 314 528 quia
334 490 452 523 diceret,
476 489 543 517 haec
565 487 741 524 intelligenda
761 486 795 515 ad
817 486 954 520 litteram,
970 485 1017 515 sed
1031 486 1097 523 quia

249 538 406 566 discernere
428 535 516 564 noluit
537 535 609 563 inter
631 533 744 562 consilia
764 535 792 562 et
812 535 967 570 praecepta.

329 584 354 611 6.
379 583 427 611 Per
449 582 525 610 hunc
552 581 634 610 etiam
662 580 792 614 modum,
814 579 887 617 quod
908 579 1097 608 testimonium

250 631 318 661 illud
339 631 373 659 de
394 638 449 658 non
471 628 612 666 portandis
640 626 832 656 calceamentis
860 626 895 655 sit
923 626 957 654 ad
978 626 1096 654 litteram

250 677 474 715 intelligendum,
496 674 641 711 multiplici
658 676 732 711 patet
746 673 920 702 attestatione
938 673 1096 701 Doctorum.

249 726 315 754 Nam
338 732 415 753 sacer
437 721 598 751 Ambrosius
619 721 647 749 111
668 720 740 749 libro
761 720 795 749 de
815 720 892 757 Fuga
913 719 1015 748 saeculi
1028 720 1037 736 ¹
1060 719 1098 748 sic

250 773 305 802 ait:
333 771 436 800 «lesus
456 769 606 806 discipulos
633 768 691 797 5106
720 767 913 796 calceamentis
934 770 961 795 et
982 766 1100 803 pecunia

250 820 340 854 misit,
363 827 396 847 06
418 825 511 847 566001
534 819 645 845 terrena
665 818 849 852 portarent».
866 830 903 835 -—
918 814 1100 850 Hieronymus

250 867 348 899 etiam,
363 865 397 894 ad
413 863 592 893 Eustochium
604 862 614 877 ²
637 862 774 896 scribens,
796 861 852 889 ait:
871 872 884 886 «
899 861 1005 897 Moyses
1019 863 1046 888 et
1060 860 1100 889 Ie-

250 921 297 942 sus
318 913 391 941 Nave
412 910 494 939 nudis
514 910 541 938 10
564 912 640 938 terra
665 908 781 945 pedihus
802 908 935 936 iubentur
956 906 1099 940 incedere,

250 963 278 990 et
291 958 416 996 discipuli
434 958 492 987 sine
506 957 756 986 calceamentorum
771 962 855 983 onere
870 958 897 983 et
911 953 1029 983 vinculis
1043 953 1100 990 pel-

251 1007 318 1036 lium
340 1005 406 1034 nudi
423 1004 456 1033 ad
472 1003 702 1040 praedicationem
718 1001 855 1038 Evangelii
871 1000 1058 1034 destinantur,
1074 1002 1101 1028 et

251 1053 367 1086 milites,
389 1050 560 1080 vestimentis
579 1050 639 1078 16511
654 1052 728 1078 sorte
742 1048 851 1082 divisis,
867 1047 968 1084 caligas
982 1054 1037 1075 non
1052 1046 1101 1074 ha-

252 1101 370 1134 bebant,
392 1106 462 1136 quas
485 1097 620 1126 tollerent.
643 1096 696 1125 Nec
717 1095 791 1124 60101
809 1094 911 1123 11611616
925 1096 1034 1131 poterat
1048 1093 1101 1121 Do-

251 1147 343 1176 minus
364 1145 438 1183 quod
459 1144 642 1182 prohibuerat
662 1143 690 1171 in
712 1142 799 1171 servis
814 1154 841 1170 ».
863 1141 892 1170 In
919 1141 961 1169 015
983 1140 1102 1169 ostendit

253 1195 450 1230 Hieronymus,
480 1191 554 1229 quod
583 1199 637 1219 non
666 1190 756 1219 solum
785 1188 929 1226 discipuli,
951 1187 998 1217 sed
1019 1187 1101 1216 etiam

252 1241 311 1278 ipse
332 1240 459 1268 Christus
480 1238 562 1267 nudis
584 1237 700 1274 pedibus
722 1236 847 1270 incessit,
869 1237 897 1263 et
917 1234 991 1272 quod
1010 1234 1044 1263 ad
1059 1233 1102 1262 lit—

254 1290 341 1316 teram
364 1286 445 1315 debet
466 1284 589 1321 intelligi.
614 1284 688 1312 [dem
709 1290 821 1320 quoque
842 1282 876 1310 ad
897 1280 1101 1318 Ageruehiamss

253 1335 286 1364 de
314 1332 502 1370 Monogamia:
530 1343 544 1357 «
560 1330 691 1367 Discipuli
713 1332 770 1358 toto
791 1329 858 1358 orbe
879 1327 1018 1365 peregrini
1047 1335 1102 1355 non

253 1390 299 1411 aes
321 1381 347 1409 111
370 1388 453 1413 zona,
475 1387 529 1407 non
551 1378 656 1415 virgam
678 1377 706 1405 10
728 1384 828 1409 manu,
850 1384 905 1404 non
926 1374 1026 1411 caligas
1054 1374 1102 1402 ha-

254 1429 340 1458 buere
362 1428 388 1456 10
411 1427 527 1464 1161111105
543 1437 568 1454 ».
585 1442 622 1445 ——
638 1425 751 1453 Ioannes
771 1424 985 1460 Chrysostomus
1006 1421 1104 1450 ultima

254 1475 367 1504 homilia
389 1482 473 1510 super
495 1472 701 1501 Matthaeum4:
722 1482 736 1496 <r
750 1470 869 1507 Apostoli
885 1477 941 1498 una
955 1468 1048 1497 tunica
1062 1468 1103 1496 iu—

253 1522 313 1551 duti
335 1524 361 1550 et
381 1519 536 1549 discalceati
565 1518 766 1548 circumierunt
786 1520 814 1546 et
834 1524 929 1545 omnes
955 1522 1103 1552 superave-

254 1572 321 1599 runt
340 1581 365 1596 ».
396 1568 467 1596 111601
490 1574 602 1604 quoque
631 1564 744 1593 homilia
775 1563 917 1600 trigesima
938 1562 1059 1591 secunda
1073 1561 1102 1589 ⁵:

260 1629 273 1642 a
287 1615 364 1644 Dixit
385 1614 513 1643 Christus
534 1612 684 1650 Apostolis:
707 1611 850 1649 Numquid
874 1610 987 1648 aliquid
1011 1607 1104 1646 defait

254 1663 352 1697 vobis,
374 1661 492 1700 quando
508 1660 578 1688 misi
590 1668 640 1687 vos
655 1659 750 1687 naclos
765 1662 790 1686 el
804 1657 994 1686 discalceatos
1008 1668 1021 1681 »
1038 1656 1051 1684 f>
1066 1672 1104 1676 —

256 1709 391 1739 Eusebius
409 1708 490 1737 etiam
506 1706 709 1735 Ecclesiasticae
724 1704 858 1733 Historiae
873 1704 943 1732 libro
959 1706 1039 1732 sexto
1050 1702 1060 1719 ⁶
1076 1702 1103 1731 in

256 1756 365 1786 laudem
380 1754 507 1792 Origenis
522 1761 573 1791 pro
588 1761 620 1781 eo
636 1756 775 1789 tempore,
791 1759 846 1789 quo
861 1750 1014 1779 catholicus
1029 1752 1104 1783 erat,

256 1804 294 1833 sic
315 1803 370 1832 ait:
399 1814 412 1828 «
427 1803 494 1830 Ante
515 1800 607 1829 omnia
629 1807 694 1828 vero
720 1801 867 1836 praecepta
894 1797 1051 1834 evangelica
1079 1799 1106 1825 et

256 1858 337 1880 voces
365 1848 513 1878 Salvatoris
542 1854 650 1876 summo
679 1853 774 1875 amore
795 1847 822 1874 et
843 1844 934 1873 studio
954 1843 1106 1881 implendas

257 1905 316 1927 esse
338 1896 480 1930 censebat,
503 1895 605 1932 quibus
626 1892 812 1931 praecipitur,
834 1892 903 1920 duas
924 1891 1031 1920 tunicas
1051 1898 1105 1919 non

258 1944 415 1973 habendum
432 1950 522 1980 neque
537 1940 728 1971 calceamentis
742 1939 878 1968 utendum
893 1946 983 1975 neque
998 1937 1031 1966 de
1046 1945 1106 1966 cra-

259 1991 330 2020 stino
345 1990 519 2027 cogitandum
536 2000 567 2023 »;
590 1991 616 2017 et
638 1987 720 2025 paulo
741 1989 821 2024 post:
848 1997 861 2011 «
877 1985 1002 2023 Denique
1016 1988 1043 2014 et
1057 1992 1106 2021 per

258 2038 361 2066 multos
381 2044 467 2065 annos
488 2035 608 2064 traditur
630 2034 735 2071 absque
756 2033 830 2062 omni
855 2033 1040 2061 calceamento
1055 2039 1106 2060 uu-

731 221 928 250 OPUSCULUM
950 221 991 249 xi.
1014 220 1174 249 APOLOGIA
1197 221 1376 250 PAUPERUM.
1399 221 1466 249 CAP.
1489 221 1519 249 X.

1152 298 1194 327 dis
1214 298 1357 328 incessisse
1379 299 1500 335 vestigiis
1511 310 1538 326 ».
1555 315 1591 319 —
1606 299 1648 327 Ex
1662 298 1765 335 quibus
1780 301 1807 326 et
1821 300 1883 326 ante
1897 298 1976 327 dictis
1988 299 1998 316 ⁷

1153 345 1214 374 luce
1235 346 1337 374 clarius
1358 348 1480 380 constat,
1501 345 1575 382 quod
1591 345 1718 373 Christus
1732 344 1814 373 nudis
1828 344 1945 381 pedibus
1958 345 1999 374 in-
2095 362 2096 405 1

1153 392 1249 427 cessit,
1271 395 1298 421 et
1319 392 1438 429 Apostoli
1460 392 1493 420 ad
1515 391 1675 420 mandatum
1696 391 1792 428 ipsius.

1233 440 1258 467 7.
1281 438 1383 475 Quodsi
1405 446 1487 475 quem
1508 438 1580 466 forte
1600 441 1692 467 movet
1719 438 1837 466 verbum
1865 437 2000 474 Baptistae
2021 447 2112 475 vepbum.

1153 485 1268 514 dicentis
1280 485 1306 513 ⁸:
1324 485 1416 514 Caius
1430 493 1489 513 11011
1502 493 1568 513 sam
1588 484 1697 521 [11911115
1716 484 1824 513 soluere
1839 484 2000 521 corrigiam
2012 473 2111 518 gixxgffffllffi.

1154 532 1356 566 calceamenti,
1379 531 1533 560 consideret
1548 533 1657 560 textum
1672 534 1699 559 et
1712 530 1829 559 Glossas.
1844 531 1910 559 Nam
1926 531 2001 559 Ioan-

1154 587 1204 608 nes
1231 579 1267 607 ibi
1298 579 1389 607 verbis
1416 578 1540 614 mysticis
1567 581 1595 606 et
1615 577 1779 614 parabolicis
1806 577 1908 612 utitur,
1937 585 2001 606 cum

1155 626 1296 654 Christum
1319 625 1384 653 dicit
1405 624 1509 653 habere
1530 624 1561 652 111
1582 627 1675 652 maim
1696 623 1892 652 ventilabrum
1913 626 1941 652 et
1960 632 2002 652 se-

1155 672 1251 701 cui-im
1264 672 1274 688 ⁹
1283 683 1293 705 ,·
1310 674 1473 708 propterea,
1489 671 1560 699 sicut
1575 678 1624 707 per
1640 671 1707 699 haec
1721 670 1835 707 intelligi
1850 670 1897 698 dat
1910 670 2002 699 distri-

1156 719 1273 748 ctionem
1302 719 1389 747 suturi
1412 718 1564 752 examinis,
1587 717 1625 746 sic
1647 725 1696 754 per
1717 717 1893 746 calceamenti
1916 717 2002 746 corri-

1155 767 1226 804 giam
1250 765 1412 802 mysterium
1435 764 1639 793 iucarnationis.
1655 764 1730 793 Unde
1747 764 1892 792 Glossa10:
1916 775 1929 788 «
1944 764 2003 792 Cal-

1159 816 1348 846 ceamentum,
1371 811 1568 840 incarnationis
1588 810 1767 847 mysterium;
1790 810 1923 847 corrigia,
1946 818 2003 847 my-

1157 860 1233 889 sterii
1256 860 1382 896 ligatura.
1405 859 1463 886 Non
1486 866 1551 894 ergo
1572 857 1646 886 valet
1660 857 1773 886 1060065
1788 857 1934 894 corrigiam
1949 857 2004 886 cal-

1157 906 1290 936 ceamenti
1313 906 1435 939 solvere,
1461 905 1527 942 quia
1548 904 1711 941 mysterium
1732 904 1929 933 incarnationis
1949 912 2004 933 non

1157 953 1260 982 sufficit
1280 953 1421 989 explicare
1436 964 1462 980 ».
1486 952 1517 980 Et
1537 951 1590 980 alia
1604 951 1699 980 Glossa
1710 952 1733 968 ¹1
1746 962 1752 979 :
1772 962 1785 976 (ι
1801 951 1866 980 Νο11
1879 960 1947 979 sam
1961 951 2004 980 di-

1157 1009 1235 1038 91015
1255 999 1418 1037 corrigiam
1439 998 1628 1027 calceamenti
1647 998 1771 1032 solvere,
1794 998 1820 1027 id
1835 1001 1889 1032 est,
1904 1006 2005 1027 nomen

1158 1046 1253 1084 Sponsi
1277 1046 1344 1074 101111
1366 1054 1420 1074 000
1442 1053 1549 1082 usurpo
1564 1056 1590 1073 ».
1613 1045 1659 1073 Est
1679 1053 1745 1082 ergo
1766 1044 1884 1074 verbum
1899 1044 2005 1081 praefa-

1158 1097 1218 1122 tum
1250 1097 1381 1130 tanquam
1414 1093 1561 1129 mysticum
1585 1092 1766 1128 spiritualiter
1787 1091 2004 1129 intelligendum.

1158 1157 1197 1161 —
1211 1140 1237 1168 Si
1260 1140 1323 1177 quis
1344 1147 1410 1168 vero
1432 1139 1593 1173 contendat,
1608 1138 1816 1175 intelligendum
1832 1139 1884 1167 hoc
1899 1146 1958 1167 6556
1972 1137 2006 1166 611

1159 1187 1279 1216 litteram
1302 1186 1454 1215 secundum
1477 1186 1610 1214 usitatum
1626 1186 1739 1214 modum
1753 1185 1900 1222 loquendi,
1921 1188 2007 1213 atten-

1158 1234 1220 1268 dat,
1242 1233 1317 1270 quod
1336 1233 1539 1262 condicionalis
1554 1235 1595 1261 est
1610 1232 1801 1261 huiuscemodi
1824 1240 1930 1266 sermo,
1952 1239 2007 1269 quo

1159 1281 1222 1317 quis
1243 1280 1276 1309 116
1298 1288 1330 1308 eo
1351 1287 1435 1316 quem
1456 1279 1517 1307 vult
1537 1279 1720 1308 excellentem
1745 1279 1905 1313 ostendere,
1926 1278 2006 1312 dicit,

1160 1327 1233 1364 quod
1255 1335 1308 1355 non
1332 1326 1366 1354 sit
1387 1326 1487 1362 dignus
1508 1333 1571 1354 eum
1597 1325 1778 1359 discalceare,
1806 1325 1888 1354 etiam
1910 1325 1931 1354 si
1954 1324 2008 1353 cal-

1160 1373 1309 1402 ceamentis
1330 1381 1383 1401 non
1406 1375 1517 1407 utatur,
1539 1372 1604 1409 quia
1619 1372 1671 1400 hoc
1685 1372 1864 1409 intelligitur,
1879 1372 1901 1401 51
1916 1374 2008 1400 utere-

1160 1424 1207 1449 tur
1220 1421 1253 1448 12.
1273 1437 1313 1440 -
1335 1420 1437 1448 Verum
1459 1419 1482 1447 si
1503 1419 1566 1456 quis
1587 1422 1686 1456 urgeat
1707 1419 1780 1456 quod
1799 1418 1917 1456 Angelus
1937 1418 2009 1447 dixit
2024 1425 2102 1449 camai

1160 1467 1194 1496 ad
1217 1468 1327 1496 Petrum
1340 1466 1382 1494 ¹3:
1407 1466 1510 1495 Calcea
1532 1469 1556 1494 tc
1576 1466 1689 1503 caligas
1711 1469 1795 1500 tuas,
1818 1473 1849 1494 ac
1870 1473 1920 1502 per
1940 1466 2008 1500 hoc,

1160 1514 1235 1551 quod
1257 1514 1354 1542 Petrus
1368 1521 1423 1542 non
1438 1513 1523 1542 fuerit
1542 1512 1736 1547 discalceatus,
1751 1520 1801 1541 nec
1815 1512 1933 1549 Apostoli
1948 1512 2009 1547 alii,

1160 1561 1254 1590 audiat
1282 1560 1381 1589 Bedam
1407 1568 1491 1597 super
1512 1560 1588 1588 hunc
1609 1560 1700 1588 locum
1722 1560 1750 1588 in
1771 1560 1897 1597 originali
1918 1560 2010 1589 dicen-

1160 1611 1234 1637 tem:
1261 1619 1274 1633 «
1290 1608 1341 1635 Pro
1362 1606 1499 1644 caligulis
1513 1607 1556 1635 vel
1571 1606 1691 1644 caliyz's,
1713 1609 1745 1635 ut
1765 1606 1877 1644 quidam
1892 1606 2009 1642 habeut,

1161 1655 1282 1684 Graecus
1303 1654 1386 1683 habet
1407 1653 1568 1687 sandalia;
1583 1653 1636 1682 hoc
1650 1654 1724 1682 enim
1739 1661 1827 1691 genus
1841 1654 2011 1683 calceamen-

1161 1706 1254 1731 torum
1277 1701 1379 1738 legitur
1400 1701 1426 1729 10
1450 1701 1596 1737 Evangelio
1624 1701 1758 1737 Apostolis
1782 1700 1868 1730 fuisse
1895 1701 2010 1738 permis-

1163 1757 1224 1778 sum
1238 1760 1264 1776 ».
1281 1748 1350 1777 Haec
1366 1747 1444 1776 Beda.
1461 1747 1509 1776 Cui
1526 1747 1608 1776 etiam
1624 1750 1755 1776 consonat
1769 1750 1796 1776 et
1811 1748 1905 1785 Papias
1920 1756 2011 1785 gram-

1162 1796 1280 1825 maticus
1300 1795 1394 1824 diceus
1407 1795 1445 1822 ¹4:
1472 1805 1485 1820 «
1501 1794 1608 1831 Caligae
1622 1794 1667 1823 vel
1681 1794 1830 1832 caligulae,
1845 1794 1873 1823 id
1890 1797 1932 1824 est
1950 1803 2011 1824 sau-

1162 1843 1249 1877 dalia,
1277 1842 1350 1871 dicta
1377 1845 1443 1870 sunt
1463 1849 1479 1870 a
1500 1841 1569 1870 callo
1596 1841 1714 1878 pedum,
1736 1841 1780 1870 vel
1801 1841 1880 1879 quasi
1901 1849 1917 1870 a
1937 1842 2011 1871 colli-

1162 1890 1266 1927 gando,
1288 1889 1354 1926 quia
1374 1889 1407 1917 ad
1430 1888 1513 1926 pedes
1534 1888 1697 1926 ligantur».

1242 1937 1268 1965 8.
1292 1936 1392 1970 Porro,
1414 1936 1436 1964 si
1458 1935 1521 1973 quis
1542 1943 1625 1964 sensu
1647 1935 1738 1964 carnis
1758 1935 1871 1964 inflatus
1891 1938 2011 1971 asserat,
2024 1941 2127 1984 0111111111

1163 1992 1218 2012 000
1240 1991 1299 2012 6556
1321 1983 1501 2017 conveniens,
1524 1983 1672 2011 Dominum
1687 1982 1721 2011 ad
1736 1982 1856 2011 litteram
1878 1982 2011 2012 indixisse

1164 2030 1298 2068 Apostolis
1312 2030 1465 2059 nuditatem
1482 2029 1583 2066 pedum
1593 2052 1600 2064 ,
1615 2031 1746 2066 tanquam
1759 2029 1783 2047 ¹⁵
1798 2030 1852 2059 vile
1866 2030 1970 2067 aliquid
1984 2032 2012 2059 et

2027 1145 2105 1165 Difficult

2038 1169 2100 1188 solvitu
2104 1174 2105 1177 ¹

324 2200 331 2214 ¹
350 2201 405 2229 Cap.
424 2201 445 2223 ὅ.
463 2207 486 2222 n.
503 2200 548 2222 25:
567 2200 629 2221 lesus
646 2199 695 2221 sine
712 2199 880 2223 calceamento,
900 2203 957 2220 auro
974 2200 996 2219 et
1012 2199 1108 2225 argento

261 2241 383 2269 Apostolos
401 2239 524 2262 destinavit
543 2238 628 2268 [ltiatlh.
651 2238 687 2265 10,
705 2238 726 2259 9.
738 2237 810 2266 seq.],
823 2243 851 2259 116
863 2243 942 2259 secum
954 2240 1043 2259 terrena
1055 2242 1109 2264 por—

262 2283 341 2302 tarent.

325 2318 334 2331 ‘-'
352 2318 422 2346 Epist.
441 2319 479 2339 22.
496 2324 518 2339 0.
543 2317 575 2338 19.
594 2317 626 2339 Ι)6
643 2317 720 2344 Moyse
738 2318 760 2338 et
777 2316 841 2337 10506
854 2316 894 2337 cfr.
913 2315 983 2337 Exod.
1004 2315 1029 2341 3,
1047 2314 1069 2336 5.
1088 2316 1110 2336 et

263 2358 328 2380 losue
347 2357 372 2384 5,
392 2357 428 2378 Ἰ16.
447 2357 496 2384 (cfr.
515 2362 586 2384 supra
607 2361 661 2383 pag.
684 2354 741 2383 305,
764 2357 817 2376 nota
841 2354 885 2382 1.),
903 2354 932 2375 de
948 2353 1066 2381 discipulis
1089 2355 1111 2375 et

263 2397 353 2420 Christo
370 2396 424 2418 vide
441 2401 510 2423 supra
530 2401 584 2423 pag.
602 2394 660 2421 275,
678 2396 755 2416 notam
777 2394 795 2420 t,
813 2392 852 2415 0111
871 2392 932 2415 idem
950 2393 1014 2414 locus
1030 2392 1111 2419 allega-

262 2439 299 2459 tur
317 2439 339 2458 et
355 2441 398 2464 pro
415 2435 475 2458 101ἀί
491 2434 523 2457 ad
537 2433 740 2463 praedicationem
758 2432 883 2461 Eranfyelii
894 2438 948 2454 cum
965 2434 1026 2454 textu
1044 2431 1111 2459 origi-

262 2476 305 2498 nali
323 2475 406 2503 legitur
423 2473 456 2497 ad
469 2472 672 2503 praedicationem
688 2471 746 2495 110111
761 2470 891 2501 anizqclii.

326 2513 334 2526 ³
352 2514 422 2541 Epist.
441 2513 492 2535 123.
512 2512 576 2539 (alias
595 2511 640 2540 it.)
658 2518 680 2533 n.
707 2511 742 2533 115.
766 2511 808 2533 Pro
831 2509 991 2539 Aqerztchiam
1014 2509 1111 2532 ABCD

264 2553 423 2581 Geminiani,-
441 2553 481 2575 csr.
498 2558 568 2580 supra
587 2557 641 2580 pag.
659 2551 717 2579 276,
739 2553 791 2573 nota
814 2550 835 2572 3.
859 2550 956 2577 Epistola
979 2548 1112 2571 inscribitur

264 2591 291 2615 cle
303 2590 456 2621 Moizoqamia
465 2599 475 2619 ,·
492 2590 646 2618 Hieronymus
663 2589 724 2612 60101
741 2589 764 2611 10
781 2589 831 2617 ipsa
848 2588 1003 2616 Ageruchiam
1015 2587 1112 2610 viduam

264 2637 277 2653 a
294 2630 402 2653 secundis
418 2629 505 2658 nuptiis
522 2629 664 2652 dehortatur.

327 2669 337 2681 ‘¹
355 2669 409 2691 Sive
426 2668 509 2691 Homil.
529 2668 565 2690 90.
585 2668 649 2695 (alias
666 2667 715 2695 91.)
733 2673 754 2689 n.
774 2667 794 2688 3.

328 2707 337 2720 ⁵
354 2708 414 2730 Alias
431 2708 468 2729 33.
489 2708 511 2729 in
529 2707 605 2729 Mattli.
623 2713 646 2729 0.
664 2707 684 2729 4.
702 2706 818 2733 Allegatur
836 2706 890 2728 Luc.
903 2706 944 2732 22,
957 2704 994 2727 35.
1007 2704 1067 2727 Vide
1078 2710 1113 2726 su-

265 2753 307 2775 pra
324 2753 345 2770 c.
361 2747 383 2769 7.
401 2754 424 2769 n.
443 2747 469 2774 9,
487 2746 527 2769 ubi
544 2747 632 2774 integer
649 2746 713 2768 locus
730 2744 888 2773 Chrysostomi
905 2744 1005 2766 affertur.
1022 2743 1074 2765 Vat.
1091 2745 1113 2765 et

266 2786 303 2808 ed.
321 2787 334 2808 2
351 2786 459 2808 omittunt
476 2785 575 2808 homilia
593 2783 640 2807 52.

328 2823 338 2837 6
355 2824 411 2852 Cap.
428 2825 449 2846 3.
468 2823 524 2846 ibid.
542 2823 639 2846 habetur
656 2823 724 2846 etiam
742 2829 791 2851 seq.
810 2822 936 2849 sententia,
953 2822 977 2843 in
989 2821 1055 2844 cuius
1067 2821 1113 2843 fine

267 2863 322 2886 edd.
337 2863 408 2886 nudis
422 2862 522 2893 pedibus
540 2862 671 2890 incessisse,
691 2862 804 2885 recentior
822 2862 899 2884 versio
918 2860 990 2884 nadis
1009 2859 1112 2890 vestigiis

266 2901 401 2925 ambulasse
420 2903 468 2931 (γῆν
488 2901 656 2930 πεπατηκὲναι).

330 2940 339 2953 ⁷
357 2940 411 2969 Cap.
428 2941 450 2963 7.
468 2947 490 2963 n.
508 2942 530 2963 8.
547 2947 613 2969 seqq.
932 2939 942 2954 ⁸
958 2940 1013 2962 Luc.
1030 2939 1057 2966 3,
1076 2939 1113 2960 16.

330 2978 340 2991 ⁹
357 2981 412 3002 Luc.
430 2980 455 3008 3,
474 2980 518 3002 ¹17:
535 2979 607 3002 Cuius
623 2979 779 3002 ventilabrum
796 2979 820 3001 iu
837 2985 906 3001 manu
925 2978 974 3001 eius
991 2980 1033 3001 ete.
1050 2978 1112 3000 1116111

268 3019 351 3042 dicitur
369 3019 445 3041 ltlatth.
463 3018 490 3047 3,
508 3019 552 3047 rl2;
569 3026 592 3041 v.
611 3019 654 3041 1οε
673 3019 718 3040 lam
735 3018 797 3041 enim
815 3018 902 3041 securis
919 3017 949 3040 ad
965 3017 1068 3040 radicem
1080 3022 1113 3039 ar-

1166 2196 1250 2218 borum
1268 2196 1341 2224 posita
1359 2198 1400 2217 est.
1418 2194 1463 2217 Csr.
1483 2194 1544 2216 Beda
1562 2194 1583 2216 in
1602 2195 1643 2216 hos
1663 2195 1738 2221 locos,
1755 2194 1795 2223 qui
1813 2194 1876 2222 ipsos
1894 2194 1923 2216 de
1940 2194 2014 2217 distri-

1166 2235 1239 2257 ctione
1257 2235 1326 2257 suturi
1344 2234 1422 2256 iudicii
1439 2236 1461 2256 et
1478 2233 1507 2256 de
1524 2233 1635 2255 sententia
1652 2233 1734 2255 iudicis
1751 2233 1863 2261 intelligit.

1230 2273 1249 2286 ¹⁰
1268 2274 1356 2296 Scilicet
1373 2272 1499 2296 ordinaria
1516 2272 1552 2301 (ex
1569 2273 1677 2301 Gregor.,
1695 2273 1710 2294 1.
1727 2273 1810 2295 Homil.
1828 2272 1852 2294 10
1871 2273 1958 2300 Evang.
1977 2273 2015 2294 ho-

1167 2314 1215 2336 mil.
1231 2313 1254 2336 7.
1274 2320 1296 2335 0.
1314 2314 1341 2341 3,
1359 2319 1428 2341 quein
1447 2313 1551 2340 sequitur
1567 2312 1642 2339 Beda,
1655 2312 1676 2333 in
1690 2312 1766 2334 Matth.
1780 2312 1804 2338 3,
1822 2312 1842 2333 11
1855 2319 1859 2339 3
1872 2312 1940 2334 Marc.
1954 2312 1974 2340 vl,
1986 2311 2013 2338 73

1167 2353 1222 2374 Luc.
1240 2353 1266 2379 3,
1285 2352 1328 2378 rifi,
1347 2352 1406 2373 ioan.
1421 2351 1440 2377 i,
1454 2351 1501 2380 27.)
1514 2351 1536 2372 in
1549 2351 1626 2373 Matth.
1638 2351 1659 2378 3,
1673 2351 1680 2372 11
1692 2351 1708 2372 1.
1721 2350 1767 2373 Csr.
1779 2353 1834 2372 tom.
1847 2351 1879 2372 111.
1891 2356 1944 2378 pag.
1958 2350 2013 2379 466,

1167 2394 1219 2413 nota
1239 2391 1260 2412 i.
1276 2392 1298 2412 et
1316 2393 1370 2412 tom.
1388 2390 1434 2412 Vll.
1452 2396 1506 2417 pag.
1524 2389 1566 2417 79,
1585 2392 1636 2411 uota
1655 2389 1676 2411 3.

1232 2429 1250 2442 ¹¹
1268 2430 1355 2457 Nempe
1373 2428 1498 2452 ordinaria
1515 2429 1537 2450 in
1555 2429 1631 2450 Matth.
1653 2429 1679 2455 3,
1697 2428 1738 2455 ·11;
1760 2428 1827 2450 Marc.
1846 2428 1866 2455 1,
1882 2427 1904 2450 7.
1922 2430 1944 2450 et
1960 2428 2014 2450 Luc.

1169 2470 1195 2496 3,
1215 2470 1258 2496 ⁴63
1277 2470 1317 2491 cfr.
1334 2471 1387 2491 nota
1405 2468 1555 2496 praecedens.

1232 2507 1251 2520 ¹²
1268 2509 1346 2530 Glossa
1365 2507 1490 2531 ordinaria
1508 2507 1543 2535 (ex
1560 2507 1670 2535 August.,
1689 2507 1712 2529 11.
1733 2506 1762 2529 de
1779 2506 1896 2529 Consensu
1914 2506 2016 2534 Evange-

1169 2547 1213 2569 list.
1231 2553 1250 2569 c.
1269 2548 1307 2569 42.
1323 2554 1346 2569 n.
1363 2547 1410 2576 29.)
1428 2547 1450 2569 10
1468 2547 1545 2569 ltiatth.
1564 2546 1590 2573 3,
1608 2546 1631 2567 tt
1644 2553 1649 2567 z
1663 2545 1736 2568 Cuius
1747 2551 1795 2568 11011
1806 2551 1861 2568 sum
1872 2544 1958 2574 dianus
1970 2543 2016 2567 cal·
2116 2540 2118 2583 j

1170 2588 1292 2610 ceameizla
1305 2587 1413 2616 portare.
1431 2586 1473 2608 Alii
1491 2585 1571 2615 [Marc.
1589 2585 1610 2612 ll,
1627 2585 1655 2612 75
1672 2585 1728 2607 Luc.
1745 2585 1771 2612 3,
1790 2585 1834 2612 ll6;
1854 2584 1911 2606 loan.
1930 2584 1955 2611 1,
1968 2582 2014 2612 27.]
2117 2593 2118 2617 3

1171 2625 1289 2648 scribunt:
1316 2624 1388 2648 Caius
1405 2630 1454 2647 11011
1471 2630 1525 2647 sum
1542 2623 1629 2653 diqrtus
1646 2623 1777 2653 corriqiam
1803 2622 1957 2646 calceamenti
1972 2621 2016 2645 sol-

1169 2670 1230 2687 vere.
1249 2664 1323 2686 Potuit
1340 2666 1418 2686 autem
1434 2664 1530 2686 Ioannes
1549 2665 1673 2691 utrumque
1690 2662 1767 2685 dicere
1783 2662 1820 2684 vel
1837 2661 1960 2684 contextim
1977 2661 2015 2683 vel

1170 2703 1263 2726 diverso
1281 2706 1398 2731 tempore,
1417 2705 1440 2724 ut
1457 2702 1514 2725 alius
1531 2702 1678 2730 Evangelista
1695 2702 1751 2729 hoc,
1769 2701 1826 2723 alius
1843 2700 1897 2723 illud
1915 2705 2016 2723 assume-

1170 2745 1218 2770 ret,
1236 2748 1317 2764 omnes
1334 2744 1411 2764 tamen
1429 2747 1511 2763 verum
1528 2742 1688 2763 narraverunt.
1704 2739 1801 2762 Intendit
1811 2742 1889 2762 autem
1902 2738 2015 2768 [loannes]

1170 2781 1195 2803 in
1212 2782 1255 2803 hoc
1272 2780 1394 2803 ostendere
1410 2779 1566 2802 excellentiam
1583 2779 1667 2802 Christi
1678 2781 1700 2801 et
1716 2785 1782 2801 suam
1800 2778 1960 2800 humilitatem.
1971 2777 2017 2800 Cfr.

1171 2821 1270 2849 Bonav.,
1287 2820 1417 2842 Comment.
1435 2819 1458 2841 in
1474 2820 1529 2842 Luc.
1547 2825 1566 2841 c.
1585 2819 1605 2841 3.
1624 2825 1646 2841 n.
1664 2819 1702 2840 38.
1720 2820 1743 2840 et
1759 2818 1782 2840 10
1799 2819 1859 2840 loan.
1878 2823 1897 2840 c.
1911 2818 1931 2839 vl.
1944 2823 1967 2839 0.
1978 2817 2015 2840 56.

1233 2858 1253 2871 ¹³
1270 2860 1318 2882 Act.
1338 2860 1378 2886 12,
1396 2859 1418 2880 8.
1435 2870 1465 2875 -
1483 2858 1598 2880 Sententia
1613 2857 1689 2880 Bedae
1703 2856 1800 2879 habetur
1813 2857 1911 2879 Retract.
1929 2856 1951 2878 in
1967 2856 2016 2878 Act.

1170 2899 1249 2927 Apost.
1267 2904 1287 2920 c.
1306 2899 1347 2925 12,
1365 2898 1390 2926 8,
1409 2897 1448 2920 ubi
1466 2899 1520 2925 post
1536 2896 1633 2926 quidam
1650 2896 1742 2919 additur
1759 2894 1856 2919 codices.

1234 2936 1253 2952 ¹⁴
1271 2937 1311 2960 Ed.
1329 2938 1342 2959 2
1360 2937 1382 2959 10
1399 2939 1453 2959 nota
1469 2935 1603 2963 subiungit:
1621 2936 1643 2957 In
1660 2934 1809 2958 vocabulario
1822 2934 1901 2956 Latino
1918 2933 1948 2956 ad
1965 2938 2017 2955 voc.

1171 2976 1274 3006 Galiqae.

1233 3014 1252 3027 ¹⁵
1269 3014 1344 3038 Codd.
1359 3014 1485 3037 ABCDG
1502 3013 1555 3037 tale.
