2133 3317
155 383 221 407 Quoad
234 383 272 402 Ati-

180 407 238 430 gelos.

144 802 211 826 Quoad
223 807 264 820 eae-

134 826 174 845 lum
191 827 211 845 et
228 828 264 844 ter-

134 855 182 868 Tam.

135 1176 265 1196 corollarium.

283 205 319 234 32

285 283 359 320 quod
380 283 494 312 Creator
522 285 603 316 tuus,
632 290 684 310 rex
717 284 795 315 tuus,
822 289 940 318 sponsus
961 283 988 310 et
1008 281 1130 315 amicus,

285 332 369 358 totam
394 329 548 358 machinam
571 328 738 356 mundialem
760 327 793 355 ad
820 330 899 356 tuum
921 327 1060 356 ordinavit
1079 327 1131 355 mi-

283 376 428 405 nisterium
445 377 464 403 1.
486 392 521 395 -
537 375 621 408 Ecce,
645 373 748 411 Anqeli
768 376 889 411 purgant
910 377 937 402 et
957 374 1131 402 inflammant

284 426 365 451 tuum
386 422 531 455 affectum,
553 421 710 449 illuminant
731 423 758 449 et
779 421 930 449 informant
953 423 1031 449 tuum
1053 421 1131 449 intel-

284 469 399 503 lectum,
428 468 577 504 perficiunt
607 470 634 495 et
662 467 822 495 custodiunt
851 470 931 495 tuum
963 467 1128 496 subiectum.

282 516 378 552 Magna
398 515 471 543 enim
494 516 535 542 est
556 514 674 550 dignitas
696 513 799 542 habere
820 514 889 542 tales
909 514 1045 549 doctores,
1061 515 1129 543 tales

282 562 487 595 consolatores,
518 560 586 589 tales
617 563 835 589 conservatores
869 561 900 589 Et
932 561 1128 590 Bernardus2:

286 621 300 634 «
314 608 336 637 O
358 608 463 642 anima,
486 607 508 636 si
530 607 624 636 videre
645 615 755 644 posses,
778 610 882 644 quanto
896 607 996 644 gaudio
1012 610 1129 645 quanto-

281 663 335 693 que
350 655 472 692 tripudio
493 654 625 683 assistunt
646 654 800 688 orantibus,
822 654 1129 683 intersuntmeditanti-

280 702 348 736 bus,
370 704 474 739 quanto
495 701 587 729 studio
608 708 658 729 nos
682 701 708 729 in
732 701 804 729 bono
825 704 1005 735 conservant,
1025 705 1129 738 quanto

280 749 416 778 desiderio
436 756 486 777 nos
511 751 538 777 et
568 748 685 776 salutem
714 751 837 776 nostram
859 751 1001 777 aeternam
1029 756 1128 785 exspe-

281 798 355 824 ctant
367 797 393 823 »t
406 812 444 815 —
458 795 575 823 Caelum
592 795 640 823 tibi
656 795 777 823 deservit
791 803 840 831 per
855 802 938 823 suum
954 797 1071 829 motuni,
1086 795 1129 823 lu-

280 842 398 871 minaria
429 842 495 871 caeli
527 850 577 878 per
608 850 691 870 suum
713 842 870 876 inssuxum,
893 841 933 870 sol
962 845 1058 870 causat
1080 842 1127 871 tibi

280 889 368 924 diem,
399 889 465 918 luna
497 889 634 917 illuminat
666 888 713 917 tibi
744 892 868 923 noctem,
901 888 972 925 ignis
993 891 1129 925 temperat

280 937 352 965 aeris
380 936 571 973 frigiditatem,
600 937 648 965 aer
680 935 728 964 tibi
754 936 861 972 mitigat
891 935 962 972 ignis
990 936 1126 964 internam

282 983 464 1017 caliditatem,
486 992 559 1020 aqua
580 983 628 1011 tibi
650 983 766 1011 mundat
787 983 929 1017 foetorem,
951 983 1058 1020 mitigat
1080 983 1127 1011 tibi

281 1029 340 1058 sitis
371 1029 500 1058 ardorem
532 1032 559 1058 et
589 1029 719 1058 fecundat
748 1032 839 1057 terrae
867 1029 1000 1066 vigorem.
1037 1029 1129 1057 Terra

281 1084 347 1105 vero
369 1080 395 1105 te
416 1079 553 1106 sustentat
577 1084 627 1105 sua
648 1076 800 1109 soliditate,
822 1079 930 1104 recreat
961 1083 1011 1104 sua
1033 1075 1128 1104 fertili-

281 1126 345 1158 tate,
360 1124 476 1152 delectat
494 1131 545 1152 sua
558 1123 730 1151 amoenitate.
747 1138 784 1142 —
801 1122 876 1156 Ecce,
892 1123 991 1157 anima,
1007 1123 1129 1151 breviter

280 1170 436 1198 discurristi
458 1178 508 1207 per
529 1170 638 1207 singula
658 1170 692 1198 ab
714 1169 893 1198 inferioribus
920 1169 954 1197 ad
983 1169 1129 1206 superiora

281 1219 308 1245 et
329 1216 473 1251 invenisti,
496 1217 570 1254 quod
596 1228 609 1241 a
624 1216 713 1245 omnis
734 1218 864 1244 creatura
891 1215 925 1244 ad
947 1216 1022 1245 hunc
1044 1216 1127 1245 tinem

281 1271 318 1292 ex
339 1263 431 1292 divina
451 1263 623 1292 ordinatione
644 1271 759 1292 cursum
774 1270 857 1291 suum
872 1263 974 1300 dirigit,
991 1266 1129 1300 quatenus

281 1310 338 1339 tuis
359 1311 525 1339 utihtatibus
552 1310 690 1339 deserviat
717 1310 829 1347 tuisque
859 1310 1067 1339 oblectamentis
1088 1311 1129 1339 in-

283 1357 440 1386 desinenter
461 1358 651 1386 occurrat3».
679 1358 755 1386 «Sed
777 1365 858 1391 cave,
880 1357 972 1385 anima
1002 1365 1072 1391 mea,
1095 1366 1129 1386 ne

282 1413 337 1433 non
359 1412 474 1441 sponsa,
497 1405 543 1433 sed
565 1405 691 1433 adultera
712 1404 828 1439 dicaris,
850 1403 873 1431 si
901 1412 1018 1433 munera
1039 1404 1129 1433 dantis

281 1451 345 1488 plus
367 1459 450 1488 quam
472 1452 600 1480 affectum
622 1452 740 1480 amantis
761 1452 891 1489 diligis».
915 1451 1085 1488 Augustinus
1100 1451 1128 1479 in

280 1498 352 1527 libro
373 1498 580 1527 Confessionum
593 1499 619 1526 4:
647 1510 660 1524 «
675 1499 730 1527 Vae
752 1499 818 1527 tibi!
841 1499 863 1527 si
896 1499 1011 1527 oberras
1032 1498 1059 1526 in
1082 1506 1128 1527 ve-

281 1545 368 1582 stigiis
389 1545 462 1580 suis,
484 1546 505 1574 si
528 1548 614 1574 nutus
634 1553 699 1574 suos
721 1554 771 1582 pro
802 1554 835 1574 eo
856 1553 947 1579 amas,
969 1548 1001 1573 ut
1023 1548 1128 1581 tempo-

281 1592 350 1620 ralia
372 1592 450 1621 lucra
472 1592 604 1629 recipias,
619 1595 646 1621 et
668 1601 721 1621 non
744 1592 873 1626 advertis,
889 1592 956 1629 quid
972 1592 1069 1621 innuat
1083 1592 1129 1620 illa

279 1639 331 1668 lux
352 1639 522 1673 beatissima,
544 1647 615 1676 quae
637 1643 678 1668 est
699 1643 833 1676 purgatae
855 1640 954 1668 mentis
975 1639 1129 1676 intelligen-

280 1686 333 1720 tia,
355 1686 436 1715 cuius
458 1686 572 1723 vestigia
592 1689 619 1715 et
640 1690 726 1715 nutus
747 1690 813 1715 sunt
833 1687 956 1715 omnium
986 1690 1128 1715 creatura-

279 1741 343 1762 rum
365 1733 449 1762 decns
463 1745 490 1761 ».
512 1733 620 1767 Adhuc,
639 1733 667 1761 si
686 1733 757 1761 sorte
778 1734 901 1771 ignoras
917 1737 950 1767 te,
967 1742 981 1762 0
994 1733 1128 1771 pulcher-

278 1780 360 1809 rima
380 1780 555 1814 mulierum,
578 1781 711 1817 egredere
732 1784 758 1809 et
778 1780 828 1809 aba*
845 1784 912 1817 post
928 1781 1049 1818 vestigia
1062 1789 1128 1818 gire-

278 1835 350 1864 fflinz
362 1828 383 1862 ⁵,
405 1827 432 1855 id
447 1829 488 1855 est
503 1827 734 1855 irrationabilium
751 1830 944 1855 creaturarum
954 1850 961 1861 ,
977 1835 1049 1864 quae
1063 1830 1129 1856 sunt

280 1874 427 1911 vestigium
449 1874 587 1902 Creatoris
608 1874 664 1908 tui,
687 1876 718 1902 tu
746 1882 812 1903 vero
834 1874 979 1910 speculum
1001 1874 1127 1903 beatissi-

280 1929 341 1950 mae
362 1921 512 1949 Trinitatis.
529 1921 599 1958 Ergo
620 1920 750 1949 omnibus
764 1920 807 1949 his
822 1920 930 1957 dignior
945 1922 972 1949 et
986 1920 1126 1949 excellen-

277 1969 331 1997 tior
353 1968 551 2005 comprobaris.
570 1969 604 1996 Ec
615 1976 704 2005 pasce
719 1966 823 1996 hoedos
845 1971 909 1996 tuos
930 1968 1016 1996 iuxta
1032 1968 1127 1996 taber-

277 2015 389 2044 nacula
406 2019 579 2052 pastorum,
595 2015 621 2043 id
643 2018 693 2050 est,
715 2018 846 2043 converte
867 2015 1045 2052 cogitationes
1065 2018 1128 2043 tuas

339 2253 347 2266 ¹
366 2253 422 2277 Cod.
440 2254 455 2276 F
473 2253 552 2276 addit:
569 2253 631 2277 Nota
649 2252 687 2276 hic
704 2252 793 2282 tripleae
809 2252 913 2283 officium
929 2252 1060 2276 secundum
1074 2253 1127 2276 Dio-

275 2292 372 2323 nysium
391 2292 441 2323 [cfr.
459 2299 529 2321 supra
547 2298 602 2321 pag.
620 2293 646 2321 3,
663 2295 715 2315 nota
735 2291 783 2321 li.],
801 2291 890 2315 scilicet
905 2292 1127 2322 illimatum-efflor-

276 2338 334 2362 9are
351 2333 373 2355 et
385 2332 509 2362 perficere.

339 2370 348 2383 ²
366 2371 420 2393 Sive
437 2373 517 2393 auctor
533 2370 632 2393 Meditat.
658 2370 756 2398 piissim.
782 2372 826 2392 etc.
853 2370 901 2398 (cfr.
924 2376 994 2398 supra
1011 2376 1065 2398 pag.
1083 2371 1125 2399 30,

275 2413 329 2432 nota
349 2409 378 2436 l.)
396 2416 416 2432 c.
434 2410 456 2432 6.
474 2416 497 2432 11.
516 2410 558 2437 16,
576 2409 616 2432 ubi
634 2411 711 2432 tamen
728 2409 840 2432 sententia
857 2410 914 2432 haec
931 2410 1003 2432 multo
1021 2410 1126 2432 diffusior

275 2448 403 2472 exhibetur.

338 2486 348 2500 ²³
364 2489 392 2511 Ut
409 2488 510 2511 insinuat
526 2488 594 2516 Hugo
612 2494 625 2510 a
644 2488 666 2510 S.
678 2488 736 2510 Vlct.
749 2488 818 2516 paulo
833 2488 941 2516 superius
952 2489 1070 2516 allegatus.
1082 2489 1125 2511 Pro

276 2526 450 2551 oblectamentis
468 2527 511 2550 AC
522 2528 590 2549 DEF
608 2526 809 2550 oblectationibus.
833 2540 865 2544 —
886 2528 940 2556 Seq.
957 2528 1069 2550 sententia
1092 2530 1126 2550 est

275 2567 380 2589 eiusdem
397 2567 515 2595 Hugonis,
532 2567 574 2589 loc.
592 2567 629 2589 cit.

338 2605 347 2618 ¹¹
364 2606 442 2629 Potius
459 2607 482 2628 ll.
500 2606 529 2628 de
546 2605 595 2628 Lib.
613 2605 668 2628 Arb.
685 2611 704 2628 c.
723 2605 760 2628 46.
777 2612 799 2628 n.
818 2605 860 2633 43,
872 2605 913 2628 ubi
930 2607 986 2628 haec
1001 2606 1124 2633 sententia,

275 2645 339 2668 aliter
352 2648 427 2668 tamen
445 2646 554 2672 formata,
572 2645 686 2667 occurrit:
704 2645 766 2672 Vae,
778 2645 818 2674 qui
831 2645 995 2674 derelinquunt
1006 2647 1028 2667 te
1041 2645 1125 2667 ducem

275 2687 298 2707 et
310 2684 418 2707 oberrant
430 2685 453 2706 in
464 2685 568 2712 vestigiis
579 2684 631 2711 tuis,
644 2684 684 2713 qui
695 2686 766 2706 nutus
779 2686 830 2706 tuos
841 2690 884 2712 pro
897 2687 918 2706 te
930 2686 1021 2711 amant,
1033 2687 1056 2706 et
1069 2683 1126 2706 obli-

275 2723 408 2751 viscuntur,
426 2724 483 2752 quid
499 2724 595 2752 innuas,
612 2730 626 2746 o
643 2723 780 2746 suavissima
798 2724 848 2752 lux,
865 2726 977 2752 purgatae
995 2724 1079 2746 mentis
1090 2729 1126 2745 sa-

275 2762 385 2791 pientia..
402 2764 424 2784 et
440 2765 510 2785 nutus
526 2763 558 2785 tui
575 2764 628 2785 sunt
646 2768 715 2785 omne
733 2765 891 2784 creaturarum
908 2762 987 2785 decus.

340 2801 349 2814 ⁵
366 2801 430 2824 Cant.
449 2801 457 2823 l
468 2818 474 2828 ,
491 2801 519 2828 7,
536 2800 577 2823 ubi
594 2801 662 2823 etiam
685 2807 735 2830 seq.
757 2801 821 2824 locus
841 2801 947 2823 habetur.
965 2813 995 2817 —
1012 2801 1045 2823 De
1062 2801 1126 2823 diffe-

275 2841 348 2864 rentia
366 2840 457 2870 vestz‘qiz·
473 2843 495 2863 et
510 2840 601 2870 speculi
617 2840 741 2870 (imaginis)
760 2842 800 2863 csr.
818 2841 833 2863 l.
851 2841 912 2863 Sent.
930 2841 953 2864 d.
971 2841 992 2863 3.
1005 2847 1027 2869 p.
1041 2841 1055 2863 l.
1067 2847 1089 2869 q.
1103 2841 1124 2863 2.

275 2880 306 2902 ad
324 2879 346 2902 4.

339 2917 349 2931 θ
366 2919 439 2941 Serm.
458 2919 494 2940 81.
512 2918 536 2940 in
553 2918 617 2941 Cant.
634 2925 655 2941 11.
674 2919 682 2940 ’1
697 2927 702 2941 :
721 2918 782 2947 Age,
800 2918 845 2941 iam
862 2919 1009 2941 intendamus
1026 2918 1125 2941 declara-

276 2958 331 2981 tioni
349 2958 415 2985 huic,
432 2960 457 2980 ut
473 2964 520 2986 quo
538 2958 615 2979 anima
632 2957 721 2985 plenius
738 2964 804 2980 suam
826 2960 936 2986 agnoscet
952 2958 1078 2986 originem,
1096 2963 1123 2980 eo

275 2998 376 3026 amplius
392 2997 513 3020 erubescat
529 2997 600 3019 vitam
618 2996 704 3020 habere
725 2997 873 3025 degenerem.
891 3010 921 3013 —
939 2997 1050 3025 Superius
1071 2998 1124 3025 post

844 203 1040 232 OPUSCULUM
1061 203 1090 231 11.
1112 203 1342 240 SOLlLOQUlUM.
1364 204 1432 233 CAP.
1455 205 1473 233 I.

1188 281 1221 309 ad
1243 281 1344 310 choros
1364 282 1546 319 Angelorum,
1568 284 1671 321 quibus
1692 284 1812 321 quodam
1833 284 1914 313 modo
1939 284 2035 314 similis

1188 335 1218 356 es
1238 328 1267 356 in
1289 333 1389 357 natura
1410 333 1437 358 et
1458 330 1579 359 concivis
1600 331 1655 359 eris
1677 331 1703 359 in
1725 331 1820 367 gloria.

1267 376 1293 403 8.
1316 376 1415 404 ΑΝ111Α.
1432 376 1487 404 Iam
1508 377 1574 405 satis
1593 377 1656 406 silui
1670 377 1775 414 diuque
1791 377 1875 412 tacui;
1891 377 1945 406 iam
1960 386 2034 407 nunc

1187 428 1251 449 cum
1274 422 1442 451 verecundia
1463 425 1490 451 et
1510 423 1615 452 rubore
1636 424 1786 461 compellor
1808 424 1900 453 dicere
1921 427 1948 453 et
1970 432 2034 453 con-

1186 467 1276 501 fiteri,
1298 468 1373 505 quod
1394 468 1429 497 ad
1456 469 1528 498 hanc
1555 469 1714 507 dignitatem
1743 471 1881 499 modicum
1910 471 2033 500 converti

1186 522 1308 543 amorem
1337 523 1446 550 meum,
1476 516 1531 545 heu
1560 525 1610 553 ego
1640 517 1737 546 infelix
1758 521 1785 546 et
1810 519 1926 546 misera!
1952 518 2034 547 nimis

1186 561 1297 598 indigne
1319 565 1346 590 et
1367 562 1555 591 irreverenter
1576 571 1620 592 me
1642 564 1787 600 prostitui,
1808 572 1879 593 vane
1900 567 1927 593 et
1948 564 2033 601 negli-

1186 611 1283 645 genter
1304 608 1371 636 vixi.
1394 609 1426 637 Et
1447 611 1479 637 ut
1498 617 1595 638 verum
1617 610 1719 644 fatear,
1742 611 1895 640 secundum
1917 612 2034 641 Bernar-

1186 655 1252 683 dum
1266 655 1286 689 ὓ,
1313 658 1442 692 «quanto
1463 656 1614 692 perfectius
1629 657 1789 694 dignitatem
1811 666 1899 686 meam
1921 659 2033 695 aspicio,

1186 704 1263 730 tanto
1285 702 1372 738 magis
1392 702 1476 731 vitam
1499 702 1663 740 degenerem
1684 711 1729 732 me
1750 704 1865 733 duxisse
1880 704 2033 734 confundor

1186 751 1213 776 et
1234 749 1369 777 erubesco
1383 761 1410 777 ».
1433 749 1526 778 Timeo
1548 750 1665 784 etenim,
1687 750 1761 787 quod
1776 753 1852 779 tanto
1873 751 1984 787 gravior
1999 751 2034 780 sit

1186 795 1283 832 culpa,
1305 799 1409 832 quanto
1430 796 1539 833 dignior
1564 799 1591 825 et
1611 797 1729 825 nobilior
1750 800 1792 826 est
1813 800 1914 826 natura
1923 799 1942 826 ⁷.
1968 799 2033 827 For-

1186 842 1275 876 mido,
1297 842 1371 879 quod
1394 845 1470 870 tanto
1491 843 1602 880 gravior
1624 843 1659 872 sit
1680 844 1797 878 offensa,
1820 848 1924 881 quanto
1946 845 2033 873 maior

1186 892 1228 917 est
1248 889 1323 918 illius
1344 889 1391 926 qui
1414 890 1563 918 offenditur
1578 891 1751 919 excellentia.
1768 891 1942 926 Pertimesco,
1958 891 2033 928 quod

1185 938 1262 964 tanto
1282 936 1359 972 peior
1381 939 1422 965 est
1443 936 1560 970 iniurIa,
1577 939 1680 974 quanto
1701 937 1806 965 maiora
1819 937 1934 966 fuerunt
1958 938 2033 967 illius

1186 983 1230 1011 cui
1252 983 1355 1011 iniuria
1379 983 1536 1020 irrogatur,
1558 983 1699 1012 beneficia.
1732 984 1803 1020 Heu,
1832 985 1887 1013 heu
1918 985 2033 1014 Domine

1186 1030 1260 1058 Deus
1281 1031 1374 1058 meus!
1397 1038 1433 1058 ex
1462 1030 1594 1067 dignitate
1615 1031 1785 1059 substantiae
1806 1031 1861 1060 iam
1890 1032 2031 1068 perpendo

1186 1076 1318 1104 vilitatem
1341 1076 1476 1110 malitiae,
1498 1084 1534 1105 ex
1567 1077 1740 1113 speciositate
1758 1080 1874 1106 naturae
1897 1085 2031 1114 cognosco

1186 1122 1388 1151 deformitatem
1410 1123 1524 1160 culpae,
1546 1131 1582 1152 ex
1614 1124 1805 1153 recordatione
1833 1125 2033 1154 beneficiorum

1186 1173 1363 1206 acceptorum
1390 1170 1511 1207 intelligo
1539 1171 1766 1208 ingratitudinem
1799 1171 1936 1200 factorum
1958 1180 2033 1201 meo-

1186 1225 1250 1245 rum
1263 1216 1282 1244 8.
1305 1216 1360 1245 Vae
1381 1217 1449 1245 mihi
1471 1217 1603 1246 miserae!
1625 1218 1680 1246 iam
1698 1218 1790 1253 video,
1811 1219 1865 1247 iam
1888 1226 2032 1255 cognosce,

1187 1263 1260 1300 quod
1288 1274 1301 1288 <t
1316 1263 1452 1300 quidquid
1483 1272 1499 1292 a
1527 1272 1636 1293 summo
1657 1265 1753 1294 datore
1780 1266 1871 1302 accepi
1894 1265 1928 1294 ad
1949 1274 2032 1295 usum

1186 1310 1258 1338 vitae
1286 1310 1475 1345 transitoriae,
1501 1311 1696 1340 miserabiliter
1723 1312 1818 1340 inflexi
1848 1312 1882 1340 ad
1913 1312 2032 1341 abusum

1187 1357 1330 1394 pravitatis
1344 1360 1371 1385 et
1392 1358 1497 1394 culpae.
1520 1359 1759 1395 Tranquillitatem
1790 1359 1927 1388 humanae
1958 1359 2033 1396 pacis

1186 1404 1220 1432 ad
1242 1412 1324 1432 usum
1346 1404 1470 1432 converti
1492 1412 1578 1433 vanae
1596 1405 1767 1439 securitatis3
1783 1405 2031 1442 peregrinationem

1187 1454 1279 1479 terrae
1307 1459 1358 1488 pro
1387 1451 1585 1480 inhabitatione
1613 1451 1698 1480 dilexi
1726 1452 1846 1488 patriae3
1868 1452 1986 1481 salutem
2007 1455 2035 1481 et

1187 1498 1330 1526 sanitatem
1352 1498 1477 1534 corporis
1498 1498 1590 1535 redegi
1605 1498 1632 1526 in
1648 1499 1809 1527 servitutem
1825 1506 1973 1535 perversae
1987 1507 2034 1527 vo-

1186 1545 1315 1582 luptatis3
1337 1545 1472 1574 ubertatis
1493 1545 1690 1574 abundantiam
1711 1554 1765 1574 non
1786 1546 1819 1574 ad
1841 1546 2033 1575 necessitatem

1186 1593 1326 1629 corporis,
1349 1592 1395 1620 sed
1417 1592 1451 1620 ad
1473 1592 1693 1629 superfluitatem
1716 1593 1835 1630 expendi
1857 1593 1974 1622 miserae
1989 1601 2034 1622 cu-

1186 1639 1319 1676 piditatis3
1341 1639 1400 1675 ipsa
1421 1647 1518 1668 serena
1539 1639 1725 1668 blandimenta
1748 1640 1820 1669 aeris
1845 1640 1880 1669 ad
1910 1648 2033 1669 amorem

1185 1686 1253 1715 milii
1275 1686 1381 1714 servire
1402 1686 1477 1723 coegi
1494 1690 1621 1715 terrenae
1642 1686 1838 1716 delectationis.
1861 1687 1955 1716 Timeo
1977 1688 2034 1716 lieu

1186 1735 1213 1761 et
1238 1733 1317 1761 valde
1338 1732 1512 1769 pertimesco,
1534 1737 1566 1761 ut
1587 1733 1671 1762 simul
1693 1741 1737 1762 me
1763 1734 1856 1762 omnia
1876 1734 1960 1763 serire
1981 1742 2034 1771 pu-

1185 1779 1286 1807 niendo
1306 1779 1424 1808 debeant
1446 1787 1517 1816 quae
1539 1780 1612 1808 vitiis
1640 1780 1708 1808 meis
1736 1780 1807 1809 male
1830 1780 1954 1809 subiecta
1975 1788 2033 1809 ser-

1186 1826 1297 1854 viebant
1312 1838 1338 1854 ».
1362 1826 1431 1854 Haec
1452 1826 1603 1863 Gregorius
1624 1827 1651 1855 in
1674 1827 1789 1856 Ilomilia
1800 1827 1820 1855 ⁹.

1265 1874 1290 1902 9.
1314 1874 1399 1902 Hono.
1429 1873 1450 1902 Ο
1479 1874 1586 1909 anima,
1608 1874 1765 1911 aliqualiter
1793 1875 1847 1903 iam
1875 1875 2032 1912 perpendo,

1185 1920 1260 1957 quod
1281 1921 1352 1949 bona
1374 1923 1415 1949 est
1437 1924 1484 1949 tua
1506 1921 1632 1958 cognitio.
1650 1922 1690 1950 Ex
1707 1922 1799 1951 verbis
1813 1922 1885 1951 enirn
1901 1923 1957 1951 tuis
1972 1930 2033 1951 sen-

1186 1968 1239 2002 tio,
1262 1968 1335 2004 quod
1358 1976 1413 1996 non
1435 1968 1487 1996 fuit
1514 1968 1620 1996 frustra
1647 1976 1709 1997 mea
1735 1968 1893 1997 admonitio.
1916 1969 2031 1998 Videtur

1184 2015 1269 2049 milii,
1292 2015 1365 2051 quod
1388 2015 1492 2043 lumine
1520 2014 1613 2043 divino
1641 2015 1798 2052 aliqualiter
1820 2016 1858 2044 sis
1878 2016 2031 2051 illustrata,

1183 2252 1254 2275 nimis
1272 2252 1367 2282 intlt'qne
1384 2253 1435 2275 Vat.
1452 2259 1506 2275 cum
1524 2259 1570 2275 uno
1588 2253 1707 2281 alteroque
1718 2252 1770 2275 cod.
1782 2253 1931 2281 prosequitur
1946 2253 2033 2283 prosti-

1184 2291 1232 2319 ιω,-
1248 2291 1363 2321 Γασίοιέηη1
1380 2297 1460 2314 meum
1477 2297 1525 2314 non
1539 2297 1586 2320 pro
1604 2291 1639 2314 his
1662 2291 1771 2315 omnibus
1788 2291 1934 2322 glorificavi,
1954 2292 2032 2316 Deum

1183 2337 1263 2353 meum
1278 2332 1377 2360 propter
1400 2330 1463 2353 dona
1485 2336 1530 2353 sua
1552 2336 1601 2353 non
1621 2329 1741 2358 benedixi,
1759 2332 1781 2354 et
1796 2337 1845 2353 non
1861 2330 1963 2354 adoravi
1977 2338 2032 2355 enm

1183 2371 1230 2393 toto
1248 2371 1352 2399 tempore
1369 2370 1430 2393 vilae
1446 2376 1525 2398 meae,
1542 2369 1613 2393 nimis
1630 2369 1726 2399 indigne
1748 2371 1770 2393 et
1785 2369 1955 2399 irreverenter,
1972 2377 2032 2394 vane

1183 2410 1204 2432 et
1220 2408 1365 2438 neqliyenter
1382 2408 1435 2432 vimi
1450 2412 1493 2431 etc.

1247 2447 1255 2460 ⁷
1272 2448 1382 2476 August„
1400 2448 1422 2469 in
1439 2448 1499 2470 loan.
1517 2448 1605 2476 Evang.
1623 2451 1649 2470 tr.
1668 2448 1720 2470 410.
1738 2454 1761 2470 n.
1778 2447 1808 2470 7:
1825 2447 1871 2471 Cur
1892 2455 1937 2471 non
1954 2449 2032 2476 potius

1183 2487 1343 2515 intelligimus,
1361 2487 1423 2516 quod
1442 2489 1504 2509 tanto
1522 2486 1674 2509 damnabilior
1697 2493 1778 2509 eorum
1801 2487 1957 2517 [angelorum]
1975 2488 2032 2510 iudi-

1182 2529 1231 2549 cata
1249 2527 1277 2549 sit
1293 2527 1374 2554 culpa,
1392 2529 1477 2555 quanta
1495 2529 1544 2548 erat
1559 2529 1640 2549 natura
1657 2525 1795 2548 sublimior?
1813 2525 1859 2549 Cfr.
1871 2529 1926 2549 tom.
1939 2527 1964 2549 ll.
1976 2533 2031 2555 pag.

1182 2565 1241 2593 750,
1258 2568 1310 2588 nota
1328 2566 1350 2588 5.

1245 2603 1254 2617 ⁸
1271 2604 1345 2627 Codd.
1362 2604 1537 2627 ACDEFGL
1561 2604 1649 2627 addunt
1671 2604 1721 2627 Heu
1744 2603 1854 2632 Domine,
1873 2605 1936 2628 Dens
1955 2611 2030 2628 meus.

1183 2644 1294 2672 Superius
1312 2650 1354 2672 pro
1372 2650 1403 2667 ew
1419 2643 1584 2667 recordatione
1601 2642 1766 2673 beneficiorum
1785 2644 1827 2665 DE
1844 2649 1875 2666 ece
1894 2643 2031 2673 erogatione

1183 2682 1357 2713 beneficiorum.
1377 2684 1440 2712 Quae
1457 2685 1586 2711 sequuntur
1602 2689 1677 2711 usque
1694 2683 1723 2705 ad
1740 2689 1763 2705 n.
1776 2683 1797 2705 9.
1810 2683 1894 2705 desunt
1904 2683 1927 2705 in
1939 2682 1990 2705 cod.
2003 2683 2029 2705 H.

1245 2721 1254 2734 ⁹
1271 2722 1332 2744 Libr.
1350 2723 1374 2744 ΙΙ.
1391 2722 1474 2744 Homil.
1491 2722 1513 2744 in
1530 2722 1617 2750 Evang.
1640 2722 1719 2744 homil.
1744 2721 1782 2744 35.
1803 2727 1827 2743 n.
1845 2722 1867 2743 ’1.
1884 2722 1927 2743 Pro
1943 2720 2030 2744 sanita-

1182 2763 1228 2784 tem
1245 2761 1353 2791 corporis
1372 2762 1422 2784 vat.
1436 2760 1624 2791 pulcritudinem
1641 2760 1760 2790 eorporis,
1776 2767 1836 2790 quae
1848 2761 1916 2783 etiam
1933 2761 2030 2783 inferius

1182 2807 1225 2829 pro
1243 2800 1295 2830 ipsa
1311 2807 1396 2824 serena
1416 2797 1577 2823 blandimenta
1601 2806 1655 2823 cum
1680 2800 1795 2822 nonnullis
1820 2800 1888 2822 codd.
1913 2799 2030 2822 substituit

1182 2840 1289 2869 tempora.
1305 2845 1391 2862 serena
1407 2840 1429 2862 et
1445 2838 1614 2862 blandimenta.
1631 2838 1686 2862 Cod.
1699 2839 1717 2861 G
1730 2838 1766 2861 hic
1778 2839 1836 2861 duas
1848 2838 1972 2861 sententias
1983 2839 2029 2861 Au-

1182 2882 1241 2907 gust.
1259 2878 1392 2906 subiungit,
1408 2884 1509 2907 quarum
1526 2878 1601 2906 prima
1618 2877 1716 2900 habetur
1733 2878 1756 2900 ll.
1775 2877 1875 2900 Confess.
1893 2883 1912 2900 c.
1932 2878 1952 2899 l.
1967 2883 1988 2899 n.
2002 2877 2028 2906 tl,

1181 2924 1233 2940 cum
1252 2917 1392 2946 quibusdam
1410 2916 1489 2939 verbis
1506 2923 1532 2940 ex
1549 2923 1568 2940 c.
1586 2917 1607 2939 3.
1624 2923 1648 2939 11.
1664 2917 1687 2939 7.
1704 2917 1727 2939 in
1745 2917 1789 2939 one
1806 2919 1828 2939 et
1844 2923 1863 2939 c.
1883 2916 1904 2939 4.
1923 2922 1946 2938 n.
1958 2916 1983 2945 9;
1995 2922 2029 2939 se-

1181 2957 1255 2979 cunda
1278 2957 1394 2978 invenitur
1417 2955 1472 2979 ibid.
1495 2957 1550 2979 Vlll.
1567 2962 1587 2979 c.
1605 2957 1627 2979 5.
1643 2962 1667 2978 11.
1685 2956 1728 2978 110:
1749 2955 1899 2984 Suspirabam
1920 2955 2028 2983 ligatus...

1181 2996 1238 3018 dura
1256 2995 1362 3018 servitus.

2062 389 2115 417 Conse
2121 400 2130 413 ο

2071 418 2116 433 auur
2121 431 2125 436 .

2048 1885 2122 1904 Conni-11
2130 1871 2131 1895 l

2052 1914 2131 1951 pra:
