2133 3317
471 220 667 249 OPUSCULUM
688 220 751 248 Vlll.
774 221 816 249 DE
838 221 898 249 SEX
920 221 989 250 ALlS
1011 221 1178 250 senarum.
1200 222 1470 251 ADDITAMENTUM.
1794 222 1844 250 151

100 306 220 335 superna
241 298 393 332 sublevari,
416 301 446 327 nt
466 298 502 327 sit
516 297 625 326 fervens
647 297 672 326 in
696 297 814 332 iustitia,
836 306 946 335 compa-

100 345 170 373 tiens
191 345 328 382 proximis
357 347 470 381 propter
491 344 594 377 Deum,
622 344 729 380 patiens
757 344 783 372 in
805 344 944 379 adversis,

100 391 172 420 bono
186 391 314 428 exemplo
328 391 396 420 alios
405 391 565 424 aedificans,
581 391 799 427 circumspectus
817 390 845 419 in
859 391 945 419 omni-

99 438 152 467 bus
173 442 199 467 et
220 446 304 475 snper
322 438 414 467 omnia
435 438 490 466 Deo
512 446 561 475 per
575 437 707 466 orationis
728 437 850 466 studium
866 437 944 466 fami-

1004 299 1107 328 liariter
1128 300 1296 333 adhaerens,
1325 300 1372 337 qui
1400 308 1464 329 eum
1494 300 1519 329 in
1549 300 1678 328 omnibus
1706 303 1847 337 protegat,

1002 345 1102 382 dirigat
1122 350 1149 374 et
1169 350 1329 382 promoveat
1354 350 1380 375 et
1402 346 1511 376 tandein
1535 347 1569 375 ad
1591 346 1717 375 caelestia
1738 346 1848 374 evolare

1001 391 1099 426 saciat;
1128 392 1202 429 qnod
1231 393 1308 421 nobis
1336 397 1477 430 praestare
1503 393 1633 430 dignetur
1663 393 1737 422 lesus
1768 392 1848 421 Cbri-

1001 442 1069 467 stus.
1091 440 1183 467 Amen.

796 588 1038 624 ADDITAMEN
1039 583 1124 624 TUM
1135 583 1152 624 ¹.

168 740 238 770 Quod
256 740 364 765 multum
383 739 482 764 differat
501 739 564 764 scire
582 738 643 763 bene
657 738 757 763 subesse
776 739 801 763 et
820 738 944 764 socialiter

98 785 181 809 vivere
199 784 224 808 et
242 783 339 808 utiliter
358 790 480 814 praeesse.

168 826 280 856 Quatuor
298 833 402 855 causae,
422 833 467 857 pro
486 825 575 857 quibus
594 825 707 856 indigent
729 824 865 856 imperfecti
885 824 945 849 alte-

98 870 151 895 rius
170 869 270 894 subesse
290 869 443 900 magisterio.

169 912 260 942 Quales
278 920 331 937 esse
351 911 457 936 debeant
469 911 511 943 qui
524 911 667 942 magisterio
685 910 785 935 subesse
799 918 843 942 per
856 918 881 935 se
894 918 943 936 non

98 955 219 987 indigent.

169 998 205 1023 De
224 998 300 1022 variis
319 997 456 1022 virtutibus
475 997 500 1022 et
519 996 659 1028 specialiter
683 996 712 1021 de
738 1004 780 1021 sex
801 996 848 1020 alis
867 996 944 1021 virtu-

97 1041 152 1066 tum
171 1041 284 1072 praelato
302 1041 456 1066 necessariis.

168 1084 205 1109 De
223 1084 331 1116 quatuor
348 1082 494 1108 differentiis
506 1083 625 1108 bonorum
645 1083 670 1107 in
689 1082 816 1114 Religione
827 1081 850 1112 ²,
865 1083 890 1107 et
902 1083 944 1114 qui

98 1127 164 1152 inter
181 1127 227 1152 hos
246 1127 298 1152 sint
316 1127 437 1151 meliores.

168 1170 204 1194 De
217 1170 267 1194 zelo
280 1170 405 1198 iustitiae⁷
426 1176 473 1200 quo
487 1168 615 1200 praelatus
628 1168 700 1193 debet
713 1167 806 1193 fervere
819 1176 848 1193 ex
861 1175 943 1193 amore

98 1213 143 1238 Dei
161 1213 186 1238 et
205 1213 319 1244 proximi.

167 1256 300 1280 Distinctio
319 1255 474 1287 quadruplex
492 1254 708 1280 observantiarum
725 1254 836 1279 iustitiae
854 1255 880 1279 in
900 1254 944 1279 Re-

95 1300 187 1332 ligione
205 1299 336 1324 servanda.

167 1342 238 1367 Circa
257 1349 320 1374 quae
339 1342 419 1373 magis
438 1342 477 1366 vel
496 1342 578 1366 minus
596 1341 662 1366 inter
680 1341 741 1366 haec
759 1341 827 1366 zelus
840 1341 943 1366 rectoris

96 1386 191 1411 fervere
209 1385 306 1410 debeat.

167 1429 278 1460 Quinque
297 1428 407 1453 cavenda.
426 1428 553 1459 praelato,
581 1427 607 1452 et
633 1427 665 1452 ad
683 1434 746 1459 quae
766 1427 799 1452 sit
816 1427 887 1452 utilis
906 1435 943 1453 ca-

96 1472 199 1504 stigatio
217 1472 421 1503 delinquentium.

165 1515 197 1540 In
210 1515 300 1547 quibus
312 1514 457 1546 agnoscitur
469 1514 602 1539 laudabilis
615 1514 718 1546 Religio,
732 1514 757 1539 et
769 1521 831 1546 quae
844 1514 943 1539 utilitas

95 1558 229 1588 bonorum;
249 1558 278 1583 de
297 1557 367 1582 falsis
386 1557 521 1586 fratribus,
541 1556 566 1581 et
584 1556 692 1588 qualiter
705 1556 756 1581 sint
769 1556 910 1582 removendi
924 1555 943 1581 ³.

166 1601 266 1633 Triplex
285 1601 349 1626 ratio
367 1600 441 1632 urget
460 1600 614 1632 praelatum,
640 1600 762 1632 corrigere
787 1600 943 1625 subditorum

97 1651 218 1670 excessus.

166 1687 202 1712 De
221 1687 389 1719 compassione
409 1687 529 1718 praelati,
549 1686 575 1711 et
593 1686 654 1718 quot
677 1693 770 1718 genera
787 1686 943 1712 infirmorum

95 1738 210 1762 corpore,
230 1731 255 1756 et
273 1730 363 1762 quibus
382 1730 495 1755 remediis
514 1729 566 1755 sint
584 1729 690 1755 fovendi.

167 1773 274 1805 Propter
293 1774 345 1798 tres
364 1781 452 1798 causas
470 1773 584 1805 indigent
601 1772 694 1797 infirmi
713 1772 878 1801 recreatione,
892 1772 943 1804 qui-

97 1817 144 1842 bus
162 1817 238 1842 etiam
259 1824 304 1848 pro
322 1816 427 1842 caritate
446 1816 572 1841 subveniri
591 1816 672 1841 debet.

167 1859 337 1893 Triabgenera
356 1859 438 1884 mente
456 1858 651 1888 infirmantium,
670 1858 696 1883 et
714 1859 805 1890 quibus
829 1858 943 1883 remediis

96 1902 132 1927 eis
150 1902 344 1927 subveniendum
363 1902 405 1927 sit.

166 1944 202 1970 De
222 1945 344 1976 patientia
363 1945 483 1976 praelati,
503 1952 565 1976 quae
583 1945 609 1970 in
628 1944 715 1969 multis
734 1944 772 1969 est
790 1945 812 1970 ei
830 1952 943 1970 necessa-

97 1988 142 2018 ria,
162 1988 187 2013 et
205 1989 286 2019 primo
305 1988 334 2013 de
353 1988 554 2019 occupationibus
573 1988 660 2019 ipsius.

166 2031 289 2061 Secundo,
308 2031 337 2056 dc
356 2031 428 2056 tardo
447 2030 560 2062 profectu
578 2032 631 2056 eius
643 2031 669 2055 in
683 2031 803 2061 subditis,
816 2031 841 2056 et
854 2038 942 2056 causae

98 2074 166 2099 illius
184 2073 322 2099 tarditatis.

166 2117 265 2146 Tertio,
287 2117 316 2142 de
334 2117 514 2149 ingratitudine
533 2116 688 2142 subditorum
701 2124 761 2149 erga
774 2117 941 2149 diligentiam,

96 2167 170 2192 qnam
189 2167 235 2191 pro
253 2161 315 2192 ipsis
333 2160 416 2185 habet.

166 2203 202 2227 De
221 2203 343 2234 patientia
361 2204 387 2228 in
406 2203 488 2228 verbis
507 2203 533 2228 et
550 2203 673 2232 moribus,
690 2203 715 2228 et
728 2203 754 2228 in
767 2203 856 2235 quibus
869 2204 942 2229 noxia

84 2245 130 2270 'sit
147 2245 265 2271 eiusmodi
284 2246 465 2278 impetuositas.

166 2289 275 2314 Secundo
295 2289 328 2314 sit
346 2289 458 2320 patiens,
477 2289 542 2321 quod
561 2296 611 2314 non
630 2289 709 2314 oderit
731 2289 871 2319 laedentem
895 2289 942 2314 ter-

95 2331 131 2357 tio
141 2330 159 2361 ⁴,
178 2331 243 2363 quod
261 2339 310 2357 non
329 2331 436 2357 officium
455 2339 527 2357 suum
546 2332 704 2363 exsequatur.

166 2374 299 2406 Multiplex
318 2374 443 2406 profectus
461 2375 568 2406 praelati
587 2382 615 2399 ex
634 2374 842 2407 adversitatibus,
856 2374 941 2407 quod⁵

95 2417 185 2443 debent
203 2425 245 2442 eas
263 2418 311 2450 ipsi
331 2418 430 2443 reddere
449 2418 600 2443 tolerabiles.

166 2460 299 2486 Praelatus
322 2461 356 2485 sit
383 2461 530 2492 exemplaris
552 2461 619 2485 vitae
647 2461 673 2485 in
700 2460 891 2490 communitate,
915 2461 942 2486 in

96 2503 237 2529 humilitate
256 2504 281 2529 et
300 2504 456 2529 maturitate.

167 2547 199 2572 In
217 2547 307 2579 quibus
324 2547 396 2572 debet
414 2554 467 2572 esse
485 2547 621 2572 communis
639 2554 694 2572 cum
713 2546 849 2576 fratribus,
872 2547 897 2572 et
916 2547 941 2572 in

97 2589 186 2620 quibus
205 2590 257 2614 eius
275 2589 405 2614 humilitas
423 2589 578 2614 attendatur.

161 2793 168 2806 ¹
186 2794 246 2816 Haec
264 2793 353 2821 tabula,
371 2800 430 2823 quae
447 2796 516 2817 refert
539 2794 676 2822 principales
702 2794 825 2816 sententias
851 2800 940 2822 praece-

97 2825 172 2847 dentis
196 2825 312 2853 opusculi,
336 2825 433 2848 babetur
450 2826 472 2848 in
489 2826 570 2848 collato
587 2826 666 2848 codice
689 2824 841 2848 bibliothecae
863 2825 941 2853 regiae

98 2856 209 2878 Monachii
225 2859 248 2878 et
263 2856 332 2878 etiam
350 2857 372 2878 in
390 2857 464 2884 prima
482 2857 582 2879 editione
600 2857 732 2884 tergemina
750 2863 785 2879 an.
808 2856 864 2879 1495
881 2863 903 2885 p.
916 2857 941 2879 ll.

98 2888 136 2909 fol.
154 2887 194 2909 341
217 2887 253 2917 r.).
271 2888 294 2910 ln
313 2888 415 2916 utrisque
432 2888 513 2910 eadem
532 2888 604 2916 posim
628 2891 662 2910 cst
684 2891 736 2916 post
762 2887 857 2910 brevem
876 2888 939 2910 illum

98 2919 238 2946 prologum;
255 2918 318 2941 deest
335 2922 412 2941 autem
430 2919 451 2941 in
469 2919 503 2941 eis
520 2919 634 2941 distinctio
652 2919 813 2947 capitulorum.
831 2919 876 2941 Sed
890 2919 940 2941 Vat.

98 2952 120 2972 et
137 2949 189 2972 edd.
207 2949 375 2978 subsequentes
392 2953 445 2972 ante
462 2950 584 2978 prologum
603 2951 703 2972 referunt
717 2950 877 2978 inscriptiones
888 2954 940 2972 octo

98 2981 251 3009 capitulorum
269 2987 355 3009 easque
371 2981 393 3003 in
415 2981 464 3009 ipso
486 2987 556 3009 opere
578 2984 700 3009 repetunt;
718 2981 859 3009 distinguunt
878 2982 939 3004 enim

98 3012 174 3035 minus
190 3015 243 3040 apte
260 3016 363 3035 nostrum
381 3012 482 3040 primum
500 3013 638 3040 capitulum,
654 3013 718 3041 quod
736 3013 855 3040 generales
873 3019 940 3041 quas-

1072 738 1141 768 Quod
1160 738 1232 764 debet
1250 747 1303 764 esse
1323 740 1437 765 maturus
1455 741 1479 765 in
1499 741 1607 766 moribus
1626 742 1802 772 exterioribus,
1822 743 1847 767 in

1001 781 1091 806 affectu
1110 782 1135 806 et
1153 782 1310 807 consiliorum
1324 781 1333 794 ⁰
1353 783 1500 808 stabilitate.

1072 824 1199 854 Quantum
1212 826 1310 856 prosint
1329 825 1435 850 subditis
1454 827 1566 858 exempla
1586 827 1649 852 bona
1668 829 1846 859 magistrorum

1001 868 1040 892 vel
1060 868 1126 892 mala
1144 868 1262 897 noceant,
1283 868 1308 892 et
1327 869 1447 899 quomodo
1466 869 1593 894 Christum
1613 870 1702 895 debent
1720 872 1745 896 in
1765 879 1789 895 se
1812 872 1846 896 eis

1001 910 1138 936 ostendere.

1072 953 1108 978 De
1127 953 1273 978 discretione
1293 953 1414 985 praelati,
1434 954 1459 978 et
1477 954 1596 985 quomodo
1616 955 1667 980 sine
1685 956 1739 986 ipsa
1752 956 1846 981 ceterae

1001 995 1109 1020 virtutes
1128 996 1285 1027 imperfectae
1305 996 1364 1021 sint.

1072 1039 1141 1068 Quod
1160 1040 1224 1064 circa
1242 1039 1350 1071 quatuor
1369 1040 1499 1071 praecipue
1524 1039 1639 1065 discretio
1664 1041 1717 1065 eius
1742 1041 1847 1066 attendi-

1000 1082 1057 1111 tur,
1077 1083 1102 1107 et
1120 1090 1183 1114 quae
1202 1083 1254 1107 sint
1272 1083 1325 1108 illa.

1071 1126 1170 1150 Statum
1189 1126 1345 1151 subditorum
1364 1126 1436 1151 debet
1457 1134 1616 1158 cognoscere,
1636 1127 1660 1152 et
1682 1134 1745 1159 quae
1770 1128 1847 1152 saluti

1000 1168 1052 1194 sint
1070 1170 1211 1194 necessaria
1229 1170 1401 1201 principaliter
1420 1177 1572 1201 promovere.

1071 1212 1195 1242 Quomodo
1215 1220 1240 1237 se
1259 1212 1349 1238 habere
1367 1213 1455 1238 debeat
1473 1214 1538 1238 circa
1556 1213 1712 1245 perfectionis
1731 1214 1847 1239 exercitia

999 1256 1024 1280 et
1043 1256 1107 1280 circa
1126 1256 1170 1280 illa
1189 1263 1251 1287 quae
1271 1256 1303 1280 ad
1321 1256 1465 1281 exteriorem
1485 1256 1612 1288 pertinent
1630 1257 1795 1288 disciplinam.

1070 1298 1106 1323 De
1126 1299 1275 1323 correctione
1295 1299 1490 1330 delinquentium
1509 1299 1534 1324 et
1553 1299 1581 1324 de
1607 1299 1688 1324 tribus
1715 1300 1846 1331 generibus

999 1341 1112 1371 illorum,
1133 1341 1158 1366 et
1177 1342 1285 1373 qualiter
1303 1349 1357 1367 cum
1378 1343 1439 1373 ipsis
1458 1342 1497 1367 est
1515 1343 1646 1374 agendum.

1071 1384 1107 1409 De
1126 1384 1208 1409 tribus
1235 1385 1368 1416 generibus
1389 1385 1538 1410 exteriorum
1557 1386 1726 1417 negotiorum⁷
1746 1386 1771 1411 et
1790 1393 1847 1418 quo-

999 1428 1070 1453 modo
1089 1429 1153 1453 circa
1172 1428 1216 1453 illa
1236 1436 1261 1453 se
1280 1428 1368 1453 debeat
1386 1428 1476 1453 habere
1496 1429 1633 1460 praelatus.

1071 1471 1106 1495 De
1125 1471 1343 1502 circumspectione
1363 1472 1401 1496 sui
1420 1472 1512 1503 ipsius,
1532 1472 1557 1496 et
1576 1472 1669 1503 primo,
1684 1472 1712 1497 ut
1724 1473 1845 1498 conscien-

1000 1513 1037 1538 tia
1055 1514 1108 1538 eius
1127 1522 1224 1546 semper
1243 1515 1276 1539 sit
1295 1515 1387 1540 munda
1406 1515 1431 1539 et
1450 1522 1545 1540 secura.

1070 1557 1194 1587 Secundo,
1214 1558 1243 1582 de
1262 1558 1372 1583 moribus
1400 1559 1522 1590 propriis,
1551 1558 1633 1583 verbis
1661 1559 1686 1584 et
1707 1559 1795 1588 factis,
1821 1559 1846 1584 et

999 1600 1119 1632 quomodo
1137 1601 1163 1625 in
1182 1601 1221 1626 his
1240 1601 1345 1626 medium
1365 1601 1448 1627 servet
1466 1602 1546 1633 quoad
1565 1609 1590 1627 se
1609 1602 1635 1627 et
1653 1602 1685 1627 ad
1703 1603 1773 1628 alios.

1071 1643 1167 1672 Tertio,
1187 1643 1216 1668 de
1235 1644 1291 1675 ipsa
1310 1652 1355 1669 sua
1374 1644 1534 1674 discretione,
1554 1652 1584 1670 ne
1603 1645 1632 1670 de
1650 1645 1695 1670 illa
1714 1645 1748 1670 sit
1772 1646 1845 1670 nimis

1000 1694 1175 1718 praesumens,
1194 1687 1220 1712 et
1238 1695 1312 1719 quam
1332 1688 1365 1712 sit
1383 1688 1428 1713 hoc
1448 1689 1621 1719 periculosum.

1071 1730 1149 1760 Quam
1169 1730 1202 1755 sit
1224 1731 1286 1756 utile
1314 1731 1443 1756 consilium
1468 1739 1600 1763 quaerere,
1625 1731 1651 1757 et
1675 1732 1704 1757 de
1729 1732 1779 1757 illis
1804 1733 1846 1764 qui

999 1772 1066 1798 facta
1084 1773 1190 1798 aliorum
1209 1774 1301 1799 temere
1320 1774 1513 1805 reprehendunt.

1070 1816 1106 1841 De
1125 1816 1298 1842 adulatoribus
1322 1817 1346 1842 et
1374 1817 1557 1843 detractoribus
1583 1825 1633 1844 non
1652 1818 1793 1848 audiendis,
1820 1819 1845 1844 et

999 1866 1089 1890 quare,
1109 1859 1147 1884 vel
1167 1867 1182 1884 a
1201 1860 1290 1891 quibus
1309 1861 1438 1885 consilium
1458 1861 1491 1885 sit
1509 1861 1685 1892 quaerendum.

1070 1901 1139 1931 Quod
1158 1903 1287 1934 praelatus
1306 1903 1378 1928 debet
1397 1911 1449 1928 esse
1468 1904 1585 1934 devotus,
1605 1904 1630 1929 et
1648 1911 1710 1936 quae
1727 1904 1791 1930 bona
1803 1905 1845 1930 de-

999 1944 1065 1970 votio
1084 1945 1203 1970 conferat.

1071 1987 1106 2012 De
1125 1987 1218 2019 triplici
1236 1996 1325 2020 genere
1344 1989 1498 2015 devotionis:
1518 1991 1667 2020 communis,
1688 1991 1802 2022 specialis
1820 1990 1846 2016 et

998 2030 1110 2060 assidua,
1130 2030 1156 2055 et
1174 2032 1253 2062 primo
1271 2032 1301 2057 de
1320 2033 1457 2062 communi,
1477 2033 1558 2064 qualis
1577 2033 1618 2058 sit.

1070 2073 1182 2105 Quinque
1200 2082 1302 2105 causae,
1322 2083 1399 2107 quare
1427 2075 1534 2101 officium
1562 2076 1673 2101 divinum
1691 2077 1716 2101 in
1736 2076 1846 2102 Ecclesia

998 2116 1032 2141 sit
1050 2124 1065 2141 a
1084 2117 1179 2148 Spiritu
1198 2118 1283 2143 sancto
1302 2118 1456 2144 institutum.

1069 2159 1187 2191 Specialis
1206 2160 1303 2186 devotio
1321 2161 1347 2186 in
1366 2161 1455 2193 quibus
1474 2162 1586 2191 constat,
1615 2162 1640 2187 et
1667 2162 1732 2194 quod
1756 2163 1845 2188 saltem

998 2202 1123 2228 interdum
1143 2203 1231 2228 debeat
1250 2204 1379 2235 praelatus
1399 2205 1505 2230 orationi
1522 2205 1658 2230 intendere.

1069 2246 1177 2271 Assidua
1196 2246 1293 2272 devotio
1312 2247 1337 2272 in
1356 2247 1446 2279 quibus
1464 2248 1599 2278 consistat,
1619 2248 1644 2273 et
1668 2249 1696 2274 de
1721 2248 1844 2280 frequenti

998 2289 1116 2314 memoria
1135 2289 1180 2314 Dei
1198 2289 1224 2314 iu
1242 2290 1325 2315 mente
1343 2290 1466 2315 versanda
1477 2290 1494 2315 ⁷.

1068 2331 1236 2362 studendum,
1254 2332 1280 2357 in
1300 2333 1413 2358 omnibus
1432 2333 1483 2358 Deo
1502 2334 1600 2365 placere
1612 2334 1638 2359 et
1654 2335 1736 2360 omnia
1748 2334 1844 2366 agenda

998 2373 1049 2399 Deo
1068 2381 1113 2405 per
1132 2374 1268 2400 orationem
1287 2375 1461 2401 commendari.

1069 2417 1193 2447 Quomodo
1212 2418 1251 2443 his
1280 2418 1403 2443 virtutum
1422 2419 1469 2444 alis
1489 2420 1617 2451 praelatus
1635 2420 1706 2451 tegat
1724 2420 1800 2451 caput
1819 2420 1844 2445 et

999 2460 1086 2492 pedes,
1105 2468 1148 2485 seu
1166 2461 1241 2490 volet,
1261 2461 1286 2486 et
1304 2462 1369 2493 quod
1387 2462 1491 2493 quilibet
1510 2462 1589 2488 bonus
1602 2462 1699 2488 easdem
1713 2470 1758 2494 pro
1771 2470 1797 2487 se
1809 2463 1844 2488 iu-

998 2503 1066 2535 diget
1085 2503 1175 2528 habere
1186 2522 1192 2533 ‚
1212 2503 1237 2529 et
1255 2504 1371 2535 qualiter.

1183 2597 1297 2614 EXPLICIT
1316 2597 1460 2615 OPUSCULUM
1477 2598 1528 2616 CUM
1547 2598 1652 2616 TABULA.

997 2794 1050 2817 dam
1070 2794 1245 2817 observationes
1262 2794 1406 2822 explicationi
1424 2800 1461 2817 sex
1480 2795 1567 2817 alarum
1589 2795 1768 2823 praemittendas
1790 2802 1842 2818 con-

997 2826 1064 2852 tinet,
1081 2826 1102 2847 in
1120 2826 1167 2848 duo
1186 2825 1264 2848 brevia
1282 2826 1387 2853 capitula.

1059 2855 1068 2868 ⁹
1085 2857 1142 2879 Cod.
1158 2857 1241 2879 omittit
1258 2856 1282 2879 in
1299 2856 1423 2886 Reliqz'one.

1059 2887 1068 2900 ⁸
1086 2888 1125 2910 Ed.
1144 2888 1152 2910 ‘l
1175 2887 1274 2910 tenendi.

1058 2918 1067 2931 ⁴
1085 2919 1137 2942 Scil.
1154 2919 1248 2948 quando
1265 2919 1421 2948 vituperatur,
1438 2920 1502 2948 quod
1519 2926 1565 2943 non
1583 2923 1625 2943 etc.

1059 2949 1068 2962 ⁶
1086 2950 1126 2972 Ed.
1147 2951 1153 2972 1
1175 2950 1223 2979 qui.
1625 2950 1634 2964 ⁵
1651 2951 1691 2974 Ed.
1711 2952 1718 2973 t
1741 2951 1839 2975 consilii.

1059 2980 1067 2993 ⁷
1085 2982 1114 3003 lta
1138 2981 1197 3004 bene
1216 2981 1254 3004 ed.
1276 2982 1301 3009 vl,
1326 2982 1378 3004 cod.
1401 2983 1459 3004 banc
1480 2985 1503 3004 et
1525 2983 1701 3010 praecedentem
1723 2982 1840 3005 rubricam

996 3012 1067 3035 modo
1083 3014 1180 3035 confuso
1196 3013 1321 3041 coniungit.
