2133 3317
124 734 201 760 Triplex
214 738 256 757 pro-

135 758 206 783 prietas
215 762 258 781 pro—

134 782 197 804 posm.

139 1424 202 1443 Facile
215 1430 255 1444 cor-

124 1448 218 1476 rumpitur
226 1449 255 1467 in-

124 1474 190 1491 tenuo.

276 216 330 244 198

273 294 349 319 tacite
369 292 520 321 sufferenda,
541 289 673 315 secundum
693 287 757 319 quod
777 286 983 316 uniuscuiusque,
1004 285 1046 316 qui
1064 284 1124 309 talis

272 337 324 367 est,
343 335 451 361 utilitati
469 334 560 359 videris
580 332 703 363 expedire,
726 331 784 362 quia
802 337 851 355 non
865 336 950 354 01111105
963 328 1059 360 aegroti
1074 334 1124 352 uno

273 387 362 412 genere
381 378 514 403 medicinae
532 375 661 401 curantur.

619 460 703 485 CAPUT
723 460 776 484 XX.

313 550 353 575 De
373 550 463 573 trunco
484 547 535 572 litte·
557 554 602 571 scu
616 545 752 577 proposito
780 545 857 575 bono,
878 544 947 575 quod
964 551 976 568 e
994 543 1082 568 radice

485 591 565 615 bonae
584 588 749 621 coyttattom's
768 586 910 619 exsurytt¹.

343 678 385 703 69.
406 677 523 709 Sequitur
541 677 624 701 videre
643 675 671 700 de
692 676 781 700 trunco
799 675 860 703 lilii,
879 674 904 698 in
924 681 971 705 quo
998 673 1049 698 tria
1067 680 1124 698 con-

274 721 428 746 siderantur:
448 719 590 751 rectitudo,
609 717 750 749 fortitudo,
772 717 913 749 longitudo.
933 717 1046 741 Truncus
1065 723 1124 747 ergo

272 765 319 789 lilii
338 772 353 789 a
372 764 453 789 radice
472 764 567 793 exiens,
587 763 626 787 est
645 762 801 793 propositum
820 761 912 785 bonum
931 761 1013 785 exiens
1032 767 1047 784 a
1059 759 1124 784 bona

272 808 431 839 cogitatione.
451 807 512 832 Cum
531 813 590 837 ergo
603 804 612 818 ²
631 805 696 830 bona
716 804 880 836 cogitaveris,
905 804 926 828 si
950 802 1125 828 convalescant

271 851 315 876 illa
334 851 360 875 in
379 850 403 875 te
431 850 496 875 sicut
524 849 594 874 radix
610 849 636 873 in
661 848 741 877 terra,
768 847 904 872 necessitas
926 846 1016 877 exigit,
1041 846 1071 870 ut
1096 853 1124 870 ea

271 902 334 926 quae
347 893 492 925 cogitationi
512 892 625 924 placent,
646 898 771 923 proponas
784 891 816 915 ad
834 890 948 915 effectum
966 890 1024 915 110111
1043 890 1124 921 operis

272 937 422 969 perducere,
451 936 476 961 et
505 937 539 961 sic
570 935 657 960 statim
688 935 765 959 habes
792 934 909 958 truncum
936 933 996 962 lilii,
1025 932 1051 958 et
1081 933 1124 958 110-

271 980 354 1006 nums‘³
373 980 530 1012 propositum
558 987 573 1004 a
604 979 669 1004 bona
700 978 781 1003 radice
808 977 833 1002 et
857 976 1035 1008 cogitatatione
1067 983 1125 1007 pro-

270 1025 367 1050 cedens.

610 1108 694 1133 CAPUT
713 1108 781 1132 XXI.

347 1197 387 1221 De
405 1196 556 1221 rectitudine
575 1195 662 1220 trunci
674 1194 692 1226 4,
712 1194 740 1219 icl
758 1195 795 1219 est
813 1195 881 1218 recta
899 1193 1048 1217 intentione.

343 1283 385 1308 70.
404 1283 552 1308 Necessaria
570 1282 609 1307 est
627 1281 712 1306 autem
729 1281 787 1305 huic
805 1280 894 1305 trunco
917 1280 975 1304 boni
1000 1278 1123 1310 propositi

270 1327 405 1356 rectitudo,
424 1326 450 1351 id
463 1326 514 1356 est,
527 1326 557 1350 ut
570 1325 638 1350 recta
651 1324 788 1349 intentione
802 1330 970 1355 proponamus
980 1322 1072 1348 bonnm
1089 1322 1123 1347 fa—

270 1378 324 1396 cere
343 1378 388 1402 pro
402 1369 513 1399 Christo,
526 1376 576 1394 non
589 1368 703 1393 terrenas
716 1368 816 1392 divitias
829 1374 873 1391 nec
885 1366 1008 1391 humanos
1025 1366 1123 1391 favores

270 1421 315 1439 nec
333 1414 435 1439 honoris
463 1412 603 1437 transitorii
632 1411 802 1436 excellentiam
824 1410 988 1441 requirentes.
1013 1409 1123 1434 Astutns

272 1458 337 1482 enim
355 1457 397 1481 ille
417 1463 531 1487 serpens,
551 1455 575 1479 id
595 1455 633 1479 est
652 1454 767 1483 satanas,
787 1461 842 1478 00111
862 1453 983 1484 principio
996 1453 1074 1478 bonae
1087 1460 1123 1478 co-

271 1499 402 1532 gitationis
421 1506 470 1524 non
484 1497 568 1529 potest
581 1496 711 1526 resistere,
726 1497 796 1528 ponit
809 1496 912 1520 insidias
925 1496 950 1520 in
964 1496 1018 1524 via,
1033 1495 1123 1526 quibus

270 1542 434 1567 intentionem
447 1543 456 1556 ⁵
475 1541 532 1565 boni
552 1540 673 1572 propositi
694 1539 774 1571 possit
787 1539 897 1564 evertere
911 1539 936 1563 et
949 1546 992 1569 per
1006 1538 1123 1563 truncum

270 1592 416 1616 perversum
434 1585 515 1615 ipsam
535 1590 630 1615 quoque
650 1583 756 1608 radicem
776 1583 854 1607 bonae
873 1582 1031 1613 cogitationis
1055 1589 1124 1606 ama-

270 1634 365 1652 rescere
384 1626 468 1652 faciat.
488 1627 523 1651 De
541 1626 581 1651 his
600 1626 696 1651 insidiis
716 1625 876 1656 conqueritur
895 1625 1032 1649 Psalmista
1045 1622 1068 1649 ὓς
1088 1625 1124 1649 In

269 1671 313 1695 vta
325 1670 385 1701 hac,
407 1677 459 1701 aaa
478 1669 658 1700 ambulabam,
680 1669 869 1694 absconderunt
885 1668 990 1699 superbi
1003 1667 1123 1699 laqueum

271 1714 345 1739 mihi.
364 1713 384 1739 O
404 1713 492 1745 quanti
520 1713 576 1738 istis
603 1713 699 1744 laqueis
722 1712 789 1743 capti
813 1712 838 1736 et
860 1711 955 1743 decepti
983 1711 1056 1736 sunt!
1081 1711 1123 1743 qui

270 1758 335 1783 bona
353 1757 450 1788 quidem
469 1756 530 1781 bene
548 1755 689 1785 initiantes,
704 1755 817 1785 tandem,
828 1755 991 1780 exterioribus
1004 1754 1124 1779 tentatio-

270 1801 344 1825 nibus
358 1801 366 1814 ⁷
386 1799 571 1829 accedentibus,
586 1799 708 1830 propositi
722 1799 759 1823 sui
773 1798 946 1823 rectitudinem
960 1798 1124 1823 deseruerunt

270 1844 295 1869 et
318 1844 417 1869 omnino
436 1843 558 1874 perversi,
579 1843 604 1867 et
623 1850 667 1873 per
689 1842 754 1867 bona
779 1849 854 1873 opera
879 1849 925 1866 sua
947 1842 987 1866 vel
1010 1841 1122 1871 divitias,

271 1888 310 1912 vel
323 1887 442 1917 honores,
456 1887 495 1911 vel
509 1885 653 1917 voluptates
667 1885 780 1910 terrenas
800 1885 874 1910 semel
893 1885 978 1916 adepti
991 1886 1008 1915 Β,
1029 1885 1124 1916 primae

271 1930 418 1955 intentionis
446 1929 506 1954 sunt
525 1929 614 1958 obliti,
635 1928 660 1953 et
678 1928 746 1953 aliud
766 1935 841 1959 qnam
864 1928 944 1953 Deum
963 1928 1123 1959 quaerentes,

272 1973 418 1999 idololatrae
441 1972 501 1997 facti
520 1972 591 2002 sunt,
614 1972 674 1996 dum
695 1972 809 2003 =alm-iam
832 1972 1039 2003 incorruptibilis
1058 1972 1110 1997 1)Θί
1117 1991 1124 2003 ,

273 2017 315 2048 qui
334 2016 402 2041 solus
420 2016 543 2047 gloriosus
563 2015 601 2040 est
619 2016 644 2040 et
663 2016 705 2046 qui
724 2015 792 2040 solus
814 2015 970 2046 quaerendus
993 2015 1045 2044 est,
1069 2022 1126 2039 mu-

275 2059 394 2083 taverunt
411 2059 440 2082 in
458 2058 655 2083 similitudinem
673 2057 819 2089 volucrum,
835 2058 975 2082 bestiarum
988 2059 1127 2088 01550111οη-

276 2102 330 2126 tum
343 2100 361 2126 ⁹.
381 2101 505 2131 Quomodo
519 2102 544 2125 in
559 2101 748 2125 similitudinem
761 2100 893 2125 volucram
905 2100 1006 2125 mutant
1018 2101 1126 2132 gloriam

276 2144 338 2169 Dei‘?
358 2144 421 2174 Quia
439 2144 504 2169 bona
522 2151 597 2175 opera
616 2151 673 2173 sua,
693 2151 756 2175 quae
776 2144 846 2175 prius
865 2144 896 2168 ad
914 2144 1021 2175 gloriam
1035 2144 1079 2168 Dei
1093 2143 1127 2168 fa-

277 2196 331 2213 cere
349 2188 522 2217 intenderunt,
550 2188 698 2212 intentionis
720 2187 867 2212 rectitudine
891 2187 1055 2215 commutata,
1083 2194 1128 2218 pro

278 2239 344 2256 vana
362 2231 449 2256 mundi
467 2231 547 2262 gloria
565 2230 645 2255 facere
657 2230 783 2255 laborant.
796 2230 845 2254 Per
857 2230 970 2255 volucres
984 2230 1048 2254 enim
1061 2230 1128 2254 leves

279 2274 304 2299 et
332 2274 462 2299 instabiles
491 2274 516 2298 et
537 2273 591 2298 alta
619 2273 732 2304 petentes
760 2280 825 2297 vana
853 2273 933 2304 gloria
961 2273 1087 2304 figuratur
1100 2274 1128 2297 ¹⁰.

280 2317 390 2342 Gloriam
410 2317 455 2341 Dei
473 2316 574 2341 mutant
592 2317 617 2341 in
637 2316 824 2341 similitudinem
847 2316 985 2341 bestiarum
1005 2316 1047 2348 qui
1065 2316 1130 2341 bona

281 2367 367 2391 opera,
387 2367 431 2391 per
449 2367 511 2391 quae
534 2360 604 2391 prius
627 2360 733 2391 gloriam
753 2359 798 2384 Dei
820 2359 993 2389 intenderunt,
1014 2359 1101 2390 postea
1111 2361 1129 2375 ¹¹

349 2546 356 2558 ¹
375 2547 431 2569 Bon.
449 2553 502 2569 cum
521 2547 538 2569 A
556 2546 641 2568 omittit
656 2552 698 2569 sea
712 2546 861 2575 proposito...
879 2546 998 2576 ea‘suryit.

348 2577 357 2590 Ξ
375 2579 407 2600 110
425 2578 456 2605 Α;
474 2578 531 2600 Bon.
549 2584 602 2600 00111
620 2577 657 2600 ed.
676 2578 684 2600 1
707 2577 767 2601 Cam
784 2578 854 2601 enim.

349 2608 358 2621 ³
375 2609 416 2632 Ed.
435 2609 443 2631 1
466 2612 488 2632 et
505 2610 560 2631 Bon.
578 2612 658 2632 contra
675 2610 705 2632 A:
728 2608 753 2632 id
774 2611 808 2632 est
830 2609 896 2637 boni,
919 2609 963 2633 hoc
983 2611 1017 2632 est
1039 2608 1134 2632 bonum.

286 2641 381 2664 Inferius
397 2647 440 2669 pro
457 2642 478 2664 et
495 2640 636 2670 capitatione
652 2641 670 2663 A
687 2647 702 2663 a
719 2640 781 2663 bona
798 2641 945 2670 capitatione.

349 2672 358 2684 ‘³
376 2673 405 2695 lia
423 2673 453 2699 A;
471 2673 526 2694 Bon.
545 2678 598 2694 011111
615 2672 651 2695 0(1.
670 2673 678 2694 ’1
702 2672 760 2700 alii,-
778 2673 834 2695 Bon.
853 2679 906 2695 cnm
924 2673 941 2695 A
959 2672 1043 2695 omittit
1060 2672 1084 2695 id
1103 2673 1138 2695 est

285 2705 351 2727 recta
368 2703 500 2727 intentione.

351 2734 360 2747 ⁵
377 2735 434 2758 Cod.
452 2736 469 2757 A
487 2734 509 2758 si
524 2734 684 2758 intentionem.
702 2736 796 2757 inferius
818 2741 860 2763 pro
882 2741 925 2765 per
950 2737 1064 2758 truncum
1083 2740 1139 2764 per-

287 2772 384 2790 versam
401 2766 418 2788 A
436 2767 520 2789 trumo
535 2772 661 2795 perverso,
680 2767 721 2796 qui
738 2767 807 2789 etiam
830 2773 872 2795 pro
894 2772 1044 2790 amarescere
1065 2766 1139 2796 faciat

290 2797 406 2820 substituit
423 2798 492 2827 coyat
507 2803 622 2821 arescere.

353 2828 362 2841 ὓ
380 2829 462 2851 Psalm.
480 2829 536 2855 141,
555 2829 575 2852 4,
594 2842 623 2845 -—
640 2829 697 2852 Bon.
715 2835 768 2852 curn
786 2830 821 2852 ed.
842 2830 849 2851 1
872 2829 992 2852 Psalmas.

354 2859 362 2873 ⁷
380 2861 409 2882 lta
428 2861 458 2887 A,
475 2861 531 2882 Bon.
549 2866 602 2883 curn
620 2860 657 2883 ed.
677 2861 683 2882 1
706 2860 894 2890 coyitationibus.
913 2861 1007 2883 inferius
1023 2863 1075 2883 011ῑο
1093 2866 1140 2883 om-

291 2891 347 2915 nino
362 2891 472 2921 perversi
489 2892 543 2914 sson.
561 2898 614 2914 00111
632 2892 669 2914 ed.
687 2892 695 2914 Ι1
717 2893 801 2915 omittit
818 2893 846 2915 et.

355 2921 363 2935 Β
381 2922 437 2946 Cod.
455 2923 473 2944 A
489 2922 656 2952 adipiscentes,
674 2924 714 2952 qui
739 2924 808 2946 etiam
834 2924 928 2946 inseriiis
951 2923 1048 2946 vocibus
1065 2923 1141 2946 Deum

292 2956 431 2985 quaerentes
447 2954 562 2977 interserit
578 2954 644 2977 bonis
661 2954 770 2984 operibus
787 2955 846 2978 sais.

356 2984 365 2998 ⁹
382 2986 448 3008 Rom.
467 2986 493 3012 1,
510 2986 549 3008 23.

356 3016 377 3029 ¹⁰
394 3018 423 3039 110
442 3017 472 3044 A;
489 3017 546 3039 Bon.
564 3023 617 3039 cum
634 3017 671 3040 ed.
694 3018 698 3039 1
721 3024 783 3041 cana
799 3018 949 3048 [ἣρω-(1111110

714 208 911 238 OPUSCULUM
933 208 963 235 X.
986 207 1072 235 VlTIS
1093 205 1244 234 MYSTICA.
1266 205 1529 233 ADDITAMENTUM
1551 204 1593 232 lV.

1182 291 1227 314 pro
1246 284 1329 308 carnis
1348 283 1474 314 implenda
1493 283 1623 314 voluptate
1642 282 1745 307 faciunt.
1765 282 1813 307 Per
1837 283 1928 308 bestias
1952 284 2030 314 enim,

1181 333 1244 357 quae
1262 326 1362 350 tantum
1382 333 1444 357 quae
1463 327 1545 350 carnis
1565 326 1625 350 sunt
1647 326 1801 357 sequuntur,
1825 325 1943 357 voluptas
1969 326 2032 351 desi-

1181 369 1284 401 gnatur.
1304 369 1413 394 Gloriam
1427 376 1485 394 vero
1505 369 1550 394 Dei
1569 370 1594 394 in
1607 369 1795 394 similitudinem
1808 370 1955 400 serpentum
1967 376 2032 394 coni-

1181 412 1283 437 mutant
1306 413 1347 444 qui
1375 412 1440 437 bona
1459 420 1545 444 opera,
1566 421 1628 445 quae
1647 421 1692 445 pro
1710 413 1859 438 caelestibus
1878 413 1977 438 tantum
1996 413 2032 438 (11-

1181 455 1250 480 vitiis
1268 455 1293 480 et
1306 463 1351 486 pro
1364 456 1445 487 gloria
1458 456 1503 480 Dei
1515 456 1674 487 adipiscenda
1686 457 1740 481 fieri
1752 457 1881 486 deberent,
1900 457 2032 488 propterea

1182 499 1330 530 operantur,
1350 499 1379 523 nt
1398 506 1426 523 ex
1449 499 1488 523 his
1511 500 1625 524 terrenas
1649 500 1750 524 divitias
1773 500 1965 531 consequantur.
1984 500 2032 525 Per

1180 542 1308 573 serpentes
1326 542 1404 571 enim,
1424 542 1467 573 qui
1485 542 1579 567 terram
1598 543 1740 572 comedunt,
1760 543 1925 575 designantur
1949 544 2031 573 avari,

1181 585 1223 616 qui
1243 584 1343 609 tantum
1361 585 1432 610 lucra
1451 585 1551 609 terrena
1573 585 1712 616 sequuntur
1737 586 1762 610 et
1786 586 1826 610 his
1850 587 1947 610 animae
1974 593 2033 611 suae

1181 628 1295 653 ventrem
1313 628 1418 659 cupiunt
1436 628 1547 659 implere.

1254 670 1295 695 71.
1316 671 1383 696 Haec
1402 671 1462 696 sunt
1476 671 1605 701 scandala,
1619 679 1681 703 quae
1694 672 1720 696 in
1733 673 1774 697 via
1787 672 1868 697 rectae
1886 672 2033 698 intentionis

1181 714 1354 746 gradientibus
1373 714 1503 739 abscondit
1522 714 1648 744 diabolus,
1668 715 1698 739 ut
1722 715 1838 740 truncum
1861 715 1922 745 lilii,
1946 715 1972 740 id
1995 715 2033 740 est

1181 757 1273 783 bonnm
1302 758 1470 788 propositum,
1494 765 1508 782 a
1531 765 1577 782 sua
1600 758 1747 783 rectitudine
1775 759 1939 790 distorqueat.
1964 759 2031 784 Heu!

1181 801 1240 826 heu!
1261 801 1365 826 Domine
1388 801 1466 831 Deus,
1490 802 1546 832 quis
1569 801 1657 826 evadet
1679 802 1780 833 laqueos
1802 802 1886 827 istos?
1908 802 1981 832 Ecce,
2004 802 2033 827 ut

1181 845 1277 869 taceam
1297 844 1448 871 saeculares,
1467 844 1528 876 quot
1547 844 1702 876 quantosque
1722 845 1834 870 videmus
1853 845 1975 870 Ordinum
1999 846 2033 870 di-

1181 895 1310 913 versorum
1330 887 1469 919 praelatos,
1483 895 1544 919 quos
1557 888 1622 912 bona
1635 889 1687 912 sine
1701 888 1774 913 dubio
1791 889 1882 913 scimus
1895 888 2033 914 intentione

1180 932 1260 956 nudos
1279 931 1372 956 nudum
1393 931 1520 955 Christum
1539 931 1616 956 fuisse
1635 932 1732 956 secutos
1745 929 1772 961 ¹²,
1793 939 1849 956 cum
1871 932 1947 956 etiam
1960 932 2033 957 inviti

1181 975 1212 999 ad
1232 975 1391 1006 praelaturas
1410 974 1587 1004 attrahantur,
1606 982 1656 1000 non
1675 975 1733 1006 post
1745 975 1847 1006 longum
1861 975 1972 1006 teinpus,
1991 975 2034 1000 sed

1181 1018 1267 1042 statim
1287 1017 1452 1049 corrumpunt
1469 1018 1645 1049 intentionem,
1665 1018 1782 1043 truncum
1802 1018 1906 1048 vitiant,
1926 1026 2034 1044 commu-

1181 1061 1239 1086 tant
1258 1061 1426 1092 propositum,
1446 1061 1475 1086 ut
1494 1061 1659 1092 praelaturis,
1679 1062 1711 1086 ad
1729 1069 1792 1093 quas
1811 1061 1884 1086 inviti
1903 1062 2032 1092 venerant,

1180 1104 1287 1129 libenter
1306 1104 1465 1134 inhaereant,
1486 1112 1600 1135 praeesse
1625 1104 1753 1135 cupientes
1772 1105 1856 1136 potius
1879 1112 1953 1136 quam
1977 1112 2034 1136 pro-

1180 1147 1262 1177 desse;
1290 1147 1440 1172 lautioribus
1463 1147 1564 1172 ferculis
1587 1148 1612 1172 et
1635 1148 1764 1179 exquisitis
1789 1148 1915 1179 voluptati
1938 1148 2034 1173 ventris

1180 1191 1263 1221 potius
1283 1198 1357 1221 quam
1377 1190 1484 1215 fratrum
1498 1188 1517 1201 ¹³
1534 1190 1641 1215 utilitati
1654 1191 1692 1215 vel
1706 1191 1804 1216 divinae
1817 1191 1943 1216 voluntati
1955 1191 2035 1216 deser-

1180 1233 1264 1262 viunt;
1284 1240 1463 1264 nonnunquam
1482 1233 1558 1258 etiarn
1583 1234 1701 1264 pecunias
1727 1241 1879 1266 congregare
1902 1234 2033 1264 dicuntur,

1179 1283 1229 1301 non
1256 1276 1286 1300 ut
1314 1276 1489 1307 spiritualibus
1514 1276 1573 1301 filiis
1595 1278 1749 1306 necessaria,
1774 1278 1816 1302 sed
1838 1277 1868 1302 ut
1891 1278 2034 1302 carnalibus

1180 1319 1312 1350 nepotibus
1331 1319 1357 1343 et
1376 1320 1464 1344 amicis
1484 1319 1608 1351 superflue
1628 1320 1721 1351 aliquid
1734 1320 1889 1351 largiantur!
1903 1320 1923 1345 Ο
1936 1320 2032 1345 utinam

1180 1362 1301 1392 mentiar,
1322 1363 1427 1387 Domine
1444 1363 1514 1393 Iesu,
1535 1363 1632 1387 utinam
1651 1363 1771 1393 mentiar,
1790 1364 1831 1393 ut,
1846 1371 1884 1388 me
1898 1364 1949 1389 solo
1969 1371 2034 1389 men-

1180 1406 1269 1435 tiente,
1289 1413 1373 1431 omnes
1392 1406 1417 1430 in
1437 1406 1585 1431 rectitudine
1604 1406 1629 1431 et
1648 1406 1753 1431 veritate
1772 1406 1925 1438 persistant!

1253 1449 1294 1473 72.
1313 1449 1390 1474 Vobis
1408 1449 1503 1479 autem,
1518 1457 1531 1474 o
1544 1450 1655 1481 virgines
1669 1449 1774 1480 Christi,
1788 1450 1940 1475 humilitatis
1952 1450 2033 1475 virtu-

1180 1492 1239 1521 tem,
1252 1500 1325 1523 quain
1346 1493 1395 1516 iam
1416 1493 1515 1523 saepius
1528 1492 1627 1517 vestrae
1646 1493 1747 1517 caritati
1765 1494 1990 1518 commendavimus
2003 1495 2031 1525 ¹¹,

1180 1536 1211 1560 ad
1231 1536 1353 1567 propositi
1366 1535 1447 1560 nostri
1460 1536 1633 1560 rectitudinem
1648 1543 1692 1567 pro
1706 1537 1813 1561 maxima
1828 1536 1901 1568 parte
1914 1537 2033 1568 putamus

1181 1579 1302 1604 sufficere.
1322 1579 1384 1609 Quia
1404 1580 1469 1604 enim
1488 1580 1513 1604 in
1527 1579 1625 1604 tantam
1639 1580 1797 1604 altitudinem
1809 1579 1936 1605 castitatis
1949 1587 2031 1605 ascen-

1180 1622 1265 1652 distis,
1284 1622 1385 1647 laborat
1403 1622 1562 1647 adversarius
1575 1622 1670 1653 vester,
1691 1623 1810 1653 satanas,
1823 1623 1853 1648 ut
1871 1631 1915 1649 vos
1933 1623 1965 1648 ab
1988 1624 2033 1648 illa

1181 1666 1305 1690 deflectat.
1330 1665 1430 1690 Clamat
1448 1666 1513 1690 enim
1532 1666 1603 1691 nobis
1623 1673 1709 1698 saepe,
1728 1667 1803 1692 immo
1826 1674 1922 1698 semper
1942 1674 2033 1699 sugge-

1181 1710 1270 1734 stionis
1282 1709 1396 1734 internae
1418 1716 1476 1734 voce
1493 1709 1577 1734 dicens
1587 1708 1620 1733 15ε
1641 1709 1798 1742 Incurvare,
1811 1711 1842 1734 ut
1861 1711 2032 1735 transeamus.

1181 1752 1245 1782 Quid
1265 1753 1303 1777 est
1317 1752 1476 1777 incurvare?
1489 1752 1597 1777 Deflecte
1616 1753 1780 1778 intentionem
1794 1753 1864 1778 tuam
1877 1753 1908 1778 ad
1921 1753 2029 1785 terrena,

1181 1804 1254 1827 quani
1276 1797 1308 1821 ad
1326 1796 1444 1821 caelestia
1462 1796 1573 1826 erexisti,
1594 1796 1622 1821 ut
1642 1796 1728 1827 pateat
1746 1797 1817 1822 nobis
1840 1797 1965 1822 transitus
1989 1804 2033 1828 per

1181 1841 1217 1871 te,
1236 1840 1266 1865 ut
1283 1840 1454 1865 conculcemus
1473 1840 1505 1865 te.
1525 1840 1564 1864 Ne
1582 1840 1723 1865 consentias
1736 1841 1833 1866 inimico
1847 1840 1904 1870 tuo,
1924 1848 1937 1866 o
1950 1841 2033 1866 anima

1181 1884 1264 1913 casta,
1285 1884 1356 1915 virgo
1376 1883 1483 1913 Christi,
1503 1884 1582 1908 amica
1601 1883 1690 1914 Sponsi
1709 1883 1759 1913 tui,
1778 1884 1851 1908 amici
1869 1883 1907 1908 tui
1927 1891 2032 1915 sponsa,

1181 1935 1212 1952 ne
1230 1927 1383 1957 consentias,
1411 1934 1442 1951 ne
1469 1926 1607 1951 incurveris
1620 1923 1651 1956 ¹⁸3
1671 1926 1717 1951 hoc
1744 1927 1793 1957 est,
1819 1927 1883 1952 nihil
1907 1927 2035 1952 terrenum

1182 1977 1300 2002 quaeraS,
1320 1977 1369 1995 non
1388 1969 1475 1994 laudes
1493 1969 1631 1999 humanas,
1650 1976 1699 1994 non
1718 1969 1838 2000 honores,
1862 1977 1912 1995 non
1935 1970 2036 1995 divitias

1182 2014 1309 2043 terrenas;
1328 2014 1386 2045 quia
1410 2014 1431 2038 si
1456 2013 1488 2037 ad
1512 2013 1573 2038 haec
1596 2013 1773 2043 declinaveris,
1799 2013 1920 2038 transibit
1944 2021 1988 2045 per
2011 2014 2036 2039 te

1183 2057 1288 2082 mendax
1307 2057 1349 2081 ille
1368 2056 1441 2087 teque
1460 2056 1614 2081 conculcabit
1641 2056 1667 2081 et
1695 2056 1791 2087 premet
1810 2064 1839 2081 ac
1863 2057 1938 2081 elidet
1962 2057 1986 2082 te
2011 2057 2037 2082 et

1183 2101 1269 2131 iugum
1288 2099 1430 2130 ianuitatis
1449 2106 1508 2123 suae
1527 2099 1686 2130 importabile
1705 2099 1781 2130 ponet
1794 2107 1869 2131 super
1882 2100 1919 2130 te,
1940 2099 2037 2125 5101110-

1184 2143 1246 2167 ceris
1265 2142 1355 2173 izcyum
1369 2141 1463 2166 Christi
1483 2142 1533 2167 leve
1552 2143 1576 2166 et
1593 2149 1670 2167 suave
1684 2140 1711 2166 ¹⁷.
1725 2142 1745 2167 O
1758 2150 1832 2174 quam
1846 2143 1981 2172 insensati,
1995 2143 2037 2174 qui

1184 2185 1358 2210 rectitudinem
1378 2184 1525 2210 intentionis
1549 2192 1608 2210 suae
1633 2186 1667 2209 sic
1691 2186 1836 2215 incurvant,
1860 2185 1890 2210 ut
1914 2186 2038 2217 accipiant

1185 2229 1256 2253 illum
1269 2228 1425 2253 teterrimum
1439 2228 1465 2253 et
1485 2228 1668 2259 iniquissimum
1682 2228 1795 2253 satanam
1818 2236 1939 2254 sessorem
1952 2236 2037 2259 suum,

1186 2271 1281 2297 abiecto
1300 2272 1344 2296 illo
1363 2271 1529 2302 pulcherrimo
1549 2272 1574 2296 et
1596 2272 1689 2303 optimo
1711 2272 1791 2303 primo
1814 2272 1909 2297 rectore
1934 2272 2039 2298 Domino

1186 2315 1259 2344 Iesu,
1279 2315 1363 2344 cuius,
1382 2315 1411 2339 ut
1429 2315 1482 2346 ipse
1501 2315 1592 2339 asserit
1605 2314 1632 2345 ¹⁸,
1651 2316 1737 2347 iugum
1758 2316 1934 2341 suavissimum
1958 2316 1996 2341 est
2015 2316 2040 2341 et

1188 2366 1250 2384 onus
1269 2359 1432 2383 levissimum.

1255 2545 1273 2558 ¹¹
1291 2546 1332 2568 Ed.
1353 2547 1358 2567 1
1381 2549 1403 2568 et
1426 2546 1481 2567 Bon.
1500 2547 1578 2568 contra
1604 2545 1622 2567 A
1644 2546 1778 2574 praeterea.
1801 2545 1896 2568 inferius
1917 2551 1960 2573 pro
1982 2551 2042 2575 quac

1191 2577 1273 2601 earnis
1289 2579 1348 2600 sunt
1363 2578 1380 2599 A
1398 2576 1479 2600 carnis
1495 2583 1600 2600 sensum.

1255 2608 1274 2621 ¹²
1292 2609 1422 2636 Respicitur
1439 2609 1549 2631 sententia
1567 2608 1659 2630 Hieron.
1676 2614 1746 2636 supra
1765 2614 1819 2636 pag.
1840 2608 1895 2636 114,
1912 2611 1965 2630 nota
1977 2608 1999 2630 7.
2012 2608 2043 2630 al-

1192 2641 1244 2663 lata.
1261 2652 1292 2657 —-
1310 2640 1350 2663 Ed.
1372 2641 1377 2662 1
1399 2643 1421 2662 et
1438 2640 1493 2662 Bon.
1512 2642 1696 2668 prosequuntur:
1713 2641 1735 2662 et
1752 2641 1831 2662 tamen
1848 2639 1959 2663 invz'tz'ad
1971 2645 2044 2669 prae-

1194 2671 1288 2695 laturas
1306 2671 1358 2695 licet
1374 2671 1531 2695 attrahantur
1548 2673 1591 2693 etc.
1609 2671 1713 2693 Subinde
1725 2677 1767 2699 pro
1779 2670 1865 2694 vitiant
1875 2671 1893 2693 A
1905 2670 2041 2694 incurvant.

1256 2702 1276 2715 ¹³
1293 2703 1323 2726 Ex
1336 2704 1353 2725 A
1365 2703 1528 2731 supplevimus
1544 2702 1659 2732 flatrum.
1671 2703 1766 2725 Inferius
1777 2709 1819 2731 pro
1832 2701 1954 2732 nepotibus
1966 2702 2005 2731 (ita
2015 2702 2043 2732 A)

1193 2735 1250 2758 Bon.
1268 2740 1322 2757 cum
1339 2734 1377 2757 ed.
1398 2735 1403 2756 i
1425 2734 1549 2764 nepotulis.

1258 2765 1278 2778 ¹⁴
1295 2766 1336 2788 Ed.
1357 2767 1362 2787 1
1385 2769 1407 2788 et
1424 2767 1478 2788 Bon.
1496 2769 1574 2788 contra
1592 2766 1622 2792 A,
1640 2766 1748 2793 superius
1769 2766 1855 2788 omisso
1878 2764 1938 2793 iam,
1963 2764 2045 2787 substi-

1195 2800 1262 2820 munt
1279 2797 1486 2851 commendffnus,
1504 2800 1527 2820 et
1543 2797 1638 2851 interilus
1656 2803 1698 2825 pro
1718 2796 1779 2824 Quia
1795 2796 1858 2819 enim
1876 2799 1966 2824 ponunt
1981 2796 2045 2819 Dum

1195 2828 1273 2856 enim,
1291 2832 1313 2851 et
1329 2834 1399 2852 ascen
1417 2828 1454 2852 itis
1472 2835 1514 2856 pro
1531 2834 1600 2852 ascen
1619 2828 1676 2851 istis.

1259 2859 1279 2872 ¹5
1295 2861 1345 2883 lsai.
1363 2860 1404 2888 51,
1423 2861 1461 2882 23.
1477 2872 1508 2877 --
1525 2861 1581 2882 Bon.
1598 2866 1652 2882 00111
1670 2860 1708 2882 ed.
1732 2860 1750 2887 1,
1769 2860 1898 2887 reflagrante
1920 2859 1950 2888 A⁷
1972 2858 2045 2881 immo

1195 2897 1289 2935 sempfg·
1298 2891 1414 2945 Igiltqqieritt
1428 2897 1510 2944 gocem
1519 2891 1603 2946 tillam,
1616 2890 1723 2945 6111σῖ1ιῖἒὸ

1316 2930 1359 2945 (.Ὶ
1388 2929 1400 2945 0
1445 2929 1483 2945 011.
1500 2930 1515 2945 a
1544 2929 1573 2945 ne
1589 2929 1613 2945 m
1630 2929 1689 2945 zer-e
1726 2939 1731 2944 .

1261 2953 1280 2966 ¹⁷
1298 2955 1374 2976 11101111.
1397 2955 1435 2982 ll,
1453 2955 1493 2976 30:
1511 2955 1592 2982 Iugum
1616 2954 1679 2976 enim
1701 2959 1780 2976 meum
1798 2959 1870 2976 suave
1887 2956 1921 2975 051
1944 2955 1966 2975 et
1988 2958 2046 2975 onus

1198 2991 1277 3008 meum
1295 2986 1354 3008 leve.

1263 3015 1282 3029 ¹⁸
1299 3016 1345 3039 Cir.
1363 3020 1415 3039 nota
1433 3017 1583 3045 praecedens.
1601 3029 1630 3033 —
1647 3016 1704 3039 Cod.
1721 3017 1739 3038 A
1756 3017 1782 3039 ut
1799 3015 1847 3045 ime
1865 3021 1917 3039 vere
1934 3014 2028 3038 asserit.

2050 844 2130 867 Nolana..

2050 1446 2079 1465 Ad
2088 1446 2125 1470 virg

2064 1471 2123 1489 hortat
