2133 3317
385 268 440 291 BET

183 307 316 330 Beratsnm
338 319 371 324 —
395 307 480 330 domus
503 306 568 335 panis
588 306 698 334 interpre-

138 348 197 369 tatur
213 346 243 368 93
262 346 274 368 3

182 385 313 408 Bcrnsancn
330 397 361 402 —
377 385 395 407 si
413 390 459 407 non
476 390 501 406 se
521 383 640 412 impudice
661 384 699 406 vel

137 423 227 446 incaute
254 424 353 446 lavasset
377 424 399 446 in
427 423 522 451 solario,
550 429 712 452 nequaquam4

137 462 158 485 in
175 463 315 485 adulterium
333 463 449 485 incidisset
464 462 509 484 207
527 462 557 484 97

181 502 296 524 ΒΕνΔΝιυΜ
311 513 344 518 -
360 501 405 524 539
424 501 446 523 3.
461 501 503 523 541
528 501 556 523 19

182 541 274 563 ΒιΑουΜ
289 553 319 556 -
336 540 484 562 Definitiones
496 540 611 569 quaedam
619 540 699 569 quoad

135 579 294 607 provisionem
310 578 373 602 bladi
392 579 436 601 464
453 578 469 601 b

180 619 320 641 Btismmm
337 631 368 634 —
383 618 538 646 Cogitationes
549 618 700 646 blasphemae

137 657 242 680 oriuntur
258 663 285 679 ex
302 657 405 686 nequitia
422 657 523 680 accidiae
539 657 554 679 ὅ
572 658 585 679 6

182 709 213 713 -
228 696 307 719 ludaei
324 696 544 724 blasphemaverunt
560 697 601 719 Dei
618 696 699 719 Filium

134 736 159 758 in
174 736 250 758 crucis
266 735 370 764 patibulo
390 736 530 764 pendentem
556 735 600 758 ⁴23
624 736 652 757 10
668 748 699 751 -

135 774 270 797 Peccatores
290 774 374 803 ingrati
399 774 561 802 blasphemant
585 774 699 797 Christum

136 813 159 836 in
176 814 243 836 cael1s
259 814 378 836 sedentem
395 813 449 837 ibid.

182 853 347 875 Bomvsrrruim
367 865 399 869 —
423 859 465 881 per
486 853 657 875 invocationem
678 855 701 875 et

136 891 217 914 merita
235 892 258 914 S.
274 892 388 914 Francisci
406 892 427 914 in
439 891 521 920 puerili
533 894 606 914 aetate
616 898 629 914 a
641 897 701 914 mor-

137 930 165 953 tis
182 930 287 953 saucibus
303 934 383 953 erutus
400 933 434 953 est
451 931 496 953 505
514 931 535 953 3.
553 931 597 952 579
615 937 627 952 a

183 981 213 986 ——
231 970 340 991 Diversae
358 970 458 992 rationes
476 975 529 992 eum
547 970 576 992 ad
601 969 700 992 scriben-

136 1008 191 1030 dam
207 1009 340 1036 Legendam
353 1009 376 1030 S.
388 1008 501 1030 Francisci
519 1011 614 1030 movent
629 1008 674 1031 505
687 1009 699 1030 3

134 1059 166 1063 -
177 1047 280 1075 diligenti
291 1047 393 1069 veritatis
408 1047 555 1075 inquisitione
568 1047 699 1074 tegendam

135 1085 270 1114 conscripsit
286 1085 315 1108 ib.
331 1085 344 1108 4
361 1098 392 1102 —
409 1092 454 1108 non
471 1092 564 1113 semper
582 1086 699 1108 historiam

134 1125 263 1147 secundum
275 1125 381 1147 ordinem
394 1125 505 1153 temporis
516 1125 593 1153 texuit,
603 1125 643 1147 sed
655 1131 700 1148 ser-

134 1164 199 1186 vavit
213 1164 289 1192 potius
303 1164 408 1187 ordinem
423 1167 490 1192 aptae
507 1164 627 1186 iuncturae
646 1163 700 1187 ibid.

180 1215 211 1219 —
227 1203 306 1226 Frater
321 1203 418 1232 quidam
443 1209 484 1231 per
509 1204 532 1226 S.
552 1203 698 1226 Franciscnm

133 1248 147 1264 a
161 1242 245 1265 mor-tis
259 1242 363 1270 pericwio
379 1242 489 1265 liberatur
505 1243 550 1265 556
570 1242 583 1265 4

179 1281 275 1304 numus
290 1293 322 1298 —-
335 1287 430 1304 summa
447 1285 481 1304 est
501 1282 523 1304 in
547 1282 596 1304 Deo
623 1282 699 1304 iuncta

135 1326 189 1343 cum
207 1321 323 1343 voluntate
342 1321 370 1343 17
389 1321 417 1343 12
434 1333 465 1337 -
483 1320 525 1344 Ubi
544 1324 582 1343 est
606 1327 697 1343 summa

135 1358 225 1382 bonitas
231 1359 309 1382 iuncta
317 1365 372 1382 cum
380 1360 498 1383 voluntate
506 1378 511 1389 ,
520 1360 551 1382 ihi
563 1363 598 1383 est
604 1366 698 1383 sumna

136 1399 218 1421 caritas
233 1402 256 1421 et
272 1404 364 1421 summa
381 1399 479 1421 dulcedo
496 1398 551 1422 ibid.

179 1450 210 1454 ·-
227 1438 269 1460 Dei
286 1438 355 1460 etiam
372 1437 402 1460 ad
417 1438 492 1461 malos
509 1441 531 1461 et
547 1438 657 1466 indignes
673 1445 699 1461 se

134 1476 234 1499 extendit
251 1477 295 1499 106
313 1477 326 1499 5

180 1528 211 1532 -
226 1516 267 1538 Dei
283 1522 313 1538 ex
329 1516 364 1538 sui
381 1516 591 1539 communicatione
608 1517 699 1540 nondi-

134 1555 245 1578 minuitur
260 1561 303 1578 nec.
319 1561 346 1578 ex
360 1555 450 1578 >alienae
461 1555 571 1578 bonitatis
581 1556 698 1578 additione

132 1597 232 1622 angetur
248 1594 278 1616 52
295 1594 324 1616 19

181 1645 213 1650 -
230 1633 394 1662 appropriatur
416 1633 512 1662 Spiritui
533 1637 626 1661 sancto,
643 1634 711 1669 quia¹

136 1672 246 1695 ommexio
265 1673 293 1694 17
312 1673 341 1695 12

179 1724 210 1727 -
227 1714 318 1734 aeterna
337 1712 437 1739 perfecte
448 1712 566 1739 diligenda
576 1714 613 1734 est
624 1712 652 1734 66
666 1712 695 1734 27

181 1763 208 1767 ——
225 1750 297 1773 Omni
315 1750 408 1773 bonitati
424 1751 552 1774 favendum
568 1754 603 1774 est
622 1751 667 1774 130
684 1752 712 1781 9,

710 1795 711 1821 j
728 1790 833 1812 siderare
850 1790 979 1813 domin-ium
997 1793 1019 1812 et
1031 1797 1098 1812 usum
1108 1790 1156 1812 272
1168 1790 1182 1812 3
1194 1802 1226 1807 -
1237 1791 1296 1813 Usus

181 1789 278 1812 ΒοΝοΝιΑ
294 1801 326 1806 -
343 1789 383 1812 541
407 1790 435 1812 10

180 1829 258 1851 Bonum
273 1841 304 1845 —-
317 1829 379 1851 Deus
390 1832 424 1852 est
434 1830 484 1852 fons
496 1832 519 1852 et
529 1829 581 1852 finis
592 1830 699 1852 omnium

136 1867 252 1890 bonorum
266 1870 291 1890 et
305 1870 395 1890 tanttun
412 1868 512 1896 bonum,
527 1869 592 1897 quod
608 1869 700 1891 excedixt

137 1912 231 1929 omnem
262 1907 407 1936 petitionem,
441 1913 510 1930 omne
541 1908 683 1930 desiderium
694 1925 700 1935 ,

135 1952 229 1968 omnem
247 1946 429 1969 aestimationem
455 1946 470 1968 7
489 1947 517 1969 14
533 1959 564 1964 -
581 1947 712 1973 Bonorum,

134 1985 272 2008 naturalium
290 1988 312 2008 et
328 1985 489 2014 gratuitorum,
505 1986 661 2014 corporalium
678 1989 700 2008 et

137 2024 305 2052 spiritualium,
325 2025 489 2052 temporalium
514 2027 537 2047 et
551 2028 699 2047 aeternorum

136 2064 187 2085 fons
202 2066 225 2086 et
247 2063 313 2091 origo
338 2066 372 2086 est
394 2064 498 2092 primum
517 2064 655 2092 principium
678 2066 700 2087 et

136 2102 230 2125 unimus
244 2102 298 2125 *finis
312 2102 344 2124 χ85
359 2102 390 2124 48

181 2153 213 2158 ——
229 2141 312 2164 dicitur
329 2142 353 2164 in
370 2148 468 2169 genere,
485 2148 511 2165 ex
528 2142 700 2165 circumstantia

137 2182 160 2202 et
176 2180 305 2203 secundnm
328 2186 355 2203 se
372 2181 417 2203 237
439 2181 453 2203 7
469 2194 500 2197 -
517 2181 541 2203 in
562 2187 649 2209 genere
666 2185 700 2204 est

134 2222 201 2242 aetus
217 2220 330 2242 transiens
354 2225 425 2248 super
447 2220 566 2243 materiam
584 2220 699 2250 debstamss,

135 2257 225 2281 bonum
241 2264 268 2281 ex
285 2259 455 2282 circumstantia
470 2262 506 2282 est
522 2262 586 2282 aetus
602 2260 700 2283 cirum}-

134 2298 223 2320 staminis
239 2297 393 2320 laudabilibus
404 2298 551 2325 informatus,
563 2297 651 2321 bonum
663 2305 699 2321 se—

137 2336 239 2359 cundum
263 2343 287 2359 se
309 2339 343 2359 est
367 2343 427 2365 opus
442 2337 534 2359 virtutis
556 2343 582 2359 ex
599 2337 700 2360 caritatis

137 2375 215 2398 radice
227 2375 360 2404 precedens
377 2375 421 2398 237
439 2376 453 2398 7
471 2388 502 2393 —
518 2376 548 2398 de
558 2376 647 2399 ratione
664 2376 700 2399 sui

137 2415 230 2442 generis
245 2418 278 2437 est
293 2415 359 2444 quod
376 2415 406 2437 de
421 2421 446 2437 se
469 2418 503 2437 est
520 2415 612 2437 difficile
629 2417 651 2437 et
667 2421 700 2438 ar-

134 2454 209 2476 duum
227 2454 271 2476 266
289 2455 302 2476 2

183 2505 214 2510 -
230 2494 253 2516 in
271 2499 355 2522 genere
375 2496 397 2516 et
421 2500 447 2516 ex
468 2494 640 2516 circumstantia
660 2494 700 2516 de-

137 2532 231 2560 pravavi
255 2536 352 2561 possunt
376 2539 418 2561 per
435 2533 531 2555 alieuius
551 2533 701 2555 fflrcumstan-

137 2571 184 2594 tiae
198 2571 352 2594 defectionem
370 2572 416 2594 237
430 2571 446 2594 7
463 2584 494 2588 --
511 2572 534 2594 in
547 2577 632 2599 genere
653 2573 702 2600 pot-

136 2610 230 2633 estfieri
248 2611 334 2633 maium
350 2617 378 2633 ex
392 2611 564 2633 circumstantia
582 2611 627 2633 238
645 2611 659 2632 9
670 2623 701 2627 —

138 2648 265 2671 secundum
283 2654 308 2671 se
322 2649 386 2671 ‘rt-ullo
403 2649 474 2671 modo
492 2651 567 2677 potest
581 2649 640 2671 ntale
651 2649 700 2671 fleri

136 2686 167 2710 ἑὸ.
184 2687 199 2708 7

181 2738 214 2744 —
231 2726 363 2749 Secundum
380 2727 469 2749 variam
487 2727 572 2749 summi
583 2725 701 2755 bonipar-

136 2765 293 2793 tietpnmnem
310 2768 364 2788 sunt
378 2765 487 2788 dri-versae
498 2768 632 2789 naturarum
649 2772 700 2794 per-

139 2804 246 2827 sectiones
260 2804 308 2826 263
327 2805 355 2826 12

185 2855 214 2859 -
225 2849 272 2865 non
283 2845 318 2866 est
326 2843 463 2871 simpliciter
472 2843 561 2866 bouum
569 2860 575 2871 ‚
585 2843 629 2866 nisi
642 2843 700 2866 bene

135 2882 177 2905 flat
203 2881 247 2904 142
264 2883 277 2904 2
298 2893 331 2899 -
355 2882 398 2904 nisi
412 2882 453 2904 ssat
468 2881 542 2909 bene,
559 2885 593 2905 est
618 2882 699 2905 vitium

136 2919 193 2943 ibid
211 2932 242 2937 —
258 2920 344 2943 Eadem
370 2921 429 2943 actio
442 2923 521 2949 ‘potest
536 2921 586 2943 fieri
602 2920 662 2944 bene
679 2924 701 2944 et

136 2960 198 2982 maie
222 2960 350 2982 secundum
376 2959 487 2983 rationem
510 2960 656 2983 diversorum
673 2961 701 2982 fl-

137 2999 200 3022 nium
219 3002 240 3021 et
257 2999 479 3022 circumstantiarum
497 2999 543 3021 266
562 3000 570 3021 1

830 228 929 257 INDEX
952 228 1198 257 ALPHABETICUS.

779 318 811 322 —
828 306 901 334 Saepe
918 305 962 328 sub
979 306 1057 334 specie
1074 305 1127 328 honi
1142 306 1238 328 latenter
1250 312 1299 328 ma-

733 345 780 368 lum
798 344 923 371 subintrat,
939 347 962 367 et
987 351 1028 373 per
1054 346 1097 367 hoc
1119 345 1194 367 maius
1210 344 1298 367 bonum

730 384 858 407 destruitur
875 386 897 406 et
912 383 1068 412 apertioribus
1080 384 1147 406 malis
1158 383 1234 406 aditus
1246 389 1298 411 ape·

731 423 790 446 ritur
809 424 852 445 438
871 423 883 445 3

779 475 810 478 -
827 468 872 485 non
889 462 942 484 ideo
960 462 1046 484 malum
1064 466 1110 489 est,
1127 462 1145 484 si
1162 462 1217 484 illud
1244 462 1298 484 mali

732 508 773 524 seu
790 501 852 524 stulti
869 501 949 524 dicunt
965 501 1052 523 malum
1069 501 1114 523 362
1133 500 1148 523 b
1165 513 1195 517 —
1208 501 1251 523 Vix
1263 501 1300 523 ali-

733 541 790 570 quid
808 541 832 563 fit
849 543 895 563 tam
914 546 986 568 pure,
1003 540 1059 568 quin
1086 540 1159 568 possit
1174 539 1204 562 ab
1221 540 1298 569 aliquo

733 579 824 602 sinistre
848 579 1006 607 interpretari,
1024 579 1091 607 quasi
1109 579 1169 601 male
1184 579 1225 601 fiat
1241 578 1295 602 ibid.

778 631 810 635 --
827 618 952 646 spiritualia
969 620 1022 640 sunt
1039 618 1100 640 utilia
1112 621 1133 640 et
1145 619 1240 640 honesta
1253 618 1297 640 290

735 658 758 680 11
780 669 811 674 -
828 657 963 685 temporalia
978 663 1026 679 uon
1043 660 1095 680 sunt
1113 657 1174 680 utilia
1192 660 1214 679 et
1226 657 1296 680 simul

734 698 828 719 honesta
845 696 907 725 ibid„
926 697 955 719 12

780 748 812 752 -
837 742 882 758 non
907 736 1139 764 solummeiendum,
1161 736 1203 758 sed
1226 736 1297 758 etiam

733 781 804 803 opene
812 775 967 797 exercendum
977 777 1011 797 est
1027 775 1068 797 132
1082 776 1094 796 2
1107 787 1138 791 -
1150 775 1226 797 Maiori
1236 774 1297 797 hono

734 814 811 837 minus
828 814 937 842 praeferri
954 820 1001 836 non
1018 813 1088 837 debet
1100 814 1144 836 319
1158 814 1171 835 9

780 865 811 869 -
822 852 1011 875 Consideratione
1023 853 1079 875 boni
1090 853 1252 876 rectificandus
1264 856 1298 876 est

733 892 841 914 stimulus
857 892 1010 914 conscientiae
1027 891 1041 914 4
1058 892 1081 914 3.
1098 892 1112 914 5
1130 892 1143 914 8

780 943 811 947 -
828 937 874 953 non
891 934 994 958 amatur,
1007 931 1049 953 nisi
1062 933 1215 958 cognoscatur
1235 930 1264 953 47
1284 931 1298 952 9

733 982 764 986 —
782 969 878 992 Devotio
896 970 1023 992 inflammat
1040 970 1070 991 ad
1087 970 1243 997 appetendum
1261 969 1299 992 bo-

734 1014 789 1030 num
811 1008 851 1030 147
870 1009 884 1030 2
897 1021 927 1024 —-
939 1008 1069 1031 Prosecutio
1087 1008 1202 1030 bonorum
1214 1011 1248 1030 est
1265 1014 1299 1030 ca-

733 1047 804 1069 ritatis
829 1048 858 1070 de
880 1047 1017 1070 conscientia
1036 1047 1094 1069 bona
1113 1047 1158 1069 245
1182 1048 1194 1070 3
1216 1060 1247 1064 -
1264 1048 1298 1070 Ad

733 1092 840 1115 quaeque
863 1086 923 1109 bona
947 1086 1037 1114 agenda
1063 1087 1176 1108 salutifera
1195 1087 1299 1109 excitatio

733 1128 767 1147 est
785 1125 902 1147 meditatio
926 1125 996 1147 futuri
1019 1125 1096 1147 iudicii
1122 1128 1144 1147 et
1170 1132 1297 1153 poenarum

734 1164 815 1186 inferni
833 1164 862 1187 55
883 1165 909 1186 10

779 1216 811 1221 -
827 1204 1021 1232 δίψα-ενοςίιυίτῦ
1033 1204 1166 1232 prosecutio
1184 1204 1297 1226 bonorum

733 1245 767 1265 est
783 1249 837 1271 pars
854 1243 1001 1270 persectionis
1017 1243 1166 1271 ewangelicae
1184 1243 1229 1265 245
1247 1243 1268 1271 ti,
1282 1244 1297 1265 6

732 1295 763 1298 -
780 1282 895 1304 Bonorum
914 1282 1078 1309 impedimenta
1094 1282 1126 1304 ad
1137 1283 1231 1310 plenum
1249 1288 1298 1305 sue-

728 1321 809 1344 cidere
825 1321 973 1349 perfectionis
990 1323 1024 1343 est
1040 1322 1082 1343 281
1105 1321 1134 1343 26

778 1372 810 1377 -
826 1360 950 1388 singularia
968 1360 1062 1382 celanda
1079 1363 1132 1382 sumn
1146 1360 1189 1382 351
1211 1359 1226 1382 b

778 1411 809 1415 —
825 1400 921 1427 Propter
939 1398 999 1421 bona
1016 1399 1096 1421 collata
1107 1399 1251 1422 offerendum
1263 1401 1309 1422 est*

732 1438 779 1461 Deo
793 1444 880 1461 aarum
898 1438 1027 1460 dilectionis
1043 1438 1219 1461 ardentissimae
1236 1438 1265 1460 94
1283 1438 1309 1464 k¹

728 1517 745 1538 6
764 1517 793 1538 10

778 1567 808 1571 -
825 1555 916 1578 Nullum
934 1555 1022 1577 bonum
1040 1555 1232 1578 irremuneratum
1251 1555 1265 1577 ὅ
1280 1551 1309 1578 7¹

1840 230 1896 258 687

1590 267 1646 291 BON

1379 318 1410 323 —
1426 307 1544 329 Bonorum
1563 306 1741 329 communicatio
1753 309 1787 329 est
1797 306 1821 329 in
1832 308 1895 329 caelo

1333 345 1378 367 290
1397 346 1434 367 13.
1456 352 1490 374 sq.

1379 397 1410 400 —
1426 385 1523 412 Expedit
1544 383 1658 408 Ecclesiae
1682 384 1768 407 habere
1792 390 1898 407 commu-

1332 423 1368 445 nia
1387 430 1429 451 pro
1445 424 1609 447 sustentatione
1621 424 1779 447 ministrorum
1790 426 1812 446 et
1826 423 1897 446 etiam

1333 467 1461 490 egenorum
1487 463 1527 485 421
1556 463 1570 485 7
1592 475 1624 480 —
1643 463 1744 486 Ecclesia
1763 463 1896 491 temporalia

1333 501 1393 523 bona
1411 502 1523 524 veraciter
1540 502 1643 530 possidet
1660 502 1708 524 iure
1720 501 1800 524 divino
1810 502 1897 530 pariter

1329 542 1355 562 et
1370 541 1473 563 humano
1491 541 1535 563 308
1557 542 1583 563 12
1606 553 1637 558 -
1656 541 1771 563 Ecclesiae
1787 540 1898 568 competit

1331 585 1413 602 verum
1423 579 1554 602 dominium
1567 586 1645 602 rerum
1658 580 1821 608 temporalium
1833 579 1863 602 ib.
1875 580 1896 602 9.

1330 624 1382 647 sqq.
1399 619 1446 641 312
1464 618 1477 641 4
1494 631 1525 636 -
1540 618 1578 641 Ob
1595 625 1653 648 quas
1668 619 1813 642 conditiones
1830 625 1897 647 expe-

1332 657 1398 680 diens
1425 657 1453 680 sit
1481 658 1593 680 Ecclesiae
1627 659 1745 681 facultates
1776 658 1896 686 possidere

1332 697 1377 719 322
1397 697 1424 718 19

1379 748 1409 752 -
1424 736 1459 758 De
1474 736 1525 758 iure
1542 736 1665 759 dotationis
1682 736 1790 759 ecclesiae
1804 737 1848 759 309
1867 737 1895 759 16

1329 787 1362 791 -
1389 775 1504 797 Distinctis
1530 775 1634 798 ecclesiis
1661 775 1766 798 distincta
1794 776 1896 798 dominia

1330 816 1465 842 competunt
1480 814 1526 836 308
1546 815 1574 836 12

1378 863 1409 868 -
1426 852 1525 874 Ecclesia
1543 855 1617 879 potest
1633 852 1719 875 habere
1736 858 1816 875 servos
1827 852 1897 881 origi-

1331 891 1408 913 narios
1433 894 1454 913 ct
1471 891 1625 919 adscriptitios
1640 894 1663 914 et
1678 892 1782 914 decimas
1797 894 1820 914 et
1836 891 1897 914 obla-

1332 929 1405 952 tiones
1419 930 1470 952 iure
1487 929 1566 952 divino
1583 930 1666 958 accipit
1683 930 1727 953 308
1746 931 1770 952 11

1379 981 1410 985 -
1427 969 1464 991 llla
1481 968 1567 997 quibus
1590 969 1659 991 utitur
1682 970 1792 998 Ecclesia,
1811 970 1831 992 in
1849 971 1896 992 nul-

1333 1007 1376 1029 lius
1393 1010 1445 1030 sunt
1469 1007 1536 1029 bonis
1556 1008 1708 1036 proprietarie
1724 1009 1803 1037 quoad
1821 1015 1896 1036 perso·

1332 1052 1398 1073 nam,
1418 1049 1471 1068 sunt
1489 1049 1564 1068 tamen
1582 1047 1675 1075 propria
1692 1048 1896 1070 communitatibus

1332 1085 1480 1107 ecclesiarum
1494 1085 1538 1107 422
1551 1086 1564 1107 8
1576 1098 1607 1102 -
1618 1086 1769 1108 ecclesiastica
1787 1093 1831 1109 non
1844 1090 1897 1109 sunt

1332 1124 1439 1152 propria,
1457 1124 1497 1147 sed
1516 1125 1656 1152 communia,
1678 1125 1700 1147 id
1723 1128 1757 1148 est
1779 1126 1896 1148 communi

1332 1163 1419 1185 utilitati
1438 1163 1567 1186 viventium
1585 1164 1697 1186 destinata
1716 1164 1760 1186 285
1773 1165 1809 1186 38.
1823 1165 1867 1187 395
1881 1165 1895 1187 7

1379 1214 1408 1218 -
1437 1202 1519 1225 Omnia
1547 1202 1607 1225 bona
1633 1203 1747 1226 Ecclesiae
1770 1203 1851 1226 Christi
1874 1207 1896 1226 et

1329 1248 1412 1264 omnes
1442 1242 1612 1270 superfluitates
1643 1242 1741 1265 divitum
1769 1246 1822 1265 sunt
1850 1249 1894 1266 una

1330 1280 1462 1308 respublica
1479 1287 1609 1309 pauperum
1629 1281 1673 1304 424
1691 1282 1720 1304 23
1737 1294 1768 1298 -
1785 1282 1809 1304 ln
1826 1283 1896 1310 parti-

1330 1320 1445 1347 cipatione
1474 1320 1542 1342 huius
1568 1320 1709 1348 reipublicae
1738 1323 1800 1343 tanto
1829 1327 1895 1344 unus-

1308 1376 1309 1379 ,
1330 1359 1429 1387 quisque
1445 1359 1523 1381 minus
1540 1360 1596 1382 alios
1607 1360 1683 1387 laedit,
1700 1362 1786 1388 quanto
1804 1360 1896 1388 paucio-

1329 1397 1394 1420 ribus
1406 1400 1439 1420 est
1451 1400 1573 1420 contentus
1588 1397 1644 1421 ibid.

1378 1449 1407 1452 —
1424 1437 1576 1460 ecelesiastica
1588 1437 1742 1465 dispensanda
1759 1441 1896 1460 suutexem-

780 1489 810 1494 --
828 1477 870 1499 Per
888 1477 947 1499 mala
960 1477 1024 1505 digni
1037 1483 1119 1499 sumus
1128 1477 1197 1500 bonis
1209 1472 1309 1522 privaril
1331 1476 1368 1503 plo
1383 1475 1468 1498 Christi
1483 1476 1596 1499 ministris
1621 1477 1735 1499 Ecclesiae
1751 1480 1773 1499 et
1790 1477 1896 1505 pauperi-

1307 1526 1309 1544 y
1327 1514 1374 1537 bus
1390 1515 1437 1538 284
1455 1515 1484 1537 38

1377 1566 1408 1570 -
1426 1554 1538 1576 Ecclesiae
1556 1554 1695 1582 dispensari,
1713 1555 1752 1577 sed
1778 1561 1822 1577 non
1840 1555 1894 1578 dila-

777 1606 809 1611 —-
822 1593 985 1617 commutabile
1007 1597 1041 1617 est
1063 1595 1174 1622 exter-ins,
1203 1587 1309 1636 interius]
1328 1593 1405 1621 pidari
1423 1596 1520 1621 possunt
1537 1594 1583 1616 322
1601 1594 1630 1615 19
1642 1606 1672 1610 —-
1685 1593 1836 1616 ecclesiastica
1850 1600 1895 1616 non

731 1636 754 1656 et
771 1634 865 1656 inferius
882 1633 927 1656 245
946 1634 960 1656 5

780 1685 810 1689 -
826 1672 893 1695 Circa
912 1678 948 1695 res
965 1673 1104 1701 temporales
1126 1675 1228 1701 quatuor
1245 1679 1309 1702 con-¹

731 1711 854 1734 sideranda
878 1714 931 1734 sunt
950 1712 996 1734 312
1020 1712 1033 1734 5
1051 1724 1080 1728 --
1099 1711 1166 1734 {Circa
1182 1703 1309 1744 tempora-4³

729 1751 787 1773 tium
805 1750 920 1773 bonorum
932 1751 1104 1779 possessionem
1124 1751 1234 1779 contingit
1245 1745 1310 1773 con-l

729 1828 847 1851 honorum
865 1830 1027 1857 temporalium
1050 1832 1087 1851 ¹est
1108 1829 1242 1852 necessario
1258 1836 1309 1852 an-=

729 1874 803 1891 nexus
817 1869 881 1891 vitae
894 1869 1012 1896 praesenti
1027 1867 1082 1891 «hid.

775 1920 810 1925 —
825 1907 963 1935 temporalia
978 1907 1146 1935 promittuntur
1167 1914 1180 1930 a
1198 1907 1296 1930 Domino

729 1946 760 1969 ad
777 1947 947 1969 haereticorum
966 1947 1129 1969 confutandam
1142 1946 1261 1974 perfidiam
1271 1950 1297 1970 -et

732 1992 746 2008 a
767 1985 880 2008 cordibus
905 1985 1008 2008 fidelium
1032 1985 1184 2008 dittiidemiam
1200 1992 1295 2008 omnem

732 2025 856 2047 tollendam
873 2025 918 2047 282
937 2025 965 2047 39

780 2077 810 2081 -
826 2064 980 2093 Quadruplex
997 2067 1031 2087 est
1043 2064 1200 2087 «eommunitas
1216 2070 1295 2087 rerum
1308 2079 1309 2082 ,

730 2103 896 2131 temporalium
920 2103 964 2125 309
985 2103 1021 2125 43.
1038 2109 1089 2132 sqq.
1106 2116 1137 2119 —
1159 2104 1309 2133 temporatia&

733 2148 775 2170 pro
793 2142 842 2164 aliis
859 2142 979 2170 possidere
996 2148 1022 2164 ac
1045 2142 1179 2170 dispensane
1194 2142 1250 2165 nihil
1264 2135 1309 2178 de}

731 2181 822 2203 ratione
838 2181 984 2209 perfectionis
997 2181 1108 2204 ‹diminuit
1126 2182 1170 2204 312
1184 2182 1201 2203 Ι’6

779 2232 810 2237 -
824 2220 908 2243 Omnia
926 2222 979 2242 sunt
996 2219 1057 2242 bona
1075 2220 1238 2248 essentialiter,
1255 2218 1309 2244 sed‘

731 2259 905 2282 ooeasimafiter
922 2259 981 2281 mala
996 2265 1025 2281 ex
1042 2260 1143 2282 humana
1163 2260 1297 2282 infirmitate

733 2298 778 2321 4¹23
796 2298 825 2320 17
841 2310 873 2315 -
889 2298 1083 2326 Augmentatione
1097 2299 1233 2326 temporalis
1244 2297 1309 2322 sub-¹

730 2337 830 2359 stantIae
846 2337 962 2365 cupiditas
978 2343 1023 2359 non
1039 2337 1194 2365 abscinditur,
1206 2338 1247 2360 sed
1258 2344 1296 2360 au·
1308 2352 1309 2358 1

732 2378 812 2403 getur,
828 2378 852 2398 et
877 2376 959 2398 caritas
978 2376 1057 2404 potius
1074 2376 1208 2403 perimitur,
1225 2382 1295 2405 quam

733 2418 832 2442 augetur
849 2415 893 2437 282
912 2415 937 2436 31
958 2426 989 2431 --
1007 2415 1028 2436 ln
1047 2414 1114 2437 bonis
1133 2414 1297 2437 communibus

730 2456 767 2476 est
784 2453 911 2482 pez-imnum
929 2453 988 2476 sieut
1004 2454 1027 2475 in
1044 2453 1145 2481 propriis
1156 2454 1202 2476 395
1219 2454 1233 2476 7

779 2504 810 2509 -
833 2492 923 2520 Omne,
949 2493 998 2515 sive
1022 2498 1159 2521 eornmune,
1179 2493 1229 2516 sive
1245 2499 1297 2521 pao·

733 2531 822 2560 prium,
840 2532 925 2554 ausen-i
940 2534 1018 2559 potest
1031 2534 1056 2554 et
1072 2532 1139 2559 pendi
1157 2531 1203 2554 274
1220 2532 1233 2554 8

777 2583 811 2587 —-
824 2570 931 2593 Christus
946 2570 1025 2593 docuit
1042 2571 1203 2599 tempora-lium
1225 2570 1310 2594 bono-¹

733 2615 785 2632 rum
801 2609 942 2632 affluentiam
969 2610 1122 2637 spernendam
1142 2616 1189 2632 non
1206 2608 1314 2638 sperari-l

731 2648 787 2671 dam
806 2649 850 2671 283
868 2649 894 2670 31
915 2661 946 2665 --
958 2649 1019 2671 Bona
1030 2649 1166 2677 temporalia
1177 2650 1297 2677 possidere

731 2693 779 2710 non
794 2690 830 2710 est
847 2691 996 2716 praeceptum
1013 2687 1070 2710 viris
1082 2688 1189 2716 perfectis
1199 2689 1239 2710 291
1257 2688 1295 2711 ts.

733 2733 768 2756 sq.
780 2738 812 2743 —
823 2727 969 2756 temporalia,
987 2727 1037 2749 licet
1054 2727 1098 2749 sint
1114 2730 1232 2750 creaturae
1244 2727 1297 2755 Dei,

731 2768 786 2788 sunt
797 2765 927 2794 spernenda
945 2772 956 2788 a
974 2766 1081 2794 perfectis
1093 2766 1134 2788 961
1152 2767 1180 2788 12
1193 2778 1222 2782 -
1234 2766 1296 2788 Bona

734 2805 867 2833 temporalia
885 2811 997 2833 quaerere
1014 2807 1047 2827 est
1064 2805 1208 2827 infirmorum
1217 2804 1265 2827 237
1282 2806 1310 2838 6}

780 2855 811 2861 ·-
825 2843 992 2866 delectabiliter
1015 2849 1119 2872 possessu
1144 2843 1257 2866 vilescunt
1274 2844 1309 2869 inl

732 2882 906 2910 comparatione
923 2888 976 2905 cum
993 2882 1081 2910 gaudio
1092 2882 1147 2905 caeli
1165 2883 1194 2905 5⁸
1210 2883 1226 2904 8

777 2933 812 2938 ——-
821 2922 881 2944 Bona
891 2922 1028 2949 temporalia
1034 2921 1296 2950 contemnerem-ando
1307 2919 1309 2926 ’

733 2960 860 2983 offeruntur
876 2966 961 2988 magna
979 2963 1001 2982 et
1023 2960 1114 2988 pulcra,
1131 2960 1247 2983 difficilius
1260 2963 1297 2983 est

733 3006 760 3022 ex
775 3000 946 3022 circumstantia
956 2999 1099 3022 extrinsecus
1110 3005 1196 3022 annexa
1208 2999 1254 3022 248
1267 3000 1296 3022 17

1308 1642 1309 1648 1
1329 1635 1383 1654 sunt
1407 1639 1448 1660 per
1471 1633 1567 1655 modum
1594 1633 1764 1660 dilapidationis
1789 1632 1895 1656 habenda

1329 1672 1472 1699 contemptui
1489 1672 1534 1694 292
1553 1672 1581 1693 ¹18
1599 1684 1630 1688 —
1646 1672 1706 1694 Boua
1725 1672 1839 1695 Ecclesiae
1862 1672 1896 1694 di-

1327 1710 1373 1738 ripi
1390 1717 1434 1733 non
1450 1711 1504 1733 iicet.
1520 1710 1565 1733 294
1583 1711 1611 1733 23

1376 1761 1407 1766 -
1425 1750 1487 1772 Sacri
1509 1750 1615 1772 doctores
1636 1753 1658 1772 et
1681 1750 1783 1772 Canones
1806 1757 1896 1778 posses-

1328 1788 1407 1811 siones
1424 1788 1537 1811 Ecclesiae
1554 1789 1717 1811 commendant
1733 1792 1759 1811 ut
1773 1789 1853 1817 licitas,
1871 1793 1895 1812 ut

1327 1827 1490 1855 expedientes,
1509 1830 1534 1851 ut
1557 1828 1692 1856 perfectioni
1717 1828 1896 1856 compossibites

1308 1864 1309 1902 ᾗ
1330 1867 1374 1889 288
1391 1866 1406 1888 7
1424 1879 1455 1884 —
1470 1867 1627 1889 Ecclesiastica
1650 1867 1744 1895 praedia
1761 1867 1810 1890 sine
1825 1867 1894 1890 detri-

1330 1908 1407 1928 mento
1424 1906 1570 1934 perfectionis
1588 1905 1667 1928 haberi
1684 1909 1780 1934 possunt
1797 1907 1842 1929 289
1859 1907 1873 1929 9

1376 1957 1407 1962 -
1423 1945 1472 1967 Non
1487 1947 1604 1973 repugnat
1621 1945 1756 1973 perfectioni
1770 1948 1893 1974 quantum-

1326 1990 1432 2012 cumque
1456 1984 1567 2012 pauperis
1591 1984 1743 2007 ecclesiastica
1760 1984 1835 2012 bona,
1851 1985 1893 2007 itu-

1329 2026 1424 2051 perante
1453 2023 1564 2051 Ecclesia,
1591 2024 1710 2051 suscipere
1738 2023 1894 2052 dispensanda

1327 2062 1374 2084 293
1392 2063 1428 2084 22.
1448 2062 1491 2085 422
1509 2062 1523 2084 7
1546 2074 1579 2079 --
1595 2062 1740 2090 Dispensatio
1762 2063 1893 2086 facultatum

1328 2101 1443 2123 Ecclesiae
1460 2107 1471 2123 a
1485 2101 1541 2124 viris
1552 2101 1638 2124 sanctis
1651 2101 1807 2124 administrari
1819 2104 1894 2130 potest

1330 2139 1419 2169 absque
1436 2141 1573 2163 detrimento
1591 2141 1748 2168 perfectionis,
1766 2141 1807 2163 sed
1823 2141 1895 2169 perfe-

1307 2189 1309 2193 ·
1326 2181 1429 2204 aionem
1451 2180 1486 2202 eis
1510 2186 1559 2202 non
1580 2180 1675 2202 eontulit
1699 2186 1780 2202 eanum
1797 2180 1894 2202 admini-

1329 2220 1422 2248 stt-atio,
1437 2219 1479 2242 sed
1497 2221 1643 2246 contemptus
1660 2219 1704 2241 293
1721 2219 1748 2241 21

1376 2272 1406 2275 -
1424 2258 1524 2281 Ecclesia
1547 2258 1620 2280 ditata
1643 2258 1831 2286 possessionibus
1849 2264 1895 2281 non

1326 2298 1403 2321 crevit
1416 2298 1504 2320 virtute
1520 2297 1565 2319 289
1579 2297 1596 2319 9
1610 2309 1639 2313 -·
1652 2297 1712 2319 Bona
1728 2297 1894 2322 ecclesiastica.

1326 2337 1371 2360 etsi
1386 2336 1463 2363 «utilia,
1486 2342 1534 2359 non
1558 2338 1611 2358 sunt
1628 2342 1669 2363 per
1691 2342 1718 2357 se
1735 2336 1829 2358 honesta
1848 2336 1893 2358 290

1331 2376 1367 2398 tt.
1415 2394 1420 2397 .

1374 2382 1411 2431 —s-(I
1432 2414 1544 2437 Haeretici
1570 2413 1675 2442 peruersi
1698 2414 1824 2436 Ecclesiam
1854 2414 1893 2436 Dei

1308 2453 1310 2472 ἰ
1330 2456 1425 2482 propter
1443 2453 1601 2481 possessiones
1618 2455 1725 2481 acceptas
1742 2458 1755 2475 a
1776 2455 1836 2475 statu
1860 2453 1894 2475 iu-

1326 2493 1403 2515 stitiae
1418 2494 1443 2515 et
1465 2492 1614 2520 perfectitmis
1638 2494 1743 2514 asserunt
1760 2498 1810 2514 esse
1827 2492 1893 2514 colla·

1328 2537 1396 2560 psam
1411 2531 1459 2553 288
1476 2531 1490 2553 7

1376 2583 1407 2587 ——-
1426 2571 1517 2593 Statum
1540 2570 1687 2598 modumque
1711 2569 1806 2593 vivendi
1827 2576 1893 2598 prae-

1326 2610 1429 2633 sentium
1445 2612 1579 2637 temporum
1601 2608 1665 2631 vitae
1686 2608 1771 2631 Christi
1785 2611 1810 2631 «et
1833 2609 1893 2637 Αῃο-

1326 2648 1441 2671 stolomm
1456 2649 1588 2676 panesa-ne,
1605 2650 1640 2670 est
1655 2647 1798 2675 apertissime
1810 2648 1892 2670 falsum

1330 2688 1375 2710 289
1393 2688 1406 2709 9

1374 2738 1408 2743 v—
1424 2726 1493 2748 Bonis
1508 2725 1669 2748 ecclesiasticis
1691 2725 1713 2747 hi
1739 2725 1824 2754 quibus
1849 2725 1893 2748 (lis-

1328 2765 1434 2794 pensatio
1451 2765 1556 2793 ipsorum
1578 2764 1740 2791 committitur,
1765 2764 1893 2787 nullatenus

1330 2804 1416 2827 debent
1432 2804 1518 2832 alligari
1536 2805 1617 2826 aflectu
1634 2804 1679 2826 292
1697 2803 1725 2825 18
1742 2815 1774 2820 -
1790 2803 1893 2826 ecclesia·

1326 2844 1385 2866 ,stica
1401 2842 1462 2866 {bene
1477 2843 1596 2865 utentibus
1613 2845 1665 2865 sunt
1682 2842 1775 2865 materia
1787 2848 1893 2864 exercen-

1327 2883 1413 2905 darum
1430 2882 1555 2909 virtutum,
1573 2881 1722 2904 abutentibus
1738 2884 1791 2904 suut
1806 2882 1894 2904 fomen-

1327 2924 1379 2944 rtnm
1403 2921 1581 2944 multiformium
1604 2921 1782 2949 perversitatum
1801 2920 1846 2942 290
1864 2920 1893 2942 tt

1329 2973 1360 2977 —-
1385 2960 1537 2983 ecclesiastica
1561 2959 1650 2983 tabere
1675 2965 1722 2982 non
1746 2962 1822 2988 potest
1848 2959 1893 2982 dici

1330 2999 1427 3028 impium
1445 3002 1540 3028 propter
1559 3000 1692 3028 aliquorum
1715 2998 1828 3027 abusum,
1849 3005 1892 3022 nec
