2133 3317
753 377 1061 415 OPUSOULUM
1093 379 1184 414 XII.

4 482 6 512 ¹
196 509 585 587 EPISTOLA
621 510 731 565 DE
771 510 1064 566 TRIBUS
1102 510 1747 578 QUAESTIONIBUS

581 662 647 704 AD
676 661 962 704 MAGISTRUM
990 662 1339 705 INNOMINATUM
1355 658 1364 676 ¹

181 1213 204 1240 1.
221 1211 390 1240 lnnominato
405 1211 535 1248 magistro
553 1211 681 1248 spiritum
700 1211 894 1249 intelligentiae
914 1214 942 1241 et

0 1269 90 1314 ἕπῃ
101 1257 223 1287 veritatis
235 1257 260 1286 ²!
277 1257 420 1294 Proponis,
436 1257 589 1292 carissime,
605 1260 636 1286 ut
651 1257 699 1286 tibi
714 1260 771 1286 tres
784 1258 894 1286 articuli
908 1258 941 1286 de

53 1293 78 1313 ὼ·
101 1304 202 1342 Regula
222 1304 349 1333 Fratrum
369 1304 507 1333 Minorum
528 1304 722 1338 absolvantur,
745 1304 778 1333 de
798 1304 901 1341 quibus
915 1307 942 1333 te

100 1351 219 1380 ostendis
239 1350 367 1388 pluribus
384 1350 538 1379 rationibus
551 1351 691 1385 dubitare,
709 1350 812 1379 scilicet
826 1350 859 1379 de
874 1359 941 1387 pau-

99 1400 218 1435 pertate,
233 1397 327 1426 labore
346 1405 481 1426 manuum
495 1400 523 1426 et
543 1397 634 1426 studio
652 1397 821 1426 scholarium
842 1400 870 1426 et
887 1405 942 1426 ma-

0 1455 84 1500 Ιῃαῳωῑο
100 1444 258 1481 gistrorum.
274 1460 311 1464 —
325 1443 394 1472 Cum
415 1443 487 1472 enim
502 1444 605 1480 Regula
615 1443 626 1460 ⁸
647 1443 734 1477 dicat,
756 1444 830 1480 quod
850 1455 863 1469 (ι
878 1444 941 1473 Fra-

8 1483 69 1504 ω’
99 1493 157 1519 tres
176 1498 230 1519 non
252 1490 385 1527 recipiant
413 1490 557 1527 pecuniam
580 1498 629 1527 per
657 1498 686 1519 se
707 1490 750 1519 vel
778 1498 827 1527 per
856 1491 941 1519 inter-

99 1537 214 1574 positam
236 1544 382 1573 personam
404 1548 434 1571 »;
456 1539 484 1565 et
504 1544 632 1571 rursum,
658 1548 671 1561 α
686 1544 736 1565 nec
757 1536 869 1566 domum
891 1545 941 1566 nec

99 1583 191 1613 locum
211 1591 262 1613 nec
274 1583 394 1620 aliquam
416 1591 474 1612 rem
497 1583 547 1612 sibi
569 1584 749 1620 appropriant
763 1595 790 1618 »;
812 1584 941 1613 videntur

99 1629 148 1658 tibi
167 1630 277 1658 Fratres
297 1629 325 1658 in
346 1629 398 1658 hoc
419 1629 537 1666 Regulae
558 1629 711 1663 contraire,
740 1637 803 1658 cum
824 1630 873 1658 tibi
901 1630 941 1658 vi-

99 1675 216 1705 deantur
243 1676 389 1713 pecuniam
409 1684 459 1713 per
480 1675 671 1712 interpositam
698 1683 845 1713 personam
871 1677 940 1705 reci-

99 1729 180 1759 pere,
201 1722 286 1751 libros
307 1722 410 1751 habere
431 1724 458 1751 et
471 1722 578 1756 domos,
601 1730 664 1751 cum
686 1730 740 1751 non
762 1722 866 1759 possint
892 1723 940 1752 ha-

0 1779 83 1800 somaa.
99 1776 163 1798 rum
183 1776 280 1798 rerum
308 1776 378 1806 quas
399 1768 500 1797 habent
527 1768 653 1797 dominos
673 1769 820 1806 assignare.
850 1785 886 1790 —
912 1770 940 1798 In

99 1815 192 1844 labore
212 1815 293 1844 etiam
308 1823 441 1844 manuum
462 1815 513 1844 sibi
535 1815 658 1844 iniuncto
668 1816 689 1850 4,
711 1818 743 1844 ut
757 1815 806 1844 tibi
820 1815 940 1850 videtur,

99 1862 151 1891 sub
178 1865 340 1899 praecepto,
369 1862 520 1899 culpabiles
547 1862 596 1890 tibi
624 1861 769 1896 videntur,
798 1870 862 1891 cum
890 1870 940 1891 nec

99 1908 159 1937 laici
180 1908 306 1937 laborent
326 1908 354 1937 in
381 1908 512 1946 operibus
532 1908 699 1937 mechanicis
727 1915 778 1937 nec
799 1908 890 1937 clerici
912 1909 940 1937 in

99 1954 177 1984 libris
198 1962 282 1984 manu
303 1955 415 1992 propria
436 1954 603 1989 scribendis,
633 1955 699 1992 quin
721 1955 813 1992 potius
834 1955 940 1992 magnis

99 2002 236 2031 sumtibus
256 2001 360 2031 faciunt
379 2009 426 2031 eos
446 2001 546 2036 scribi,
567 2009 599 2030 ac
619 2002 641 2030 si
662 2001 736 2038 apud
757 2009 786 2031 se
806 2001 940 2030 haberent

162 2196 168 2209 ¹
181 2196 238 2219 Cod.
251 2197 278 2219 1²:
293 2205 302 2217 ι
316 2197 476 2219 Determinatio
488 2197 635 2225 quorundam
647 2197 796 2220 articulorum
809 2198 838 2220 de
851 2198 939 2225 Regula

99 2235 202 2258 Fratrum
215 2235 327 2258 lilinorum
347 2241 389 2263 per
405 2236 526 2258 dominum
542 2236 728 2258 Bonaventuram
746 2240 799 2258 tune
816 2236 939 2264 degentem

99 2273 197 2296 parisius
213 2274 273 2296 edita
291 2277 314 2296 et
329 2274 462 2296 transmissa
480 2274 573 2296 cuidam
590 2274 612 2296 in
630 2274 718 2297 artibus
734 2274 868 2297 liberalibus
890 2281 939 2297 ma-

99 2313 181 2341 gistro,
198 2319 280 2335 averso
297 2312 326 2335 ab
343 2313 429 2335 Ordine
451 2319 493 2340 per
509 2313 623 2341 quosdam
646 2313 749 2335 aemulos
766 2314 859 2336 alterius
875 2313 939 2336 Ordi-

99 2351 134 2373 nis
150 2351 277 2379 Religiosos
288 2360 310 2374 a.
321 2363 352 2368 —
364 2351 439 2374 Verba
452 2351 520 2373 huius
536 2351 622 2374 codicis
639 2352 803 2374 confirmantur
820 2352 871 2380 ipso
884 2358 939 2380 opu-

99 2391 161 2413 sculo
168 2399 174 2418 ς
186 2390 239 2413 vide
252 2391 354 2413 ultimam
366 2390 546 2418 propositionem
557 2391 579 2412 in
591 2397 615 2412 n.
631 2391 649 2412 1.
660 2391 785 2419 Praecipue
796 2397 852 2414 vero
863 2394 939 2414 notan-

99 2430 155 2452 dum
172 2432 206 2452 est
222 2429 277 2452 illud
294 2429 475 2452 additamentum
487 2430 537 2452 sine
547 2429 620 2452 dubio
631 2429 771 2457 genuinum,
784 2430 848 2458 quod
859 2430 881 2452 in
894 2430 939 2453 fine

99 2469 211 2497 Epistolae
228 2468 363 2491 exhibemus
379 2468 409 2491 ad
425 2469 510 2491 calcem
524 2474 549 2491 ex
562 2468 614 2490 cod.
625 2469 641 2491 L
654 2468 757 2490 omnium
771 2468 867 2491 aliorum
885 2469 940 2491 anti-

99 2507 191 2536 quiore,
214 2507 280 2530 cuius
300 2510 362 2530 aetas
383 2507 485 2530 aseendit
507 2513 581 2536 usque
597 2507 627 2529 ad
643 2507 712 2529 finem
729 2508 814 2530 saeculi
836 2508 890 2530 Xlll.
914 2508 939 2530 ld

99 2545 162 2575 quod
178 2545 210 2569 ibi
226 2545 308 2568 dicitur
325 2546 355 2568 de
371 2546 474 2574 quodam
491 2546 606 2574 Religioso
623 2546 715 2568 alterius
732 2546 818 2574 egregii
836 2546 939 2575 Ordinis,

99 2584 197 2607 amicitia
213 2590 267 2607 cum
284 2585 307 2606 S.
324 2584 482 2607 Bonaventura
498 2584 624 2611 coniuncti,
636 2583 694 2607 bene
706 2584 814 2606 convenit
830 2584 939 2612 epistolae

99 2623 128 2646 ad
145 2623 258 2651 prix-atam
279 2629 402 2651 personam
424 2623 533 2651 scriptae,
550 2629 596 2645 non
612 2628 667 2645 vero
685 2622 778 2650 publico
801 2624 856 2645 soro.
881 2622 939 2645 Con-

98 2664 231 2684 sentaneum
248 2661 317 2689 igitur
336 2664 395 2688 erat,
409 2662 463 2684 iilud
479 2662 661 2684 additamentum
679 2661 831 2689 supprimere,
845 2661 939 2690 quando

99 2701 155 2723 haec
177 2700 276 2728 Epistola
297 2699 412 2728 publicata
429 2703 463 2723 est
478 2701 527 2723 sive
543 2700 574 2722 ab
591 2700 641 2728 ipso
658 2702 761 2726 auctore,
778 2700 828 2722 sive
845 2699 874 2721 ab
891 2700 939 2722 aliis

99 2738 222 2761 Fratribus.
244 2738 302 2761 Cum
319 2739 478 2761 Bonaventura
497 2739 560 2761 illum
579 2738 715 2766 magistrum
733 2738 825 2766 invitet,
841 2744 888 2760 non
904 2744 938 2761 so-

99 2777 146 2800 lum
163 2780 189 2800 ut
204 2777 282 2805 ipsum
299 2777 386 2805 visitet,
403 2777 445 2800 sed
461 2778 529 2800 etiam
547 2780 572 2799 ut
589 2776 667 2800 Ordini
688 2776 800 2799 lilinorum
817 2782 842 2799 se
858 2783 939 2805 aggre-

99 2819 148 2844 get,
164 2816 218 2838 satis
235 2815 372 2843 insinuatur,
389 2816 490 2838 eundem
507 2816 553 2838 iam
575 2821 715 2844 propensum
739 2815 808 2838 fuisse
830 2815 859 2838 ad
879 2817 938 2838 hanc

100 2854 170 2877 vitam
186 2855 362 2883 assumendam,
379 2855 420 2878 sed
437 2858 515 2883 postea
533 2855 593 2877 salsis
610 2855 675 2877 istius
692 2854 799 2882 Religiosi
812 2855 938 2878 incrimina-

100 2893 198 2916 tionibus
214 2894 349 2921 scrupulum
367 2894 396 2916 de
412 2896 471 2916 statu
489 2897 510 2916 et
527 2894 600 2916 salute
615 2894 719 2916 Fratrum
738 2893 872 2921 concepisse
889 2895 938 2917 has-

99 2938 144 2960 que
164 2931 318 2955 dubitationes
339 2935 417 2955 sancto
439 2933 544 2955 Generali
566 2932 658 2955 Ordinis
680 2932 875 2959 communicasse,
897 2933 937 2961 qui

100 2970 152 2993 inde
169 2971 251 2993 sumsit
267 2971 411 2993 occasionem
429 2971 544 2993 scribendi
561 2972 619 2994 hanc
639 2971 770 2999 Epistulam.
786 2983 818 2988 —
834 2971 937 3000 Denique

998 1212 1194 1241 numismatum
1210 1221 1395 1249 percussores.
1411 1230 1449 1235 —-
1464 1214 1616 1248 Postremo,
1638 1215 1665 1243 in
1680 1215 1838 1252 magisterio
1855 1224 1925 1243 Tertia⁴

998 1261 1025 1287 et
1045 1258 1136 1287 studio
1157 1259 1344 1296 philosophiae
1365 1260 1474 1289 Fratres
1495 1260 1675 1295 condemnas;
1704 1269 1768 1290 cum
1790 1262 1840 1291 Re-

998 1305 1084 1342 gula⁵
1105 1305 1192 1340 dicat,
1218 1306 1290 1343 quod
1317 1318 1331 1331 <‹
1351 1315 1405 1335 non
1426 1311 1525 1336 curent
1553 1308 1705 1336 nescientes
1734 1308 1838 1337 litteras

998 1351 1103 1380 litteras
1117 1351 1222 1381 discere
1233 1364 1260 1387 »‚
1275 1353 1384 1382 Fratres
1398 1353 1563 1391 plerumque
1578 1357 1632 1383 tam
1648 1354 1738 1383 clerici
1755 1363 1838 1392 quam

998 1398 1135 1435 magistri,
1157 1398 1204 1435 qui
1226 1399 1308 1428 etiam
1329 1400 1356 1428 in
1378 1400 1487 1429 saeculo
1515 1400 1717 1437 philosophiam
1738 1409 1837 1438 parum

998 1448 1046 1474 aut
1066 1445 1134 1473 nihil
1163 1445 1323 1480 audierunt,
1352 1446 1479 1481 student,
1501 1447 1638 1481 lectitant,
1666 1447 1838 1484 scriptitant,

998 1491 1083 1520 immo
1110 1492 1184 1528 quod
1212 1492 1274 1528 plus
1305 1495 1358 1526 est,
1387 1493 1506 1528 laniant,
1534 1493 1667 1530 dissipant
1694 1497 1721 1522 et
1746 1494 1839 1523 aedifi-

998 1540 1068 1567 cant.
1090 1538 1144 1567 Nec
1165 1538 1274 1567 videtur
1296 1539 1357 1573 tibi,
1380 1542 1470 1568 tantae
1491 1540 1654 1569 humilitatis
1678 1540 1839 1577 professori-

998 1584 1051 1613 bus
1072 1592 1151 1621 posse
1171 1588 1327 1622 competere
1348 1593 1447 1615 nomen
1462 1586 1614 1623 magistri,
1633 1595 1696 1615 cum
1718 1587 1770 1615 hoc
1791 1595 1838 1616 no-

997 1639 1060 1660 men
1082 1631 1207 1660 videatur
1236 1632 1367 1661 Dominus
1388 1632 1415 1661 in
1438 1632 1582 1670 Evangelio
1607 1633 1756 1662 Matthaei⁶
1781 1634 1839 1663 suis

997 1677 1138 1714 discipulis
1166 1678 1307 1713 inhibere,
1328 1687 1448 1715 quorum
1470 1687 1519 1708 nos
1547 1679 1666 1708 dicimur
1687 1680 1838 1709 imitatores

998 1727 1129 1761 tanquam
1150 1724 1319 1761 professores
1340 1725 1477 1762 Evangelii
1498 1726 1559 1754 Iesu
1573 1726 1683 1755 Christi.
1700 1742 1736 1747 —-
1751 1727 1838 1761 Haeo,
1856 1738 1970 1758 notandum.

998 1773 1029 1798 ut
1050 1770 1164 1805 asseris,
1187 1771 1235 1799 tibi
1256 1771 1284 1799 in
1307 1771 1388 1800 corde
1409 1771 1442 1800 de
1463 1775 1536 1800 statu
1558 1775 1585 1801 et
1605 1772 1693 1801 salute
1711 1772 1837 1801 Fratrum

997 1817 1161 1853 scrupulum
1183 1821 1315 1854 generant
1329 1821 1356 1846 et
1370 1821 1445 1847 tuam
1464 1819 1657 1848 conscientiam
1675 1819 1836 1856 inquietant.

998 1863 1086 1900 Super
1107 1863 1174 1892 haec
1195 1864 1271 1893 addis
1298 1864 1476 1893 assertionem
1505 1865 1693 1902 quorundam,
1718 1866 1765 1902 qui
1787 1865 1835 1894 tibi

997 1909 1048 1938 nisi
1070 1913 1135 1938 sunt
1156 1910 1226 1938 hanc
1247 1911 1439 1940 conscientiam
1460 1911 1494 1940 de
1514 1911 1657 1941 Fratribus
1677 1911 1820 1941 fabricare.

1075 1957 1102 1985 Ξ.
1124 1956 1235 1985 Intende
1256 1957 1340 1993 igitur
1360 1957 1387 1986 in
1403 1965 1435 1986 ea
1455 1966 1526 1995 quae
1540 1958 1667 1987 dicturus
1687 1966 1761 1992 sum;
1783 1958 1836 1987 da·
1854 1970 1962 1997 incipim-

997 2001 1037 2030 bit
1056 2002 1132 2030 enim
1148 2002 1200 2031 tibi
1221 2003 1363 2031 Dominus
1377 2003 1506 2040 precibus
1520 2004 1655 2041 gloriosae
1676 2004 1796 2041 Virginis
1810 2007 1836 2032 et
1866 1998 1949 2017 ³⁹⁰⁰⁸¹⁰’

996 2197 1162 2225 observamus,
1179 2198 1270 2220 codices
1288 2201 1376 2220 nostros
1399 2198 1510 2226 praehere
1532 2199 1644 2221 insolitam
1667 2200 1834 2222 multitudinem

996 2237 1134 2259 variantium
1151 2237 1282 2259 lectionum.
1294 2236 1437 2259 Conveniunt
1447 2237 1542 2266 quidem
1554 2238 1596 2265 ipsi
1609 2239 1747 2267 plerumque
1758 2241 1836 2261 contra

996 2278 1082 2298 textum
1100 2275 1186 2298 editum
1208 2276 1230 2298 in
1253 2275 1308 2298 locis
1325 2282 1337 2297 a
1354 2275 1420 2298 nobis
1442 2276 1547 2303 mutatis,
1569 2277 1610 2299 sed
1632 2279 1748 2304 praeterea
1771 2278 1837 2306 quasi

996 2314 1019 2336 in
1036 2314 1097 2336 omni
1115 2315 1173 2336 linea
1191 2321 1250 2337 unns
1267 2315 1352 2336 alterve
1363 2315 1414 2337 cod.
1427 2320 1438 2336 a
1451 2315 1610 2337 communiore
1622 2315 1728 2338 codicum
1741 2316 1836 2338 lectione

996 2353 1017 2375 in
1035 2353 1112 2381 aliquo
1129 2353 1201 2376 verbo
1214 2353 1304 2380 deviat,
1315 2353 1371 2382 quin
1383 2359 1463 2375 sensus
1475 2354 1637 2381 propositionis
1649 2356 1762 2381 mutetur3
1775 2354 1836 2377 unde

996 2392 1117 2420 plerasque
1133 2392 1248 2414 variantes
1264 2392 1392 2413 omisimus.

1058 2429 1067 2443 ‘¹³
1086 2431 1134 2453 Vat.
1143 2448 1148 2458 ,
1165 2430 1332 2458 refragantibus
1349 2430 1452 2458 plurimis
1465 2430 1532 2453 codd.
1541 2448 1546 2457 ,
1558 2430 1707 2454 lnnomimzto
1719 2431 1835 2460 trtaqist'ro

995 2469 1071 2499 frater
1088 2469 1255 2492 Beneventum
1273 2469 1311 2498 [ita
1328 2469 1396 2491 etiam
1414 2469 1450 2491 ed.
1469 2470 1476 2490 i
1499 2472 1521 2491 et
1538 2469 1560 2498 2]
1577 2469 1689 2499 spiritum
1709 2469 1837 2499 intellz'yen-

996 2507 1041 2530 tiae
1055 2507 1160 2530 veritatis
1172 2508 1274 2536 exoptat.
1293 2506 1395 2529 Subinde
1413 2513 1455 2535 pro
1468 2508 1493 2530 ut
1505 2506 1547 2530 tibi
1563 2508 1579 2529 Β
1589 2508 1605 2529 Ε
1622 2507 1685 2537 quod
1695 2507 1748 2535 tibi,
1760 2511 1782 2530 et
1794 2514 1835 2536 pro

995 2545 1150 2569 absolvant-w·
1169 2546 1212 2568 HL
1229 2545 1402 2573 dissolvantur,
1421 2546 1438 2568 Α
1448 2546 1466 2567 D
1476 2546 1518 2568 EG
1535 2545 1666 2569 solvantur.

1059 2584 1067 2597 ³
1084 2584 1138 2613 Cap.
1157 2585 1177 2607 4.
1195 2588 1217 2606 et
1233 2584 1317 2607 deinde
1334 2591 1354 2607 c.
1371 2585 1393 2606 6.

1058 2623 1067 2636 '¹
1085 2624 1165 2651 Regul.
1182 2629 1202 2646 c.
1220 2624 1246 2645 5:
1264 2623 1352 2645 Fratres
1370 2624 1399 2645 illi
1419 2623 1505 2652 quibus
1527 2624 1623 2651 gratiam
1645 2623 1709 2646 dedit
1725 2624 1836 2646 Dominus

996 2663 1127 2689 laborandi,
1144 2662 1246 2685 laborent
1263 2662 1359 2685 fideliter
1375 2665 1397 2684 et
1419 2662 1501 2685 devote
1518 2665 1560 2685 etc.
1577 2675 1608 2679 —
1625 2663 1719 2685 inferius
1740 2663 1836 2686 vocibus

995 2701 1090 2730 maqiiis
1106 2700 1223 2724 sumtibus
1240 2701 1293 2724 edd.
1310 2704 1331 2723 et
1348 2701 1425 2728 plures
1442 2701 1510 2723 codd.
1527 2701 1658 2729 praefigunt
1674 2707 1735 2724 cum.

1058 2738 1067 2751 ⁶
1084 2738 1139 2767 Cap.
1158 2739 1194 2761 io.
1212 2739 1264 2762 Post
1286 2740 1369 2762 curent
1386 2740 1402 2761 L
1419 2739 1483 2761 addit
1505 2739 1610 2762 Fratres.
1628 2751 1658 2756 —
1681 2739 1774 2763 inferius
1791 2746 1833 2768 pro

995 2777 1106 2807 maqistri
1122 2777 1219 2800 CEGK
1238 2777 1305 2806 laicz'‚·
1323 2784 1365 2805 pro
1384 2777 1560 2807 philosophiam
1577 2778 1631 2800 edd.
1654 2784 1706 2801 cum
1728 2778 1833 2806 pluribus

995 2816 1063 2838 codd.
1082 2815 1109 2838 de
1126 2815 1290 2845 philosophia,
1310 2820 1332 2838 et
1348 2822 1390 2844 pro
1402 2815 1506 2839 lectitant
1523 2816 1561 2844 (ita
1578 2816 1597 2838 A
1607 2816 1622 2838 Β
1632 2816 1650 2838 D
1660 2817 1710 2845 EL)
1728 2817 1834 2840 recitant

1056 2853 1066 2867 ⁶
1082 2854 1137 2882 Cap.
1155 2855 1198 2881 23,
1215 2855 1245 2876 8:
1264 2855 1311 2877 Vos
1335 2857 1413 2877 autem
1435 2855 1504 2877 nolite
1521 2855 1598 2878 vocari
1621 2854 1699 2884 rabbi,
1721 2862 1781 2878 unus
1802 2859 1836 2878 est

993 2894 1053 2916 enim
1071 2893 1180 2921 magister
1197 2896 1285 2921 vester,
1302 2899 1383 2916 omnes
1404 2896 1481 2916 autem
1503 2900 1545 2917 vos
1568 2895 1648 2917 fratres
1669 2895 1730 2918 estis.
1752 2908 1782 2911 —-
1805 2895 1835 2917 ln-

994 2933 1062 2954 serius
1084 2935 1136 2960 post
1156 2932 1303 2962 professores
1326 2931 1449 2962 Evanqaliz·
1464 2933 1510 2955 GK
1530 2936 1701 2962 prosequuntur
1715 2933 1834 2963 principa-

993 2970 1063 2994 liores
1081 2970 1210 2994 imitatores
1227 2972 1342 3000 tanquam
1353 2971 1487 3001 profitentes
1505 2971 1661 3001 Evanyelium
1679 2974 1720 2994 etc.
