2133 3317
131 1031 177 1050 Pars
189 1030 207 1048 Ξ.
221 1030 248 1048 De

134 1054 245 1078 pertinenti-

126 1078 162 1096 bus
168 1077 192 1096 ad
200 1082 253 1101 prae-

125 1101 225 1120 dicationis
233 1106 254 1118 u-

144 1125 237 1143 tilitatem.

125 1149 188 1167 Primo
204 1148 250 1166 haec

133 1172 246 1191 describitur

131 1200 165 1219 pei·
174 1200 249 1213 causam

128 1219 248 1238 efficientem.

121 1453 171 1477 Quid
184 1453 208 1471 sit
222 1458 252 1471 ca·

145 1477 198 1503 stitas
215 1477 253 1495 elo-

146 1506 191 1524 qun.

260 243 318 272 430

261 320 426 351 declarando
440 318 578 352 definivit,
594 316 668 353 quod
683 315 731 352 qui
746 313 951 343 examinatione
965 321 1019 341 non
1041 312 1111 340 indi-

261 371 327 406 gent
347 375 401 396 non
423 368 488 394 sunt
509 364 542 393 ad
564 363 721 400 generalem
743 361 899 390 Ministrum
919 359 1043 388 mittendi
1060 367 1111 395 pro

262 415 352 444 officio
373 411 557 451 praedicandi.
581 410 658 438 Aliud
680 409 762 438 etiam
777 408 954 445 privilegium
969 406 1111 435 examina-

261 462 363 490 tionem
385 458 532 488 committit
552 456 679 486 discretis
701 455 844 484 Fratribus
858 454 918 483 aliis
930 455 950 488 ¹,
966 453 1040 490 quod
1054 452 1111 490 pri-

262 508 393 544 vilegium
415 513 470 534 non
491 503 631 533 discordat
652 503 686 531 ab
706 502 859 531 intentione
884 500 1017 538 Regulae,
1039 507 1112 536 quae

261 563 315 583 non
339 552 455 581 intendit
476 551 527 580 nisi
550 550 683 588 periculis
710 549 839 583 obviare,
861 547 949 585 quod,
971 548 1028 576 Deo
1049 554 1112 583 gra-

262 600 326 634 tias,
348 598 459 628 excludi
482 600 572 635 potest
586 605 636 633 per
653 595 909 632 multiplicationem
926 594 1112 622 litteratorum

262 655 312 684 per
333 645 466 674 Ordinem
487 644 521 673 ad
543 644 625 673 talem
657 642 891 672 examinationem
914 640 1112 669 sufficientium

262 697 289 723 et
311 693 409 721 melius
431 692 469 721 sic
490 691 615 728 pericula
629 689 849 722 excludentium,
865 695 949 725 quam
964 687 1018 715 alio
1032 686 1114 715 modo

262 741 357 773 fieret,
379 739 446 777 quia
466 739 611 767 discursus
632 740 660 766 et
688 737 797 765 viarum
823 734 1019 772 multiplicium
1041 733 1115 770 peri-

263 787 326 816 cula
347 786 385 815 sic
408 786 539 814 vitantur.
566 784 610 813 Sic
638 783 772 812 Dominus
800 783 859 819 ipse
881 781 1049 810 christianae
1070 788 1115 809 re-

262 833 371 871 ligionis
392 832 534 861 institutor
560 831 649 868 primo
681 830 757 859 solus
788 829 895 858 vocavit
926 831 953 856 et
984 827 1116 856 informa-

264 881 303 909 vit
333 879 499 917 discipulos,
531 878 653 907 secundo
685 885 735 914 per
769 877 837 905 alios
867 875 1017 904 Ecclesiam
1048 874 1116 903 dila-

264 927 332 955 tavit
347 927 366 954 ².

347 975 390 1002 ll.
413 973 511 1001 Moneo
533 980 653 1010 quoque.
677 971 724 1000 Hic
749 970 871 999 secundo
898 969 954 1006 agit
975 969 1009 997 de
1030 968 1116 1005 perti-

265 1021 396 1050 nentibus
417 1020 450 1048 ad
473 1018 685 1056 praedicationis
708 1018 875 1051 utilitatem,
904 1024 988 1053 quam
1013 1015 1117 1044 descri-

266 1069 306 1097 bit
327 1076 376 1104 per
405 1070 527 1104 quatuor
559 1073 656 1095 causas
688 1064 916 1102 praedicationis:
938 1063 1045 1101 primo,
1067 1070 1117 1099 per

267 1123 378 1145 causam
400 1114 582 1152 efficientem,
614 1112 745 1141 dicensssz
768 1112 867 1140 Moneo
895 1119 1007 1149 quoque
1027 1113 1053 1138 et
1073 1118 1118 1138 ex-

268 1162 368 1192 hortor
389 1161 501 1190 eosdem
523 1161 663 1193 Fratres,
680 1159 757 1188 utin
776 1158 1012 1195 praedicatione,
1027 1165 1117 1195 quam

266 1209 401 1247 faciunt.-
423 1217 490 1245 ergo
521 1208 616 1236 nullus
647 1207 729 1235 debet
760 1206 934 1243 praedicare,
966 1205 1018 1233 nisi
1050 1204 1118 1233 sciat

265 1258 324 1294 ipse
345 1263 502 1284 sermonem
524 1253 622 1291 facere
643 1256 671 1282 et
685 1253 855 1282 sufficienter
870 1252 1026 1289 disponere.
1042 1250 1118 1280 Unde

266 1303 375 1333 subdit:
399 1302 462 1331 Sint
484 1301 674 1334 cacuminata,
697 1309 751 1328 non
784 1303 888 1328 temere
918 1307 950 1328 ac
971 1299 1030 1328 sine
1051 1298 1119 1327 deli-

266 1350 409 1380 beratione
441 1349 563 1386 prolata,
590 1356 644 1376 non
676 1348 731 1376 sint
753 1355 824 1375 nova
855 1349 903 1375 aut
935 1348 1072 1382 suspecta,
1094 1349 1119 1373 et

267 1401 350 1427 casta
371 1405 473 1425 eorum
494 1396 626 1433 eloquia:
658 1395 820 1423 Psalmus4:
845 1393 969 1431 Eloquia
1001 1392 1121 1421 Domini

268 1443 382 1482 eloquia
410 1446 503 1476 easta,
532 1445 689 1479 argentum
717 1441 783 1478 iyne
813 1440 1026 1469 examinatum.
1049 1440 1120 1468 Haec

269 1494 363 1519 autem
385 1490 507 1518 castitas
535 1489 660 1518 excludit
688 1488 896 1524 corruptionem
927 1486 1071 1524 falsitatis
1093 1489 1120 1515 et

269 1537 473 1566 immixtionem
504 1544 559 1565 non
591 1536 682 1564 solum
710 1535 895 1569 enormitatis,
925 1535 1009 1562 immo
1038 1534 1119 1563 etiam

268 1584 357 1613 omnis
378 1584 507 1613 vanitatis
529 1592 577 1612 seu
600 1583 677 1612 verbi
694 1583 781 1611 risum
802 1582 990 1619 provocantis,
1006 1589 1056 1610 seu
1081 1581 1120 1609 fa-

268 1634 343 1660 stum
358 1634 406 1659 aut
423 1630 571 1667 imperium
588 1629 801 1667 praetenderitis.
819 1628 948 1657 Excludit
962 1628 1044 1657 etiam
1059 1636 1121 1656 cor-

269 1679 427 1716 ruptionem
449 1678 616 1706 intentionis
624 1688 634 1710 ,·
652 1677 725 1706 unde
746 1676 883 1705 secundae
904 1676 939 1704 ad
964 1675 1122 1704 Corinthios

269 1725 429 1755 secundo⁵:
451 1725 517 1754 Non
537 1725 614 1753 enim
634 1733 754 1758 sumus,
776 1724 852 1752 sicut
871 1722 1013 1760 plurimi,
1036 1722 1121 1751 aclul-

491 239 688 269 OPUSCULUM
711 237 776 266 XVI.
798 234 973 264 EXPOSITIO
995 234 1098 263 SUPER
1119 232 1274 262 REGULAM
1295 232 1450 261 FRATRUM
1470 230 1633 260 MlNORUM.
1655 230 1724 258 CAP.
1744 230 1785 258 IX.

1168 314 1294 339 terantes
1314 310 1436 339 verbum
1453 310 1519 343 Dei,
1541 309 1590 338 sed
1611 318 1646 337 ex
1666 307 1850 342 sinceritate,
1868 308 1918 336 sed
1939 307 2016 336 sicut

1168 367 1203 386 esc
1220 358 1290 392 Deo,
1312 366 1415 386 coram
1431 357 1503 390 Deo,
1525 357 1557 385 in
1574 355 1689 385 Christo
1705 355 1862 394 loquimur.
1881 355 1924 383 Ex
1942 355 2015 388 Deo,

1168 407 1266 433 contra.
1285 404 1447 438 falsitatem;
1470 412 1572 432 coram
1594 404 1665 437 Deo,
1687 411 1736 440 per
1758 402 1963 436 maturitatem;
1985 402 2017 430 in

1171 451 1297 485 Christo,
1319 459 1368 488 per
1390 451 1569 479 intentionem
1591 450 1730 487 puritatis.

1250 500 1294 527 12.
1317 497 1443 527 Secundo
1464 497 1596 526 describit
1616 505 1675 526 eam
1698 504 1748 534 per
1763 504 1874 525 causam
1889 495 2015 533 finalem.
2028 501 2113 526 secunao,

1168 546 1245 575 Unde
1266 545 1374 574 subdit:
1398 545 1445 573 Act
1476 544 1629 573 utilitatem
1655 547 1681 572 et
1709 543 1940 580 aedificationem
1965 551 2018 580 po-

1166 593 1248 631 puli:
1272 592 1438 626 utilitatem,
1459 592 1487 620 in
1502 591 1575 620 malo
1589 591 1715 625 vitand03
1731 590 1973 627 aedificationem,
1989 590 2018 619 in

1170 641 1243 670 hono
1263 640 1403 673 faciend0;
1422 638 1526 677 populi
1546 638 1626 672 dicit,
1650 646 1684 667 ne
1706 640 1814 666 tantum
1830 640 2017 674 praesumant,

1171 687 1245 725 quod
1281 686 1452 723 pauperibus
1487 688 1514 714 et
1549 685 1722 722 simplicibus
1760 684 1920 721 praedicare
1954 691 2019 713 con-

1171 737 1303 763 temnant.
1326 750 1363 754 —
1385 733 1436 762 Sed
1458 741 1509 770 pro
1540 740 1624 761 causa
1647 731 1799 760 materiali
1827 731 1936 760 subdit:
1958 732 2019 759 An-

1170 781 1337 809 minitando
1358 780 1399 808 eis
1419 780 1494 808 vitia
1514 783 1539 808 et
1562 779 1699 813 uirtutes,
1721 781 1857 815 quantum
1879 778 1912 806 ad
1934 778 2019 806 vitam

1172 828 1272 862 istam;
1290 835 1418 864 poenam
1439 830 1463 854 et
1488 826 1635 864 ²aleriam,
1657 829 1793 863 quantum
1815 825 1849 854 ad
1870 825 1954 854 vitam
1975 825 2020 854 fu-

1172 878 1280 909 turam;
1303 874 1377 911 quod
1398 873 1480 907 dicit,
1502 881 1537 902 ne
1568 873 1729 910 praedicent
1757 873 1860 901 scilicet
1881 880 1911 901 se
1932 872 2021 909 ipsos,

1172 925 1204 950 ut
1225 930 1304 951 suam
1326 920 1530 958 philosophiam
1551 920 1696 949 ostendant
1718 923 1745 949 et
1759 919 1895 956 fimbrias
1910 919 2022 957 niayni-

1172 968 1257 1005 licent
1267 969 1287 996 ⁶.
1311 985 1349 989 —-
1370 968 1421 996 Pro
1443 975 1526 996 causa
1547 966 1672 1005 formali
1702 967 1811 995 subdit:
1835 967 1908 996 Cum
1930 966 2022 995 brevi-

1174 1020 1231 1044 tate
1250 1016 1402 1044 sermonis.
1426 1015 1495 1043 Haec
1516 1014 1637 1043 brevitas
1659 1014 1783 1043 excludit
1797 1014 1949 1042 verborum
1964 1021 2023 1042 am-

1174 1064 1257 1101 bages
1278 1066 1305 1091 et
1324 1062 1474 1092 sententias
1496 1062 1647 1095 involutas,
1669 1061 1755 1090 verba
1776 1061 1857 1089 etiam
1874 1061 1962 1089 ardua
1976 1069 2023 1090 su-

1175 1119 1225 1148 pra
1246 1110 1426 1147 capacitatem
1440 1109 1628 1143 audientiurn3
1644 1109 1697 1137 hoc
1713 1110 1787 1145 patet
1802 1116 1851 1144 per
1866 1107 1933 1136 illud
1949 1107 2024 1145 quod

1175 1157 1315 1194 sequitur:
1340 1156 1417 1192 Quia
1437 1156 1558 1184 verbum
1579 1155 1782 1184 abbreviatum
1796 1154 1867 1192 fecit
1882 1155 2025 1183 Dominus

1174 1213 1263 1241 super
1284 1207 1396 1232 terrum
1408 1204 1427 1231 ⁷.
1443 1203 1496 1231 Ista
1517 1203 1589 1232 enim
1612 1202 1791 1231 abbreviatio
1813 1210 1868 1230 non
1890 1201 2024 1235 excludit,

1175 1260 1239 1281 cum
1263 1250 1392 1287 expedit,
1414 1250 1551 1279 sermonis
1572 1250 1778 1287 prolixitatem,
1801 1249 1866 1286 quia
1891 1249 2026 1278 Dominus

1176 1298 1233 1334 ipse
1255 1297 1403 1334 aliquando
1425 1296 1535 1334 prolixe
1557 1296 1741 1333 praedicavit,
1763 1296 1835 1325 sicut
1857 1298 1931 1333 patet
1950 1296 2026 1324 Ioan-

2119 511 2126 525 ..

2034 530 2105 545 causam
2112 532 2126 548 :i-

2034 548 2077 568 lem.
2115 561 2116 565 ,

2047 735 2111 759 Tertio,
2116 744 2128 758 ,r

2036 763 2106 778 cansam
2117 772 2129 781 ψ

2036 779 2118 802 terialeml

2044 969 2114 993 Quarto.
2124 977 2132 990 r

2038 998 2109 1012 causam
2123 999 2133 1010 ⁸-

2038 1016 2109 1035 malem.

1176 1345 1218 1373 nis
1239 1345 1347 1373 decimo
1369 1343 1473 1373 tertio⁸
1495 1347 1522 1372 et
1543 1343 1672 1372 Matthaei
1695 1343 1801 1380 quinto.
1823 1342 1875 1371 Sed
1901 1342 2027 1371 brevitas
2037 1348 2131 1368 nomem

1175 1392 1277 1421 dicitur
1299 1391 1336 1420 ibi
1359 1391 1497 1420 restrictio
1511 1391 1636 1419 omnium
1652 1390 1781 1427 legalium
1796 1389 1829 1418 ad
1844 1397 1932 1418 unum
1948 1389 2027 1418 Chri-

1176 1443 1267 1474 stum;
1290 1440 1371 1473 item,
1393 1439 1519 1467 exclusio
1541 1438 1784 1467 caeremonialium
1805 1440 1833 1466 et
1853 1436 2028 1466 commenda—

1178 1487 1214 1516 tio
1228 1487 1391 1519 moralium;
1407 1486 1482 1519 item,
1499 1485 1620 1514 brevitas
1635 1488 1676 1514 est
1691 1484 1822 1518 caritas,
1842 1492 1913 1521 quae
1928 1484 2027 1521 Legem

1177 1533 1299 1562 continet
1320 1533 1347 1561 in
1369 1540 1398 1561 se
1420 1534 1504 1561 totam
1517 1532 1537 1560 ⁹.
1559 1532 1597 1560 Ad
1619 1532 1739 1560 litteram
1761 1531 1843 1559 etiam
1859 1529 2028 1559 studendum

1177 1583 1219 1609 est
1247 1579 1388 1613 brevitati,
1421 1579 1487 1616 quia
1517 1578 1665 1616 prolixitas
1696 1577 1854 1615 generando
1884 1577 2027 1606 fastidium

1177 1627 1319 1656 auditores
1342 1626 1462 1655 retrahit
1482 1626 1588 1663 pluries
1609 1626 1643 1654 ab
1664 1625 1771 1654 auditu.

1259 1674 1303 1703 13.
1320 1674 1361 1702 Ex
1375 1674 1427 1703 isto
1442 1676 1536 1702 autem
1551 1673 1672 1710 capitulo
1686 1675 1774 1710 patet,
1789 1671 1864 1709 quod
1885 1671 2029 1700 Fratribus

1178 1730 1215 1751 ex
1236 1721 1387 1750 intentione
1408 1720 1481 1750 beati
1502 1720 1639 1749 Francisci
1660 1719 1795 1749 incumbit
1816 1719 1948 1753 studere,
1964 1718 2030 1756 quia

271 1869 438 1891 examinatione
456 1868 560 1896 indigere
578 1867 717 1895 creduntur,
734 1867 853 1889 mittantur
871 1867 900 1889 ad
918 1867 1007 1895 ipsum,
1026 1869 1050 1889 ut
1069 1872 1123 1889 cum

271 1908 378 1931 Ministris
395 1907 577 1936 provincialibus
595 1907 718 1929 conveniat
741 1912 812 1934 super
832 1907 877 1928 hoc
894 1906 916 1928 in
934 1905 1039 1934 Capitulo
1057 1911 1124 1933 gene-

272 1948 324 1976 rali;
343 1948 360 1970 si
379 1948 419 1976 qui
436 1954 493 1969 vero
511 1946 637 1969 examinari
654 1952 700 1968 non
718 1949 798 1974 egent,
817 1952 858 1974 pro
876 1952 904 1968 eo
922 1945 986 1974 quod
999 1945 1020 1967 in
1039 1945 1124 1967 theolo-

272 1987 322 2015 gica
341 1987 446 2009 facultate
463 1991 485 2009 et
502 1986 682 2014 praedicationis
700 1985 776 2008 officio
794 1988 847 2007 sunt
864 1985 977 2012 instructi,
1003 1985 1022 2007 si
1043 1984 1124 2006 aetatis

273 2026 393 2048 maturitas
410 2028 432 2048 et
449 2025 505 2052 alia,
523 2031 583 2054 quae
600 2025 751 2053 requiruntur
778 2025 799 2046 in
818 2024 913 2050 talibus,
940 2023 1080 2046 conveniant
1103 2023 1124 2045 in

273 2065 373 2091 eisdem,
392 2067 502 2093 possunt,
519 2064 563 2086 nisi
581 2063 668 2092 quibus
693 2063 794 2086 Minister
816 2064 931 2091 generalis
948 2063 1124 2090 contradixerit,

274 2110 302 2126 eo
320 2104 402 2132 modo,
419 2110 466 2132 quo
492 2104 579 2126 dictum
603 2106 649 2130 est,
672 2103 760 2131 populo
786 2103 930 2130 praedicare.
955 2101 1000 2124 Csr.
1019 2102 1124 2124 eiusdem

274 2144 348 2165 Breve
365 2142 505 2166 Prohibente
522 2142 612 2172 Repulsi
631 2143 716 2170 vestra,
735 2141 774 2164 ubi
792 2142 859 2164 dicit:
876 2142 922 2164 Nos
939 2141 1069 2163 devotionis
1086 2147 1125 2163 ve-

275 2186 335 2205 strae
354 2181 461 2210 precibus
484 2182 591 2209 inclinati,
610 2184 634 2204 ut
658 2181 743 2209 singuli
761 2184 864 2203 vestrum
887 2181 910 2202 in
932 2181 980 2202 suis
998 2180 1126 2208 provinciis

276 2228 330 2244 cum
349 2220 512 2244 Definitoribus
531 2221 553 2243 in
575 2220 757 2248 provincialibus
774 2220 886 2248 Capitulis
911 2219 1059 2247 congregatis
1076 2219 1126 2241 Fra-

276 2264 323 2283 tres
341 2261 363 2282 in
380 2267 444 2283 sacra
463 2260 547 2288 pagina
566 2260 669 2282 eruditos
691 2260 823 2281 examinare
846 2265 873 2281 ac
897 2258 1031 2287 approbare
1055 2261 1077 2281 et
1093 2259 1126 2281 eis

277 2301 379 2323 officium
397 2300 587 2328 praedicationis,
607 2300 679 2322 Deum
697 2298 804 2321 habendo
822 2305 879 2327 prae
890 2299 970 2325 oculis,
983 2298 1127 2320 committere

277 2341 382 2367 valeant,
399 2339 468 2362 vobis
485 2339 619 2361 auctoritate
646 2339 800 2366 praesentium
827 2338 978 2360 concedimus
996 2338 1126 2360 facultatem

280 2379 404 2406 (Sbaralea,
422 2379 505 2400 Bullar.
530 2378 675 2400 Fraueiscan.
694 2380 748 2399 tom.
768 2378 782 2399 l.
807 2384 827 2399 n.
854 2377 907 2399 325.
925 2383 979 2404 pag.
998 2376 1062 2405 287).
1079 2377 1127 2398 Hoc

278 2419 352 2440 Breve
370 2418 520 2440 confirmatur
545 2416 574 2439 ab
598 2418 712 2439 innocent.
738 2416 774 2438 lV.
800 2422 836 2438 an.
860 2416 919 2438 lata
938 2416 976 2438 die
993 2416 1023 2437 30
1041 2416 1089 2438 Oct.
1107 2418 1129 2437 et

279 2464 316 2480 an.
337 2457 397 2479 '1244
415 2457 452 2479 die
475 2457 504 2479 23
528 2457 576 2479 lulii
603 2456 728 2485 (Sbaralea,
751 2457 794 2478 loc.
812 2456 848 2478 cit.
871 2462 892 2477 n.
914 2456 951 2477 113.
969 2461 1023 2483 pag.
1043 2455 1088 2477 312
1107 2457 1129 2476 et

280 2503 301 2519 n.
320 2497 357 2519 60.
375 2503 429 2524 pag.
448 2496 510 2524 347).
529 2508 559 2512 —
576 2496 669 2518 lnserius
687 2501 729 2523 pro
747 2494 821 2525 officio
838 2493 995 2524 praedicandi
1011 2494 1047 2516 ed.
1070 2495 1075 2515 i
1098 2494 1129 2523 of-

279 2535 328 2566 ficii
343 2535 499 2565 praedicandi
515 2534 694 2564 approbatione.

343 2575 351 2587 ¹
370 2575 425 2597 Cod.
445 2575 470 2603 D,
488 2574 574 2597 omisso
600 2573 727 2597 Fratribus
750 2573 822 2602 (quod
845 2574 914 2595 etiam
938 2573 984 2595 AG
1007 2575 1029 2595 et
1054 2573 1090 2595 ed.
1120 2573 1125 2594 l

281 2615 406 2643 omittunt),
423 2613 551 2643 aliquibus.
570 2614 665 2636 lnserius
678 2620 719 2641 pro
732 2613 779 2636 Deo
791 2613 884 2642 oratius
901 2613 939 2635 ed.
961 2614 965 2634 1
983 2612 1025 2635 Dei
1037 2613 1130 2642 qratia,

282 2660 342 2683 quae
358 2654 426 2676 etiam
445 2653 543 2675 subinde
556 2653 654 2675 vocibus
666 2652 713 2675 olio
725 2651 795 2675 niodo
806 2652 873 2682 fieret
886 2658 939 2674 cum
952 2652 970 2674 D
983 2652 1089 2680 praefigit
1103 2651 1131 2674 si.

345 2692 354 2705 ²
372 2692 417 2715 Cir.
437 2693 550 2720 Expositio
569 2695 669 2721 quatuor
687 2692 848 2719 Magistrorum
868 2692 889 2713 in
911 2697 930 2713 c.
954 2692 984 2718 9,
1002 2691 1053 2718 ubi,
1072 2694 1131 2714 tacto

284 2733 366 2754 timore
384 2732 508 2754 inultorum
527 2731 578 2760 (per
596 2731 638 2753 alia
658 2731 802 2759 impetranda
821 2730 943 2758 privilegia
968 2730 1132 2758 perse-ctionem

284 2771 375 2793 Ordinis
393 2777 460 2799 posse
477 2771 590 2798 relaxat-il,
607 2771 711 2793 additur:
729 2771 774 2792 Nec
786 2770 898 2796 occurrit,
909 2773 1004 2798 propter
1016 2770 1073 2798 quid
1086 2770 1133 2798 pri-

285 2810 369 2838 vilegia
387 2811 508 2838 impetrata
527 2810 586 2832 circa
610 2810 731 2832 articulum
755 2810 893 2837 receptionis
916 2813 937 2831 et
955 2809 1133 2837 praedicationis

285 2848 386 2871 debeant
403 2849 500 2875 tolerari,
519 2848 560 2870 nisi
578 2849 632 2877 quia
651 2854 692 2876 per
709 2848 770 2870 illam
789 2848 951 2870 relaxationem
969 2848 1024 2870 nihil
1042 2848 1134 2869 carnale

286 2890 325 2909 aut
342 2888 468 2915 temporale
486 2887 598 2915 Religioni
616 2887 739 2914 accrescit,
757 2887 797 2910 sed
815 2888 890 2909 solum
908 2887 964 2915 quid
978 2893 1037 2915 pure
1050 2891 1070 2909 et
1082 2887 1135 2909 slm-

287 2926 376 2954 pliciter
393 2927 518 2953 spirituale.

350 2964 359 2977 ³
378 2966 441 2993 Quae
458 2965 481 2987 in
498 2966 542 2987 hoc
559 2972 656 2988 numero
679 2966 822 2993 praecedunt
844 2965 1005 2993 supplevimus
1023 2971 1048 2988 ex
1067 2965 1103 2988 ed.
1123 2965 1130 2987 i

288 3007 311 3027 et
322 3004 398 3031 codd„
416 3010 516 3032 quorum
535 3007 609 3026 tamen
623 3005 700 3032 plures
713 3011 755 3032 pro
764 3011 810 3034 per
827 3006 932 3034 quatuor
949 3010 1036 3027 causas
1054 3001 1136 3026 substi-

289 3046 357 3065 tuunt
372 3049 442 3072 penes
460 3044 564 3072 quatuor
581 3048 676 3066 causas.

1243 1865 1253 1878 ⁴²
1270 1866 1353 1888 Psalm.
1371 1865 1408 1892 tl,
1425 1864 1448 1887 7.
1465 1876 1496 1881 --
1513 1864 1608 1886 lnserius
1625 1870 1668 1891 pro
1685 1862 1812 1893 imperium
1832 1862 1870 1891 (ita
1888 1862 1924 1885 ed.
1938 1861 1960 1891 l)
1979 1862 2031 1885 Vat.

1181 1905 1302 1935 impetum,
1322 1907 1344 1927 et
1362 1910 1404 1932 pro
1418 1902 1596 1933 praetenderitis
1613 1903 1649 1925 ed.
1669 1903 1677 1924 l
1696 1901 1869 1932 praedicantis.

1244 1943 1253 1956 ⁵
1272 1945 1338 1966 Vcrs.
1362 1944 1396 1966 17.
1413 1944 1493 1966 Glossa
1511 1942 1673 1966 interlinearis
1696 1942 1759 1970 apud
1782 1942 1841 1964 Petr.
1866 1941 1991 1964 Lombard.
2009 1943 2031 1963 et

1180 1985 1296 2012 Lyranum
1316 1983 1366 2010 (cfr.
1385 1983 1473 2005 Raban.
1490 1985 1512 2005 et
1530 1981 1640 2011 ilaymo):
1658 1981 1706 2005 Sed
1727 1980 1850 2011 loquimur
1872 1980 1972 2003 verbum
1990 1980 2031 2003 Dei

1181 2029 1212 2046 eat
1228 2022 1371 2051 sinceritate,
1390 2022 1413 2045 id
1431 2025 1465 2045 est
1481 2028 1509 2044 ex
1525 2022 1614 2044 sincera
1632 2021 1770 2048 intentione,
1789 2026 1835 2043 non
1853 2026 1895 2048 pro
1920 2022 2031 2049 quaestu,

1182 2065 1204 2085 et
1220 2062 1269 2084 sine
1286 2062 1428 2084 admixtione
1445 2061 1613 2088 corruptionis,
1631 2060 1690 2082 sicut
1713 2060 1849 2087 didicimus,
1867 2065 1897 2082 σω
1916 2059 1973 2087 Deo,
1991 2058 2031 2087 qui

1182 2108 1224 2124 nos
1241 2102 1333 2127 docuit:
1351 2103 1373 2123 et
1390 2102 1433 2123 hoc
1452 2100 1549 2123 tacimus
1565 2105 1649 2123 coram
1666 2100 1725 2127 Deo,
1743 2099 1766 2122 id
1792 2101 1826 2121 est
1844 2104 1912 2121 causa
1931 2098 1980 2120 eius
1997 2104 2032 2120 so-

1182 2141 1242 2167 lum,
1261 2143 1284 2162 ut
1301 2140 1320 2161 ei
1339 2140 1480 2167 placeamus,
1497 2142 1520 2161 et
1536 2138 1561 2161 in
1579 2138 1684 2166 Christo,
1704 2144 1824 2166 nunquam
1843 2144 1896 2160 eum
1922 2137 2033 2160 exceden-

1182 2181 1224 2206 tes,
1241 2182 1265 2201 ut
1282 2172 1368 2201 faciunt
1384 2179 1425 2207 qui
1442 2178 1471 2200 de
1489 2179 1550 2206 Lege
1567 2180 1639 2206 agunt
1656 2177 1736 2205 legalia
1754 2177 1921 2205 praedicantes.

1246 2217 1255 2230 ὓ
1273 2218 1348 2240 Mattli.
1367 2218 1407 2245 23,
1426 2218 1447 2245 5,
1465 2217 1504 2239 ubi
1522 2217 1552 2240 de
1569 2216 1651 2239 scribis
1668 2219 1690 2239 et
1707 2216 1834 2238 Pharisaeis
1852 2216 1951 2238 dicitur:
1976 2215 2033 2237 Dila-

2045 1677 2118 1702 Epilogu

1184 2260 1231 2280 tant
1247 2257 1307 2279 enim
1331 2257 1473 2285 phylacteria
1496 2262 1537 2279 sua
1563 2258 1586 2278 et
1608 2256 1758 2283 magnificant
1782 2255 1894 2277 fimbrias.
1910 2268 1942 2271 -—
1959 2254 2033 2277 Codd.
2062 2262 2065 2264 ·

1183 2298 1199 2319 Α
1210 2297 1229 2318 G
1246 2299 1268 2318 et
1284 2296 1321 2318 ed.
1341 2296 1348 2318 l
1370 2302 1399 2318 ize
1413 2295 1592 2325 philosophiam
1617 2296 1746 2321 ostentent,
1763 2301 1792 2317 ne
1816 2293 1925 2324 fimbrias
1941 2293 2034 2323 manni-

1183 2335 1260 2366 ficeut.

1249 2373 1257 2387 ⁷
1274 2375 1340 2396 Rom.
1360 2374 1386 2401 9,
1404 2375 1445 2396 28:
1464 2374 1521 2402 Quia
1548 2373 1647 2396 verbnm
1675 2373 1805 2395 breviatum
1834 2373 1899 2395 saciet
1923 2372 2035 2395 Dominus

1185 2420 1256 2442 super
1274 2416 1365 2436 terram.
1384 2413 1429 2436 Csr.
1447 2413 1496 2435 lsai.
1515 2413 1552 2440 lO,
1570 2413 1607 2435 23.

1249 2452 1258 2465 Β
1276 2453 1340 2475 Vei-s.
1359 2453 1397 2475 31.
1414 2459 1479 2481 seqq.
1492 2456 1513 2474 et
1525 2455 1625 2481 quatuor
1642 2458 1707 2481 seqq.
1725 2458 1784 2480 cap.,
1797 2452 1818 2473 in
1831 2451 1917 2480 quibus
1932 2451 2036 2473 Christus

1186 2495 1239 2521 post
1256 2493 1359 2514 ultimam
1376 2498 1474 2514 coenam
1497 2491 1621 2520 discipulos
1643 2491 1707 2513 varie
1728 2491 1819 2513 instruit
1841 2491 1952 2519 ipsosque
1976 2490 2034 2512 Patri

1187 2533 1349 2559 commendat,
1368 2533 1444 2554 illattli.
1462 2538 1481 2554 c.
1500 2531 1549 2560 5-7,
1567 2531 1607 2553 ubi
1624 2532 1754 2553 reseruntur
1771 2536 1797 2552 ea
1814 2536 1875 2559 quae
1892 2530 1995 2553 Christus
2012 2530 2035 2551 in

1188 2574 1264 2594 monte
1282 2572 1311 2594 de
1328 2571 1511 2593 beatitudinibus
1528 2573 1570 2592 etc.
1588 2570 1674 2592 docuit.

1251 2610 1260 2622 ‘³
1277 2611 1355 2632 Glossa
1374 2609 1500 2633 ordinaria
1518 2610 1539 2631 in
1556 2610 1623 2631 nom.
1642 2609 1668 2636 9,
1687 2609 1723 2630 28.
1743 2610 1792 2637 (cfr.
1814 2609 1919 2636 August„
1945 2607 2038 2636 Exposi-

1189 2651 1219 2673 tio
1237 2650 1383 2679 quarundam
1402 2649 1585 2677 propositionum
1604 2655 1629 2671 ex
1646 2649 1716 2676 Epist.
1731 2648 1761 2670 ad
1779 2649 1902 2676 Romanos,
1914 2653 1981 2675 prop.
1994 2647 2037 2674 67;

1189 2690 1203 2712 l.
1216 2690 1244 2712 de
1257 2689 1359 2711 Diversis
1371 2689 1413 2717 Qq.
1426 2689 1455 2711 ad
1468 2688 1609 2716 Simplician.
1622 2694 1644 2716 q.
1658 2689 1678 2709 2.
1692 2694 1714 2709 n.
1729 2687 1785 2716 l9.):
1806 2696 1817 2707 α
1830 2686 1913 2709 Subdit
1924 2687 2036 2714 Propheta

1190 2728 1250 2757 [lsai.
1272 2729 1306 2755 lO,
1324 2728 1383 2757 ⁵23.]‚
1401 2734 1442 2756 per
1459 2728 1515 2756 quid
1534 2727 1591 2750 salvi
1609 2727 1675 2755 fiant,
1693 2727 1779 2749 scilicet
1791 2733 1832 2754 per
1850 2725 1947 2748 verbum
1967 2726 2039 2748 Evan—

1190 2768 1250 2796 gelii,
1263 2770 1287 2790 ut
1299 2768 1371 2795 gloria
1390 2773 1488 2795 operum
1501 2767 1609 2794 legalium
1621 2766 1763 2789 excludatur.
1779 2765 1881 2788 Verbum
1893 2765 1954 2788 enim
1967 2765 2038 2787 Evan-

1190 2807 1255 2835 gelii,
1281 2807 1344 2835 quod
1370 2807 1453 2829 dicitur
1478 2812 1661 2833 consummans,
1681 2805 1711 2828 ad
1738 2805 1900 2833 perfectionem
1927 2804 1991 2826 ducit
2015 2806 2039 2826 et

1191 2846 1267 2868 omnia
1286 2846 1367 2873 legalia
1386 2845 1409 2867 in
1427 2851 1472 2867 uno
1490 2844 1580 2868 Christo
1605 2844 1750 2867 abbreviat...
1766 2845 1787 2867 el
1803 2843 1944 2866 abbrevians
1962 2842 1986 2865 in
2002 2848 2038 2865 ae-

1191 2885 1293 2915 quitate,
1311 2888 1335 2907 ut
1352 2884 1491 2912 compendio
1509 2884 1562 2906 fidei
1580 2890 1622 2912 per
1640 2884 1737 2911 gratiam
1756 2884 1835 2910 salvet,
1853 2889 1898 2905 non
1916 2888 1958 2910 per
1975 2882 2039 2904 innu-

1192 2931 1268 2947 meras
1286 2924 1491 2946 observationes».
1509 2924 1588 2946 Glossa
1606 2922 1766 2946 interlinearis
1784 2922 1846 2950 apud
1859 2922 1975 2950 Lyranum
1989 2921 2038 2950 (cfr.

1192 2965 1251 2986 Petr.
1268 2963 1401 2990 Lombard.,
1418 2963 1457 2992 qui
1476 2963 1550 2991 ipsam
1573 2962 1653 2985 tribuit
1670 2961 1836 2990 HIeronymo):
1858 2960 1960 2983 Verbum
1976 2959 2039 2982 enim

1192 3009 1363 3026 consimimans
1381 3004 1403 3025 et
1418 3001 1572 3029 abbreviatis,
1591 3001 1690 3024 verbum
1708 3000 1839 3023 breviatum
1857 3003 1890 3023 est
1907 2999 1997 3026 caritas,
2010 2998 2040 3021 de

1193 3048 1239 3071 qna
1253 3041 1338 3071 pendet
1355 3041 1405 3064 Lex
1422 3043 1445 3064 et
1458 3040 1590 3070 Prophetae
1608 3040 1696 3070 [maun.
1715 3041 1752 3067 22,
1770 3039 1828 3069 40.].
