2133 3317
5 485 54 506 testio.
63 484 90 503 iu-

5 514 40 529 em
55 508 90 527 sol-

0 909 34 928 em,
45 903 81 931 alia

0 929 76 948 «inustio.

654 208 850 238 OPUSCULUM
872 209 901 237 ΙΙ.
923 209 1153 245 SOLILOQUIUM.
1176 209 1243 238 CAP.
1267 210 1295 238 lt.
1813 213 1849 241 49

104 287 233 317 adiuncto
253 287 337 315 divini
359 286 463 315 amoris
483 286 674 320 condimento,
695 286 848 315 secundum
871 290 951 315 natu-

104 342 164 363 ram
185 333 298 367 vivere,
320 333 341 362 si
363 333 481 362 carnalis
501 333 607 361 insania
628 340 678 361 nos
698 333 880 369 permitteret,
896 342 951 370 qua

105 384 207 414 sanata,
228 380 320 409 statim
342 380 516 408 naturalibus
536 382 637 408 natura
657 379 831 408 arrideret».

188 428 230 455 11.
251 428 351 455 Annua.
374 427 406 455 Et
426 426 493 463 quid
515 429 557 455 est
577 426 690 463 proprie
710 426 872 455 secundum
897 434 951 454 na-

106 478 206 503 turam
226 473 343 502 vivere?

183 521 268 549 Homo.
292 520 482 557 propriissime
510 520 664 549 secundum
695 523 824 548 naturam
857 519 950 548 vivere

105 571 147 597 est
158 568 184 596 in
197 567 280 596 terris
292 567 436 596 caelestem
451 567 536 595 vitam
550 567 669 600 ducere,
689 579 702 592 «ι
713 567 747 595 ab
762 566 950 595 exterioribus

104 614 138 643 ad
170 614 302 642 interiora
333 613 440 647 redire,
468 613 502 642 ab
534 613 712 642 inferioribus
743 613 776 642 ad
805 613 950 650 superiora

104 660 299 690 ascendere1»
325 664 352 689 et
377 660 492 689 «facere
513 660 605 689 omnia
633 660 786 689 secundum
813 659 950 688 nobilissi-

105 716 199 741 mum,
220 707 294 744 quod
316 710 357 736 est
378 707 405 735 in
428 707 539 736 homine
560 707 713 741 excellens,
729 707 782 735 hoc
795 710 837 735 est
851 714 949 735 secun-

104 754 170 783 dum
192 754 400 788 intellectum»,
422 757 453 782 ut
474 754 540 783 dicit
561 754 743 791 Philosophus
758 754 829 782 libro
843 753 950 782 decimo

104 801 265 829 Ethicorum
277 801 296 828 2.

185 849 229 876 12.
251 848 351 876 Anum.
374 848 499 876 Potestne
521 848 602 876 homo
630 847 657 875 in
684 847 766 875 terris
794 849 821 875 ct
843 847 873 874 in
895 845 950 874 lacte

105 894 310 932 lacrymarum
332 894 426 923 υαίίθῧ
448 895 592 923 caelestem
614 894 696 922 vitam
719 894 837 922 ducere?

182 941 267 970 Homo.
290 941 312 969 O
333 940 440 974 anima,
462 941 484 969 si
505 940 539 969 de
561 940 629 969 meis
644 940 737 969 verbis
752 943 884 977 tanquam
900 940 949 968 ho-

103 987 186 1016 minis
206 987 358 1024 peccatoris
372 987 482 1016 dubitas
496 991 523 1015 et
537 987 660 1020 miraris,
676 987 738 1015 audi
755 987 948 1023 Augustinum,

103 1034 167 1062 audi
188 1034 346 1070 Apostolum
379 1034 502 1062 Paulum.
533 1034 615 1068 Ecce,
638 1034 704 1071 quid
735 1033 801 1062 dicit
822 1033 949 1070 Augusti-

104 1082 196 1110 nusss:
221 1081 315 1109 «Cum
337 1084 482 1109 aeternum
511 1081 614 1118 aliquid
638 1089 686 1118 per
718 1081 901 1118 cognitionem
923 1083 950 1109 et

103 1136 226 1157 amorem
248 1128 386 1165 capimus,
402 1131 493 1157 mente
509 1128 561 1156 iam
585 1137 638 1157 non
662 1129 688 1157 in
704 1129 756 1157 hoc
777 1128 881 1157 mundo
903 1136 949 1157 su-

105 1183 205 1204 mus».
227 1175 303 1204 Unde
334 1175 399 1203 dicit
430 1175 612 1212 Apostolus-²¹:
635 1175 745 1204 Nostra
766 1175 948 1203 conversatio

104 1221 135 1250 in
155 1221 243 1250 caelis
257 1225 305 1249 est.
322 1221 403 1255 Puto,
418 1221 509 1249 anima
523 1229 599 1255 mea,
615 1222 688 1258 quod
703 1221 797 1250 verius
811 1229 849 1255 eS,
873 1233 886 1246 «
901 1221 948 1250 ubi

103 1275 187 1303 amas,
199 1275 281 1304 quam
297 1267 345 1296 ubi
359 1268 503 1302 aniinas»;
519 1268 584 1305 quia
603 1268 762 1305 «quidquid
777 1267 876 1304 diligis,
891 1267 949 1304 ipsa

101 1314 255 1343 dilectionis
276 1315 301 1343 vi
324 1315 351 1343 in
366 1314 426 1343 eius
448 1315 656 1343 similitudinem
678 1314 885 1343 transformaris
900 1315 946 1342 ὃ».

103 1362 130 1390 Si
160 1370 227 1398 ergo
258 1361 386 1390 caelestia
417 1362 627 1398 contemplaris,
648 1362 670 1390 si
692 1362 820 1390 caelestia
848 1361 947 1398 diligis,

103 1408 241 1445 quomodo
261 1408 314 1436 iani
337 1416 391 1437 non
413 1408 440 1436 in
462 1408 544 1437 caelis
565 1408 754 1442 commoraris,
769 1416 841 1445 quac
862 1408 949 1436 caele-

103 1455 192 1484 stibus
213 1455 357 1492 spiritibus
378 1455 406 1483 in
428 1455 483 1483 vita
504 1455 685 1484 assimilaris?

492 1543 509 1576 S
531 1541 556 1570 3.

118 1618 148 1642 De
165 1617 317 1642 consolatione
334 1617 414 1642 divina
431 1618 454 1641 etz
471 1617 497 1641 de
514 1617 661 1648 dispositione
678 1617 707 1641 ad
719 1625 767 1641 eam
780 1617 931 1641 obtinendam.

184 1690 227 1719 13.
250 1691 350 1718 Auum.
373 1690 443 1724 Heu,
465 1690 530 1724 heu,
552 1689 606 1718 iam
628 1697 672 1718 me
694 1689 828 1718 infelicem
851 1692 878 1718 et
896 1690 949 1718 mi-

103 1744 209 1771 seram,
231 1736 424 1766 miserabiliter
447 1736 535 1765 multo
553 1739 675 1773 tempore
690 1740 865 1766 excaecatam
887 1745 949 1765 sen-

103 1784 154 1819 tio,
170 1791 241 1821 quae
255 1786 332 1812 tanto
353 1784 498 1820 tempore⁷
521 1783 547 1812 in
571 1783 769 1820 temporalibus
789 1787 816 1812 et
831 1783 949 1812 terrenis

1008 287 1092 316 rebus
1113 287 1257 321 oberravi,
1279 287 1426 316 mundanis
1449 288 1599 317 vilitatibus
1627 296 1670 317 me
1701 297 1750 325 per
1778 298 1852 318 amo-

1008 341 1066 362 rem
1087 334 1211 370 alligavi,
1233 335 1266 363 de
1287 334 1390 371 quibus
1404 343 1519 371 paucam
1535 335 1763 370 consolationem,
1782 337 1852 365 mul-

1009 383 1063 408 tam
1082 388 1146 408 vero
1167 381 1378 410 amaritudinem
1401 385 1428 410 et
1448 381 1658 415 desolationem,
1676 382 1810 411 modicam
1825 386 1852 411 et

1007 426 1085 454 valde
1106 427 1207 455 exilem
1230 427 1376 461 laetitiam,
1398 428 1444 456 sed
1467 436 1547 464 saepe
1562 428 1665 457 variam
1683 432 1710 457 et
1724 436 1850 465 magnam

1007 472 1098 500 cortils
1122 473 1260 501 tristitiam
1286 474 1380 502 sumsi.
1407 474 1455 503 Dic
1477 482 1555 511 erg0,
1577 483 1694 511 quaeso,
1716 483 1733 503 o
1755 476 1851 509 homo,

1007 526 1078 555 quae
1099 522 1141 547 est
1164 520 1288 548 caelest1s
1313 521 1477 555 consolatio,
1499 525 1525 550 et
1547 522 1684 558 quomodo
1705 522 1738 550 ad
1765 522 1851 559 ipsam

1008 565 1039 593 in
1060 564 1115 593 liae
1135 565 1208 594 ocelle
1229 566 1435 604 laerymarum
1450 571 1476 596 et
1490 568 1617 597 miseriae
1632 569 1733 605 possim
1748 569 1853 605 pertin-

1007 619 1072 648 gere
1084 611 1094 628 Β
1110 614 1120 639 ‘2

1086 659 1171 687 llouo.
1193 659 1216 687 O
1237 659 1338 693 anima,
1360 661 1512 689 secundum
1535 662 1738 696 Bernar11um9,
1758 674 1771 687 «
1785 663 1852 692 haec

1007 705 1155 734 consolatio
1176 706 1245 734 nihil
1272 706 1346 734 aliud
1371 709 1413 735 est
1437 715 1519 744 quam
1541 709 1629 745 gratia
1650 709 1784 746 quaedam
1806 710 1852 739 de-

1007 752 1124 781 votionis
1146 752 1297 789 procedens
1318 752 1351 781 de
1379 761 1427 790 spe
1456 754 1551 783 veniae
1571 759 1598 783 et
1619 756 1730 792 quidam
1752 760 1852 793 gustus

1006 799 1086 833 boni,
1109 799 1172 828 licet
1193 800 1329 836 exiguus,
1351 803 1378 828 ct
1400 801 1563 829 suavissima
1584 803 1717 839 quaedam
1733 803 1851 832 delecta-

1007 846 1060 880 tio,
1082 854 1138 883 qua
1158 846 1294 883 benignus
1324 847 1399 875 Deus
1429 848 1558 876 afflictam
1587 853 1694 878 recreat
1715 850 1850 885 animam,

1006 901 1062 930 qua
1082 893 1174 921 anima
1203 893 1236 921 ad
1266 894 1352 922 Deum
1382 894 1572 931 quaerendum
1603 895 1736 925 invitatur
1764 900 1790 925 et
1818 897 1851 925 ad

1006 940 1130 969 divinum
1152 948 1274 969 amorem
1296 941 1456 969 accenditur
1478 942 1696 971 vehementer».
1725 955 1738 968 α
1752 944 1775 972 O
1793 944 1852 972 ani-

1006 995 1066 1020 ma,
1082 987 1161 1024 quid,
1177 990 1271 1024 putas,
1288 991 1329 1016 est
1344 990 1398 1016 tam
1420 988 1500 1016 dulce
1523 992 1634 1025 tamque
1655 997 1755 1023 suave,
1777 991 1851 1027 quod

1007 1034 1034 1062 in
1056 1034 1246 1062 recordatione
1267 1034 1357 1062 dilecti
1389 1034 1502 1063 devotas
1522 1035 1627 1063 animas
1648 1036 1716 1065 solet
1738 1039 1850 1073 tangere

1006 1083 1033 1109 et
1055 1084 1109 1108 tam
1132 1080 1256 1109 suaviter
1276 1081 1402 1114 afficere,
1425 1084 1456 1109 ut
1478 1081 1530 1109 iam
1554 1082 1674 1111 totaliter
1695 1091 1711 1111 a
1735 1091 1764 1111 se
1787 1083 1852 1120 ipsis

1006 1127 1118 1156 alienari
1141 1127 1293 1164 incipiant?
1309 1127 1487 1156 Exhilaratur
1503 1129 1678 1163 conscientia,
1694 1133 1720 1158 et
1735 1130 1762 1158 in
1784 1130 1852 1158 obli-

1006 1174 1114 1203 vionem
1142 1174 1217 1203 venit
1248 1175 1370 1203 omnium
1402 1174 1528 1203 dolorum
1561 1176 1708 1211 memoria,
1731 1177 1853 1205 exsultat

1006 1221 1128 1255 animus,
1147 1221 1274 1250 clarescit
1300 1221 1471 1255 intellectus,
1498 1230 1546 1250 cor
1574 1223 1764 1258 illuminatur,
1787 1224 1852 1253 affe-

1006 1271 1067 1296 ctus
1089 1268 1266 1297 iucundatur.
1289 1268 1343 1296 lam
1372 1269 1511 1303 nesciunt,
1534 1269 1581 1297 ubi
1613 1277 1642 1298 se
1664 1278 1723 1299 esse
1745 1271 1853 1307 conspi-

1006 1315 1096 1348 ciunt,
1118 1319 1145 1344 et
1166 1315 1244 1352 quasi
1266 1315 1443 1352 amplexibus
1464 1316 1567 1344 amoris
1587 1316 1691 1353 aliquid
1717 1317 1792 1346 intus
1814 1321 1852 1346 te-

1006 1364 1072 1390 nent
1093 1365 1120 1390 et
1141 1362 1283 1395 nesciunt,
1305 1362 1372 1399 quid
1393 1363 1444 1396 sit,
1466 1365 1492 1391 et
1508 1365 1598 1391 tamen
1614 1363 1677 1391 totis
1693 1363 1799 1392 viribus
1814 1367 1852 1392 te-

1006 1416 1072 1437 nere
1093 1409 1300 1445 concupiscunt.
1330 1409 1462 1437 Luctatur
1490 1409 1609 1446 quodam
1635 1410 1716 1438 modo
1736 1410 1852 1439 delecta-

1006 1455 1097 1483 biliter
1118 1455 1242 1489 animus,
1265 1464 1299 1483 ne
1321 1456 1430 1484 recedat
1451 1456 1485 1484 ab
1499 1464 1544 1490 eo,
1566 1457 1644 1493 quasi
1667 1457 1693 1485 iu
1716 1465 1748 1485 eo
1769 1457 1852 1486 finem

1006 1502 1129 1530 omnium
1156 1502 1356 1531 desideriorum
1379 1502 1556 1531 invenerit».
1583 1504 1653 1532 Haec
1681 1504 1757 1541 llugo
1770 1504 1801 1532 ¹⁰.
1830 1504 1852 1532 O

1006 1549 1105 1583 anima,
1127 1552 1202 1577 certe
1223 1549 1290 1577 haec
1311 1552 1353 1578 est
1373 1550 1523 1578 consolatio
1543 1550 1643 1578 divina.

1088 1596 1130 1624 14.
1152 1596 1252 1624 Aaou.
1275 1596 1297 1624 O
1319 1596 1417 1630 homo,
1439 1596 1502 1633 quis
1523 1597 1590 1625 mihi
1606 1597 1723 1631 tribuat,
1739 1600 1770 1626 ut
1784 1598 1852 1626 haec

1006 1646 1060 1672 tam
1083 1643 1172 1672 dulcis
1192 1646 1219 1671 et
1240 1643 1386 1680 inexperta
1400 1644 1549 1672 consolatio
1564 1644 1591 1672 in
1607 1652 1654 1673 cor
1672 1652 1765 1673 meum
1789 1653 1851 1682 per-

1006 1690 1110 1724 veniat,
1132 1693 1164 1718 ut
1183 1690 1321 1718 malorum
1354 1698 1480 1719 meorum
1502 1691 1662 1725 obliviscar,
1684 1691 1851 1720 mundanam

1006 1737 1219 1766 consolationem
1240 1737 1388 1774 despiciam
1416 1741 1443 1766 et
1464 1746 1479 1766 a
1506 1746 1550 1766 me
1572 1738 1629 1774 ipsa
1651 1738 1766 1767 feliciter
1787 1739 1852 1767 alie-

1006 1783 1065 1812 nari
1088 1783 1234 1819 incipiam?

166 1985 174 1998 ¹
191 1986 277 2008 Auctor
293 1984 345 2007 libri
362 1985 392 2007 de
409 1985 494 2013 Spiritu
515 1987 537 2007 et
554 1985 630 2007 anima
649 1984 720 2014 (inter
739 1991 809 2013 opera
827 1985 947 2014 August.),

103 2030 122 2047 c.
145 2024 178 2046 it.

165 2062 174 2076 ²
191 2063 247 2091 Cap.
264 2063 290 2085 7:
308 2063 330 2085 Si
348 2063 418 2091 igitur
435 2063 560 2085 intellectus
577 2063 682 2085 divinum
696 2063 751 2091 quid
769 2066 815 2090 est,
832 2063 849 2085 si
868 2063 896 2085 ad
910 2064 948 2085 ho-

103 2103 188 2125 minem
205 2103 369 2131 respiciamus,
386 2102 419 2125 sic
436 2103 492 2130 vita,
510 2108 571 2131 quae
588 2108 614 2124 ex
631 2102 745 2124 intellectu
769 2102 909 2129 traducitur,
929 2102 948 2125 si

103 2142 218 2164 humanae
234 2144 394 2169 comparetur,
411 2141 489 2163 divina
507 2141 574 2164 etiam
593 2141 641 2169 ipsa
655 2144 695 2163 est.
712 2142 791 2170 Neque
807 2147 864 2163 vcro
881 2147 948 2169 opor-

103 2183 146 2209 tet,
163 2181 363 2210 quemadmodum
386 2181 486 2202 nonnulli
505 2183 609 2207 monent,
627 2186 832 2209 unumquemque,
850 2187 903 2203 cum
920 2181 948 2203 sit

103 2221 185 2247 homo,
203 2221 317 2247 humana,
334 2222 356 2241 et
379 2225 431 2241 cum
452 2219 478 2241 sit
498 2219 612 2246 mortalis,
634 2219 737 2247 cogitare
753 2219 870 2246 mortalia;
893 2220 947 2247 sed,

102 2262 217 2288 quatenus
237 2259 301 2285 licet,
324 2259 476 2280 immortalem
495 2265 519 2281 se
535 2259 634 2281 reddere
656 2259 780 2288 omniaque
803 2259 906 2286 efficere,
925 2262 949 2281 ut

102 2305 129 2321 ex
144 2297 339 2326 praestantissimo
356 2297 472 2325 omnium,
490 2303 550 2326 quae
567 2298 590 2319 in
607 2298 659 2325 ipso
670 2301 735 2325 suut,
747 2298 817 2320 vitam
831 2298 947 2326 traducat;

102 2343 155 2360 nam
173 2338 225 2359 licet
242 2337 265 2359 id
282 2337 342 2359 mole
358 2337 387 2359 sit
403 2342 514 2364 parvum,
527 2337 549 2358 vi
563 2339 639 2359 tamen
656 2339 678 2359 et
695 2337 768 2365 pretio
785 2338 862 2360 omnia
879 2338 948 2366 longo

103 2377 221 2399 intervallo
239 2376 333 2399 excellit.

165 2415 174 2428 ³
192 2416 272 2438 Psalm.
291 2415 331 2443 83,
348 2415 370 2437 7.

164 2455 174 2467 ⁴
190 2454 253 2477 Libr.
270 2455 306 2476 tv.
324 2455 353 2477 de
370 2454 432 2477 Trin.
450 2460 469 2477 c.
488 2455 524 2476 -20,
542 2460 565 2476 ιι.
583 2455 620 2476 28.
637 2454 681 2477 Cfr.
700 2455 723 2477 S.
740 2455 838 2484 Bonav.‚
854 2455 868 2477 l.
887 2455 948 2478 Sent.

105 2494 128 2517 d.
149 2494 183 2516 ¹5.
201 2500 223 2522 p,
242 2494 266 2515 ll.
283 2492 338 2515 dubv
356 2493 378 2515 5.

165 2532 174 2545 ⁵
191 2532 246 2555 Phil.
266 2533 291 2560 3,
309 2533 346 2555 20.
364 2533 437 2561 Quem
463 2533 539 2554 locum
557 2532 699 2560 Bernardus,
725 2532 755 2555 de
780 2533 903 2561 Praecepto
927 2536 949 2555 et

102 2571 204 2600 dispens.
221 2578 240 2594 c.
258 2571 295 2593 20.
313 2577 336 2593 n.
354 2572 395 2598 60,
412 2577 529 2599 exponens
547 2571 612 2593 dicit:
630 2571 708 2600 Neque
725 2571 785 2593 euim
805 2571 948 2599 praesentior

102 2610 196 2638 spiritus
214 2612 290 2632 noster
307 2612 341 2632 est
357 2609 397 2631 ubi
415 2610 512 2637 animat,
529 2616 599 2638 quam
618 2609 657 2632 ubi
674 2612 743 2631 amat.

164 2647 174 2661 θ
186 2649 213 2671 L't
225 2648 323 2671 insinuat
335 2649 395 2676 llug.
407 2655 419 2670 a
433 2649 456 2670 S.
468 2648 526 2671 vict.
540 2655 609 2676 supra
623 2655 677 2676 pag.
689 2649 725 2675 30,
736 2651 786 2670 uota
797 2649 819 2670 7.
829 2649 947 2676 allegatus.

166 2686 174 2700 ⁷
194 2688 243 2710 Vat.
261 2690 339 2709 eontra
358 2688 374 2710 Α
386 2687 505 2710 CDEFL
523 2688 586 2710 addit
601 2693 644 2717 per
662 2687 827 2716 manitionem.
845 2687 947 2710 Subinde

104 2733 145 2754 pro
170 2726 299 2749 mundanis
319 2725 449 2749 vilitatibus
475 2726 519 2754 (ita
537 2726 588 2756 CF)
612 2727 654 2748 DE
678 2726 807 2749 mundanis
829 2725 945 2755 vinculis,

102 2765 154 2788 Vat.
173 2771 226 2787 eum
244 2765 293 2788 aliis
309 2765 378 2787 codd.
395 2765 525 2788 mundanis
542 2767 564 2788 ei
580 2764 674 2788 vilibus.

164 2801 173 2815 ⁸
192 2803 254 2830 Vnt„
271 2803 442 2831 refragantibus
457 2804 475 2826 Α
485 2803 502 2826 C
513 2804 530 2826 D
540 2805 555 2826 Ε
565 2804 580 2826 F
590 2805 605 2826 L
615 2804 633 2826 M
643 2822 648 2832 ,
665 2804 741 2826 addit:
753 2804 815 2832 Quid
834 2807 867 2826 est
883 2804 947 2832 quod

102 2841 125 2864 in
143 2842 190 2864 Deo
207 2848 260 2864 meo
278 2842 381 2871 invenio,
398 2849 452 2865 cum
470 2845 516 2865 tam
533 2843 629 2865 libenter
651 2846 673 2866 et
691 2846 736 2866 tam
760 2843 853 2866 faciliter
869 2844 946 2866 omnia

103 2883 196 2908 propter
208 2881 284 2909 ipsum
303 2884 438 2908 contemno,
455 2888 508 2903 cum
528 2882 580 2904 dico
598 2883 654 2904 intra
672 2882 801 2910 meipsum
819 2888 871 2904 cum
893 2888 948 2910 gau-

104 2919 155 2941 dio:
172 2920 235 2942 Deus
253 2919 331 2942 cordis
348 2919 404 2947 mei,
426 2920 488 2943 Deus
510 2926 569 2949 pars
586 2927 638 2944 mea
657 2920 680 2943 in
697 2922 821 2944 aeternum
839 2920 886 2951 [ΡΞ.
903 2921 947 2948 72,

103 2956 170 2986 263?
187 2957 246 2986 Quid
264 2960 310 2986 est,
328 2958 392 2986 quod
410 2958 431 2980 in
446 2958 481 2980 illa
500 2958 636 2982 brevissima
649 2961 704 2982 liora
718 2960 738 2982 in
751 2960 834 2982 dilecto
847 2965 898 2981 meo
910 2959 947 2981 de-

103 2999 183 3024 gusto,
200 3002 253 3019 cum
271 2997 347 3019 onmia
365 2996 423 3019 dura
440 3000 462 3020 et
479 3003 557 3020 amara
575 3000 597 3021 et
613 3005 695 3026 aspera
708 2999 836 3027 gaudenter
853 3000 875 3020 et
893 2999 947 3021 hila-

195 3042 221 3066 S.
234 3043 326 3066 Βοηαυ,
336 3055 366 3060 -
379 3043 447 3066 Tom.
458 3044 514 3067 Vlll.

1005 1985 1059 2008 riter
1076 1988 1171 2013 propter
1188 1985 1265 2013 ipsum
1283 1985 1395 2008 sustinere
1413 1985 1465 2008 totis
1482 1985 1570 2008 viribus
1587 1986 1726 2014 concupisco
1743 1988 1765 2008 et
1782 1986 1850 2009 dico:

1005 2024 1064 2047 Mihi
1079 2023 1210 2047 adlinet-ere
1226 2024 1273 2047 Deo
1290 2024 1377 2047 bonnm
1389 2026 1423 2047 est
1440 2024 1484 2054 [Ps.
1502 2024 1543 2050 72,
1561 2024 1624 2054 ςᾸ8.];
1641 2027 1674 2047 et:
1694 2024 1752 2052 Quis
1765 2031 1802 2048 me
1817 2031 1851 2048 se—

1004 2062 1102 2092 parabit
1121 2069 1135 2085 [1
1153 2063 1252 2086 caritate
1269 2063 1357 2086 Christi
1374 2063 1449 2092 [ttoni.
1468 2064 1494 2091 8,
1512 2063 1575 2092 35.]?

1068 2102 1077 2114 ⁰
1095 2104 1167 2125 Serm.
1190 2103 1208 2125 l.
1225 2103 1248 2125 iu
1266 2104 1322 2125 festo
1338 2103 1443 2125 omnium
1461 2104 1536 2125 Sauct.
1554 2110 1575 2125 n.
1596 2104 1630 2125 l0.

1068 2141 1087 2154 ¹⁰
1105 2142 1137 2164 De
1154 2142 1226 2164 Arrlia
1244 2142 1347 2169 animae,
1364 2142 1387 2164 in
1405 2142 1448 2164 sine
1467 2142 1513 2169 (ed.
1525 2142 1611 2170 Migne,
1628 2143 1670 2165 col.
1687 2142 1750 2171 970).
1762 2155 1793 2159 —
1809 2143 1852 2165 Au-

1005 2182 1108 2205 ctoritate
1125 2182 1142 2203 A
1152 2181 1169 2204 C
1180 2182 1197 2203 D
1208 2182 1222 2203 Ε
1232 2182 1247 2203 F
1258 2182 1272 2203 L
1290 2181 1411 2204 omisimus
1422 2187 1482 2210 quae
1497 2182 1548 2204 Vat.
1564 2182 1601 2204 hic
1618 2182 1682 2204 addit
1699 2181 1727 2211 (H
1738 2183 1743 2204 l
1754 2183 1773 2204 M
1791 2183 1849 2205 exhi-

1006 2220 1060 2243 bent
1077 2223 1164 2243 tantum
1187 2221 1287 2248 primum
1311 2221 1386 2243 locum
1410 2221 1547 2249 Beruai·‹li):
1570 2221 1702 2243 Bernardus
1724 2220 1769 2250 [De
1794 2221 1850 2244 Con-

1005 2260 1138 2288 templando
1151 2260 1210 2287 Deo,
1228 2260 1285 2282 inter
1297 2265 1368 2287 opera
1386 2260 1508 2286 Bernardi,
1527 2266 1545 2281 c.
1561 2260 1582 2282 9.
1599 2266 1621 2282 u.
1638 2259 1701 2289 20.]:
1720 2269 1731 2280 α
1744 2261 1851 2282 Nonuun·

1005 2305 1075 2328 quam
1089 2299 1155 2327 quasi
1174 2299 1256 2320 clausis
1267 2299 1351 2325 oculis,
1371 2298 1430 2321 bone
1443 2299 1502 2325 lesu,
1520 2299 1549 2321 ad
1567 2302 1588 2321 te
1600 2299 1695 2321 inhianti
1713 2299 1783 2321 mittis
1794 2299 1850 2321 mihi

1005 2339 1027 2360 in
1045 2345 1071 2360 os
1088 2338 1164 2360 cordis
1181 2338 1244 2367 quod
1266 2344 1312 2360 non
1330 2338 1381 2360 licet
1393 2337 1448 2360 mihi
1465 2338 1535 2365 scire,
1552 2338 1609 2367 quid
1621 2338 1658 2360 sit.
1675 2339 1786 2366 Saporem
1802 2339 1850 2367 qui-

1005 2377 1059 2399 dem
1076 2377 1162 2405 sentio,
1180 2377 1326 2399 dulcedinem
1344 2377 1402 2399 adeo
1420 2378 1598 2404 confortantem,
1616 2383 1676 2406 quae
1693 2377 1711 2399 si
1729 2378 1851 2405 perticere-

1006 2418 1042 2438 tur
1059 2416 1081 2438 in
1098 2422 1149 2443 me,
1167 2416 1220 2438 nillil
1238 2417 1296 2438 ultra
1313 2422 1449 2445 quaererem
1461 2425 1483 2438 n.
1501 2416 1580 2438 Nonne
1598 2416 1634 2438 liic
1652 2418 1686 2438 est
1703 2415 1787 2438 iubilus
1804 2422 1851 2438 cor-

1005 2455 1057 2477 dis?
1075 2455 1201 2482 Gregorius
1218 2454 1311 2483 [XXlV.
1330 2455 1406 2477 Moral.
1432 2461 1451 2477 c.
1470 2456 1490 2476 6.
1508 2461 1530 2477 n.
1550 2454 1614 2484 l0.]:
1634 2463 1645 2474 «ι
1659 2454 1745 2477 lubilus
1767 2454 1850 2477 dicitur

1005 2493 1120 2515 ineffabile
1138 2493 1220 2515 mentis
1236 2493 1361 2521 gaudium,
1384 2494 1447 2522 quod
1469 2500 1515 2516 non
1533 2493 1654 2520 abscondi,
1677 2500 1722 2516 non
1740 2493 1851 2516 sermoni-

1005 2532 1049 2554 bus
1066 2532 1150 2560 aperiri
1168 2534 1248 2560 potest.
1266 2532 1312 2554 Sed
1329 2535 1406 2554 tamen
1421 2532 1561 2561 quibusdam
1580 2532 1681 2554 motibus
1697 2533 1810 2560 aperitur,
1827 2533 1850 2555 li-

1005 2574 1040 2593 cet
1057 2571 1122 2593 nullis
1139 2570 1319 2599 proprietatibus
1335 2572 1484 2600 exprimatur.
1506 2571 1570 2593 Unde
1588 2572 1691 2593 Psalmus
1708 2570 1761 2601 [88,
1787 2570 1850 2600 t6.]:

1005 2609 1091 2632 Beatus
1105 2609 1223 2638 populus,
1246 2609 1288 2638 qni
1307 2609 1351 2633 scit
1367 2609 1536 2632 iubilationem.
1558 2609 1605 2631 Non
1623 2609 1691 2637 dicit,
1715 2609 1756 2638 qui
1774 2609 1851 2639 loqui-

1005 2650 1056 2673 tur.
1074 2649 1114 2671 sed
1132 2649 1172 2677 qui
1189 2648 1248 2677 εκεῖ,-
1269 2649 1322 2677 quia
1345 2648 1430 2671 iubilus
1447 2649 1542 2677 quidem
1560 2649 1610 2671 sciri
1633 2651 1708 2677 potest
1724 2649 1850 2675 intellectu,

1004 2687 1044 2710 sed
1062 2687 1123 2710 dictu
1142 2694 1182 2709 seu
1200 2687 1273 2710 verbo
1290 2687 1385 2715 exprimi
1399 2694 1442 2709 non
1461 2690 1570 2715 potest».
1589 2688 1721 2710 Bernarclus
1738 2687 1783 2717 [De
1795 2687 1851 2710 Con-

1004 2726 1137 2754 templando
1159 2727 1218 2753 Deo,
1243 2726 1301 2748 inter
1325 2732 1395 2754 opera
1422 2727 1543 2753 Bernardi‚
1569 2732 1588 2748 c.
1614 2727 1637 2748 9.
1661 2733 1684 2749 n.
1710 2727 1747 2749 20.
1772 2726 1847 2756 seq.]:

1007 2766 1099 2787 «Istum
1117 2768 1193 2787 autem
1212 2768 1306 2793 gustum
1323 2772 1377 2787 cum
1394 2765 1496 2793 accipio,
1514 2765 1574 2788 uullo
1591 2765 1695 2793 corporis
1713 2766 1775 2792 visu,
1788 2766 1849 2788 nullo

1004 2804 1095 2826 animae
1112 2810 1194 2831 sensu,
1211 2804 1273 2826 nullo
1285 2804 1378 2832 spiritus
1395 2804 1508 2826 intellectu
1525 2804 1647 2826 advertere
1664 2810 1702 2826 me
1714 2804 1780 2831 sinis,
1792 2804 1849 2833 quid

1004 2844 1047 2871 sit;
1065 2850 1118 2866 cum
1140 2850 1251 2872 accepero
1272 2847 1295 2866 et
1315 2844 1433 2866 ruminare
1449 2844 1502 2866 volo
1527 2846 1550 2866 et
1566 2844 1693 2866 diiudicare
1718 2844 1768 2866 eius
1785 2850 1850 2872 sapo-

1004 2887 1068 2909 rem,
1086 2882 1161 2904 statim
1179 2882 1258 2904 transit
1275 2882 1356 2904 dulcor
1372 2882 1437 2910 eius;
1460 2882 1557 2910 diglutio
1574 2882 1669 2911 quidem
1693 2882 1759 2910 illud,
1782 2882 1850 2911 quid-

1004 2921 1060 2950 quid
1078 2923 1124 2948 est,
1142 2921 1163 2943 in
1182 2927 1223 2949 spe
1240 2921 1301 2943 vitae
1317 2923 1434 2949 aeternae,
1451 2921 1492 2944 sed
1514 2921 1652 2949 operationis
1673 2921 1723 2944 eius
1740 2921 1849 2944 virtutem

1004 2960 1042 2982 diu
1061 2960 1211 2987 ruminando,
1229 2959 1337 2982 omnibus
1353 2960 1444 2982 animae
1460 2960 1527 2982 venis
1544 2963 1566 2983 et
1588 2960 1694 2983 medullis
1711 2960 1776 2989 quasi
1794 2960 1849 2982 vita-

1004 2999 1047 3021 lem
1066 2999 1183 3027 quendam
1201 3005 1297 3022 succum
1314 2999 1423 3027 optabam
1441 2999 1574 3027 infundere,
1591 3002 1615 3022 ut
1632 2999 1662 3022 ab
1674 2999 1783 3022 omnibus
1800 2999 1849 3021 aliis

1740 3046 1755 3068 7

1869 480 1964 504 Quaestio.

1883 666 1932 690 Quid
1946 667 1970 685 sit

1877 691 1979 709 consolatio

1892 714 1963 732 divina.

1877 1600 1966 1624 Quaestio
1972 1615 1976 1621 ,

1883 1625 1975 1648 quomodo

1865 1648 1906 1672 ipsa
1913 1647 1999 1671 acquira-
