2133 3317
490 222 687 251 OPUSCULUM
709 221 797 250 XXlV.
819 222 970 250 LEGENDA
991 222 1094 250 MINOR
1117 222 1230 251 SANCTl
1251 223 1423 251 FRANCISCI.

371 301 464 329 Lectio
485 300 608 337 septima
620 301 639 327 ¹.

165 395 300 430 Tempore
321 401 399 426 vero,
422 401 477 430 quo
497 393 533 422 ob
553 393 672 429 palmam
687 393 930 430 consequendam*-²

11 451 74 493 affin
87 440 211 477 martyrii
232 440 266 469 ad
288 443 380 481 partes
400 441 475 468 ultra
493 440 613 469 marinas
638 440 756 469 transire
777 443 931 469 tentaverat

0 480 26 499 ip
65 483 72 487 ·

86 495 137 518 nec
158 490 248 516 tamen
270 486 297 515 id
318 494 510 515 consummare
526 487 659 520 valuerat,
681 486 765 515 maris
784 489 930 523 tempesta-

87 534 161 564 tibus
191 533 387 571 praepeditus‚
422 533 489 562 adeo
526 533 577 562 sibi
613 533 698 562 astitit
732 533 930 562 Gubernatoris

87 581 210 610 omnium
241 580 380 617 dignativa
407 580 543 617 provisio,
572 583 604 609 ut
632 588 694 609 eum
717 588 780 609 cum
803 580 931 617 plurimis

87 627 146 656 aliis
166 635 183 655 a
203 627 334 664 periculis
366 627 464 655 mortis
494 630 606 656 erueret
637 630 664 655 et
686 626 822 655 mirabilia
847 635 931 664 opera

87 683 137 704 sua
158 674 231 702 circa
252 673 341 710 ipsum
364 673 391 702 in
414 673 550 710 profundo
572 677 747 702 monstraret.
777 674 843 702 Nam
866 682 928 702 cum

85 721 120 750 de
140 721 282 750 Sclavonia
303 721 330 749 in
353 721 456 749 ltaliam
483 720 574 749 redire
596 724 762 757 proponeret
783 724 810 749 et
831 729 929 749 navem

86 767 225 805 quandam
245 763 351 805 absque
372 768 436 796 ullis
457 767 568 796 omnino
594 767 735 804 stipendiis
756 767 930 796 conscendis-

87 818 142 848 set;
163 814 243 843 affuit
263 815 375 851 quidam
397 815 423 843 in
447 815 505 851 ipso
527 815 653 851 ingressu
674 822 725 851 pro
739 814 840 843 Christi
863 822 930 851 pau—

87 862 200 899 perculo
221 862 322 890 missus
343 870 358 890 a
381 862 444 895 Deo,
466 861 512 898 qui
535 864 562 889 et
581 869 673 890 secum
696 862 781 890 ferret
806 869 930 890 necessa—

87 908 129 937 ria
151 908 256 937 victui⁸
278 911 306 937 et
326 908 434 937 cuidam
463 908 568 937 timenti
598 908 684 936 Deum
705 908 739 937 de
762 909 822 936 navi
845 909 878 936 ad
902 916 930 937 se

87 959 183 984 vocato
204 955 355 989 tribueret,
377 959 408 984 ut
430 956 467 984 nil
500 963 616 992 prorsus
638 955 803 984 habentibus
830 963 931 992 oppor-

88 1004 155 1030 tuno
170 1004 293 1038 tempore
307 1002 484 1030 ministraret.
502 1002 618 1036 Verum,
634 1002 726 1030 nautis
747 1004 860 1038 propter
876 1002 929 1030 vim

87 1051 233 1077 ventorum
256 1056 392 1086 nusquam
415 1049 553 1086 applicare
570 1049 738 1082 valentibus,
754 1049 844 1077 omnia
859 1049 931 1086 ipso-

87 1103 152 1124 rum
172 1099 238 1124 sunt
258 1100 403 1125 consumta
424 1096 542 1130 cibaria,
565 1096 622 1124 sola
643 1096 722 1124 beato
745 1096 804 1124 viro
818 1097 931 1125 collatae

88 1143 207 1179 desuper
238 1143 426 1179 eleemosynae
458 1144 583 1180 portione
623 1144 728 1172 modica
763 1147 930 1172 remanente.

36 1206 38 1213 ι
85 1190 163 1226 Quae
183 1189 217 1218 ad
240 1190 326 1226 ipsius
348 1198 442 1227 preces
474 1194 501 1218 et
529 1191 641 1225 merita,
665 1198 785 1227 superna
817 1191 931 1219 faciente

90 1235 208 1270 virtute,
229 1236 257 1264 in
280 1239 386 1265 tantum
409 1237 547 1265 succrevit
567 1240 761 1274 augmentum,
784 1240 815 1265 ut
835 1237 932 1265 diebus

90 1282 235 1320 pluribus,
256 1283 386 1311 continua
407 1284 493 1312 maris
511 1287 673 1320 tempestate
693 1284 820 1317 durante,
844 1292 933 1321 usque

89 1329 123 1358 ad
144 1333 255 1367 portum
283 1333 425 1366 optatum,
449 1331 572 1359 Anconae
601 1331 742 1364 videlicet,
765 1331 933 1359 necessitati-

90 1376 142 1405 bus
163 1376 286 1404 omnium
309 1377 430 1413 plenarie
451 1377 619 1406 subveniret.

384 1471 477 1499 Lectio
498 1475 601 1499 octava
613 1473 632 1499 ⁴.

168 1564 225 1592 Alio
245 1572 357 1601 quoque
378 1567 518 1601 tempore,
540 1565 635 1593 eodem
656 1565 716 1593 viro
732 1565 778 1593 Dei
796 1565 934 1601 praedica-

17 1617 79 1660 ειιιιιξιιειει
91 1610 172 1639 tionis
192 1618 275 1639 causa
296 1611 368 1640 inter
390 1611 577 1640 Lombardiam
599 1615 626 1639 et
647 1611 794 1639 Marchiam
817 1611 935 1640 Tarvisi-

80 1665 154 1686 ·nam
175 1657 227 1686 iter
248 1661 345 1694 agente
367 1665 429 1687 cum
452 1658 546 1686 Fratre
567 1658 655 1691 socio,
677 1658 756 1686 iuxta
779 1658 879 1686 Padum
896 1662 935 1686 te-

91 1705 209 1734 nebrosa
229 1705 317 1733 noctis
338 1705 500 1742 supervenit
527 1705 689 1734 obscuritas.
716 1704 841 1741 Cumque
862 1705 935 1741 peri-

91 1752 161 1780 culis
186 1752 292 1788 magnis
319 1755 346 1780 et
377 1752 473 1781 multis
501 1752 543 1780 via
569 1752 640 1780 foret
671 1752 796 1788 exposita
823 1755 935 1788 propter

58 1821 61 1822 γ
93 1798 226 1833 fluvium,
248 1799 362 1836 paludes
383 1802 410 1828 et
432 1799 575 1833 tenebras,
598 1799 716 1828 instante
741 1799 830 1833 socio,
862 1799 935 1836 quod

91 1844 119 1873 in
143 1847 218 1873 tanta
238 1845 400 1873 necessitate
421 1853 574 1882 supernum
601 1845 761 1882 imploraret
781 1846 935 1880 auxilium

92 1891 135 1920 vir
155 1892 204 1920 Dei
225 1899 288 1920 cum
318 1892 482 1921 confidentia
509 1893 598 1921 multa
627 1893 783 1930 respondit:
809 1904 821 1917 a
840 1893 937 1921 Potens

91 1941 134 1967 est
154 1939 245 1973 Deus,
266 1939 288 1967 si
310 1946 376 1967 suae
407 1939 544 1968 dulcedini
567 1940 734 1977 complacet,
757 1940 935 1969 tenebrarum

92 1985 212 2022 effugata
222 1985 346 2022 caligine,
361 1986 403 2014 sui
420 1994 469 2014 nos
484 1986 616 2015 beneficio
631 1986 743 2015 luminis
757 1987 897 2015 illustrare
909 1998 935 2014 n.

92 2032 191 2061 Mirum
214 2034 303 2061 certe!
327 2032 379 2061 Vix
402 2040 556 2061 sermonem
578 2033 763 2070 compleverat
774 2034 794 2067 ⁵,
817 2037 844 2062 et
864 2041 936 2067 ecce,

93 2082 169 2108 tanta
190 2079 241 2108 lux
262 2080 336 2108 circa
356 2087 403 2108 eos
423 2087 544 2116 superna
572 2081 661 2117 coepit
688 2080 796 2109 radiare
817 2081 936 2115 virtute,

92 2129 133 2160 ut,
154 2129 234 2155 nocte
254 2126 314 2155 aliis
334 2126 470 2156 existente
491 2127 624 2161 obscura,
644 2127 693 2164 ipsi
717 2128 778 2156 luce
799 2128 873 2156 clara
897 2128 937 2156 vi-

93 2172 193 2201 derent
223 2181 277 2202 non
308 2174 398 2202 solum
431 2174 515 2208 viam,
546 2182 643 2203 verum
672 2174 753 2203 etiam
784 2182 819 2203 ex
849 2175 936 2204 altera

94 2222 175 2256 parte
195 2219 317 2248 fluminis
338 2220 458 2256 plurima
479 2220 705 2257 circumquaque.

403 2313 493 2341 Lectio
514 2322 593 2341 ‘nona
604 2314 624 2341 ⁶.

174 2406 254 2434 Recte
275 2405 385 2442 quidem
408 2406 480 2434 inter
501 2406 598 2435 densas
629 2406 716 2435 noctis
738 2406 865 2435 tenebras
887 2406 939 2435 ful-

67 2464 82 2479 s.
96 2460 145 2489 gor
169 2452 294 2489 praeibat
313 2452 446 2481 claritatis
467 2453 607 2487 caelestis,
629 2456 660 2481 111
680 2460 716 2481 ex
739 2452 790 2481 hoc
812 2452 870 2489 ipso
891 2461 939 2490 pa-

96 2502 179 2534 teret,
199 2499 301 2528 involvi
323 2507 370 2528 eos
390 2508 444 2528 non
466 2507 545 2536 posse
567 2499 664 2528 mortis
684 2499 808 2536 caligine,
830 2499 877 2536 qui
898 2499 939 2527 di-

97 2549 172 2575 16010
193 2549 350 2584 sequuntur
372 2547 482 2575 tramite
510 2547 604 2575 lumen
633 2547 711 2575 vitae.
735 2547 800 2575 Narn
822 2550 849 2575 et
870 2547 940 2575 lucis

97 2592 254 2622 huiusmodi
276 2593 422 2630 splendore
443 2593 561 2622 mirabili
584 2594 764 2630 corporaliter
795 2594 890 2622 directi
913 2597 940 2622 et

98 2639 278 2675 spiritualiter
300 2640 460 2673 confortati,
483 2648 572 2677 usque
593 2640 626 2668 ad
646 2640 735 2669 locum
759 2640 867 2677 hospitii
890 2648 939 2678 per

1773 224 1827 251 575

986 308 1040 328 non
1064 300 1200 329 modicum
1223 301 1281 329 viae
1302 301 1420 337 spatium
1449 309 1511 330 cum
1540 301 1640 329 divinis
1665 300 1775 337 hymnis
1802 303 1827 329 el

987 346 1116 375 laudibus
1130 351 1325 383 pervenerunt.
1342 363 1378 367 —
1395 348 1416 375 O
1432 355 1496 376 vere
1511 348 1684 384 praeclarum
1701 350 1728 375 et
1744 347 1829 375 admi—

988 393 1101 422 rabilem
1124 393 1230 421 viruml
1254 393 1297 421 cui
1319 401 1401 422 suum
1422 393 1500 431 ,ignis
1526 393 1654 422 ardorem
1675 397 1830 430 contempe-

987 444 1046 474 rat,
1067 449 1139 477 aqua
1169 449 1295 477 saporem
1327 444 1493 475 commutat,
1524 441 1668 469 abundans
1696 441 1826 477 poculum

986 491 1067 524 petra
1087 487 1231 524 propinat,
1259 488 1408 516 inanimata
1428 488 1603 522 deserviunt,
1633 490 1830 516 mansuescunt

987 535 1111 568 immitia,
1132 538 1160 563 et
1195 535 1391 563 irrationabilia
1423 534 1545 563 studiose
1576 535 1737 568 intendunt;
1770 534 1828 571 ipse

986 589 1099 618 quoque
1120 582 1253 610 Dominus
1272 582 1396 610 omnium
1418 589 1469 610 sua
1489 582 1656 619 benignitate
1684 582 1776 611 obedit
1795 581 1829 609 ad

988 631 1099 661 votum,
1121 627 1187 656 dum
1208 632 1236 657 et
1257 629 1419 657 liberalitate
1440 632 1587 666 praeparat
1608 628 1700 657 cibum
1715 629 1765 658 et⁷
1787 629 1829 658 111-

986 675 1026 703 eis
1047 675 1160 711 praebet
1181 675 1305 704 claritate
1326 675 1467 709 ducatum,
1483 679 1514 704 ut
1529 676 1567 704 sic
1582 676 1605 705 ei
1621 679 1752 713 tanquam
1769 676 1828 705 viro

987 722 1138 750 sanctitatis
1159 722 1277 750 eximiae
1298 725 1325 750 et
1346 723 1434 750 omnis
1459 726 1588 751 creatura
1610 723 1781 757 subserviat,
1804 725 1831 751 et

987 768 1045 805 ipse
1066 769 1179 797 Creator
1200 770 1323 797 omnium
1340 769 1547 798 condescendat.

1231 864 1269 892 De
1290 873 1468 893 sricuariuus
1489 873 1590 893 SACRIS.

1284 957 1375 985 Lectio
1393 957 1496 994 prima
1511 957 1531 985 Β.

1066 1049 1163 1078 Fidelis
1185 1057 1282 1078 revera
1303 1050 1425 1079 famulus
1446 1053 1473 1079 61
1494 1051 1618 1079 minister
1633 1051 1733 1080 Christi
1749 1052 1832 1080 Fran-

988 1097 1078 1125 ciscus
1102 1097 1227 1131 biennio,
1256 1100 1403 1134 antequam
1433 1097 1560 1134 spiritum
1593 1098 1719 1127 redderet
1741 1099 1831 1134 caelo,

987 1152 1051 1172 cum
1073 1144 1100 1172 in
1123 1144 1181 1172 loeo
1202 1144 1312 1172 excelso
1334 1151 1476 1178 seorsum,
1499 1145 1545 1181 qui
1579 1145 1659 1174 Mons
1689 1145 1833 1175 Auernae

988 1190 1106 1225 dicitur,
1128 1190 1378 1227 quadragenarium
1401 1191 1433 1219 ad
1456 1191 1589 1220 honorem
1610 1192 1771 1229 Archangeli
1786 1193 1834 1221 Mi-

989 1237 1091 1265 chaelis
1113 1237 1245 1265 ieiunium
1263 1236 1426 1271 inchoasset,
1442 1245 1578 1275 supernae
1597 1239 1834 1276 contemplationis

990 1284 1133 1312 dulcedine
1164 1284 1351 1313 abundantius
1379 1285 1458 1313 solito
1490 1285 1655 1322 superfusus
1683 1294 1713 1315 ac
1745 1287 1831 1315 caele-

989 1331 1073 1359 stium
1095 1331 1296 1360 desideriorum
1318 1332 1467 1360 ardentiori
1486 1332 1596 1361 ssamma
1612 1340 1771 1367 succensus,
1788 1342 1834 1362 su—

991 1385 1141 1414 pernarum
1163 1378 1253 1414 coepit
1274 1378 1474 1406 immissionum
1498 1379 1666 1408 cumulatius
1681 1379 1751 1408 dona
1773 1388 1834 1409 sen—

991 1425 1051 1453 tire.
1074 1425 1144 1453 Dum
1167 1425 1252 1461 igitur
1279 1425 1432 1461 seraphicis
1459 1425 1660 1454 desideriorum
1688 1426 1834 1456 ardoribus

991 1479 1103 1500 sursum
1135 1475 1265 1508 ageretur
1287 1471 1313 1499 in
1346 1472 1449 1506 Deum,
1472 1475 1498 1501 et
1529 1472 1643 1501 affectus
1665 1474 1835 1510 compassiva

991 1518 1175 1547 teneritudine
1197 1519 1222 1546 in
1246 1527 1310 1547 eum
1332 1519 1595 1554 transformaretur,
1610 1520 1653 1548 cui
1670 1528 1705 1549 ex
1722 1521 1835 1550 caritate

991 1566 1074 1593 nimia
1096 1566 1219 1603 cruciligi
1252 1566 1429 1603 complacuit;
1459 1567 1578 1604 quodam
1603 1575 1681 1595 mane
1703 1568 1775 1596 circa
1796 1568 1834 1597 fe-

991 1616 1064 1641 stum
1087 1613 1266 1641 Exaltationis
1297 1616 1406 1642 sanctae
1437 1613 1534 1642 Crucis
1562 1614 1589 1642 in
1618 1614 1703 1643 latere
1734 1615 1834 1644 montis

991 1667 1086 1693 orans,
1108 1659 1175 1688 vidit
1196 1660 1273 1697 quasi
1306 1660 1424 1697 speciem
1456 1661 1540 1689 unius
1570 1661 1674 1697 Seraph
1703 1669 1753 1690 sex
1779 1662 1836 1691 alas

992 1709 1046 1735 tam
1069 1706 1186 1743 fulgidas
1208 1715 1290 1744 quam
1313 1707 1410 1744 ignitas
1440 1707 1585 1737 habentem
1599 1708 1609 1724 ⁹
1631 1708 1664 1737 de
1695 1709 1835 1737 caelorum

992 1753 1160 1782 sublimitate
1181 1754 1361 1788 descendere,
1377 1754 1424 1791 (1111
1442 1755 1533 1783 volatu
1556 1755 1701 1784 celerrimo
1716 1755 1748 1784 ad
1764 1755 1836 1784 aeris

993 1800 1082 1829 locum
1106 1800 1165 1829 viro
1186 1800 1233 1829 Dei
1256 1801 1444 1838 propinquum
1470 1801 1648 1838 perveniens,
1671 1810 1724 1830 non
1746 1803 1834 1831 solum

992 1847 1096 1881 alatus,
1119 1847 1165 1876 sed
1196 1851 1224 1876 et
1254 1847 1407 1876 crucifixus
1437 1848 1581 1885 apparuit,
1605 1856 1702 1877 manus
1723 1849 1835 1886 quidem

992 1897 1019 1922 et
1040 1894 1122 1930 pedes
1144 1894 1248 1923 habens
1268 1898 1399 1923 extensos
1420 1898 1447 1923 et
1467 1895 1542 1923 cruci
1559 1895 1676 1929 affixos,
1699 1896 1755 1924 alas
1771 1904 1835 1924 vero

993 1941 1031 1969 sic
1053 1941 1123 1969 miro
1145 1941 1224 1969 modo
1246 1941 1309 1970 hinc
1332 1941 1393 1970 inde
1424 1941 1582 1978 dispositas,
1604 1945 1635 1970 ut
1660 1942 1729 1971 duas
1751 1950 1835 1979 supra

993 1991 1076 2024 caput
1097 1988 1230 2025 erigeret,
1252 1988 1322 2016 duas
1342 1988 1375 2016 ad
1399 1989 1546 2017 volandum
1568 1989 1746 2023 extenderet,
1768 1989 1835 2018 dua-

993 2035 1045 2063 bus
1067 2042 1132 2063 vero
1155 2035 1269 2072 reliquis
1291 2039 1379 2063 totum
1401 2044 1503 2072 corpus
1524 2036 1775 2073 circumplectcmlo
1791 2044 1836 2065 ve-

993 2081 1070 2110 laret.

1274 2175 1366 2204 Lectio
1387 2175 1515 2204 secunda
1530 2177 1558 2204 ¹⁰.

1073 2269 1126 2297 Hoc
1152 2269 1263 2303 videns,
1286 2270 1463 2298 vehementer
1490 2269 1634 2307 obstupuit
1661 2270 1836 2307 mixtumque

994 2315 1082 2344 dolori
1105 2315 1235 2352 gaudium
1258 2324 1335 2345 mens
1356 2316 1416 2345 61115
1438 2316 1571 2351 incurrit,
1594 2316 1658 2345 duni
1682 2319 1708 2345 et
1729 2317 1754 2345 in
1777 2325 1837 2354 gra-

995 2362 1065 2390 tioso
1085 2362 1186 2390 Christi
1209 2366 1321 2399 aspectu
1343 2363 1394 2391 sibi
1417 2367 1470 2391 tam
1493 2363 1656 2391 mirabiliter
1684 2371 1767 2400 quam
1798 2363 1836 2392 fa-

995 2408 1140 2437 miliariter
1162 2409 1320 2445 apparentis
1340 2409 1511 2437 excessivam
1543 2409 1680 2446 quandam
1702 2410 1837 2447 concipie-

997 2455 1043 2483 bat
1066 2455 1212 2489 laetitiam,
1234 2458 1261 2483 et
1281 2455 1342 2483 dira
1363 2458 1507 2492 conspecta
1528 2456 1619 2484 crucis
1641 2456 1735 2484 affixio
1750 2456 1837 2493 ipsius

995 2501 1113 2529 animam
1136 2501 1298 2538 compassivi
1320 2501 1422 2530 doloris
1442 2501 1531 2539 gladio
1545 2503 1738 2539 pertransibat.
1758 2503 1837 2532 111161-

997 2547 1065 2575 texit
1086 2547 1207 2584 quidem,
1230 2547 1276 2576 illo
1297 2548 1411 2577 docente
1433 2548 1563 2583 interius,
1578 2549 1624 2586 qui
1647 2552 1673 2578 et
1687 2549 1837 2586 apparebat

995 2593 1136 2628 exterius,
1158 2595 1231 2631 quod
1252 2595 1313 2623 licet
1335 2595 1467 2631 passionis
1486 2595 1631 2624 infirmitas
1645 2603 1708 2624 cum
1724 2596 1838 2625 immor-

996 2641 1100 2669 talitate
1121 2641 1235 2678 spiritus
1257 2642 1392 2678 seraphici
1415 2642 1572 2671 nullatenus
1593 2643 1761 2677 conveniret,
1777 2643 1836 2672 ideo

162 2814 168 2827 ¹
188 2815 243 2838 thid.
261 2822 280 2838 c.
300 2816 322 2838 9.
339 2822 361 2838 11.
378 2816 400 2838 5.

161 2853 170 2866 ²
187 2854 259 2877 Codd.
276 2861 321 2884 qim
346 2861 390 2885 pro
414 2855 495 2885 palma
521 2855 681 2885 consequenda
708 2855 733 2883 (A
761 2859 836 2878 tamen
858 2856 941 2878 omittit

101 2893 278 2922 consequenda).
723 2893 732 2906 ³
749 2893 806 2917 Cod.
824 2895 840 2917 Α
857 2894 938 2918 rictus.

161 2931 170 2944 ⁴
189 2932 243 2955 ibid.
261 2939 280 2955 c.
298 2933 320 2955 5.
337 2939 358 2955 n.
380 2934 413 2955 12,

163 2969 172 2982 ⁶
189 2971 228 2993 Ed.
246 2971 390 3000 impleverat,
408 2973 536 2999 refragante
548 2972 575 2994 M.
588 2971 682 2994 luserius
700 2971 820 3000 posuimus
831 2971 885 2995 aliis
897 2978 940 3000 pro

101 3007 176 3037 alias‚·
193 3011 233 3032 cfr.
250 3017 317 3038 supra
337 3017 390 3038 pag.
408 3011 466 3037 519,
484 3013 534 3033 nota
552 3011 575 3033 7.

1058 2816 1068 2830 ⁶
1086 2817 1155 2844 lbid.,
1173 2818 1214 2840 loc.
1232 2819 1268 2840 cit.

1060 2855 1068 2868 ⁷
1086 2856 1125 2878 Ed.
1144 2857 1227 2878 omittit
1243 2858 1279 2885 εἰς
1296 2862 1355 2885 quae
1373 2857 1440 2879 ctiam
1464 2857 1533 2885 paulo
1551 2857 1645 2880 inferius
1669 2858 1731 2886 ponit
1756 2857 1837 2882 subre-

996 2894 1048 2918 m'a!
1065 2901 1106 2923 pro
1123 2895 1255 2918 subserviat
1272 2896 1310 2924 (ita
1329 2896 1368 2924 M).

1059 2933 1067 2945 ‘³
1086 2934 1142 2956 lbid.
1159 2941 1179 2957 c.
1202 2935 1234 2956 13.
1252 2941 1273 2956 11.
1296 2935 1312 2956 1.
1331 2936 1352 2956 3.
1370 2948 1399 2950 -
1417 2935 1472 2957 Cod.
1490 2936 1506 2957 A
1527 2936 1649 2964 praemittit
1666 2935 1739 2959 Serta
1757 2935 1799 2959 die.

1058 2972 1068 2985 ⁹
1085 2972 1129 2995 Csr.
1148 2973 1195 2995 lsai.
1213 2974 1240 3000 6,
1258 2974 1278 2995 2.

1060 3011 1079 3024 ¹⁰
1096 3011 1152 3034 ibid.
1170 3019 1190 3034 c.
1211 3013 1244 3034 13.
1262 3019 1284 3035 n.
1302 3013 1322 3034 3.

1855 1057 1907 1081 Quad
1911 1062 1927 1075 ra
1931 1057 1979 1080 gesi-

1845 1086 1893 1099 mam
1906 1081 1950 1099 facit
1959 1081 1978 1099 in

1846 1104 1907 1123 Monte
1915 1105 1980 1123 Alver-

1846 1132 1888 1146 uae.

1882 1619 1982 1643 Apparitio

1852 1643 1923 1666 Sei-aph
1940 1648 1981 1661 cru-

1853 1667 1909 1685 cifixi.

1862 2274 1961 2298 impressio

1856 2299 1969 2321 stigmatum.
