2133 3317
823 212 1065 241 PROLEGOMENA
1087 212 1115 241 C.
1138 213 1155 241 l.

182 294 218 316 37.
237 293 336 321 Ibidem,
353 293 405 316 cod.
422 293 448 314 A.
466 292 520 315 vui.
539 292 575 314 26.
593 292 665 314 chart.
677 291 699 313 in
712 290 733 313 4.
745 296 804 313 saec.
817 290 867 312 XV.
879 303 910 306 —
922 290 961 312 Fo-

119 341 202 364 liorum
219 341 289 363 series
306 346 352 362 non
368 342 512 362 numeratur.
536 338 680 367 Opusculum
706 337 784 366 incipit
809 337 858 360 sine
884 337 960 360 titulo:

117 388 188 416 Ecce,
208 387 323 416 descripsi
337 392 388 409 eam
406 389 461 413 etc.,
478 389 500 408 et
516 385 611 408 desinit:
629 387 650 408 et
666 385 710 408 hoc
726 384 860 414 Seraphim.
881 384 911 407 Et
926 383 961 407 sic

118 435 151 457 est
161 433 222 464 finis.
236 432 339 463 Explicit
356 431 413 455 liber
426 432 603 460 Bonaventare,
616 431 722 455 Ministri
732 430 851 461 yeneralis
864 429 960 453 Ordinis

117 480 235 503 Fratrum
251 479 385 506 Minorum,
403 478 445 508 qui
460 477 591 501 trinarium
608 477 703 505 dicitur,
721 483 746 500 eo
759 476 822 506 quod
833 476 860 499 de
872 475 962 506 triplici

117 527 156 550 via
172 526 204 550 ad
219 525 360 555 sapientiam
377 526 493 548 tractetur
510 525 535 547 in
552 524 610 554 ipso.

180 574 216 596 38.
234 572 332 600 Ibidem,
350 572 402 595 cod.
419 574 445 594 Α.
463 572 502 595 ΙΧ.
519 572 556 594 37.
574 570 672 594 membr.
689 577 748 593 saec.
770 570 829 593 XlV.
852 570 959 592 ineuntis.

118 634 148 637 —
164 620 225 643 Folio
241 620 279 642 79.
297 626 315 642 r.
332 626 344 642 a
362 619 436 648 prima
455 625 525 642 manu
542 621 645 641 notatur:
667 618 792 641 Tractatus
814 617 901 647 fratris
920 617 960 640 Βο-

116 669 247 691 nacenture
263 666 290 690 de
307 665 448 690 conscientia
465 665 576 695 rependo.
594 665 674 688 Deficit
692 665 729 687 iol.
747 664 783 687 85.
800 670 824 686 v.
841 664 870 687 ad
888 663 960 686 verba

117 721 167 743 cap.
185 715 206 737 2.
224 721 246 737 11.
265 714 305 736 12ε
323 712 419 743 optabat
434 712 541 742 qratiam
558 713 581 736 et
590 717 679 741 pacem.
693 711 787 740 Reliqua
800 717 854 739 pars
866 711 911 733 solii
925 717 960 733 re-

117 761 200 784 mansit
215 761 274 784 alba.

179 807 217 829 39.
234 806 334 834 Ibidem,
351 806 404 829 cod.
422 806 445 828 B.
463 806 517 828 Vlll.
535 806 572 828 32.
589 805 683 827 miscell.
695 804 795 832 plurium
808 806 917 826 aetatum.
929 815 960 820 —

117 855 165 877 Hoc
181 854 321 882 opusculum
338 857 371 876 est
387 859 447 876 saec.
464 853 515 875 XV.
532 855 554 874 et
571 851 651 879 incipit
668 852 705 874 iol.
723 851 761 873 26.
777 857 801 873 x'.
818 849 862 873 sub
883 850 960 873 titulo:

118 900 226 924 Triviam
245 900 420 927 Bonarenture,
438 905 465 921 ac
482 899 565 921 desinit
583 898 619 921 sol.
637 898 674 920 33.
691 904 726 920 v.:
745 898 771 920 In
788 896 835 920 illis
856 898 890 920 est
906 897 960 926 fons

116 947 168 971 vite.
186 947 222 970 Ad
238 953 310 977 quam
326 950 369 969 etc.

180 994 216 1016 40.
234 993 350 1021 Berolini,
368 993 506 1016 bibliotheca
524 992 607 1020 Regia,
626 992 669 1014 lllS.
687 991 756 1014 theol.
773 991 809 1013 lat.
825 991 875 1013 165.
888 991 959 1013 chart.

116 1042 139 1064 in
156 1041 178 1064 4.
194 1047 254 1064 saec.
272 1041 323 1063 XV.
339 1054 369 1057 —
386 1041 447 1063 Folio
465 1040 503 1062 59.
520 1046 542 1061 v.
560 1039 655 1067 legitur:
667 1038 751 1068 Incipit
763 1037 884 1061 ternarius
896 1038 960 1061 Bone

116 1090 215 1112 venture
239 1087 266 1110 de
290 1086 404 1117 regimine
429 1086 575 1110 conscientie.
601 1086 672 1113 Ecce,
699 1084 813 1114 descripsi
839 1091 892 1107 eam
913 1087 957 1107 etc.

116 1135 257 1158 Protrahitur
274 1140 348 1163 usque
366 1134 394 1156 ad
413 1134 450 1156 iol.
467 1134 505 1156 69.
522 1139 540 1160 r,
558 1132 597 1155 ubi
615 1133 692 1155 delicit
703 1139 754 1160 cap.
767 1132 787 1154 3.
800 1139 822 1154 n.
834 1132 855 1153 7.
868 1131 958 1154 verbis:

117 1184 138 1205 et
154 1181 264 1205 osculum
280 1183 302 1204 et
317 1180 470 1210 ampleoeuni,
488 1186 533 1210 quo
550 1185 593 1203 nos
607 1178 726 1209 perducat
746 1178 788 1208 qni
811 1185 865 1202 cum
889 1178 959 1201 Patre

116 1231 138 1253 et
154 1228 246 1258 Spiritu
261 1229 343 1251 sancto
360 1227 417 1250 vivit
432 1228 453 1250 et
469 1228 555 1257 refluat
572 1226 596 1249 in
612 1225 693 1250 secula
710 1225 853 1249 seculorum.
876 1227 958 1248 Amen.

116 1275 220 1305 Explicit
237 1274 359 1298 ternarius
375 1274 403 1297 de
419 1274 524 1304 regenda
540 1273 690 1297 conscientia.

179 1322 216 1344 4l.
233 1321 332 1349 Ibidem,
350 1322 395 1344 MS.
412 1321 480 1344 theol.
497 1322 534 1343 lat.
556 1320 604 1342 105.
621 1321 693 1343 chart.
715 1326 774 1342 saec.
798 1320 849 1342 XV.
865 1333 895 1336 —
912 1320 958 1342 Fol.

117 1369 169 1391 161.
182 1375 200 1391 r.
211 1368 290 1396 incipit
306 1367 350 1390 sub
366 1367 470 1390 rubr1ca:
487 1366 600 1396 Sequitur
617 1372 648 1389 ea·
664 1367 768 1390 tractatu.
785 1366 869 1396 fratris
885 1366 958 1389 Bona-

116 1416 213 1439 venture
224 1414 251 1438 de
268 1414 357 1444 triplici
371 1414 410 1438 ria
426 1413 458 1437 ad
473 1413 621 1443 sapientiam.
633 1413 738 1436 Continet
750 1413 838 1442 aliquos
850 1419 959 1435 numeros

116 1468 167 1490 cap.
179 1463 201 1484 2.
216 1465 238 1484 et
248 1461 332 1484 desinit
349 1462 384 1484 iol.
406 1462 455 1483 182.
473 1467 504 1483 r.:
519 1460 687 1490 perfectionem
704 1460 811 1483 omnium
828 1459 958 1488 bonorum,

116 1515 188 1538 quam
199 1508 266 1532 nobis
280 1509 369 1538 prestet
384 1507 426 1538 qui
441 1507 498 1531 vicit
513 1509 535 1531 et
550 1509 635 1537 regnat
653 1507 713 1530 Deus
727 1513 769 1536 per
787 1506 867 1529 omnia
878 1506 959 1530 secula

115 1555 259 1578 seculorum.
276 1556 358 1578 Amen.
376 1555 407 1583 (iu
424 1557 499 1576 nostra
517 1553 572 1576 edit.
589 1560 639 1582 cap.
656 1555 677 1576 2.
696 1560 717 1576 n.
739 1554 791 1583 ll.).

179 1602 216 1624 42.
233 1600 333 1629 Ibidem,
351 1601 403 1623 cod.
423 1601 472 1623 106.
490 1601 511 1622 111
529 1601 566 1623 iol.
584 1599 682 1622 membr.
694 1606 753 1622 saec.
767 1600 818 1622 ΧΥ.
830 1612 860 1616 -
871 1600 918 1622 Fol.
938 1600 958 1621 Ἰ1.

116 1648 269 1677 praemittitur
287 1649 343 1670 haee
360 1647 470 1669 memoria
484 1653 496 1669 a
509 1646 602 1669 librario
619 1653 706 1669 coaevo
723 1647 884 1670 exaratazlste
901 1645 958 1669 liber

116 1696 269 1724 comparatus
286 1695 320 1717 est
333 1700 379 1723 pro
394 1695 510 1723 perpetua
531 1693 647 1716 memoria
672 1692 796 1716 cuiusdam
822 1692 877 1716 boni
899 1692 958 1721 riri,

115 1741 201 1765 uoeoris
216 1747 258 1764 sue
275 1742 295 1764 et
310 1740 431 1770 parentele
446 1739 518 1763 totius
535 1740 669 1769 utriusque,
690 1745 753 1763 anno
772 1739 867 1762 Domini
887 1739 960 1763 mille-

114 1788 174 1812 simo
192 1787 348 1811 GGCGXLIV.
364 1793 410 1816 pro
427 1793 473 1810 usu
494 1787 625 1810 Conventus
647 1787 763 1810 Fratrum
785 1786 907 1810 Minorum
934 1786 959 1809 in

115 1834 188 1858 veteri
202 1833 356 1863 Brandebory
373 1833 417 1857 sub
434 1833 477 1856 tali
493 1833 636 1860 conditione,
655 1832 718 1863 quod
731 1839 747 1856 a
759 1833 877 1856 Conventa
891 1832 958 1855 nullo

115 1880 184 1904 modo
197 1880 276 1904 debeat
287 1880 398 1903 alienari.
410 1881 468 1903 Hinc
478 1880 514 1902 fol.
528 1880 577 1902 174.
589 1886 619 1902 r.:
633 1879 715 1909 Incipit
727 1879 857 1903 Ternarius
869 1879 960 1903 domini

115 1929 137 1951 et
155 1927 241 1957 fratris
266 1927 432 1950 Benacenture
454 1925 600 1954 Cardinalis,
629 1925 744 1954 doctoris,
769 1932 795 1948 ac
820 1926 905 1949 desinit
922 1926 959 1948 fol.

117 1974 170 1996 177.
186 1980 221 1996 v.:
239 1975 260 1997 et
277 1973 314 1997 hic
331 1973 466 2002 Seraphim.
484 1973 604 2002 Sequitur:
622 1972 714 1995 Dicitur
736 1973 798 1996 Deus
819 1978 959 2002 cognoscere

114 2021 202 2051 absque
218 2020 370 2050 possibilitate
387 2023 443 2047 etc,
461 2020 574 2048 usquead
587 2019 672 2042 verba:
689 2019 777 2050 absque
793 2020 905 2050 appetitu.
927 2020 959 2042 De

115 2074 160 2097 qua
178 2068 296 2090 additione
312 2067 366 2090 vide
385 2067 441 2089 inira
458 2073 479 2089 n.
498 2066 535 2089 93.

178 2115 214 2137 43.
232 2114 331 2141 Ibidem,
357 2114 409 2136 cod.
434 2114 502 2136 theol.
527 2114 548 2136 4.
573 2113 672 2136 membr.
697 2120 758 2136 saec.
782 2114 842 2136 XlV.
861 2127 892 2130 —
911 2114 959 2136 Hoc

115 2161 252 2190 opusculum
278 2161 355 2188 incipit
380 2161 416 2183 sol.
442 2161 479 2183 52.
505 2167 527 2183 v.
552 2159 596 2182 sub
621 2160 700 2183 titulo:
726 2161 759 2183 De
782 2160 878 2184 stimulo
905 2166 958 2184 con-

114 2207 219 2236 scientie,
239 2210 261 2230 et
281 2208 363 2230 desinit
384 2208 420 2230 sol.
441 2207 478 2230 59.
498 2214 521 2230 v.
539 2207 633 2230 verbis:
650 2207 811 2237 amplectenda
827 2214 871 2237 per
891 2213 959 2231 oscu—

116 2254 164 2277 lum
187 2255 209 2277 et
225 2253 384 2282 ditectionem,
401 2255 423 2277 et
439 2253 483 2277 hoc
507 2253 633 2283 Seraphim
651 2253 687 2282 (in
705 2256 780 2276 nostra
796 2253 849 2276 edit.
867 2260 918 2282 cap.
936 2254 958 2276 3.

115 2308 138 2324 11.
160 2301 203 2329 14).

179 2347 215 2370 41.
235 2347 321 2377 Bruyis
339 2347 360 2369 in
378 2347 469 2375 Belgio,
488 2347 625 2370 bibliotheca
643 2347 756 2375 Civitatis,
773 2347 825 2370 cod.
843 2347 895 2369 500.
918 2347 958 2370 mi-

115 2395 175 2417 scell.
193 2400 253 2417 saec.
270 2394 325 2421 XV,
337 2394 358 2416 iu
371 2400 418 2423 quo
430 2394 577 2417 inveniuntur
589 2394 658 2417 etiam
669 2394 783 2423 quaedam
797 2394 916 2422 impressa.
928 2406 958 2410 —-

115 2441 207 2469 Legitur
225 2441 262 2463 sol.
279 2447 297 2463 r.
315 2447 360 2463 11011
378 2444 513 2463 numerato:
535 2440 618 2470 Incipit
635 2440 740 2469 libellus,
758 2440 800 2470 qui
822 2440 957 2470 appellatur

115 2486 220 2516 reyimen
238 2486 376 2510 conscientie
398 2486 434 2509 vel
448 2492 553 2516 parvum
576 2486 675 2514 bonum,
692 2486 767 2510 editus
784 2493 799 2510 a
820 2487 898 2516 fratre
915 2487 958 2509 Bo-

115 2534 249 2556 naveutura
267 2532 396 2556 Cardinali.
409 2533 506 2555 Desinit:
525 2532 553 2556 Et
569 2532 610 2556 hec
622 2532 756 2562 Seraphim.
775 2532 880 2562 Explicit
896 2532 958 2556 libel-

116 2579 153 2602 lus
170 2583 225 2607 etc,
245 2582 269 2601 ut
286 2579 307 2601 in
326 2579 395 2602 initio.

179 2626 216 2648 45.
235 2626 366 2656 Brunopoli
377 2627 576 2656 (Brauuschweig)
595 2627 616 2649 in
629 2627 759 2654 Germania,
777 2627 913 2650 bibliotheca
926 2627 958 2649 Ci-

117 2673 203 2701 vitatis,
220 2673 272 2696 cod.
293 2674 342 2695 121.
359 2674 430 2696 chart.
449 2674 470 2695 in
489 2674 511 2696 4.
527 2680 586 2696 sace.
604 2674 662 2697 XlV.
675 2686 705 2691 -—-
717 2675 762 2696 Fol.
781 2675 801 2696 Ι1.
815 2681 836 2697 v.
854 2678 958 2697 notatur:

119 2718 249 2742 Ternarius
261 2720 439 2747 Donaventure,
455 2719 512 2743 liber
528 2720 645 2743 Fratrum
656 2720 778 2744 Minorum
790 2720 814 2744 in
827 2721 958 2744 Brunswic.

118 2767 187 2794 Ecce,
206 2766 321 2795 descripsi
335 2773 387 2789 eam
404 2770 447 2789 cte.
465 2767 550 2789 Desinit
568 2767 606 2789 fol.
624 2768 645 2789 9.
657 2773 675 2789 r.
688 2767 765 2790 verbis
782 2773 833 2796 cap.
851 2768 872 2790 3.
889 2775 910 2790 11.
928 2768 959 2790 7:

117 2812 148 2836 ad
164 2812 274 2843 capulam
292 2815 313 2836 et
330 2813 439 2837 osculum
455 2813 539 2837 divine.
557 2814 636 2837 Cetera
654 2814 744 2837 desunt.

181 2860 217 2882 ts.
235 2859 334 2888 Ibidem,
354 2861 405 2883 cod.
430 2860 466 2883 44.
483 2862 554 2883 chart.
577 2861 600 2883 in
618 2861 656 2883 iol.
673 2867 731 2883 saec.
750 2861 804 2888 XV,
825 2867 895 2890 quem
914 2861 958 2883 iam

118 2907 250 2930 notavimus
267 2911 321 2930 tom.
340 2908 366 2930 V.
385 2913 438 2936 pag.
456 2908 564 2930 XXXlX.
581 2915 603 2930 n.
624 2909 642 2930 l.
659 2920 689 2924 —
706 2909 752 2930 Fol.
775 2909 806 2930 ll.
829 2915 858 2930 r.:
876 2908 960 2938 Incipit

120 2954 250 2978 Tei-narius
268 2955 446 2982 Bonueenture,
463 2953 565 2978 doctoris
582 2954 658 2978 devoti
673 2960 701 2978 ac
719 2954 854 2978 Cardinalis
868 2954 958 2978 ordinis

1806 213 1862 241 xlll

1016 290 1138 314 minorum
1155 291 1278 315 Fratrum.
1296 291 1383 315 Desinit
1400 293 1438 315 sol.
1457 292 1492 315 14.
1511 298 1545 314 v.:
1563 293 1585 314 et
1601 291 1644 315 hoc
1661 291 1796 321 Seraphim.
1813 291 1860 315 Deo

1016 337 1119 367 yracias.
1137 339 1224 361 Deinde
1241 339 1323 367 repetit
1339 345 1398 368 quae
1415 339 1528 367 opusculo
1546 338 1703 366 praemiserat.

1080 384 1117 406 47.
1135 384 1268 413 Bruxellis,
1286 385 1424 408 bibliotheca
1449 385 1533 413 Regia,
1559 385 1611 407 cod.
1633 384 1743 407 1520-42.
1768 384 1860 406 miscell.

1016 437 1077 453 saec.
1094 431 1144 453 XV.
1162 444 1193 448 —
1209 433 1256 454 Fol.
1273 433 1311 454 74.
1337 439 1369 455 v.:
1396 432 1479 462 Incipit
1503 431 1644 455 Itinerarius
1669 431 1753 454 mentis
1778 431 1810 454 ad
1826 438 1861 454 se-

1016 476 1106 506 ipsam,
1123 477 1171 500 sive
1187 477 1349 501 meditationes
1365 478 1402 502 rel
1416 484 1520 508 parvum
1539 477 1627 501 bonum
1648 477 1822 504 Boneveuture,
1839 478 1860 500 ei

1016 523 1081 547 debet
1092 524 1219 554 precedere
1236 525 1390 548 Itinerarium
1412 525 1496 549 mentis
1512 525 1545 548 ad
1566 525 1640 548 Deum
1657 524 1687 548 ab
1704 523 1783 547 eodem
1801 530 1860 547 com-

1012 570 1127 601 positum.
1145 572 1231 594 Desinit
1248 573 1285 594 iol.
1302 572 1339 594 79.
1359 579 1394 594 v.:
1412 574 1433 596 et
1450 572 1493 595 hoc
1511 571 1646 602 Seraphim.
1672 570 1777 601 Explicit
1794 570 1859 594 Itine-

1015 617 1111 641 rarium
1128 618 1212 641 mentis
1228 618 1261 641 ad
1270 625 1295 641 se
1311 619 1388 648 ipsam
1406 619 1578 642 Bonarenture.

1080 665 1117 687 48.
1142 664 1240 694 Ibidem,
1266 666 1317 688 cod.
1337 666 1452 694 3716-28,
1473 669 1497 688 111
1522 666 1653 688 notavimus
1673 668 1727 688 tom.
1748 665 1776 687 V.
1803 671 1858 693 pag.

1016 712 1069 735 xlx
1086 719 1108 734 n.
1134 712 1171 734 46.
1186 725 1218 729 -
1235 713 1313 740 incipit
1330 713 1366 735 fol.
1386 713 1438 735 148.
1459 719 1477 735 r.
1494 713 1544 735 sine
1561 713 1640 735 titulo:
1658 712 1727 740 Ecce,
1748 711 1861 741 descripsi

1015 765 1067 782 eam
1084 762 1138 787 etc.,
1155 762 1177 781 et
1199 759 1282 782 desinit
1299 760 1336 782 iol.
1358 759 1406 782 155.
1427 766 1450 782 v.
1469 759 1562 782 verbis:
1580 760 1607 782 ln
1624 759 1671 782 illis
1688 760 1721 782 est
1737 759 1791 788 fons
1808 758 1859 782 vite.

1016 805 1099 828 Amen.
1115 804 1220 834 Explicit
1233 811 1339 835 parcum
1356 805 1444 829 bonum
1461 806 1633 829 Bonaveuture.

1080 852 1117 875 49.
1134 852 1233 879 Ibidem,
1255 853 1307 875 cod.
1332 853 1442 875 9978—82.
1467 853 1566 876 membr.
1582 853 1604 875 in
1623 854 1649 875 8:
1671 855 1776 875 exaratus
1799 859 1859 876 311110

1018 898 1085 922 1497.
1103 912 1134 915 -
1150 899 1196 921 Fol.
1214 900 1252 922 93.
1271 906 1306 922 xm:
1325 899 1409 929 Incipit
1426 899 1483 922 liber
1500 899 1578 923 sancti
1593 900 1759 922 bonaventura
1776 898 1803 921 de
1820 898 1860 922 tri-

1013 945 1072 975 plici
1088 945 1125 969 via
1138 945 1170 969 ad
1185 945 1335 976 sapientiam.
1348 946 1433 969 Desinit
1451 947 1488 968 tol.
1510 947 1562 968 108.
1580 953 1615 969 v.:
1632 947 1653 969 et
1664 945 1707 969 hoc
1724 945 1858 975 Seraphim.

1016 991 1052 1015 Ad
1068 991 1132 1021 quod
1153 991 1285 1021 perducere
1309 991 1419 1022 dianetur
1445 992 1487 1022 qai
1511 992 1566 1015 vivit
1582 994 1605 1015 et
1628 994 1714 1022 reynat
1740 993 1800 1015 Deus
1815 998 1859 1021 per

1015 1038 1096 1062 omnia
1113 1038 1193 1062 secula
1210 1038 1354 1062 seculorum.
1372 1040 1453 1062 Amen.

1078 1086 1115 1108 50.
1133 1085 1231 1113 Ibidem,
1249 1086 1300 1108 cod.
1322 1086 1403 1108 19610.
1420 1085 1519 1108 membr.
1530 1086 1552 1108 in
1570 1086 1592 1108 8.
1609 1092 1670 1108 saec.
1687 1085 1746 1108 xw.
1765 1098 1795 1102 —
1812 1086 1859 1108 Hoc

1015 1133 1154 1160 opusculum
1171 1133 1270 1154 occurrit
1288 1133 1324 1154 iol.
1348 1133 1386 1154 26.
1402 1139 1421 1154 r.
1441 1132 1485 1155 sub
1502 1132 1605 1155 rubriCa:
1623 1131 1705 1162 Incipit
1728 1133 1858 1159 tractatus,

1015 1185 1084 1209 quem
1094 1179 1148 1209 fecit
1160 1180 1339 1207 Bouarentura,
1351 1179 1469 1209 petieratis
1481 1179 1588 1202 Minister
1600 1179 1716 1202 Fratrum
1728 1179 1858 1202 Minorum.

1015 1226 1102 1249 Desinit
1119 1227 1157 1249 sol.
1174 1226 1211 1249 44.
1228 1233 1249 1248 v.
1269 1226 1357 1249 verbis:
1375 1227 1402 1249 In
1419 1225 1466 1249 illis
1484 1228 1518 1249 est
1533 1226 1586 1256 fons
1604 1226 1654 1249 vite.
1677 1227 1759 1249 Amen.

1078 1273 1116 1296 51.
1134 1272 1279 1303 Burdiyatae
1296 1273 1317 1295 in
1335 1273 1416 1300 Gallia,
1439 1272 1575 1295 bibliotheca
1599 1273 1710 1301 Civitatis,
1733 1273 1784 1295 coil.
1803 1273 1856 1295 267.

1015 1319 1114 1343 membr.
1130 1320 1152 1342 in
1171 1321 1209 1342 sol.
1225 1326 1286 1342 saec.
1303 1320 1362 1342 XlV.
1374 1332 1405 1336 —
1417 1320 1474 1342 lluic
1491 1320 1603 1348 opusculo
1621 1320 1784 1348 praemittitur:
1803 1319 1859 1343 Iuci-

1011 1367 1049 1396 pit
1060 1366 1118 1390 liber
1134 1366 1161 1390 de
1173 1366 1262 1396 triplici
1277 1366 1323 1390 via.
1335 1366 1420 1389 Desinit
1432 1366 1522 1389 verbis:
1537 1366 1614 1389 Tertia
1629 1366 1763 1395 Seraphim.
1777 1365 1859 1395 Eoepli-

1014 1413 1046 1437 cit
1062 1413 1120 1436 liber
1136 1413 1164 1436 de
1181 1413 1275 1443 triplici.
1293 1413 1339 1436 Deo
1357 1412 1460 1442 qracias.

1078 1461 1116 1483 52.
1133 1460 1291 1489 Cantabriqae
1308 1460 1329 1482 in
1347 1460 1442 1488 Anglia,
1460 1459 1596 1483 bibliotheca
1622 1460 1790 1488 Universitatis,
1807 1461 1859 1483 cod.

1015 1509 1038 1530 L.
1057 1508 1070 1530 i.
1089 1508 1126 1530 Vl.
1147 1507 1180 1529 15.
1197 1507 1242 1529 13111
1260 1507 1390 1535 descriptus
1407 1510 1462 1529 tom.
1481 1507 1506 1529 V.
1533 1513 1586 1535 pag.
1603 1507 1646 1530 XX
1668 1514 1689 1530 n.
1708 1508 1745 1530 50.
1765 1520 1795 1524 —
1812 1508 1858 1530 Fol.

1019 1554 1068 1576 135.
1086 1560 1104 1576 r.
1123 1556 1175 1582 post
1191 1554 1234 1576 alia
1251 1554 1321 1576 sancti
1340 1554 1515 1576 Bonaventurae
1531 1553 1640 1576 habetur:
1661 1553 1774 1583 Sequitur
1796 1553 1859 1576 alius

1015 1602 1133 1624 tractatus
1149 1600 1179 1623 ab
1196 1600 1275 1623 eodem
1293 1600 1320 1623 de
1336 1600 1425 1630 triplici
1440 1599 1487 1623 via.
1506 1600 1591 1622 Desinit
1604 1601 1639 1623 sol.
1656 1601 1704 1622 160.
1722 1600 1812 1622 verbis:
1831 1600 1861 1623 Et

1015 1647 1058 1670 hoc
1075 1648 1108 1670 est
1125 1646 1259 1676 Seraphim.
1272 1646 1309 1669 Ad
1319 1652 1363 1676 que
1377 1652 1421 1669 nos
1434 1645 1566 1676 perducere
1577 1645 1687 1675 (liquetur
1700 1647 1761 1669 Deus
1773 1645 1859 1675 ylario·

1014 1700 1068 1722 sas,
1081 1693 1122 1724 qui
1133 1693 1157 1716 in
1172 1693 1261 1716 unitate
1273 1693 1379 1723 perfecta
1392 1693 1448 1716 vivit
1458 1695 1479 1716 et
1490 1694 1575 1723 reynat
1588 1693 1611 1716 in
1623 1693 1703 1716 secula
1714 1693 1858 1716 seculorum.

1015 1742 1097 1764 Amen.
1110 1740 1215 1770 Eaplicit
1231 1742 1348 1764 tractatus
1364 1740 1455 1763 domini
1465 1741 1631 1763 Bonaventure
1647 1739 1675 1763 de
1694 1740 1791 1769 Triplici
1810 1740 1858 1762 Via.

1078 1788 1116 1810 53.
1133 1786 1232 1815 Ibidem,
1250 1787 1301 1809 cod.
1319 1787 1342 1809 F.
1361 1788 1374 1809 f.
1393 1787 1429 1809 Vl.
1447 1787 1485 1809 53.
1502 1787 1602 1809 membr.
1619 1787 1641 1809 in
1662 1787 1696 1809 12.
1717 1793 1776 1809 saec.
1799 1787 1859 1809 XlV.

1015 1847 1046 1851 —
1063 1835 1109 1857 Fol.
1133 1835 1153 1856 8.
1181 1841 1198 1857 r.
1219 1835 1313 1862 legitur:
1340 1835 1513 1857 Documentum
1534 1834 1597 1857 Bone
1621 1834 1730 1863 fortune,
1756 1833 1858 1863 qualiter

1012 1887 1142 1911 possumus
1160 1880 1303 1904 illuminari.
1320 1881 1407 1903 Desinit
1424 1881 1460 1903 sol.
1479 1881 1515 1903 30.
1533 1887 1569 1903 v.:
1587 1881 1614 1903 ln
1632 1880 1679 1903 illis
1690 1882 1725 1903 est
1735 1880 1789 1910 foas
1806 1879 1858 1903 iile.

1015 1929 1097 1951 Amen.
1114 1927 1219 1957 Eirplicit
1235 1927 1403 1951 documentum
1420 1927 1483 1950 Bone
1499 1927 1603 1957 fortune.

1078 1974 1116 1997 54.
1137 1974 1237 2003 Ibidem,
1265 1974 1403 1997 bibliotheca
1428 1974 1523 2002 Collegii
1547 1973 1705 1996 sanctissimae
1729 1974 1858 2000 Trinitatis,

1015 2022 1066 2044 cod.
1084 2022 1109 2043 Β.
1127 2022 1140 2043 l.
1159 2021 1200 2050 44,
1217 2027 1288 2050 quem
1305 2021 1437 2043 notavimus
1454 2021 1522 2043 etiam
1541 2024 1596 2043 tom.
1615 2021 1642 2043 V.
1655 2027 1710 2049 pag.
1730 2021 1773 2043 XX
1786 2027 1807 2043 n.
1821 2020 1858 2043 57.

1014 2080 1045 2084 —
1062 2068 1109 2090 Hoc
1126 2068 1264 2096 opusculum
1282 2067 1363 2095 incipit
1387 2067 1431 2090 sub
1453 2067 1530 2090 titulo:
1553 2066 1672 2090 Meditatio
1697 2067 1859 2090 Boneventzwe

1014 2118 1036 2138 et
1053 2115 1148 2137 desinit:
1168 2114 1246 2138 Tertia>
1263 2114 1390 2144 Seraphim
1407 2114 1440 2143 (in
1458 2117 1535 2136 nostra
1552 2114 1607 2136 edit.
1624 2119 1674 2142 cap.
1693 2114 1713 2136 3.
1731 2120 1753 2136 n.
1772 2113 1826 2142 l4.).

1077 2162 1114 2184 55.
1134 2161 1232 2189 Ibidem,
1251 2161 1387 2184 bibilotheca
1414 2161 1508 2189 Collegii
1534 2161 1606 2190 sancti
1624 2161 1789 2189 Emmanuelis,
1807 2161 1858 2183 cod.

1018 2210 1036 2231 l.
1054 2209 1076 2231 3.
1094 2209 1136 2235 12,
1154 2209 1219 2231 cuius
1238 2209 1376 2230 mentionem
1394 2208 1491 2230 lecimus
1508 2210 1563 2230 10111.
1575 2208 1602 2229 V.
1616 2213 1670 2235 pag.
1683 2208 1774 2230 xxvlu
1786 2214 1809 2230 n.
1821 2207 1858 2230 27.

1013 2268 1044 2271 —
1061 2255 1205 2283 Opusculum
1222 2255 1302 2283 incipit
1320 2257 1371 2283 post
1388 2254 1531 2277 itinerarium
1550 2254 1633 2276 mentis
1650 2254 1673 2276 in
1690 2254 1778 2282 Deum,
1796 2254 1857 2276 nullo

1015 2302 1103 2325 medio:
1116 2301 1184 2330 Ecce,
1197 2301 1313 2331 descripsi
1328 2308 1381 2324 eam
1398 2304 1441 2324 etc.
1454 2301 1540 2324 Desinit
1557 2301 1647 2323 verbis:
1665 2302 1754 2330 Sapere
1771 2300 1858 2330 absque

1014 2348 1125 2379 appetitu.
1144 2349 1264 2378 Sequitur:
1284 2348 1388 2378 Ezpltcit
1412 2348 1469 2371 liber
1489 2348 1620 2371 secundum
1648 2348 1757 2371 i‘rairenz
1783 2348 1857 2371 Mino-

1013 2402 1080 2424 rem,-
1097 2395 1139 2418 alia
1156 2395 1249 2424 antiqua
1267 2402 1350 2418 manus
1366 2395 1468 2418 addidit:
1485 2396 1686 2418 Bonaventuranz.

1077 2442 1114 2464 56.
1141 2442 1242 2465 Carnuti
1266 2442 1288 2464 in
1313 2443 1395 2470 Gallia,
1421 2442 1558 2465 bibliotheca
1583 2442 1699 2470 Civitatis,
1727 2442 1778 2464 cod.
1804 2442 1856 2464 238.

1015 2488 1114 2511 membr.
1130 2489 1152 2511 in
1171 2490 1193 2511 8.
1210 2495 1271 2511 saec.
1288 2489 1349 2511 XlV.
1365 2489 1475 2512 exeuntis.
1492 2501 1522 2505 —
1539 2489 1584 2511 Fol.
1603 2489 1655 2511 203.
1672 2495 1691 2511 r.
1707 2488 1803 2511 habetur
1820 2495 1857 2511 ru-

1015 2535 1090 2558 brica:
1109 2535 1192 2565 Incipit
1208 2537 1337 2564 tractatus,
1355 2535 1457 2565 qualiter
1474 2542 1499 2559 se
1515 2535 1580 2559 debet
1596 2534 1681 2558 habere
1697 2535 1767 2558 homo
1787 2535 1811 2558 in
1829 2535 1857 2558 le-

1014 2583 1100 2610 ctione,
1118 2582 1280 2612 meditatione,
1304 2583 1423 2611 oratioue,
1446 2582 1648 2612 contemplatione.
1675 2583 1690 2604 Ι.
1716 2582 1855 2612 capitulum.

1016 2629 1085 2657 Ecce,
1105 2628 1219 2658 descripsi
1234 2636 1287 2652 eam
1304 2632 1346 2652 etc.
1364 2629 1451 2651 Desinit
1467 2630 1505 2651 sol.
1523 2630 1576 2651 208.
1589 2635 1607 2651 r.
1619 2635 1661 2657 per
1677 2628 1748 2651 verba
1766 2635 1817 2657 cap.
1835 2629 1856 2651 3.

1015 2682 1038 2698 11,
1056 2676 1082 2697 8:
1100 2675 1124 2698 in
1141 2677 1162 2698 te
1178 2675 1285 2703 exsulto,
1303 2675 1344 2699 tibi
1360 2675 1382 2698 z'u
1401 2675 1572 2704 sempiternum
1588 2674 1697 2698 adhereo.
1715 2675 1828 2705 Eaplieit.

1077 2722 1115 2745 57.
1133 2722 1268 2751 Carolopoli
1285 2722 1439 2751 (Charlevillc)
1458 2723 1480 2744 in
1498 2722 1575 2749 Gallia,
1592 2722 1728 2745 bibliotheca
1746 2722 1856 2749 Civitatis,

1015 2769 1066 2791 cod.
1084 2769 1121 2791 92.
1139 2768 1236 2791 membr.
1255 2769 1278 2791 in
1297 2770 1318 2790 8.
1343 2775 1403 2791 saec..
1429 2769 1488 2791 XlV.
1511 2769 1617 2791 ineuntis.
1637 2782 1664 2785 —
1683 2769 1762 2798 incipit
1780 2770 1816 2792 sol.
1839 2770 1856 2791 l.

1015 2818 1037 2837 et
1053 2815 1137 2837 desinit
1154 2817 1178 2837 ut
1194 2815 1263 2837 editio
1281 2818 1356 2837 nostra
1375 2815 1526 2838 indicationes
1538 2815 1595 2838 tituli
1608 2818 1629 2838 et
1642 2815 1741 2838 nominis
1757 2816 1856 2838 auctoris

1015 2862 1109 2884 0111111110
1126 2862 1270 2884 omittuntur.

1078 2909 1116 2931 53.
1136 2908 1268 2932 Golmariae
1286 2909 1307 2931 in
1325 2909 1421 2936 Alsatia,
1439 2909 1576 2932 bibliotheca
1594 2910 1708 2937 Civitatis,
1721 2910 1772 2932 cod.
1784 2911 1856 2932 chart.

1016 2956 1037 2978 in
1055 2956 1077 2977 8.
1093 2961 1152 2978 saec..
1171 2955 1222 2982 XV,
1241 2958 1264 2978 111
1281 2956 1412 2978 notavimus
1429 2958 1483 2978 tom.
1502 2956 1529 2978 V.
1547 2962 1601 2984 pag.
1618 2956 1710 2978 XXVlll
1730 2962 1752 2978 n.
1771 2957 1807 2978 28.
1825 2968 1856 2973 —
