2133 3317
131 490 231 509 Confirmat

123 514 241 533 Ambrosius.

128 958 238 981 Exemplum

132 981 233 1005 Aegyptio-

160 1010 208 1023 rum.

132 1098 244 1117 0000011113-

113 1127 155 1141 rum
168 1124 187 1140 et
199 1127 242 1140 aua-

113 1146 238 1165 choretarum.

116 1989 248 2008 Mouachorum

119 2013 245 2032 orientalium.

129 2082 148 2101 S.
162 2082 244 2101 Martini.

140 2223 246 2242 Benedicti.

258 216 315 244 ⁶258

258 293 400 332 reprobus
431 293 550 331 efficiar.
574 293 605 320 Et
626 292 659 320 ad
688 292 740 320 hoc
768 291 956 329 agonistarum
980 291 1109 328 exemplo

259 343 374 370 cunctos
410 342 541 376 provocat
572 338 675 367 Christi
703 338 820 372 milites,
842 345 906 366 cum
937 337 1108 374 praemittit:

262 387 376 420 Omnis,
392 386 444 424 qui
457 386 488 414 in
510 394 602 423 ayone
619 385 776 419 contendit,
798 385 835 413 ab
851 384 986 413 omnibus
1000 393 1029 413 se
1044 384 1109 413 abs-

260 435 340 468 tinet,
369 437 394 462 et
425 433 469 461 att
495 432 628 470 quidem,
658 435 691 461 at
718 431 937 469 corruptibilem
969 440 1110 460 coronam

260 481 424 518 accipiant,
456 488 509 508 nos
540 483 639 508 antem
667 479 883 516 incorruptam.
906 478 944 507 Ad
972 478 1025 507 hoc
1045 478 1110 508 facit

259 527 333 565 quod
354 527 392 555 ait
412 525 573 554 Ambrosius
598 525 788 554 Hexaemeron
813 525 884 553 libro
904 524 1022 553 tertio1:
1042 536 1056 550 (ι
1071 524 1110 553 Ab

258 574 335 603 initio
356 573 457 602 saeculi
488 572 640 609 simplicem
663 572 755 600 cibum
782 574 809 601 et
830 572 986 601 naturalem
1014 571 1110 601 debuit

258 622 332 650 Deus
353 620 468 657 reliquis
489 619 558 648 cibis
578 619 732 653 anteferre,
755 619 886 656 quoniam
904 619 955 647 iste
976 618 1110 647 sobrieta-

258 668 293 697 tis
314 670 356 696 est
378 666 472 700 cibus,
495 666 594 703 reliqui
618 666 776 703 voluptatis.
800 666 827 694 ln
853 666 906 694 1100
927 665 1010 694 datur
1031 665 1110 694 nobis

258 713 425 751 frugalitatis
453 713 614 749 exemplum
636 716 663 741 et
690 712 875 749 parsimoniae
903 712 1109 749 magisterium,

258 765 289 790 ut
312 761 406 790 herbis
427 763 454 789 et
482 760 556 788 victu
579 760 711 796 simplicis
739 760 822 788 oleris
849 762 898 788 aut
930 759 1018 796 pomis
1045 766 1110 787 con-

258 808 324 837 tenti
348 808 452 841 simus,
480 814 564 844 quem
592 809 692 835 natura
713 806 829 840 obtulit,
851 814 934 843 quem
960 805 1110 835 liberalitas

258 855 306 884 Dei
329 854 419 892 primo
440 854 595 882 donavit».

339 903 364 930 Q,
379 901 405 929 ln
420 900 607 929 Ecclesiastica
618 908 730 937 quoque
742 900 868 933 Historia,
881 899 952 928 libro
966 898 1088 928 secundo
1099 899 1110 915 2

261 949 347 978 refert
361 947 512 981 Eusebius,
534 947 608 984 quod
628 959 641 972 «
657 947 729 976 inter
744 949 853 976 sanctos
867 946 1025 983 Aegyptios,
1041 954 1111 983 quos

261 995 433 1032 Evangelista
454 995 563 1023 Marcus
578 994 713 1028 instituit,
736 994 831 1022 vinum
852 1001 933 1022 nemo
955 1000 1005 1021 000
1026 995 1111 1030 gustu

261 1042 394 1079 contingit
414 1050 465 1070 000
486 1041 607 1078 aliquam
629 1049 757 1075 carnem,
779 1043 888 1069 tantum
909 1048 982 1077 aqua
1003 1043 1044 1068 est
1071 1040 1111 1068 eis

260 1093 343 1128 potus
357 1093 384 1119 et
406 1089 484 1126 panis
499 1096 562 1117 cum
585 1089 641 1117 sale
662 1091 689 1117 et
705 1089 824 1125 hyssopo
846 1088 963 1116 cibus».
989 1087 1028 1115 De
1046 1095 1111 1115 ana-

260 1137 381 1167 choretis
402 1139 511 1170 autem,
534 1144 656 1172 quorum
677 1135 761 1164 vitam
784 1137 891 1164 constat
915 1134 1000 1163 fuisse
1021 1133 1112 1170 perse-

260 1184 358 1213 ctionis
379 1183 538 1219 exemplar,
561 1182 743 1219 Hieronymus
757 1182 792 1211 ad
813 1181 993 1210 Eustochium
1005 1180 1025 1215 3,
1047 1188 1110 1209 cum

259 1231 344 1260 vitam
363 1229 582 1259 commendasset
594 1228 821 1263 coenobitarum,
834 1228 937 1262 dicens,
948 1227 1024 1264 quod
1038 1227 1112 1264 apud

259 1286 306 1307 eos
334 1277 464 1305 «vivitur
493 1284 579 1313 pane,
609 1276 795 1313 leguminibus
821 1278 849 1304 et
876 1274 1014 1309 oleribus,
1040 1282 1112 1311 quae

259 1324 315 1353 sale
330 1324 387 1352 solo
402 1323 571 1352 condiuntur
583 1335 610 1357 n,
630 1322 796 1360 quibusdam
819 1321 988 1358 interpositis
1002 1318 1110 1349 subdit:

264 1382 278 1396 «
293 1371 329 1399 Ad
353 1370 466 1399 tertium
492 1378 581 1407 genus
602 1369 727 1404 veniam,
749 1377 820 1406 quos
841 1367 1036 1397 anachoretas
1064 1375 1111 1395 vo-

260 1422 338 1452 cant,
360 1418 407 1455 qui
436 1417 470 1446 de
498 1417 637 1446 coenobiis
664 1419 815 1450 exeuntes,
848 1418 965 1452 excepto
986 1422 1057 1451 pane
1085 1417 1112 1443 et

260 1466 332 1500 sale,
354 1465 474 1502 amplius
502 1464 536 1492 ad
556 1464 665 1492 deserta
686 1463 724 1492 nil
746 1463 900 1500 perferunt.
923 1462 1010 1490 Huius
1038 1461 1112 1490 vitae

260 1515 357 1541 auctor
381 1512 496 1545 Paulus,
520 1511 672 1539 illustrator
694 1510 844 1543 Antonius,
866 1513 893 1538 et
921 1512 953 1538 ut
974 1508 1006 1537 ad
1029 1516 1111 1545 supe-

260 1559 335 1587 riora
363 1557 561 1591 conscendam,
584 1557 712 1594 princeps
734 1557 848 1585 loannes
870 1556 990 1593 Baptista
1010 1555 1064 1584 fuit
1084 1566 1111 1582 ».

260 1607 408 1642 Hucusque
425 1605 620 1641 Hieronymus,
642 1604 689 1641 qui
706 1607 733 1632 et
755 1604 830 1632 bunc
845 1610 929 1640 quem
951 1601 1111 1631 huiusmodi

260 1652 331 1680 vitae
353 1651 451 1680 asserit
472 1654 615 1679 auctorem
637 1650 752 1679 Paulum
776 1650 878 1678 talibus
899 1649 1008 1678 extollit
1028 1648 1113 1677 absti-

259 1698 368 1727 nentiae
391 1698 535 1731 laudibuS,
557 1697 618 1726 eius
633 1697 716 1725 vitam
738 1696 898 1725 describens
913 1697 940 1724 4:
968 1707 981 1721 «
996 1695 1111 1724 Omnem

260 1745 287 1773 10
309 1745 449 1778 01011000,
479 1745 504 1772 in
528 1744 676 1772 solitudine
696 1743 780 1772 duxit
807 1746 941 1776 aetatem3
964 1742 1057 1771 cibum
1086 1744 1113 1770 et

260 1792 454 1821 vestimentum
478 1791 501 1819 01
525 1791 616 1828 [101010
644 1790 802 1827 praebebat.
825 1790 903 1827 Quod
932 1798 967 1819 ne
989 1789 1033 1818 001
1061 1789 1113 1817 101-

259 1838 388 1876 possibile
410 1838 553 1872 videatur,
583 1838 671 1866 lesum
694 1840 780 1866 testor
809 1840 836 1865 et
861 1839 969 1865 sanctos
997 1836 1113 1873 Angelos

260 1886 335 1920 eius,
359 1885 458 1914 vidisse
481 1893 525 1914 me
546 1885 708 1919 monachos,
731 1892 745 1913 e
767 1884 871 1921 quibus
892 1891 966 1913 unus
992 1891 1042 1921 per
1065 1883 1113 1911 tri—

260 1932 335 1969 ginta
353 1940 441 1961 00005
463 1940 533 1969 pane
548 1931 702 1960 hordeaceo
716 1935 743 1960 01
757 1939 830 1968 aqua
844 1931 983 1960 lutulenta
1002 1930 1112 1959 vixit».

261 1996 299 2000 ——
318 1979 418 2008 Beatus
446 1986 558 2016 quoque
579 1978 717 2007 Basilius⁵
746 1978 888 2007 monachis
916 1977 1113 2012 orientalibus,

261 2026 309 2063 qui
330 2026 364 2054 ad
379 2025 556 2063 perfectionis
574 2025 679 2062 apicem
695 2025 856 2054 nitebantur
877 2025 1038 2059 ascendere,
1054 2032 1115 2053 car-

262 2073 338 2101 nium
361 2080 438 2101 esum
462 2072 591 2101 inhibuit.
614 2073 730 2101 Sanctus
752 2072 835 2100 etiam
856 2072 1007 2106 Martinus,
1028 2075 1061 2100 ut
1081 2072 1115 2100 de

262 2120 321 2156 ipso
343 2122 439 2147 narrat
454 2118 588 2155 Sulpitius
599 2118 619 2152 ⁶,
642 2118 669 2146 in
692 2126 742 2147 suo
756 2118 925 2147 monasterio
946 2118 1001 2147 vini
1018 2121 1113 2155 potum

263 2173 357 2194 secum
380 2165 544 2202 degentibus
566 2165 708 2194 monachis
730 2165 881 2194 concedere
902 2164 999 2193 noluit.
1022 2165 1054 2193 Et
1075 2172 1114 2193 sa-

263 2220 310 2241 cer
326 2212 368 2240 vir
383 2212 546 2241 Benedictus
558 2212 567 2228 ⁷
583 2212 657 2240 sanis
672 2212 814 2240 0100001115
829 2212 955 2240 carnium
970 2211 1115 2240 comestio-

264 2267 326 2288 nem
350 2258 502 2288 interdixit.
525 2275 564 2279 -—
588 2259 633 2287 His
653 2262 680 2287 et
702 2259 838 2287 similibus
860 2258 939 2295 quasi
960 2258 1115 2287 innumeris

328 2539 333 2551 ¹
353 2539 407 2567 Cap.
426 2539 448 2561 7.
467 2540 507 2567 283
527 2540 547 2561 in
566 2542 625 2561 textu
643 2539 747 2567 originali
767 2540 874 2562 nonnulla
891 2540 1009 2562 adduntur
1026 2543 1048 2562 et
1065 2546 1113 2562 mu-

264 2582 345 2601 tantur.

326 2616 335 2629 ⁴2
353 2617 408 2645 Cap.
431 2618 464 2639 17.
482 2618 503 2639 in
523 2618 579 2645 11110,
598 2617 636 2639 nbi
655 2619 710 2640 haec
728 2624 755 2640 ex
773 2618 867 2640 Philone
884 2618 1019 2645 allegantur.

328 2654 336 2667 ³
354 2656 425 2684 Epist.
443 2657 480 2678 22.
499 2663 521 2678 n⁴
541 2656 577 2678 35.
596 2660 618 2678 01
636 2657 672 2678 36.

326 2695 335 2707 ⁴
354 2696 402 2718 Vita
422 2696 443 2718 S.
460 2696 522 2718 Pauli
540 2696 607 2724 primi
622 2696 812 2723 ο100111ε10,ι1.11’.
832 2695 878 2719 Cfr.
895 2702 964 2724 supra
984 2702 1037 2724 pag.
1056 2696 1114 2723 255,

264 2738 315 2757 nota
335 2735 357 2757 6.
374 2735 396 2757 in
415 2736 466 2757 fine.

327 2773 335 2786 5
354 2775 457 2802 chnlae
474 2775 547 2797 fusius
565 2777 679 2797 tractatae.
698 2776 847 2802 interrogatio
869 2775 907 2801 19,
926 2782 948 2797 n.
966 2775 988 2797 2.

330 2812 338 2825 e
356 2814 388 2835 De
408 2814 457 2835 Vita
477 2814 501 2835 B.
519 2814 621 2840 Martini,
638 2821 659 2836 c.
677 2814 718 2836 110;
735 2813 819 2836 Cibum
840 2820 883 2836 nna
905 2820 986 2836 omnes
1003 2817 1056 2842 post
1077 2815 1115 2836 ho-

265 2858 314 2874 ram
332 2852 409 2874 ieiunii
428 2852 584 2880 accipiebant;
602 2853 682 2875 vinum
696 2859 765 2875 nemo
783 2856 892 2881 noverat,
909 2853 951 2875 nisi
964 2859 1034 2881 quem
1053 2853 1115 2875 infir-

265 2891 332 2912 mitas
349 2891 470 2918 coegisset.

328 2929 336 2941 ⁷
354 2930 436 2957 Regnl.
453 2936 472 2952 c.
495 2930 536 2952 39:
557 2930 663 2953 Carnium
687 2937 742 2953 vero
764 2931 945 2959 quadrupedum
968 2931 1062 2953 omnino
1085 2930 1115 2953 ab

265 2969 373 2991 0111010115
390 2968 532 2991 abstineatur
555 2970 676 2996 comestio,
694 2974 784 2997 praeter
807 2970 902 2992 omnino
924 2969 1012 2992 debiles
1034 2972 1056 2992 et
1078 2975 1115 2992 ae-

265 3011 350 3036 grotos.

740 214 939 243 OPUSCULUM
960 213 1002 242 Xl.
1024 213 1185 242 APOLOGIA
1208 214 1390 243 PAUPERUM.
1412 214 1480 242 CAP.
1502 214 1532 242 V.

1167 292 1330 320 Sanctorum
1363 292 1499 329 exemplis
1530 291 1719 321 indubitanter
1750 292 1908 329 colligitur,
1940 293 2014 329 quod

1167 338 1348 368 abstinentiae
1370 339 1445 376 rigor
1467 347 1538 376 opus
1559 339 1594 367 sit
1614 339 1752 376 perfectae
1774 339 1894 367 virtutis.
2107 334 2109 370 ’1

1245 385 1272 414 3.
1296 386 1327 414 Et
1346 394 1381 414 ne
1402 385 1469 422 quid
1490 385 1524 414 ad
1545 385 1739 415 certitudinem
1761 385 1845 420 desit,
1866 386 1927 414 aliis
1948 386 2014 414 San·
2027 371 2128 424 secu-1420.

1166 434 1276 460 ctorum
1297 431 1524 460 auetoritatibus
1544 432 1719 469 probandum
1740 435 1795 466 est,
1817 432 1920 469 quibus
1942 440 2015 461 asse·
2027 421 2123 443 ‘mamm'

1166 482 1246 513 runt,
1262 478 1337 516 quod
1351 478 1491 507 abstinere
1505 486 1521 506 a
1536 478 1600 507 vino
1614 482 1642 507 et
1656 479 1787 508 carnibus
1801 479 1837 508 sit
1851 479 2013 516 perfectum.

1166 524 1207 553 Ait
1228 525 1301 553 enim
1316 525 1499 561 Hieronymus
1520 524 1554 552 ad
1568 524 1771 554 Demetriadem
1782 525 1806 553 8:
1826 537 1839 550 «
1855 525 2015 554 Concedun-
2031 531 2117 558 Hierony.

1166 574 1213 600 tur
1237 571 1348 608 quidem
1371 571 1500 608 nuptiae,
1521 571 1648 599 carnium
1669 579 1738 600 usus
1758 575 1786 601 et
1806 572 1879 606 vini,
1900 573 1948 601 sed
1967 573 2016 601 ho-

1167 626 1231 646 rum
1252 618 1419 647 abstinentia
1440 618 1554 646 consilio
1569 618 1732 654 perfectiore
1753 618 1887 647 suadetur
1901 631 1928 647 ».
1945 619 2016 648 ldem

1167 673 1280 702 quoque
1298 668 1394 694 contra
1414 665 1583 693 Iovinianum
1596 664 1620 693 ⁹:
1640 676 1654 689 «
1666 664 1700 693 Si
1719 665 1764 693 vis
1781 664 1930 702 perfectus
1944 674 2016 701 esse,

1166 712 1270 741 bonum
1292 715 1334 740 est
1355 711 1450 740 vinum
1471 719 1527 740 non
1548 711 1644 740 bibere
1665 714 1692 740 et
1713 719 1811 741 carnes
1824 721 1878 741 non
1901 713 2018 742 mandu-

1167 766 1246 793 care;
1269 766 1331 787 nam
1352 758 1381 786 si
1400 758 1445 787 vis
1457 757 1606 795 perfectus
1627 766 1700 792 esse,
1721 758 1821 787 melius
1842 762 1884 788 est
1897 759 2018 788 animam

1167 806 1293 843 saginare
1318 813 1402 842 quam
1431 813 1533 842 corpus
1552 817 1578 833 1).
1605 805 1775 842 Augustinus
1796 805 1877 834 etiam
1900 806 1934 835 de
1955 806 2017 836 Fide

1167 852 1201 881 ad
1223 852 1333 880 Petrum
1348 852 1370 868 ¹⁰
1385 852 1424 880 sic
1444 851 1497 880 ait:
1518 863 1532 877 «
1546 851 1668 880 Humiles
1682 852 1754 880 servi
1770 852 1887 887 Christi,
1902 853 1950 890 qui
1970 861 2018 882 cu—

1168 899 1248 935 piunt
1269 898 1388 927 Domino
1418 898 1524 935 absque
1555 898 1751 935 impedimento
1780 899 1901 934 servire,
1923 900 2018 928 coniu-

1167 945 1211 982 gia
1226 953 1279 973 non
1295 947 1442 981 appetunt,
1457 953 1473 973 a
1487 945 1551 973 vino
1572 948 1599 974 et
1613 945 1744 974 carnibus
1765 945 1915 980 abstinent,
1931 954 2018 984 quan-

1168 995 1228 1021 tum
1260 992 1385 1028 corporis
1415 991 1538 1020 valitudo
1569 991 1719 1028 permittit,
1741 1000 1796 1020 non
1824 993 1898 1029 quod
1923 1000 2018 1030 pecca-

1168 1042 1227 1068 tum
1259 1039 1294 1067 sit
1325 1042 1373 1067 aut
1404 1039 1550 1076 coniugem
1578 1039 1694 1073 habere,
1720 1042 1769 1067 aut
1790 1046 1888 1068 carnes
1909 1040 2018 1069 vinum-

1168 1093 1223 1122 que
1254 1085 1398 1122 percipere
1416 1097 1442 1113 ».
1465 1085 1535 1114 Haec
1566 1086 1745 1122 Augustinus.
1778 1086 1816 1114 Ad
1845 1086 1897 1115 hoc
1927 1087 2018 1123 ipsum

1168 1132 1232 1161 facit
1247 1132 1321 1169 quod
1335 1132 1401 1160 dicit
1417 1132 1568 1169 Gregorius
1582 1132 1725 1169 trigesimo
1741 1132 1811 1161 libro
1826 1133 2017 1162 Moraliumss:

1174 1190 1188 1203 «
1201 1178 1299 1207 Nullus
1321 1178 1441 1215 palmam
1463 1178 1615 1215 spiritualis
1640 1179 1799 1208 certaminis
1820 1180 2018 1216 apprehendit,

1169 1225 1216 1262 qui
1239 1234 1292 1253 non
1321 1225 1349 1253 in
1371 1225 1518 1262 semetipso
1549 1226 1628 1262 prius
1655 1234 1705 1263 per
1733 1227 1861 1256 afflictam
1889 1228 2019 1265 concupi-

1169 1272 1300 1301 scentiam
1329 1272 1420 1300 carnis
1448 1272 1586 1301 incentiva
1606 1272 1747 1302 devicerit.
1768 1273 1863 1310 Neque
1884 1274 1957 1303 00101
1986 1274 2020 1303 ad

1169 1318 1329 1348 conflictum
1351 1319 1504 1355 spiritualis
1518 1319 1613 1356 agonis
1633 1320 1806 1357 assurgitur,
1828 1320 1850 1349 si
1872 1329 1927 1349 non
1943 1321 2020 1357 prius

1169 1366 1242 1395 intra
1263 1366 1446 1402 nosmetipsos
1467 1366 1555 1395 hostis
1576 1366 1697 1403 positus,
1719 1367 1799 1404 gulae
1821 1367 1947 1397 videlicet
1972 1376 2020 1405 ap-

1169 1413 1287 1450 petitus,
1310 1413 1455 1441 edomatur
1470 1424 1496 1441 ».

1248 1460 1275 1488 [ι.
1297 1459 1442 1496 Colligitur
1457 1459 1563 1497 itaque,
1578 1460 1653 1497 quod
1667 1460 1805 1490 abstinere
1819 1461 1855 1490 sit
1875 1469 1946 1498 opus
1960 1469 2018 1490 ma·
2064 1466 2133 1493 Abstra

1169 1507 1246 1536 xime
1267 1509 1426 1543 competens
1447 1507 1515 1536 viris
1535 1507 1679 1543 perfectis,
1701 1515 1822 1544 quorum
1844 1510 1885 1537 est
1899 1511 1926 1537 et
1947 1511 2018 1537 sata-
2029 1490 2133 1540 3339ῑέλῖ

1169 1562 1221 1583 000
1248 1554 1327 1583 001115
1355 1554 1502 1583 victoriose
1529 1554 1662 1583 resistere
1682 1558 1709 1583 et
1730 1555 1891 1592 sapientiae
1911 1556 2018 1585 studiis
2030 1538 2071 1556 Μ’

1170 1601 1261 1639 quiete
1281 1609 1397 1629 vacare.
1414 1601 1529 1637 Propter
1544 1600 1618 1638 quod
1636 1601 1819 1638 Hieronymus
1833 1605 1930 1631 contra
1951 1603 2020 1632 Iovi-

1170 1647 1284 1676 nianum
1297 1648 1335 1675 ¹2:
1363 1659 1376 1672 «
1398 1648 1423 1676 Si
1452 1648 1516 1685 quis
1535 1648 1676 1683 aestimat,
1697 1648 1866 1678 abundantia
1894 1650 2019 1679 ciborum

1170 1697 1345 1732 potuumque
1366 1702 1395 1723 se
1425 1694 1531 1731 perfrui
1563 1698 1591 1724 et
1622 1703 1720 1724 vacare
1747 1703 1828 1732 posse
1858 1697 2020 1734 sapientiae,

1170 1742 1223 1771 hoc
1238 1744 1292 1776 est,
1309 1742 1413 1770 versari
1429 1741 1500 1770 inter
1521 1741 1633 1771 delicias
1647 1745 1674 1771 et
1694 1742 1857 1771 deliciarum
1878 1743 1952 1772 vitiis
1966 1752 2020 1773 non

1171 1789 1275 1823 teneri,
1304 1796 1332 1817 se
1354 1789 1445 1825 ipsum
1467 1788 1568 1825 decipit
1590 1800 1616 1816 ».
1640 1788 1671 1817 Et
1698 1792 1760 1826 post
1772 1789 1810 1817 ¹³:
1844 1801 1857 1815 «
1879 1790 2020 1826 Quomodo

1170 1836 1276 1873 nuptiis
1297 1835 1496 1872 virginitatem,
1512 1835 1550 1864 ita
1571 1836 1709 1864 saturitati
1728 1839 1755 1865 et
1775 1837 1905 1866 carnibus
1919 1837 2021 1866 ieiunia

1171 1883 1359 1920 spiritumque
1380 1882 1565 1920 praeferimus
1580 1895 1606 1911 ».
1630 1883 1657 1911 Si
1678 1883 1763 1921 igitur
1790 1891 1889 1913 vacare
1915 1884 2021 1921 sapien-

1172 1930 1225 1959 tiae
1246 1930 1434 1967 perfectorum
1456 1932 1512 1964 est,
1535 1933 1562 1958 et
1583 1930 1727 1967 virginitas
1747 1930 1905 1967 praefertur
1926 1931 2021 1960 coniu-

1171 1976 1216 2014 gio
1237 1976 1309 2005 sicut
1330 1976 1483 2013 perfectum
1506 1976 1683 2014 imperfect03
1705 1979 1804 2011 restat,
1826 1977 1901 2014 quod
1921 1977 1955 2006 de
1975 1986 2021 2015 ge-

1172 2031 1239 2052 nere
1269 2023 1362 2060 operis
1389 2023 1528 2052 abstinere
1556 2031 1572 2052 a
1599 2023 1730 2052 carnibus
1754 2023 1870 2060 aliisque
1897 2023 2021 2054 delicatis

1172 2070 1283 2098 cibariis
1304 2073 1396 2098 actum
1411 2069 1477 2098 dicit
1498 2077 1650 2098 consonum
1665 2070 1842 2107 perfectioni;
1864 2072 1891 2099 et
1909 2074 2021 2100 econtra

1172 2116 1216 2145 his
1236 2116 1277 2145 uti
1300 2116 1535 2153 imperfectionem
1555 2116 1694 2153 quandam
1715 2117 1863 2154 importat,
1885 2120 2021 2154 quantum

1171 2166 1213 2192 est
1233 2163 1267 2192 de
1288 2163 1331 2192 sui
1353 2163 1462 2200 generis
1483 2166 1596 2198 natura,
1617 2163 1669 2192 nisi
1697 2163 1732 2192 ad
1752 2164 1949 2201 perfectionem
1978 2173 2022 2194 re-

1172 2210 1291 2239 ducatur
1312 2218 1361 2247 per
1383 2210 1619 2239 circumstantiam
1640 2210 1859 2248 superadiectam
1872 2211 1905 2246 ¹4,
1926 2214 2022 2249 utpote

1172 2265 1236 2286 cum
1259 2257 1322 2294 quis
1352 2256 1436 2285 habet
1457 2257 1566 2294 plenam
1597 2257 1752 2286 abstinendi
1784 2258 1969 2292 voluntatem,
1995 2262 2022 2287 et

2034 811 2109 836 Augusti

2040 2078 2115 2098 uorandi

1234 2538 1242 2551 ὅ
1261 2539 1330 2567 Epist
1350 2539 1371 2561 l.
1399 2539 1420 2560 in
1447 2538 1592 2566 Appendice,
1618 2544 1637 2560 c.
1664 2538 1685 2559 9.
1712 2538 1763 2566 (cfr.
1788 2544 1857 2566 supra
1884 2544 1937 2566 pag.
1965 2538 2020 2566 1116,

1172 2581 1224 2601 nota
1243 2578 1281 2606 8.).

1234 2616 1244 2628 ‘³
1261 2617 1322 2639 Libr.
1340 2617 1363 2639 ll.
1382 2624 1404 2639 n.
1422 2617 1443 2639 6.
1463 2617 1577 2644 Allegatnr
1595 2617 1671 2638 Matth.
1694 2616 1731 2643 19,
1749 2617 1785 2638 21.
1805 2616 1889 2638 Textus
1906 2616 2021 2644 originalis

1172 2657 1256 2679 omittit
1271 2662 1337 2679 nam.
1355 2657 1398 2678 Pro
1416 2662 1488 2685 [litam
1511 2661 1599 2685 corpus
1618 2656 1659 2682 (ita
1677 2655 1721 2677 ΑΒ
1739 2661 1792 2678 cum
1816 2658 1876 2678 textu
1899 2655 2019 2683 originali)

1172 2695 1225 2717 edd.
1244 2701 1317 2725 quam
1335 2701 1440 2718 carnem.

1236 2734 1256 2746 ¹⁰
1273 2734 1329 2762 Cap.
1347 2735 1368 2756 3.
1386 2741 1408 2756 n.
1422 2733 1459 2756 45.
1477 2734 1536 2762 (Non
1548 2737 1581 2756 est
1596 2733 1729 2761 Augustini,
1741 2733 1783 2756 sed
1795 2733 1924 2761 Fulgentii).
1937 2733 2022 2755 'l'extns

1173 2774 1292 2801 originalis
1309 2774 1415 2795 nonnulla
1433 2773 1554 2795 interserit.

1236 2812 1254 2825 ¹¹
1272 2812 1328 2840 Cap.
1350 2813 1382 2834 18,
1398 2819 1420 2835 n.
1433 2812 1471 2834 58.
1484 2811 1588 2834 Vocibus
1599 2811 1712 2841 afflictam
1724 2810 1936 2840 concuptecentz'am
1950 2814 2022 2833 textus

1173 2852 1290 2880 originalis
1308 2852 1421 2874 interserit
1438 2851 1535 2875 ventris.

1235 2890 1254 2903 ¹2
1273 2891 1321 2913 Lib.
1343 2892 1367 2913 11.
1392 2897 1414 2913 n.
1441 2891 1462 2913 9.
1488 2891 1530 2912 Pro
1552 2892 1701 2920 potuumque
1726 2893 1799 2913 textus
1816 2889 1933 2917 originalis
1946 2888 2022 2918 potio-

1172 2936 1285 2959 numque.

1236 2968 1255 2981 ¹⁵
1272 2970 1340 2991 Num.
1359 2969 1395 2991 17.

1236 3007 1255 3020 ¹⁴
1273 3007 1328 3030 Cod.
1347 3008 1364 3030 G
1381 3014 1423 3037 per
1440 3007 1549 3037 aliquam
1566 3007 1772 3031 circumstantium
1792 3005 1979 3036 superadditam..
