2133 3317
268 216 310 245 LII
981 218 1224 247 PROLEGOMENA
1246 218 1274 247 C.
1297 219 1314 247 Ι.

332 295 353 318 4.
371 296 492 319 Monacltii
513 296 536 318 in
561 297 671 324 Bavaria,
697 296 836 319 bibliotheca
861 296 946 325 Regia,
970 297 1022 319 cod.
1048 297 1116 319 3596.

268 344 340 365 chart.
358 343 379 365 in
398 343 422 365 4.
438 350 497 366 saec.
517 343 566 366 XV.
584 356 614 360 —
632 343 721 365 lnitium
740 343 808 365 huius
828 343 934 371 opusculi
958 343 1059 365 occurrit
1081 343 1118 365 sol.

269 390 322 413 459.
341 397 364 412 v.
381 390 425 413 snb
443 390 600 413 invocatione:
619 391 646 413 In
663 389 759 413 nomine
776 389 873 413 domini.
891 390 974 412 Amen.
995 389 1032 412 Ad
1048 389 1118 412 hono-

267 443 320 460 rem
337 437 440 467 qloriose
457 440 499 460 ctc.
518 437 605 459 Desinit
623 437 660 459 tol.
680 436 733 459 471.
753 439 776 459 ut
793 437 815 458 in
833 436 911 463 editis,
938 436 1044 459 additur:
1070 436 1118 459 Esc-

266 483 332 514 plicit
349 484 446 507 devotus
464 485 581 507 tractatus
599 482 626 506 de
643 489 743 512 corpore
759 483 803 506 Xti
819 484 841 506 et
856 482 885 505 de
898 482 1071 512 preparatione
1086 482 1118 505 ad

266 530 443 560 suscipiendum
461 530 522 553 idem
539 530 725 553 Sacramentum
736 529 897 560 salutiferum.
913 530 1001 552 Nomen
1017 529 1117 552 auctoris

266 581 361 600 tacetur.
379 578 442 605 Sign.
457 578 483 600 Α.

330 626 351 648 5.
370 624 469 653 Ibidem,
488 624 539 647 cod.
558 625 566 646 4
574 625 642 647 4887.
655 626 728 647 chart.
740 625 763 647 in
776 624 798 647 4.
810 631 870 647 saec.
882 625 934 647 XV.
947 637 979 641 —
990 625 1036 647 Fol.
1049 625 1087 647 92.
1098 631 1116 647 r.

268 672 422 700 praemittitur
439 672 565 699 opusculo:
582 671 667 695 Sermo
685 671 777 695 domini
794 672 966 695 Bonaventure.
988 671 1026 695 Aa
1047 671 1118 694 hono-

266 725 316 741 rem
334 721 376 741 etc.
394 719 441 740 Fol.
458 718 495 740 97.
522 718 627 741 additur:
652 718 756 748 Explicit
779 724 857 741 sermo
883 717 974 741 domini
997 718 1117 741 Benacen-

266 767 319 793 ture
336 765 363 788 de
381 765 537 788 Sacramenlo
554 765 647 788 altaris.
665 765 730 793 sign.
745 766 768 788 B.

330 814 351 835 6.
368 812 468 841 Ibidem,
487 813 539 835 cod.
558 812 643 834 44808.
661 814 732 835 chart.
750 813 772 835 in
791 814 812 835 8.
825 819 886 835 sace.
898 813 948 835 XV.
960 825 991 829 —
1002 813 1049 835 Fol.
1062 812 1115 835 430.

266 867 288 883 v.
306 861 402 888 legitur:
423 860 552 883 Tractatus
570 861 736 883 Bonaventure
753 859 780 883 de
797 865 897 889 corpore
914 859 953 883 ceti·
977 861 998 882 et
1015 859 1043 882 de
1062 866 1117 889 pre-

265 907 391 937 paratione
407 907 439 930 ad
456 907 506 930 eius
523 907 632 930 devotam
648 907 821 937 susceptionem
846 907 966 937 ritamque
990 907 1062 931 Missa
1084 913 1117 930 ce-

267 954 428 978 lebrationem.
446 954 483 978 Ad
499 954 614 977 honorem
632 954 735 984 qloriose
756 961 784 978 ac
806 954 926 978 individue
948 958 991 977 ctc.
1016 956 1038 977 ln
1060 955 1116 983 fine,

266 1002 305 1031 qui
330 1003 428 1025 occurrIt
454 1003 490 1025 sol.
521 1002 569 1024 140.
593 1009 623 1031 v.‚
649 1002 755 1025 additur:
778 1002 825 1025 Hec
850 1002 1021 1025 Bonaventura
1041 1001 1117 1025 cardi-

265 1049 351 1072 nalis...
372 1048 442 1073 ‹1455
459 1049 484 1072 in
501 1049 538 1072 die
556 1049 668 1079 Greqorii
684 1050 747 1079 Pape
764 1049 789 1072 in
806 1049 910 1072 castello.
928 1049 992 1077 Sign.
1009 1049 1034 1072 C.

329 1097 351 1119 7.
368 1096 469 1125 Ibidem,
487 1097 540 1119 cod.
562 1097 582 1119 14
590 1097 642 1118 923.
660 1097 732 1119 chart.
751 1097 773 1118 in
791 1097 812 1118 8.
838 1102 899 1118 saec.
922 1096 982 1118 XVI.
1005 1096 1114 1118 ineuntis.

267 1157 296 1160 ——
314 1145 458 1173 Opusculuni
476 1144 555 1172 incipit
571 1145 609 1166 sol.
627 1144 635 1166 4
643 1144 679 1166 48.
698 1150 717 1166 r.
734 1143 825 1166 vorbis:
846 1144 972 1167 Tractatus
989 1143 1017 1166 (Ie
1030 1149 1117 1173 prepa-

266 1191 359 1215 ratione
376 1191 408 1214 ad
425 1191 524 1215 Missam
541 1190 644 1214 doctoris
662 1190 788 1220 Seraphici
803 1190 881 1214 sancti
892 1191 1066 1214 Bonaveature.
1081 1189 1118 1213 Ad

266 1238 378 1262 honorem
398 1241 440 1261 ctc.
458 1238 545 1260 Desinit
561 1238 598 1260 sol.
617 1238 669 1260 453.
688 1244 709 1260 v.
728 1237 772 1260 sub
794 1238 924 1260 additione:
941 1236 1048 1267 Explicit
1068 1238 1118 1260 tra-

266 1288 343 1310 ctatus
360 1286 388 1309 de
402 1285 573 1316 preparatione
590 1285 623 1308 ad
644 1285 743 1309 Missam
770 1284 873 1308 doctoris
896 1284 1023 1314 Serapliici
1041 1283 1119 1308 sancti

265 1334 437 1357 Bonaeenture.
455 1333 519 1361 Sign.
537 1333 563 1356 D.

329 1383 350 1403 8.
369 1380 469 1409 Ibidem.
487 1381 539 1403 cod.
559 1380 642 1403 45181.
661 1381 732 1402 chart.
750 1380 774 1402 in
793 1379 818 1408 4,
837 1382 943 1402 exaratus
969 1386 1031 1402 anno
1052 1379 1117 1401 1456.

265 1441 296 1445 —
314 1428 361 1451 Hoc
379 1428 518 1456 opusculum
536 1427 636 1450 occurrit
654 1427 690 1449 t'ol.
717 1427 769 1449 436.
793 1433 811 1449 r.
837 1426 881 1449 sub
903 1426 1009 1449 rubrica:
1034 1425 1119 1455 Incipit

266 1477 383 1499 tractatus
401 1475 428 1498 de
445 1474 515 1498 modo
532 1474 658 1498 accedendi
673 1473 706 1497 ad
722 1474 908 1497 Sacramentum
930 1475 952 1496 et
974 1472 1117 1502 contempla-

266 1522 335 1546 tionis
353 1522 464 1545 eiusdem.
483 1521 520 1545 Ad
536 1521 650 1545 honorem
668 1521 771 1551 gyloriose
786 1527 815 1545 ac
832 1520 952 1544 individue
969 1524 1012 1543 etc.
1031 1520 1119 1543 Desinit

265 1570 302 1592 tol.
321 1569 329 1591 4
337 1569 373 1592 44.
391 1576 409 1592 r.
435 1569 493 1592 Hinc
510 1569 614 1591 additur:
633 1568 740 1598 Emplicit
760 1568 857 1591 devotus
881 1569 997 1591 tractatus
1020 1567 1048 1590 de
1069 1573 1119 1590 cor-

262 1623 322 1647 pore
338 1616 376 1640 miz·
392 1616 483 1639 domini
498 1616 577 1639 nostri
593 1617 646 1639 lesu
659 1616 698 1639 :cti
715 1615 775 1644 (sic).
792 1615 857 1643 sign.
874 1616 898 1637 E.

329 1666 351 1687 9.
368 1664 469 1693 Ibidem,
490 1664 542 1687 cod.
563 1664 647 1686 48391.
666 1665 737 1686 chart.
756 1663 777 1685 in
790 1664 828 1685 sol.
840 1669 900 1685 saec.
913 1663 965 1685 XV.
976 1675 1007 1679 --
1019 1663 1041 1685 ln
1054 1665 1119 1690 parte

265 1713 387 1741 superiore
405 1712 441 1734 tol.
461 1712 513 1734 408,
530 1718 550 1734 r.
569 1714 603 1734 est
625 1711 731 1734 rubrica:
753 1710 837 1740 Incipit
860 1711 977 1733 tractatus
1000 1710 1119 1733 Benacen-

266 1762 319 1784 ture
336 1759 363 1783 de
381 1759 538 1783 Sacramenlo
555 1758 705 1782 eucharistie.
724 1758 759 1782 Act
776 1758 891 1781 honorem
909 1761 951 1781 ctc.
974 1758 1061 1780 Desinit
1081 1758 1119 1780 sol.

266 1807 318 1829 444.
336 1813 353 1829 r.
372 1806 463 1829 verbis:
482 1805 551 1835 Quod
568 1805 616 1835 ipse
628 1805 670 1829 libi
680 1807 701 1829 et
713 1805 773 1828 milti
780 1806 891 1835 prestare
902 1805 1021 1834 eliquetur.
1035 1805 1118 1828 Amen.

265 1854 327 1882 Sign.
346 1854 369 1876 F.

333 1901 367 1923 10.
384 1900 485 1929 Ibidem,
506 1900 557 1923 cod.
577 1900 661 1923 48577.
679 1901 751 1923 chart.
769 1906 830 1922 saec.
849 1899 900 1921 XV.
917 1911 948 1915 —
960 1899 1050 1921 Titulus
1062 1905 1118 1926 opu-

265 1948 320 1971 sculi
339 1948 439 1971 occurrit
456 1949 494 1971 sol.
511 1948 563 1970 204.
581 1954 600 1970 r.
617 1947 708 1970 verbis:
727 1946 811 1977 Incipit
828 1948 946 1970 tractatus
963 1946 1060 1970 devotus
1077 1947 1118 1970 Bo-

265 1997 396 2019 naventure
414 1995 441 2018 de
459 1995 615 2018 Sacramento
632 1994 775 2018 eucharistie
787 1994 847 2017 etde
860 1994 1032 2024 preparatione
1044 1993 1118 2024 diana

265 2043 297 2066 ad
313 2044 423 2066 sanctam
440 2042 644 2075 communionem.
658 2042 743 2064 Desinit
765 2042 802 2064 tol.
825 2042 879 2064 223.
903 2048 944 2070 per
969 2041 1055 2064 verba:
1077 2041 1119 2064 sed

265 2090 359 2114 auoeilio
376 2089 454 2120 qratia
470 2089 520 2113 eius
539 2089 588 2119 ipse
605 2088 647 2112 tibi
662 2090 683 2112 et
699 2089 760 2112 mihi
772 2091 883 2118 prestare
897 2088 1016 2118 diqnetnr.
1035 2090 1117 2112 Amen.

266 2137 330 2165 Sign.
347 2137 373 2159 G.

331 2184 367 2206 ll.
386 2183 486 2209 Ibidem,
505 2183 557 2206 cod.
576 2183 660 2205 48647.
679 2184 750 2205 chart.
768 2182 790 2204 in
809 2182 829 2204 4.
847 2188 908 2205 saec.
925 2182 978 2204 XV.
995 2182 1082 2204 -Fot
1099 2183 1118 2204 l.

266 2238 285 2254 r.
304 2231 382 2259 incipit
399 2231 538 2259 opusculum
556 2229 600 2252 sub
621 2229 726 2252 rubrica:
751 2230 877 2253 Tractatus
900 2229 979 2252 sancti
1000 2229 1119 2252 Bonaven-

267 2280 320 2302 ture
337 2278 364 2301 de
382 2278 541 2302 Sacrameuto
558 2277 700 2301 eucharistie
720 2278 742 2300 et
763 2276 935 2307 preparatione
957 2276 989 2299 ad
1011 2276 1119 2300 Missam.

266 2326 353 2348 Desinit
371 2326 409 2348 tol.
427 2325 450 2348 7.
468 2332 491 2348 v.
508 2328 533 2347 ut
550 2325 571 2347 in
589 2325 664 2347 editis.
682 2325 746 2352 sign.
764 2325 790 2347 H.

333 2374 368 2395 12.
388 2372 488 2401 Ibidem,
506 2372 558 2395 cod.
576 2372 662 2395 24840.
679 2373 751 2394 chart.
765 2372 786 2394 in
799 2371 819 2394 4.
837 2378 896 2394 saco.
909 2372 961 2394 XV.
973 2384 1003 2387 —
1015 2371 1118 2399 Opuscu-

266 2422 313 2443 lum
330 2420 411 2448 incipit
430 2420 467 2442 sol.
483 2418 521 2441 78.
539 2425 558 2441 r.
576 2419 693 2441 absolute:
710 2418 747 2442 Ad
763 2418 878 2442 honorem
891 2417 996 2448 ylori'ose
1013 2424 1041 2441 ac
1058 2417 1119 2440 indi-

267 2467 335 2491 vidue
352 2470 395 2490 etc.
413 2467 500 2490 Desinit
519 2467 555 2489 sol.
572 2467 609 2489 83.
631 2473 649 2489 r.
675 2466 719 2489 sub
737 2466 867 2489 additione:
885 2466 931 2489 Hec
950 2466 1118 2489 Bonaeentura

266 2514 294 2537 de
307 2513 464 2544 preparando
482 2520 506 2537 se
523 2513 555 2536 act
580 2513 778 2536 communionem.
802 2515 871 2536 Anno
898 2512 916 2536 4
940 2513 1007 2536 LlllI
1028 2512 1117 2541 (1454).

266 2563 330 2590 Sign.
349 2563 363 2584 l.

330 2610 368 2632 43,
386 2608 487 2638 Ibidem,
507 2609 558 2632 cod.
577 2609 646 2631 9087.
664 2610 736 2631 chart.
754 2609 776 2631 in
800 2609 820 2631 8.
844 2615 905 2631 saec.
929 2609 980 2630 XV.
1006 2608 1117 2630 exeuntis.

267 2670 298 2674 —
314 2658 361 2679 Fol.
383 2658 401 2679 1.
418 2663 450 2679 r.:
469 2656 555 2686 Incipit
571 2657 688 2679 tractatus
704 2655 865 2679 sacratissimi
881 2662 909 2679 ac
927 2654 1120 2679 eccellentissuni

267 2703 375 2733 corporis
388 2705 409 2727 et
420 2703 546 2733 sanqualis
557 2703 652 2726 Domini
662 2702 740 2726 sancti
748 2703 921 2726 Bonaeenture.
933 2702 1019 2725 Desinit
1031 2703 1069 2725 sol.
1082 2702 1119 2724 47.

267 2757 298 2773 r.:
318 2749 386 2778 Quod
397 2750 457 2773 mihi
472 2751 493 2773 et
511 2749 552 2773 tibi
564 2751 676 2780 prestare
692 2749 804 2779 diffitetur
828 2749 870 2779 qui
894 2749 951 2773 vivit
974 2750 997 2772 et
1023 2750 1117 2779 regnat.

268 2798 333 2825 Sign.
349 2798 378 2819 K.

332 2844 368 2866 44.
387 2843 487 2872 Ibidem,
506 2844 558 2866 cod.
577 2844 659 2867 48648.
672 2845 743 2867 chart.
756 2845 780 2866 in
793 2844 814 2867 4.
828 2850 888 2867 saec.
901 2845 952 2867 XV.
964 2857 995 2861 —
1006 2844 1053 2866 Fol.
1067 2843 1117 2865 153.

269 2891 348 2919 incipit
364 2892 408 2913 hoc
427 2891 565 2919 opusculum
583 2897 625 2919 per
642 2891 727 2914 verba:
747 2892 874 2914 Traetatus
900 2891 1066 2914 Bonaventure
1088 2889 1119 2913 di-

269 2930 391 2954 vinissime.
408 2930 551 2953 eucharistie
567 2930 641 2953 utilis.
658 2931 744 2953 Desinit
762 2931 799 2953 tol.
816 2931 854 2953 60.
872 2934 897 2953 ut
914 2931 937 2953 in
955 2930 1033 2958 editis;
1056 2930 1119 2953 addi-

269 2980 317 3000 tur:
335 2977 463 3007 Hucusque
480 2977 657 3000 Bonarentura.
676 2978 740 3005 Sign.
758 2978 780 3000 L.

1239 297 1275 320 45.
1293 297 1392 325 Ibidem,
1410 298 1462 321 cod.
1480 298 1548 321 6174.
1564 300 1635 321 chart.
1648 299 1670 321 in
1683 299 1720 321 sol.
1732 305 1792 321 saec.
1804 299 1855 321 XV.
1868 311 1899 315 —
1911 299 1958 322 Fol.
1969 299 2023 321 273.

1173 350 1204 365 r.:
1224 343 1308 373 Incipit
1324 345 1441 368 tractatus
1459 344 1486 368 de
1503 351 1603 375 corpore
1619 345 1663 369 Xti
1679 346 1853 369 Bonaventare.
1875 346 1961 368 Deinde
1985 347 2024 370 rol.

1175 390 1226 412 268.
1244 397 1276 413 r.:
1293 390 1400 420 Eoeplicit
1412 393 1530 415 tractatus
1542 392 1570 415 de
1581 398 1681 422 corpore
1692 393 1736 416 Xti
1746 392 1837 416 domini
1847 393 2023 417 Bonaeenture.

1174 437 1238 465 Sign.
1255 438 1282 460 M.

1239 485 1275 506 46.
1292 485 1444 514 Monasterii,
1462 486 1600 509 bibliotheca
1619 488 1724 515 Paulina,
1741 489 1794 511 cod.
1812 488 1864 511 425.
1877 489 1948 511 chart.
1967 489 1989 511 in
2001 490 2024 512 8.

1174 537 1235 553 saec.
1252 531 1304 553 XV.
1320 544 1351 547 —
1367 532 1414 554 Fol.
1432 532 1484 555 474.
1502 539 1525 555 v.
1543 534 1697 561 praemittitur
1714 535 1827 562 opusculo
1845 536 1901 557 haec
1917 534 2023 558 rubrica:

1175 576 1259 606 Incipit
1276 579 1393 602 tractatus
1411 578 1503 602 domini
1518 579 1684 603 Bonaventme
1709 580 1736 603 de
1753 580 1911 604 Sacramento
1936 579 2024 604 altaris

1174 623 1278 647 multum
1294 624 1360 648 utilis
1377 626 1399 648 et
1415 625 1603 655 compendiosus.
1622 627 1707 649 Desinit
1723 629 1748 650 ut
1766 627 1789 649 in
1805 628 1873 650 editis
1885 628 1923 650 tol.
1936 628 1988 650 482.
2000 633 2024 650 ν.

1175 671 1238 699 Sign.
1256 671 1280 693 P.

1239 717 1275 740 47.
1293 718 1387 747 Itomae,
1406 718 1544 742 bibliotheca
1556 719 1652 748 Collegii
1669 721 1741 742 sancti
1759 720 1837 743 lsidori
1854 720 2022 748 Hibernorum,

1174 765 1226 787 cod.
1247 765 1285 788 88.
1304 766 1376 788 chart.
1394 772 1454 788 saec.
1472 767 1523 788 XV.
1542 778 1574 783 --
1590 767 1637 789 Fol.
1655 766 1692 789 64.
1710 773 1733 789 v.
1751 773 1804 790 cnm
1817 767 1893 790 rubris
1904 767 1984 790 litteris
1995 767 2023 790 le-

1174 812 1247 840 gitur:
1260 812 1345 842 Incipit
1361 814 1479 836 tractatus
1496 813 1588 837 domini
1598 814 1764 837 Bonaventure
1781 814 1809 837 cle
1825 820 1926 844 corpore
1937 816 1960 838 et
1969 820 2023 838 san-

1174 860 1246 890 quine
1264 860 1308 883 Xti
1329 862 1353 884 et
1372 860 1451 890 primo
1473 861 1627 890 prohemium
1652 863 1675 884 et
1699 861 1781 885 divisio
1808 861 1870 885 libri.
1892 861 1929 885 Ad
1951 861 2024 886 hono-

1173 913 1225 930 rem
1242 911 1285 930 etc.
1304 907 1390 930 Desinit
1408 907 1461 930 solio
1477 907 1515 930 70.
1532 914 1556 930 v.
1574 910 1598 930 ut
1614 908 1638 930 in
1656 908 1764 931 editione.
1781 908 1844 936 Sign.
1862 908 1888 931 N.

1237 955 1340 978 Notanda
1359 955 1387 978 de
1404 955 1441 978 his
1458 955 1580 978 codicibus
1596 955 1651 977 vide
1668 961 1723 983 pag.
1739 955 1782 984 99,
1800 958 1852 978 nota
1871 956 1893 978 4.

1389 1049 1418 1072 11.
1435 1048 1526 1073 Codices
1543 1056 1556 1072 a
1572 1049 1637 1072 nobis
1654 1056 1698 1072 non
1715 1048 1804 1073 collati.

1239 1145 1276 1166 48.
1293 1145 1417 1174 Auyustae
1436 1143 1604 1170 Trevirorum.
1624 1144 1762 1167 bibliotheca
1780 1145 1895 1172 Civitatis,
1907 1144 1960 1167 cod.
1972 1145 2024 1167 203.

1174 1190 1240 1219 (670)
1254 1191 1350 1213 miscell.
1361 1191 1383 1212 in
1395 1192 1415 1212 8.
1428 1197 1488 1213 saec.
1499 1191 1551 1213 XV.
1565 1204 1595 1207 -
1606 1190 1750 1219 Opusculum
1763 1191 1843 1219 incipit
1859 1192 1897 1214 sol.
1911 1191 1931 1213 4.
1944 1197 1963 1213 r.
1975 1191 2024 1213 sine

1174 1237 1219 1259 ulla
1228 1236 1333 1259 rubrica:
1344 1236 1381 1260 Ad
1389 1236 1504 1260 honorem
1513 1237 1616 1266 qloriose.
1628 1240 1671 1260 etc.
1683 1237 1720 1260 Sic
1730 1238 1816 1265 pariter
1825 1237 1910 1260 desinit
1922 1237 1958 1260 rol.
1970 1238 1992 1260 8.
2000 1244 2023 1260 v.

1239 1285 1276 1306 49.
1294 1284 1393 1312 Ibidem,
1411 1285 1464 1307 cod.
1482 1285 1536 1307 266.
1555 1286 1626 1307 chart.
1644 1285 1668 1307 in
1687 1285 1708 1307 4.
1725 1291 1786 1308 saec.
1806 1285 1857 1308 XV.
1874 1298 1905 1302 —
1922 1285 2025 1313 Opuscu-

1174 1332 1222 1355 lum
1241 1334 1275 1354 est
1291 1332 1341 1354 sine
1357 1332 1402 1354 ulla
1419 1335 1471 1355 nota
1489 1332 1546 1354 tituli
1563 1333 1600 1355 vel
1617 1333 1727 1355 auctorIs.

1237 1380 1275 1401 20.
1301 1380 1423 1408 Αἰιςιιιείαε
1452 1379 1641 1408 Vindelicorum,
1669 1379 1807 1402 bibliotheca
1832 1379 1947 1408 Civitatis,
1973 1379 2025 1402 cod.

1174 1426 1309 1449 CLXXXV.
1326 1427 1398 1448 chart.
1416 1426 1438 1448 in
1456 1426 1477 1448 4.
1495 1432 1556 1448 saec.
1574 1426 1625 1449 XV.
1645 1429 1698 1449 ante
1710 1426 1857 1449 medietatem
1869 1439 1900 1442 —
1911 1426 1958 1448 Fol.
1972 1426 2025 1448 419.

1175 1480 1193 1496 r.
1210 1474 1232 1496 in
1250 1473 1372 1501 superiore
1389 1474 1494 1501 margine
1511 1476 1546 1496 est
1562 1474 1652 1496 titulus:
1673 1474 1799 1496 Tractatus
1816 1473 1843 1496 de
1860 1479 1960 1503 corpore
1983 1471 2028 1496 Xti

1176 1519 1348 1543 Bonaventure.
1366 1519 1403 1543 Ad
1419 1519 1534 1543 honorem
1551 1519 1655 1549 ytoriese
1680 1523 1724 1543 etc.
1743 1520 1832 1543 Desinit
1854 1521 1893 1543 tol.
1917 1519 1969 1542 124.
1990 1525 2025 1542 r.:

1177 1566 1246 1594 Quod
1262 1566 1310 1596 ipse
1327 1566 1370 1590 tibi
1385 1568 1407 1590 et
1422 1566 1482 1590 milti
1494 1568 1605 1596 prestare
1622 1566 1740 1597 dianetur.
1758 1568 1841 1590 Amen.

1241 1614 1279 1636 21.
1305 1613 1465 1644 Bamberqae,
1490 1613 1628 1636 bibliotheca
1652 1613 1768 1642 Civitatis,
1791 1614 1842 1637 cod.
1868 1614 1919 1637 AB.
1935 1614 1964 1637 V.
1990 1613 2026 1636 44.

1176 1662 1247 1684 chart.
1265 1661 1287 1683 in
1306 1661 1326 1683 4.
1344 1667 1404 1683 saec.
1423 1661 1475 1683 XV.
1492 1663 1545 1689 post
1569 1661 1683 1683 medium.
1703 1673 1735 1677 —
1756 1661 1803 1683 Fol.
1826 1661 1863 1683 52.
1888 1667 1920 1683 r.:
1942 1659 2028 1690 Incipit

1175 1710 1293 1732 tractatus
1310 1708 1338 1731 de
1354 1714 1455 1738 corpore
1471 1707 1515 1731 Xti
1531 1709 1553 1731 et
1569 1707 1596 1731 de
1613 1707 1783 1738 preparatione
1799 1707 1831 1731 ad
1848 1707 2026 1737 suscipiendum

1176 1756 1236 1780 idem
1254 1756 1440 1780 Sacramentum
1456 1755 1618 1785 salutiferum.
1635 1755 1673 1778 Ad
1689 1755 1804 1778 honorem
1820 1754 1923 1785 yloriose
1940 1760 1969 1778 ac
1993 1754 2026 1778 in-

1175 1803 1269 1827 dividue
1286 1806 1328 1826 etc.
1347 1803 1435 1825 Desinit
1452 1803 1489 1825 sol.
1507 1803 1545 1826 58.
1562 1809 1584 1825 ν.
1603 1805 1627 1825 ut
1643 1803 1666 1825 in
1683 1802 1756 1825 editis.

1239 1851 1277 1872 2-2.
1294 1849 1414 1878 Basileae,
1433 1849 1571 1872 bibliotheca
1588 1848 1694 1876 Publica,
1712 1849 1764 1872 cod.
1783 1849 1808 1871 B.
1825 1849 1858 1871 lll.
1876 1849 1913 1871 24.
1926 1848 2026 1871 membr.

1175 1897 1198 1919 in
1216 1897 1252 1920 sol.
1270 1903 1331 1919 saec.
1350 1897 1400 1919 XV.
1418 1909 1449 1913 —
1466 1897 1608 1925 opusculum
1626 1896 1727 1919 occurrit
1744 1896 1782 1918 sol.
1799 1902 1817 1918 r.
1832 1902 1878 1918 non
1891 1898 2024 1925 numerato,

1175 1943 1303 1972 praemissa
1320 1942 1426 1966 rubrica:
1443 1942 1530 1972 Incipit
1539 1944 1657 1966 tractatus
1670 1942 1746 1966 brevis
1758 1942 1850 1966 domini
1859 1942 2026 1966 Bonaventure

1175 1990 1202 2014 ite
1218 1990 1288 2014 modo
1309 1996 1334 2014 se
1359 1990 1508 2020 preparandi
1531 1990 1563 2013 ad
1587 1989 1755 2014 celebrandam
1779 1989 1887 2014 Missam.
1912 1989 2025 2020 Sequitur

1171 2038 1252 2068 primo
1267 2037 1392 2067 proloqus.
1410 2037 1447 2061 Ad
1464 2037 1579 2061 honorem
1596 2040 1638 2060 etc.
1657 2038 1744 2060 Desinit
1765 2038 1802 2060 fol.
1828 2044 1864 2060 v.:
1889 2037 1958 2065 Quod
1976 2037 2026 2067 ip³e

1174 2084 1241 2108 nobis
1257 2086 1366 2114 prestare
1383 2084 1501 2114 diqnetnr.
1519 2086 1601 2108 Amen.

1239 2133 1275 2155 23.
1293 2132 1394 2160 Ibidem,
1412 2132 1463 2155 cod.
1480 2133 1506 2155 A.
1524 2133 1579 2155 Vlll.
1599 2133 1636 2155 46.
1660 2133 1732 2155 chart.
1754 2132 1777 2155 in
1796 2133 1817 2155 8.
1838 2138 1898 2155 saec.
1920 2132 1972 2155 XV.
1994 2145 2025 2149 —

1174 2180 1221 2202 Fol.
1239 2179 1259 2201 5.
1278 2186 1298 2202 r.
1315 2180 1494 2208 praemittuntur
1511 2180 1624 2208 opusculo
1642 2180 1724 2202 eadem
1741 2178 1827 2207 verba,
1844 2185 1905 2208 quae
1921 2180 1944 2201 in
1962 2185 2026 2207 prae-

1175 2226 1264 2249 cedenti
1282 2226 1362 2249 codice
1380 2226 1502 2249 habentur.
1520 2226 1607 2249 Desinit
1624 2226 1661 2248 sol.
1675 2226 1712 2249 44.
1724 2233 1760 2249 ν.;
1774 2225 1843 2254 Quod
1857 2225 1905 2255 ipse
1916 2225 1958 2249 tibi
1970 2232 2026 2255 pre-

1174 2275 1239 2297 stare
1256 2273 1376 2303 diynetur.
1395 2275 1477 2296 Amen.

1239 2321 1276 2343 24.
1293 2320 1393 2349 Ibidem,
1413 2321 1465 2343 cod.
1482 2321 1505 2343 F.
1523 2322 1546 2343 L.
1565 2321 1601 2343 lV.
1620 2321 1628 2342 4
1636 2321 1657 2343 3,
1674 2321 1769 2343 miscell.
1786 2320 1809 2343 in
1827 2320 1848 2343 4.
1859 2326 1920 2343 saeC.
1932 2320 2025 2343 XV.—

1174 2369 1221 2391 Fol.
1239 2374 1256 2390 r.
1275 2374 1320 2390 non
1337 2370 1471 2390 numerato:
1488 2367 1572 2397 Incipit
1589 2367 1734 2397 opusculum
1752 2367 1843 2390 domini
1859 2367 2026 2391 Bonaventare

1175 2415 1203 2438 de
1220 2414 1289 2438 modo
1304 2414 1456 2444 preparandi
1471 2421 1496 2438 se
1513 2414 1545 2437 ad
1564 2414 1665 2438 Missam
1690 2414 1863 2438 celebrandam.
1886 2414 1968 2437 Primo
1990 2420 2026 2437 se-

1175 2461 1258 2491 quitur
1274 2460 1381 2491 prolacio
1400 2461 1459 2490 (sic).
1476 2461 1513 2484 Act
1529 2461 1644 2484 honorem
1661 2464 1705 2484 etc.
1721 2461 1809 2484 Desinit
1835 2462 1871 2484 fol.
1894 2468 1932 2484 r.:
1957 2461 2026 2489 Quod

1175 2508 1223 2538 ipse
1240 2508 1282 2532 tibi
1296 2510 1407 2538 prestare
1424 2508 1542 2538 diffitetur.
1560 2510 1642 2531 Amen.
1660 2508 1772 2538 Explicit.
1791 2507 1866 2532 4469.

1238 2557 1276 2578 25.
1302 2555 1419 2583 Berolini,
1438 2555 1577 2578 bibliotheca
1600 2556 1685 2584 Regia,
1710 2556 1763 2579 cod.
1789 2556 1826 2578 lat.
1851 2556 1920 2579 theol.
1943 2556 1963 2578 4.
1986 2556 2023 2579 72.

1175 2604 1247 2626 chart.
1264 2609 1326 2626 saec.
1342 2603 1394 2625 XV.
1412 2616 1441 2619 —
1459 2604 1506 2625 Hoc
1524 2604 1662 2631 opusculum
1682 2603 1759 2631 incipit
1781 2604 1818 2626 sol.
1836 2604 1857 2626 3.
1879 2610 1902 2626 ν.
1927 2603 1976 2626 sine
1997 2604 2025 2626 ti-

1175 2650 1234 2673 tulo:
1251 2649 1288 2673 Ad
1304 2649 1420 2672 honorem
1437 2651 1459 2673 et
1475 2649 1571 2673 laudem
1587 2649 1691 2679 yloriose
1707 2651 1730 2673 et
1746 2649 1866 2673 individae
1893 2649 2023 2674 Trinitatis.

1175 2697 1256 2720 Amen.
1275 2697 1305 2719 Et
1321 2696 1353 2719 ad
1370 2696 1484 2720 honorem
1501 2696 1693 2720 excellentissimi
1709 2700 1752 2720 etc.
1774 2697 1860 2720 Desinit
1880 2698 1918 2720 sol.
1942 2697 1977 2719 41.
2000 2703 2023 2720 v.

1175 2750 1228 2766 cum
1246 2744 1375 2767 additione:
1393 2743 1533 2773 Emplieiunt
1544 2743 1641 2767 collecta
1653 2743 1680 2767 de
1692 2744 1807 2773 reqinzinc
1818 2743 1947 2767 sacerdotis
1959 2743 2024 2767 circa

1175 2789 1278 2820 officiunt
1305 2790 1375 2814 Misse
1389 2797 1434 2820 per
1459 2790 1631 2814 cancellarium
1658 2790 1816 2814 Parisiensem
1841 2790 1916 2819 edita,
1941 2790 2022 2820 script.

1174 2843 1238 2861 anno
1256 2837 1353 2860 Domini
1370 2836 1448 2861 4425.

1238 2885 1275 2907 26.
1293 2884 1393 2914 Bruyis,
1412 2884 1550 2907 bibliotheca
1568 2884 1681 2913 Civitatis,
1699 2885 1751 2908 cod.
1768 2885 1822 2908 500.
1846 2885 1941 2908 miscell.
1962 2891 2022 2907 saec.

1175 2932 1225 2954 XV.
1243 2944 1274 2948 —
1290 2932 1336 2954 Fol.
1354 2937 1401 2954 non
1418 2934 1538 2954 numerato
1555 2932 1668 2960 opusculo
1686 2931 1851 2959 praemittitur:
1874 2931 1957 2961 Incipit
1973 2933 2023 2954 tra-

1175 2981 1251 3003 ctatus
1269 2978 1296 3002 de
1310 2978 1481 3009 preparatione
1497 2979 1529 3002 ad
1545 2979 1644 3003 Missam
1662 2979 1753 3003 domini
1767 2978 1893 3009 Seraphici
1910 2978 2023 3002 Iohannis
