2133 3317
8 0 10 18 1

8 49 10 64 ι

8 71 10 85 l

8 98 9 121 1

8 147 10 175 l

8 243 10 259 l

8 294 10 322 ;
93 285 284 318 attentissime,
299 284 418 321 qualiter
439 282 472 311 de
494 282 563 310 liora
583 280 610 308 in
632 280 729 308 horam
750 278 936 307 ambulaveris

0 327 77 364 unam.
93 332 178 369 diyne
200 331 255 359 Deo
271 331 296 364 ¹,
318 330 376 358 siue
391 328 500 357 macula
520 327 547 355 in
564 326 683 355 iustitiae
705 325 809 354 semita.
827 325 858 353 Et
872 324 936 361 quia

9 377 10 380 ’
93 386 172 408 nemo
192 380 246 410 est,
267 377 315 413 qui
337 376 376 404 sic
396 374 568 411 disciplinam
590 376 618 402 et
636 373 768 401 iustitiam
784 375 890 405 servet,
906 374 937 399 ut

8 435 10 488 4
92 425 160 454 nihil
181 423 291 461 penitus
311 422 431 459 negligat
451 421 494 450 vel
515 421 639 454 omittat;
662 420 721 448 ideo
749 419 935 448 necessarium

8 493 10 525 1
93 475 148 506 est,
168 474 200 499 ut
220 470 253 498 ad
270 469 454 506 poenitentiae
469 468 611 496 lavacrum
627 474 792 500 recurrens,
812 473 874 494 cum
890 465 937 493 do-

8 535 10 553 ;
93 520 150 548 lore
170 520 198 546 et
217 517 320 554 gemitu
343 515 502 552 saepissime
531 518 595 543 tuae
623 513 789 542 accusationi
819 512 936 540 insistas.

8 555 10 560 ¹
93 566 121 594 ln
142 572 197 601 qua
217 563 328 600 quidem
350 562 525 590 accusatione
546 561 603 589 sive
625 560 795 588 confessione
816 559 937 595 integre,

92 610 227 640 veraciter
247 612 274 638 et
296 616 379 646 pure,
402 608 460 636 sine
481 608 555 636 omni
587 606 723 635 velamine
751 605 939 634 excusationis

93 657 135 686 vel
155 655 346 685 occultationis
367 662 416 683 seu
437 653 603 691 palliationis
624 661 673 690 per
695 652 819 680 ordinem
844 659 939 680 omnes

8 674 10 723 4
93 707 156 733 tuos
176 702 328 731 retexendo
349 701 472 730 defectus
500 700 634 729 sacerdoti
667 699 780 736 proprio
808 701 939 734 tanquam

2 760 7 779 ¹.
32 758 72 776 nune
94 751 149 780 Deo
169 749 253 778 debes
268 749 408 781 iutimare,
424 747 563 776 narrando
578 747 656 783 prius
671 745 855 778 omissiones,
870 752 940 781 quas

17 780 76 800 ”⁸⁶³¹
94 797 121 826 in
142 796 186 825 his
206 803 278 833 quae
299 798 364 824 sunt
384 794 417 823 ad
450 794 554 826 Deum,
576 793 680 826 fecisti,
706 796 733 820 et
760 791 881 820 maxime
912 791 939 819 in

6 858 10 872 t
94 842 216 872 oratione
237 844 373 878 quantum
394 840 427 868 ad
448 839 585 876 duplicem
608 839 668 867 eius
690 841 809 875 partem,
835 840 941 865 menta-

94 890 147 918 lem
168 888 271 917 scilicet
292 890 319 916 et
339 887 477 920 vocalem;
498 885 595 914 deinde
618 884 744 922 defectus
765 884 792 912 in
811 884 941 912 observa-

94 936 166 965 tione
190 935 311 963 iustitiae
332 933 422 970 quoad
438 932 448 948 2
471 932 651 969 proximum
681 935 741 968 post
771 931 837 959 baec
865 939 942 959 conz-

94 981 261 1015 missiones,
276 988 346 1018 quas
366 980 444 1017 egisti
466 988 502 1008 ex
524 979 595 1007 mala
616 978 740 1007 custodia
762 985 893 1006 sensuum
915 979 942 1005 et

95 1028 221 1058 sensibus
241 1027 423 1056 adiacentium
445 1026 621 1055 affectionum
643 1028 670 1053 et
696 1024 901 1061 cogitationum.

8 1091 9 1111 ;
173 1075 246 1103 Hanc
267 1077 359 1103 autem
381 1073 578 1102 confessionem
594 1079 703 1108 semper
718 1071 799 1100 debet
814 1070 942 1099 contritio

30 1129 81 1148 “tur
96 1125 123 1152 et
143 1121 291 1151 satisfactio
311 1120 452 1154 comitari,
468 1123 499 1148 ut
513 1119 606 1148 doleas
627 1118 753 1147 videlicet
767 1117 800 1146 de
819 1117 942 1151 offensis,

26 1161 82 1204 9¹⁸²:
97 1177 151 1198 non
172 1168 261 1197 solum
282 1168 316 1196 de
338 1167 459 1204 magnis,
481 1166 528 1195 sed
549 1166 630 1195 etiam
652 1165 686 1194 de
707 1165 836 1198 modicis,
855 1167 882 1193 et
895 1164 943 1192 do*

11 1201 44 1219 Μ
97 1215 177 1244 lendo
198 1222 295 1243 caveas
316 1214 416 1243 iterare
438 1213 562 1249 culpam,
584 1220 693 1248 semper
714 1211 828 1240 studens
847 1218 943 1239 causas

97 1265 125 1291 et
138 1261 294 1290 occasiones
308 1260 411 1298 peccati
427 1259 601 1296 praecidere,
620 1261 879 1295 quantumcumque
895 1265 943 1294 per

7 1292 9 1327 1
98 1316 219 1337 amorem
241 1307 387 1336 videantur
409 1307 457 1335 tibi
479 1306 658 1340 coniunctae;
687 1305 752 1342 quia
777 1309 843 1333 tunc
864 1304 944 1333 iuxta

7 1342 9 1386 1
98 1354 246 1384 salvatoris
267 1353 430 1383 sententiam
446 1353 456 1369 ⁵
478 1352 619 1381 eruendus
640 1355 681 1381 est
702 1351 800 1380 oculus
831 1351 944 1379 scanda-

7 1391 9 1444 1
97 1401 194 1435 lizans,
210 1400 235 1429 id
251 1403 292 1429 est
306 1400 462 1429 occasiones
473 1399 586 1436 peccati,
599 1406 670 1436 quae
685 1398 796 1435 quidem
809 1401 944 1434 apparent

97 1448 176 1477 nobis
196 1447 372 1476 delectabiles
402 1446 535 1479 nimium,
560 1446 642 1474 etiam
664 1445 685 1474 si
715 1445 834 1473 multum
866 1444 945 1473 nobis

98 1494 258 1531 displiceant
280 1501 376 1522 earum
398 1493 520 1522 effectus.
543 1492 618 1521 Unde
639 1492 820 1520 fortissimum
849 1494 891 1520 est
918 1491 945 1519 in

0 1522 81 1580 tum·
97 1542 149 1570 hac
170 1549 263 1578 pugna
284 1544 439 1574 certamem
461 1543 488 1568 et
509 1539 569 1568 ideo
590 1542 714 1576 oportet,
736 1546 849 1567 servum
872 1538 917 1566 Dei
933 1538 945 1554 4

8 1583 9 1599 ³
98 1596 157 1617 esse
184 1595 311 1621 caecum,
340 1586 473 1621 surdum,
505 1589 614 1615 mutum
640 1588 668 1614 et
695 1585 881 1614 insensibilem
912 1583 946 1612 ad

8 1673 9 1676 Ἰ
98 1634 201 1669 omnia,
223 1634 250 1662 in
265 1634 368 1671 quibus
382 1641 436 1662 uon
451 1633 555 1662 invenit
569 1633 676 1661 animae
691 1640 757 1661 suae
771 1632 892 1660 lucrum.
908 1647 945 1652 —

14 1685 84 1729 ἰιι-ἐζ
98 1681 132 1711 Ut
151 1683 245 1710 autem
265 1680 299 1709 ad
319 1680 477 1709 divinorum
496 1683 707 1717 praeceptorum
730 1679 845 1715 eiusque
866 1678 946 1707 disci-

0 1683 41 1803 ᾒί
73 1742 81 1747 -
98 1728 189 1766 plinae
209 1727 334 1757 caelestis
354 1727 557 1755 observantiam
577 1726 603 1754 in
619 1725 786 1763 supradictis
807 1729 834 1754 et
854 1725 881 1753 in
903 1733 947 1754 ce-

99 1775 166 1804 teris
179 1775 240 1803 aliis
253 1774 397 1803 sollicitius
416 1773 541 1802 intendas
554 1781 586 1802 ac
600 1772 752 1802 ferventius
772 1771 946 1806 accendaris,

8 1851 9 1864 ¹
99 1821 210 1851 studeas
230 1821 282 1850 ista
302 1820 426 1858 quinque
447 1820 531 1849 semel
559 1819 593 1848 ad
621 1819 712 1848 minus
732 1819 805 1847 inter
825 1818 897 1847 diem
920 1821 947 1847 et

7 1878 10 1905 i
98 1871 206 1897 noctem
227 1867 375 1897 affectuose
395 1870 423 1896 et
448 1874 556 1895 morose
585 1866 660 1895 omni
692 1869 818 1902 tempore
839 1865 948 1894 sincera

7 1906 10 1952 1
98 1917 190 1944 mente
204 1917 339 1948 tractare,
355 1921 439 1950 quam
460 1913 563 1942 scilicet
583 1913 619 1942 sit
640 1912 733 1941 brevis
752 1912 815 1940 vita
835 1915 946 1946 nostra,

7 1955 10 1989 l
100 1970 184 2000 quam
204 1961 312 1990 lubrica
332 1961 398 1995 via,
420 1968 504 1998 quam
525 1969 605 1989 mors
627 1960 748 1994 incerta,
770 1967 841 1996 quae
859 1967 947 1996 prae-

101 2009 162 2038 mia
175 2009 255 2038 iustis
265 2009 286 2042 ⁵,
301 2016 373 2046 quae
390 2007 538 2045 supplicia
559 2010 694 2044 parantur
709 2006 831 2041 iniustis,
846 2009 878 2035 ut
893 2014 947 2035 non

101 2056 136 2086 sit
149 2055 293 2086 servitium
315 2055 373 2084 sine
391 2055 490 2083 timore
511 2062 561 2083 nec
582 2054 714 2091 gaudium
737 2053 795 2082 sine
817 2056 946 2082 tremore.

522 202 718 232 OPUSCULUM
739 201 805 230 XXI.
828 199 983 229 EPISTOLA
1004 200 1047 228 DE
1068 199 1137 228 XXV
1158 198 1409 227 MEMORIALIBUS.

1781 194 1837 222 497

1003 279 1049 306 ⁶25.
1072 277 1178 313 Quales
1199 285 1258 305 esse
1278 275 1432 304 debeamus
1454 274 1484 302 iu
1506 277 1609 302 nostra
1631 271 1827 309 reputatione,

1275 322 1410 360 quamvis
1427 320 1558 358 perfecti.

1073 417 1243 453 Vigesimum
1266 416 1395 453 quintum
1417 418 1444 444 et
1465 414 1595 443 ultimum
1619 416 1676 447 est,
1698 415 1744 446 ut,
1760 419 1838 445 cum,

994 464 1086 492 divina
1100 464 1189 500 gratia
1203 463 1348 500 largiente,
1363 462 1455 490 omnia
1469 462 1538 490 bene
1553 460 1666 494 feceris,
1682 463 1708 488 te
1723 467 1839 487 servum

995 510 1126 539 inutilem
1147 512 1175 538 et
1205 513 1376 546 peccatorem
1405 515 1603 545 recognoscens
1617 507 1638 541 θ,
1663 506 1736 535 omni
1763 506 1841 534 bene-

996 557 1057 586 ficio
1079 557 1126 585 Dei
1148 559 1261 593 reputes
1282 559 1308 584 te
1330 556 1488 592 indignum,
1510 562 1618 591 semper
1640 556 1731 582 tamen
1758 553 1840 581 robu-
1859 556 1974 604 thssssisssssse

995 604 1142 633 stissimam
1175 603 1256 632 fidem
1288 606 1399 636 tenens,
1431 602 1554 638 repletus
1588 600 1701 629 caritate
1733 600 1840 633 divina,
1857 604 1980 623 exercendae-

996 651 1097 680 fiducia
1111 658 1209 686 magna
1223 657 1354 686 sperans,
1369 649 1404 677 ab
1418 649 1477 685 ipso
1492 647 1748 676 misericordissimo
1763 647 1841 675 Patre

996 697 1200 726 misericordiae
1222 696 1269 725 tibi
1292 696 1397 725 viscera
1411 695 1529 732 aperiri;
1550 698 1581 723 ut
1596 711 1633 714 —
1648 702 1712 722 cum
1726 693 1842 722 indefes-

996 744 1069 773 sus⁷
1095 743 1246 780 profundae
1275 742 1439 771 humilitatis
1466 741 1625 770 firmissima
1655 740 1752 769 ieceris
1780 739 1841 768 fidei

996 791 1174 820 fundamenta
1194 789 1375 826 erexerisque
1397 788 1580 817 lucidissimos
1611 787 1730 824 parietes
1757 787 1842 815 conti-

997 846 1068 866 nuae
1089 845 1121 866 ac
1142 836 1262 865 fervidae
1284 836 1422 869 caritatis,
1443 835 1585 864 decoratos
1606 834 1729 863 omnium
1755 833 1843 861 virtu-

997 888 1057 913 tum
1080 884 1209 921 picturis,
1227 887 1385 919 tectumque
1405 881 1575 910 desideratae
1597 881 1653 917 spei
1669 880 1842 909 beatissimae

997 931 1123 968 posueris
1137 930 1286 967 gloriosum
1303 946 1342 951 --
1356 929 1481 962 tandem,
1496 928 1625 957 omnibus
1646 927 1771 956 ordinate
1792 927 1844 956 dis-

998 977 1109 1014 positis,
1137 984 1264 1005 summus
1292 976 1337 1004 ille
1358 975 1482 1004 caelestis
1503 974 1670 1002 inhabitator
1699 973 1843 1010 dulcisque
1862 981 1975 1001 Notandum.

999 1025 1099 1061 hospes
1120 1024 1242 1052 fidelium
1263 1023 1434 1056 animarum,
1456 1022 1536 1050 cuius
1557 1021 1676 1049 deliciae
1696 1023 1765 1048 sunt
1786 1028 1844 1048 esse

999 1080 1064 1100 cam
1086 1071 1156 1108 filiis
1177 1069 1328 1098 hominum
1343 1069 1365 1103 ⁸,
1387 1069 1492 1097 tamdiu
1514 1071 1605 1097 tecum
1636 1068 1765 1105 dignetur
1796 1067 1845 1095 ha-

1000 1119 1088 1147 bitare
1110 1126 1159 1154 per
1181 1117 1297 1154 gratiam
1326 1116 1352 1145 in
1385 1116 1521 1153 praesenti
1553 1115 1666 1149 exsilio,
1698 1121 1845 1151 quousque

1000 1168 1060 1202 post
1084 1165 1234 1193 terminum
1256 1164 1328 1192 vitae
1349 1163 1433 1192 huius
1454 1163 1480 1191 in
1513 1162 1637 1191 caelestis
1668 1160 1845 1190 beatitudinis

1000 1212 1097 1249 patria,
1112 1212 1231 1248 gloriosa
1248 1211 1316 1239 stola
1331 1213 1481 1247 perpetuae
1496 1208 1708 1238 immortalitatis
1722 1208 1844 1241 indutus,

1000 1259 1152 1288 claritatem
1174 1259 1269 1287 vultus
1289 1258 1349 1287 eius
1370 1265 1433 1286 cum
1455 1257 1583 1285 omuibus
1606 1256 1710 1284 Sanctis
1731 1262 1845 1284 cernere

1000 1306 1133 1335 merearis
1155 1306 1181 1334 in
1204 1305 1304 1338 iubilo,
1326 1305 1373 1334 ubi
1395 1304 1449 1333 erit
1469 1312 1578 1332 summa
1602 1303 1717 1332 felicitas
1747 1306 1774 1331 et
1802 1310 1846 1330 ae-

1002 1356 1081 1382 terna
1101 1352 1256 1386 beatitudo,
1277 1352 1340 1380 finis
1361 1354 1388 1380 et
1409 1351 1639 1388 complementum
1661 1349 1784 1378 omnium
1800 1349 1846 1378 de-

1003 1400 1169 1429 sideriorum
1191 1401 1361 1427 nostrorum.

1342 1491 1505 1520 Coucmsto.

1081 1586 1135 1614 Hoc
1150 1588 1341 1614 verumtamen
1356 1584 1447 1613 adhuc
1462 1585 1531 1613 scias
1546 1584 1748 1617 indubitanter,
1764 1583 1847 1612 caris-

1003 1633 1070 1662 sime
1092 1632 1192 1666 frater,
1214 1631 1288 1669 quod
1308 1631 1360 1660 uisi
1393 1631 1512 1668 perfecte
1539 1630 1719 1667 abnegaveris
1750 1632 1847 1659 temet—

1003 1680 1107 1716 ipsum,
1130 1679 1206 1716 sequi
1229 1687 1282 1707 non
1304 1678 1408 1715 poteris
1426 1678 1540 1715 vestigia
1554 1677 1702 1706 Salvatoris
1717 1677 1727 1694 ⁹
1749 1680 1776 1705 et
1790 1677 1848 1706 sine

1004 1726 1187 1755 sollicitudine
1209 1725 1339 1754 continua
1360 1728 1387 1753 et
1408 1725 1502 1753 labore
1522 1725 1583 1753 eius
1603 1724 1720 1761 gratiam
1735 1724 1847 1761 adipisci

1003 1773 1146 1810 nequibis,
1167 1775 1195 1801 et
1215 1772 1266 1801 nisi
1288 1771 1397 1800 assidue
1418 1771 1573 1808 pulsaveris
1594 1773 1688 1808 portas
1709 1770 1781 1805 eius,
1807 1771 1848 1799 in-
1865 1777 1967 1796 orandum.

1003 1820 1080 1858 gredi
1101 1828 1155 1848 non
1177 1819 1281 1856 poteris
1301 1818 1335 1847 ad
1356 1826 1451 1855 pacem
1476 1818 1591 1852 mentis,
1619 1821 1647 1847 et
1674 1818 1725 1846 nisi
1753 1820 1780 1846 te
1808 1818 1848 1846 in-

1005 1869 1110 1895 stanter
1132 1865 1159 1894 in
1182 1865 1280 1894 timore
1300 1865 1348 1893 Dei
1371 1865 1509 1899 tenueris,
1531 1865 1584 1893 cito
1605 1864 1704 1893 domus
1725 1867 1773 1893 tua
1787 1872 1847 1893 cor-

1004 1916 1068 1942 ruet
1089 1912 1117 1941 in
1138 1912 1316 1949 profundum.
1340 1912 1371 1940 Et
1385 1912 1406 1940 si
1422 1911 1538 1940 fideliter
1553 1915 1580 1940 et
1595 1915 1752 1940 constanter
1766 1920 1848 1940 exer-

1004 1958 1104 1987 citatus
1125 1957 1212 1987 fueris
1226 1957 1249 1974 ¹⁰
1270 1958 1297 1986 in
1319 1957 1478 1994 praedictis,
1500 1965 1582 1994 spero
1612 1957 1639 1985 in
1660 1957 1849 1986 misericordia

1004 2005 1168 2040 Salvatoris,
1189 2005 1263 2042 quod
1284 2005 1342 2042 ipse
1363 2007 1389 2034 te
1410 2005 1499 2042 gratia
1519 2013 1570 2033 sua
1590 2004 1704 2042 dignum
1720 2005 1800 2034 faciet
1820 2005 1847 2033 in

1004 2052 1159 2090 praesenti,
1181 2059 1331 2089 secumque
1352 2051 1465 2088 potieris
1485 2051 1572 2088 gloria
1587 2051 1614 2080 in
1629 2051 1732 2080 futuro.
1755 2053 1847 2081 Amen.

165 2287 172 2300 ¹
191 2288 238 2311 Col.
257 2288 282 2315 1,
303 2288 341 2310 1οε
359 2288 387 2310 Ut
398 2287 520 2310 ambuletis
532 2287 602 2315 digne
615 2287 661 2309 Deo
673 2293 715 2315 per
727 2287 803 2309 omnia
821 2287 946 2315 placentes.

104 2327 146 2350 Pro
163 2326 232 2356 diqne
249 2327 295 2350 Deo
314 2327 356 2352 (ita
380 2326 474 2348 BEFG
495 2329 518 2348 et
534 2326 571 2348 ed.
593 2326 612 2354 l)
635 2326 685 2348 Vat.
703 2325 773 2355 dione
793 2331 875 2349 coram
893 2326 947 2348 Deo.

104 2366 174 2394 Epist.
191 2366 205 2388 Ι.
223 2365 283 2387 Tim.
306 2365 332 2392 6,
362 2364 400 2387 it:
419 2365 445 2387 Ut
470 2370 548 2387 serves
572 2364 707 2387 mandatum
733 2365 782 2386 siue
804 2364 900 2386 macula.
917 2376 949 2380 —

105 2404 215 2432 Superius
239 2410 281 2432 pro
304 2402 492 2427 conservandam
509 2409 536 2426 ex
554 2404 621 2425 EFG
639 2402 800 2425 substituimus
825 2402 949 2426 observan-

105 2442 168 2466 dam.
181 2443 276 2465 Inferius
287 2449 330 2471 pro
342 2442 367 2465 in
378 2441 480 2465 iustitiae
496 2442 579 2465 semita
597 2443 613 2464 E
622 2443 637 2464 F
656 2442 679 2464 in
697 2441 800 2465 iustitiae
813 2441 948 2469 sanctitate,

106 2482 124 2504 G
141 2481 164 2504 in
181 2481 271 2504 iustitia
288 2482 311 2504 et
325 2481 458 2504 sanctitate.

8 2547 9 2550 Ἴ
167 2519 176 2532 ²
192 2519 266 2543 Codd.
283 2520 351 2542 EFG
368 2520 484 2549 quantum
501 2518 540 2541 ad.
568 2519 663 2541 inferius
681 2522 733 2547 post
757 2518 908 2548 affectionum
931 2518 949 2539 G

8 2572 10 2586 ,
106 2558 170 2581 addit
185 2560 206 2582 et
223 2558 412 2582 delectationum.

8 2609 9 2622 l
168 2596 177 2610 ³
194 2598 270 2620 Mattb.
288 2598 314 2626 5,
332 2598 369 2620 29.
388 2601 410 2620 et
428 2598 469 2624 18,
486 2598 513 2625 93
530 2598 598 2620 Marc.
615 2598 642 2624 9,
661 2597 698 2620 46.
718 2610 748 2613 —
766 2597 896 2625 Respicitur
912 2597 950 2619 de-

8 2654 9 2666 ,
107 2636 178 2659 finitio
194 2636 362 2666 satisfactionis
379 2643 392 2659 a
408 2637 540 2664 Gennadio,
557 2637 587 2659 de
604 2636 752 2659 Ecclesiastic.
765 2636 871 2664 Dogmat.
884 2635 951 2664 (inter

107 2681 177 2704 opera
194 2676 300 2705 August.)
321 2682 341 2698 c.
363 2675 401 2698 24.
419 2676 483 2703 (alias
508 2675 569 2704 54.)·.
592 2675 719 2698 Satisfactio
742 2675 895 2703 poenitentiae
917 2677 952 2697 est

108 2720 188 2737 causas
205 2717 352 2742 peccatorum
370 2714 475 2737 excidere
496 2720 537 2736 nec
554 2720 633 2736 earum
657 2713 846 2742 suggestionibus
862 2713 951 2736 aditum

108 2753 235 2781 indulgere.
252 2753 297 2776 Cfr.
315 2754 412 2780 Bonav.‚
436 2753 471 2775 lV.
490 2754 550 2775 Sent.
568 2753 590 2775 d.
616 2753 651 2775 15.
669 2759 692 2780 p.
714 2753 739 2775 11.
756 2759 776 2775 a.
804 2753 824 2775 1.
841 2759 865 2781 q.
883 2753 904 2774 1.
920 2765 951 2768 —

109 2792 203 2815 inferius
219 2795 271 2820 post
288 2798 348 2822 quae
367 2791 460 2821 quidem
477 2792 495 2814 G
512 2792 660 2820 prosequitur
677 2792 777 2821 apparet
794 2790 859 2814 nobis
871 2797 902 2814 ea*
918 2797 952 2814 eo-

109 2836 165 2854 rum
181 2829 306 2861 effectibus.
324 2829 389 2853 Unde
405 2834 448 2853 etc.

171 2868 181 2882 ⁴
198 2870 228 2892 lta
246 2869 313 2891 EFG
332 2868 357 2898 [E
374 2868 438 2892 addit
456 2868 614 2899 perfectum];
636 2868 689 2891 edd.
712 2869 804 2898 oportet
822 2868 953 2891 secundum

110 2907 153 2931 Dei
160 2909 321 2937 praeceptum.
335 2908 429 2930 inferius
440 2914 483 2936 pro
494 2907 589 2931 animae
605 2913 663 2931 suae
680 2907 723 2935 (ita
742 2907 756 2929 F
766 2907 793 2936 G)
811 2908 828 2929 E
844 2907 952 2935 animae,

111 2946 163 2969 edd.
180 2946 269 2970 anima.

173 2984 182 2998 ⁶
198 2985 254 3008 Cod.
271 2986 287 3008 E
305 2985 342 3009 via
356 2991 469 3015 praeceps
486 2987 507 3008 et
523 2985 635 3013 ruinosa,
658 2991 731 3014 quam
754 2984 784 3008 sit
800 2990 866 3008 mors
889 2986 953 3008 certa

204 3031 229 3055 S.
238 3032 328 3055 Bonae.
344 3045 375 3048 —
392 3032 460 3055 Tom.
472 3032 530 3055 vui.

1004 2287 1025 2309 et
1042 2285 1102 2308 hora
1120 2285 1171 2308 eius
1187 2284 1290 2312 incerta,
1308 2290 1368 2314 quae
1382 2283 1492 2313 praemia
1506 2283 1682 2313 promittuntur
1700 2283 1774 2307 iustis.
1793 2285 1848 2306 infe-

1004 2325 1053 2347 rius
1070 2327 1122 2352 post
1139 2325 1240 2346 tremore
1257 2323 1273 2345 B
1290 2323 1355 2345 addit
1371 2324 1410 2351 ut,
1427 2328 1482 2345 cnm
1498 2321 1579 2345 omnia
1591 2321 1645 2345 bene
1662 2322 1756 2351 seceris,
1769 2323 1789 2345 te
1802 2328 1849 2346 sei·-

1004 2370 1061 2387 vum
1074 2364 1223 2393 peccatorem
1240 2364 1261 2385 et
1278 2362 1384 2385 ivzulilem
1401 2367 1528 2390 coquoscas
1547 2361 1595 2390 [cfr.
1613 2362 1667 2384 Luc.
1686 2362 1726 2389 «17,
1746 2361 1803 2391 10.].

1068 2401 1078 2414 ⁰
1095 2403 1148 2424 Luc.
1164 2401 1198 2428 17,
1213 2402 1250 2423 10:
1264 2401 1321 2423 Cum
1336 2400 1432 2423 feceritis
1444 2400 1528 2427 omnia,
1540 2406 1600 2429 quae
1612 2403 1734 2428 praecepta
1747 2403 1799 2422 sunt
1811 2406 1849 2423 vo-

1006 2440 1053 2468 bis,
1070 2441 1150 2463 dicite:
1165 2440 1230 2462 Servi
1242 2440 1332 2462 inutiles
1343 2445 1437 2466 sumus;
1449 2439 1510 2468 quod
1524 2438 1649 2461 debuimus
1661 2440 1734 2461 facere
1746 2439 1850 2462 fecimus.

1069 2478 1078 2492 ⁷
1096 2480 1126 2501 lta
1143 2480 1172 2506 t-:;
1190 2479 1231 2501 BF
1248 2480 1286 2506 ut,
1304 2478 1361 2501 dam
1379 2478 1403 2500 in
1420 2477 1551 2508 defossum,
1567 2478 1585 2500 G
1598 2479 1636 2506 ut,
1648 2483 1703 2501 cum
1715 2477 1847 2508 defossum,

1006 2518 1043 2541 ed.
1065 2519 1070 2540 1
1092 2520 1130 2546 ut,
1148 2517 1205 2541 dum
1222 2517 1276 2540 inde
1292 2517 1394 2547 fossam,
1413 2517 1462 2539 Vat.
1481 2518 1518 2545 ut,
1536 2516 1593 2540 dum
1610 2516 1634 2539 in
1650 2517 1748 2546 fossum.

1070 2556 1079 2569 ⁸
1097 2557 1164 2579 Prov.
1183 2557 1209 2584 8,
1226 2557 1264 2578 31.
1281 2569 1310 2572 —
1329 2556 1423 2579 inferius
1446 2562 1488 2584 pro
1505 2555 1612 2579 hahitare
1630 2556 1673 2584 (ita
1692 2557 1716 2585 E)
1736 2556 1788 2578 edd.
1814 2556 1848 2579 fn-

1007 2595 1120 2619 habitat-e.

1070 2634 1080 2647 ⁹
1097 2636 1173 2658 Matth.
1195 2635 1233 2662 16,
1251 2634 1292 2657 24ε
1311 2635 1333 2657 Si
1350 2634 1403 2663 quis
1414 2635 1463 2656 vult
1481 2637 1532 2662 post
1550 2641 1587 2657 me
1599 2634 1690 2662 venire,
1708 2634 1806 2663 abneget
1817 2641 1850 2657 se·

1008 2674 1140 2702 metipsum,
1157 2687 1188 2691 —
1205 2674 1297 2696 inferius
1314 2674 1435 2702 respicitur
1452 2674 1528 2696 ltlattli.
1545 2673 1572 2700 7,
1589 2674 1611 2695 7.
1628 2679 1692 2702 seq.:
1711 2674 1811 2701 Pulsate,
1828 2676 1851 2696 et

1008 2714 1124 2742 aperietur
1141 2713 1230 2736 vobis...
1249 2713 1347 2741 pulsanti
1369 2713 1492 2741 aperietur.
1508 2712 1581 2735 Codd.
1606 2713 1673 2735 EFG
1695 2713 1774 2741 legunt
1796 2719 1850 2742 yra-

1009 2752 1067 2776 tz'am
1083 2758 1130 2775 non
1146 2751 1235 2782 poteris
1252 2751 1363 2781 adipisci,
1380 2753 1402 2775 et
1418 2751 1464 2774 nisi
1476 2751 1500 2781 [F
1517 2752 1582 2774 addit
1593 2751 1695 2780 assidue]
1713 2751 1849 2781 pulsaveris

1009 2791 1096 2814 ianuas
1113 2790 1141 2820 [F
1155 2790 1251 2820 portas]
1269 2790 1342 2814 eius...
1359 2791 1454 2813 corruet
1471 2790 1496 2813 in
1510 2790 1646 2820 profundis.

1072 2829 1091 2842 ¹⁰
1109 2830 1178 2857 Edd.‚
1190 2829 1359 2858 refragantibus
1373 2830 1389 2852 Ε
1398 2830 1413 2852 F
1422 2830 1448 2857 G,
1460 2831 1595 2853 constanter
1608 2831 1628 2853 te
1639 2829 1742 2853 tenueris
1753 2831 1775 2853 et
1785 2836 1851 2853 eoeer-

1009 2868 1095 2892 cz'tatus
1112 2867 1186 2897 fueris
1199 2867 1274 2895 (Eccli.
1287 2868 1315 2890 27
1323 2885 1329 2895 ‚
1342 2867 1381 2896 4.).
1394 2868 1488 2890 inferius
1500 2874 1541 2896 pro
1551 2867 1649 2897 potieris
1661 2869 1678 2890 B
1686 2868 1776 2898 poteris
1787 2868 1848 2898 frui,

1009 2910 1032 2930 et
1048 2909 1100 2935 post
1117 2906 1141 2930 in
1157 2906 1240 2936 futuro
1257 2906 1312 2929 edd.
1328 2910 1406 2929 contra
1431 2906 1447 2929 C
1458 2907 1525 2929 EFG
1547 2907 1641 2935 legunt:
1659 2906 1722 2936 quod
1745 2907 1794 2937 ipse
1810 2906 1853 2930 tibi

1009 2945 1131 2973 concedat,
1149 2945 1190 2975 qut
1205 2947 1239 2969 est
1249 2945 1327 2969 trinus
1344 2947 1365 2969 et
1383 2952 1444 2969 unus
1457 2945 1481 2969 in
1492 2945 1588 2969 saecula
1599 2945 1750 2969 saeculorum
1764 2945 1851 2969 benedi-

1010 2985 1067 3008 ctus.
1086 2985 1167 3007 Amen.

1727 3032 1755 3053 63
