2133 3317
4 708 80 744 pilegus.

0 2181 73 2224 Ηῗέιῗ·

0 2232 11 2247 ›-

575 206 770 235 OPUSCULUM
792 207 833 235 Xl.
856 207 1016 237 APOLOGIA
1038 209 1219 238 PAUPERUM.
1241 209 1309 237 CAP.
1333 209 1361 237 ΙΙ.

100 285 331 316 condescendebat
352 284 469 313 infirmis
482 287 510 313 et
524 283 707 320 imperfectis,
722 292 758 312 ex
773 284 941 313 sublimitate

99 331 263 370 procedebat
292 330 506 367 perfectissimae
533 330 663 359 caritatis.
692 330 768 358 Sicut
792 330 864 358 enim
888 331 940 359 hu-

99 386 206 408 manam
228 377 392 407 assumendo
421 380 565 410 naturam,
588 376 614 405 in
643 376 745 405 nostris
765 376 877 413 quidem
901 376 940 405 fa-

99 429 159 455 ctus
179 427 220 454 est
234 424 357 458 humilis,
373 423 420 452 sed
434 424 462 452 in
478 423 598 460 propriis
612 423 763 460 permansit
776 423 904 451 excelsus
916 424 939 456 ¹;

98 472 137 502 sic
157 479 192 500 ex
213 478 337 499 summae
352 470 474 499 caritatis
488 470 644 507 dignatione
658 469 692 498 ad
706 472 785 498 actus
805 469 938 506 quosdam

97 520 208 548 nostrae
228 517 407 545 imbecillitati
436 520 463 545 et
490 516 689 553 imperfectioni
717 515 872 544 conformes
892 516 938 544 de-

97 564 228 602 primitur
249 567 276 592 et
296 572 312 592 a
337 571 462 592 summae
489 563 664 600 perfectionis
691 562 856 591 rectitudine
884 570 938 591 non

97 614 238 641 curvatur.

176 658 220 685 11.
242 658 277 685 Ac
298 664 348 693 per
369 657 420 685 hoc
448 663 546 685 verum
568 659 625 690 est,
650 655 724 693 quod
752 655 853 684 Christi
875 663 939 692 per-

95 704 171 742 fecta
191 707 260 732 sunt
287 703 379 732 omnia
407 702 518 740 oper-cst
539 703 573 732 ad
597 703 688 740 ipsum
713 702 811 736 relata;
841 709 939 731 verum

96 751 177 781 etiam
198 753 255 784 est,
277 750 352 787 quod
373 750 500 778 Christus
520 750 613 786 aliqua
626 749 690 778 fecit
704 757 800 786 opera,
815 748 939 777 infirmo-

96 805 160 827 rum
180 797 208 826 in
230 805 259 826 se
280 796 454 834 suscipiendo
482 804 628 833 personam
649 799 677 825 et
703 796 738 824 ad
759 799 853 824 nostra
874 803 938 824 con-

95 843 283 874 descendendo
304 843 415 872 infirma
436 846 464 872 et
485 843 657 880 imperfecta3
679 850 776 871 verum
798 842 938 871 nihilomi-

96 898 163 925 nus,
179 890 253 927 quod
268 890 381 919 illorum
395 889 520 926 opposita
541 889 715 918 laudabiliter
729 892 846 926 possunt
860 889 936 923 fieri,

95 940 122 966 et
142 937 308 966 laudabilius
335 940 377 966 est
403 937 494 965 facere
522 936 568 964 illa
596 944 646 973 pro
673 936 732 964 loco
759 939 786 965 et
812 939 937 973 tempore

94 992 176 1021 quam
198 984 339 1017 omittere;
361 991 460 1012 verum
480 983 572 1016 etiam,
587 982 661 1020 quod
675 990 817 1019 nunquam
832 990 868 1011 ex
884 983 936 1011 hoc

94 1034 134 1060 est
153 1030 317 1068 discipulus
337 1039 425 1068 super
445 1030 624 1067 mayistrmn
635 1029 656 1063 ³,
672 1030 737 1066 quia
752 1030 846 1058 nullus
860 1033 936 1058 tanta

1786 209 1841 238 939

997 286 1110 315 caritate
1130 287 1252 315 ascendit
1273 287 1307 315 ad
1328 287 1374 315 illa
1395 287 1490 321 fortia,
1512 289 1615 324 quanta
1636 286 1764 315 Christus
1779 294 1840 315 con-

996 331 1136 361 descendit
1156 334 1190 361 ad
1212 333 1264 362 ista
1285 333 1410 367 infirma,
1432 336 1459 362 et
1488 333 1547 362 ideo
1575 340 1684 370 semper
1709 333 1839 370 magister

995 381 1037 406 est
1057 386 1142 415 supra
1156 379 1333 416 discipulum,
1349 380 1476 408 Christus
1491 380 1616 408 videlicet
1630 387 1716 416 supra
1729 388 1838 408 omnem

996 424 1134 453 hominem
1156 429 1413 463 quantumcumque
1431 426 1594 463 perfectum.
1609 443 1648 447 ——
1663 427 1732 455 Haec
1746 426 1839 455 omnia
1854 431 1950 473 „53:213
1963 454 1985 473 fi·

995 470 1017 498 si
1032 470 1177 507 diligenter
1198 475 1224 500 et
1246 472 1289 508 pie
1310 472 1333 500 is
1354 473 1398 501 cui
1414 473 1610 510 respondetur,
1625 473 1771 502 scivisset⁴
1791 473 1838 501 ad·
1888 468 1940 497 ¹belli·

995 519 1120 550 vertere,
1148 525 1291 554 nunquam
1320 522 1359 547 tot
1384 522 1480 548 contra
1507 519 1607 548 Christi
1632 519 1838 548 condescensio-

995 570 1058 591 nem
1079 564 1240 599 protulisset
1270 564 1404 601 ineptias;
1435 569 1462 594 et
1490 574 1578 600 nunc,
1600 567 1621 595 si
1650 566 1838 595 misericordia

996 609 1043 637 Dei
1064 613 1247 646 praeventus,
1269 614 1300 639 ut
1321 619 1370 648 per
1391 620 1501 640 omnem
1529 613 1641 641 modum
1662 617 1790 649 optamus
1811 616 1838 641 et

995 656 1157 693 suppliciter
1179 657 1313 693 petimus,
1336 658 1478 687 humiliter
1505 659 1647 688 attendere
1669 660 1748 694 velit,
1782 668 1837 688 non

994 702 1074 731 alteri
1095 703 1241 731 conabitur
1263 703 1417 733 haereticae
1438 706 1581 741 pravitatis
1609 706 1714 735 crimen
1737 707 1837 743 impin-

994 757 1076 786 gere,
1098 749 1145 778 sed
1166 750 1312 786 proprium
1333 751 1473 787 corrigere
1493 759 1525 781 ac
1545 752 1690 789 deplorare
1717 753 1838 782 studebit

994 804 1134 830 errorem,
1157 796 1208 825 nisi
1230 796 1317 831 sorte,
1339 797 1412 834 quod
1433 801 1540 826 avertat
1561 799 1650 833 Deus,
1665 799 1698 828 de
1719 808 1837 828 numero

994 843 1029 872 sit
1050 843 1161 872 illorum
1190 843 1252 880 qui,
1283 843 1384 872 Christi
1407 844 1532 873 sublimis
1560 848 1587 873 et
1615 846 1727 875 humilis
1754 847 1836 875 altam

993 892 1020 918 et
1041 889 1280 918 condescensivam
1302 890 1460 927 ignorantes
1481 890 1612 920 iustitiam
1641 896 1668 921 et
1699 893 1836 922 inflexibi-

994 936 1046 964 lem
1069 936 1206 973 quendam
1221 936 1353 973 magistro
1374 937 1549 973 perfectionis
1563 938 1745 968 attribuentes
1764 940 1836 976 rigo-

993 991 1051 1012 rem
1063 983 1083 1017 ⁵,
1107 991 1186 1012 verae
1207 991 1238 1012 ac
1267 983 1326 1020 piae
1355 983 1456 1012 Christi
1484 984 1604 1013 iustitiae
1632 986 1836 1015 convincuntur

992 1030 1083 1066 potius
1104 1037 1163 1058 esse
1184 1029 1315 1058 contrarii
1337 1038 1421 1066 quani
1443 1030 1568 1059 subiecti.

855 1164 1017 1193 CAPITULL'M
1039 1164 1067 1192 ll.

415 1287 537 1315 Primae
557 1286 754 1324 responsionis
774 1286 903 1315 secunda
920 1286 1074 1323 particula
1094 1287 1310 1325 secundumque
1331 1287 1510 1324 capitulum,

248 1338 279 1366 in
306 1346 362 1376 quo
390 1337 527 1375 capitalis
555 1346 640 1366 error
661 1337 743 1366 eirca
770 1336 997 1373 notificationem
1021 1336 1209 1375 perfectionis
1235 1342 1260 1366 et
1288 1338 1514 1376 imperfectionis
1542 1339 1676 1373 eliditur,

285 1392 309 1417 et
325 1397 408 1417 verae
419 1387 607 1426 perfectionis
621 1387 829 1425 exemplaritas
843 1391 868 1417 et
882 1387 1046 1426 differentia
1060 1388 1155 1425 ipsius
1169 1388 1210 1417 acl
1224 1388 1466 1426 imperfectionem
1482 1393 1640 1418 reseratur.

171 1524 194 1552 1.
217 1523 454 1560 Quemadmodum
468 1526 561 1552 autem
580 1522 818 1551 condescensionis
832 1521 934 1551 Christi

91 1570 282 1599 adversarium
303 1570 392 1599 valida
422 1570 568 1599 doctorum
599 1569 751 1607 prostravit
771 1569 933 1603 auctoritas,

91 1617 130 1646 sic
151 1620 178 1646 et
197 1616 322 1654 perversi
342 1616 477 1654 dogmatis
497 1616 558 1646 eius
585 1619 667 1653 caput
694 1615 824 1653 propriae
845 1624 934 1645 asser-

90 1664 171 1693 tionis
192 1671 290 1693 mucro
310 1663 472 1698 detruncat,
487 1663 554 1692 dum
574 1662 647 1692 idem
661 1662 837 1700 perfectionis
851 1670 934 1692 evan-

89 1710 190 1748 gelicae
211 1713 397 1747 oppugnator,
420 1710 510 1747 impiis
531 1710 658 1739 sensibus
679 1709 841 1738 invertendo
862 1709 933 1738 Scri-

88 1760 186 1795 pturas
213 1760 240 1786 et
261 1757 405 1794 imperitis
425 1757 609 1786 sermonibus
629 1756 798 1786 involvendo
822 1761 932 1785 senten-

89 1804 145 1833 tias
156 1804 178 1838 ⁶,
199 1812 255 1833 non
279 1804 368 1833 solum
390 1812 406 1833 a
427 1804 543 1833 veritate
563 1804 704 1838 dissentit,
730 1811 829 1832 verum
850 1803 933 1832 etiam

88 1850 212 1888 sibiipsi
233 1850 404 1880 contradicit.
433 1852 540 1887 Quanta
567 1858 687 1888 namque
718 1850 753 1879 sit
782 1850 811 1879 in
835 1850 932 1879 subse—

89 1897 239 1935 quentibus
260 1898 416 1927 intellectus
437 1897 618 1935 perversitas,
640 1900 761 1935 quantus
775 1897 931 1934 Scriptura-

88 1952 152 1973 rum
174 1944 295 1978 abusus,
316 1946 420 1981 quanta
440 1944 575 1973 involutio
589 1944 803 1978 sententiarum,
818 1947 931 1981 quanta-

88 1998 142 2028 que
162 1991 345 2028 repugnantia
366 1998 514 2025 sensuum;
536 1991 602 2028 quia
622 1990 735 2028 longum
749 1993 821 2019 esset
842 1990 931 2027 expli-

87 2037 172 2067 care⁷
193 2045 242 2075 per
264 2037 387 2075 singula,
408 2037 538 2075 prudenti
564 2037 658 2066 lectori
687 2037 815 2066 sufficere
843 2037 931 2066 credi-

87 2092 166 2120 mus,
187 2084 211 2114 si
231 2084 324 2122 aliqua
345 2084 456 2113 illorum
478 2084 617 2113 succincte
638 2087 792 2121 tangamus.

167 2133 193 2160 2.
225 2131 365 2169 Siquidem
392 2139 409 2160 a
438 2131 602 2168 definitione
633 2130 822 2168 perfectionis
851 2131 930 2168 quasi

89 2179 204 2216 capitale
231 2186 343 2207 sumens
371 2178 534 2213 exordium,
562 2178 643 2212 dicit,
671 2177 744 2215 quod
771 2178 931 2215 «perfectio

88 2225 173 2254 huius
187 2225 258 2254 vitae
272 2228 323 2259 est,
338 2234 393 2254 non
407 2227 439 2254 ut
453 2228 595 2262 peccatum
618 2233 673 2253 non
693 2224 861 2259 habeamus,
883 2224 930 2253 sed

149 2404 157 2417 ¹
175 2406 233 2432 Leo,
251 2406 325 2428 serm.
344 2406 364 2428 t.
382 2405 410 2428 de
428 2405 476 2428 Nat.
494 2405 595 2434 Domini,
612 2412 632 2428 c.
656 2407 682 2433 2,
700 2406 746 2428 ait:
763 2407 792 2428 Se
808 2406 838 2429 ad
855 2411 930 2429 susce-

88 2444 188 2472 ptionem
206 2444 339 2467 humilitatis
356 2447 446 2467 nostrae
463 2445 512 2467 sine
529 2445 680 2467 diminutione
694 2450 749 2467 suae
760 2445 885 2467 maiestatis
897 2445 930 2468 in-

88 2483 180 2506 clinans.
197 2482 242 2506 Cfr.
258 2484 329 2506 Nicol.
346 2485 386 2512 111,
399 2484 509 2507 Declarat.
525 2490 596 2512 super
608 2484 720 2512 Regulam
735 2485 775 2507 FF.
794 2484 846 2507 Min.
863 2484 930 2508 Exiit

89 2521 137 2551 (3.).
154 2522 184 2545 Χ.
200 2522 230 2545 de
247 2522 378 2545 Verborum
395 2523 473 2551 signif.
491 2522 538 2551 (lib.
561 2523 588 2545 V.
611 2523 643 2545 tit.
666 2523 713 2552 42.)
735 2523 758 2545 in
781 2523 819 2545 Vl.
842 2526 884 2545 art.
906 2524 928 2545 2.

88 2566 110 2582 n.
127 2561 152 2588 2,
170 2560 210 2583 ubi
227 2562 284 2583 haec
306 2562 328 2584 S.
350 2562 436 2584 Bonav.
460 2562 588 2590 propositio
612 2561 738 2585 exhibetur.
755 2561 800 2585 Cfr.
822 2564 876 2584 tom.
900 2562 928 2583 V.

88 2604 141 2627 pag.
159 2600 217 2627 431,
233 2602 286 2622 nota
304 2601 326 2622 6.

149 2637 158 2650 ²
175 2638 240 2661 Deut.
258 2639 300 2668 32,
319 2639 345 2662 4:
362 2639 402 2662 Dei
419 2641 520 2667 perfecta
537 2642 590 2662 sunt
607 2645 686 2668 opera.

150 2675 159 2689 Β
175 2677 251 2700 Matth.
270 2678 312 2707 ⁴0,
330 2678 372 2707 24;
389 2679 445 2701 Luc.
462 2679 486 2706 6,
506 2678 543 2701 40.

148 2715 158 2728 ⁴
175 2716 231 2739 Cod.
251 2717 266 2739 Β
283 2716 403 2741 voluisset.
424 2717 519 2740 Inferius
544 2723 586 2746 pro
609 2716 729 2741 humiliter
750 2716 871 2741 attendere
887 2716 927 2745 (ita

88 2753 106 2776 A
114 2754 131 2776 B
140 2753 157 2777 C
166 2754 184 2777 D
193 2755 220 2784 G)
238 2755 291 2778 edd.
308 2755 467 2779 humilitatem
483 2755 579 2779 discere.

149 2792 159 2805 ⁵
175 2794 205 2816 lta
223 2794 267 2816 AB
277 2793 359 2822 CDG;
376 2794 431 2818 edd.
446 2800 562 2818 errorem.

149 2830 159 2844 Β
175 2832 214 2855 lob
231 2833 269 2860 38,
286 2834 307 2856 2.

149 2869 158 2883 ⁷
175 2871 206 2894 lta
222 2870 331 2900 CDEG;
348 2872 403 2895 edd.
418 2871 543 2901 empticari.

149 2907 158 2921 ⁸
174 2910 242 2933 Rom.
259 2911 286 2938 6,
303 2911 340 2933 42.
356 2911 422 2934 Hunc
446 2911 522 2934 locum
547 2911 650 2940 Gregor.,
676 2910 736 2933 XXI.
762 2911 838 2933 Moral.
865 2916 885 2933 c.
905 2911 926 2933 3.

88 2954 109 2971 ιι.
126 2949 153 2976 7,
170 2955 287 2977 exponens
303 2949 369 2972 dicit:
385 2950 506 2973 Peccatum
523 2951 612 2979 quippe
628 2950 652 2973 in
669 2950 758 2973 mortali
775 2956 873 2979 corpore
890 2956 928 2973 ne-

88 2993 205 3017 quaquam
221 2995 268 3011 non
287 2994 351 3016 esse,
367 2989 408 3012 sed
425 2994 523 3017 regnare
540 2988 669 3017 prohibuit,
685 2989 740 3018 quia
757 2989 781 3011 in
793 2994 862 3012 carne
879 2995 926 3012 cor-

990 1531 1025 1551 ne
1046 1526 1144 1560 reynet
1164 1523 1195 1551 in
1215 1527 1315 1551 nostro
1335 1523 1456 1552 mortali
1469 1532 1589 1561 corpore
1601 1524 1612 1541 ³
1624 1536 1650 1552 ».
1666 1525 1720 1554 Hoc
1735 1534 1833 1562 quam-

991 1569 1032 1598 vis
1053 1569 1088 1598 sit
1108 1569 1244 1598 veraciter
1265 1573 1292 1598 et
1313 1570 1445 1599 catholice
1466 1570 1571 1599 dictum
1592 1575 1619 1600 et
1639 1579 1656 1599 a
1669 1572 1774 1601 Sanctis
1788 1580 1832 1601 ac—

991 1619 1117 1653 ceptum,
1139 1616 1204 1653 quia
1226 1619 1318 1645 tamen
1339 1616 1368 1645 in
1389 1617 1441 1645 hoc
1465 1617 1641 1654 perfectionis
1661 1619 1833 1656 evangelicae

990 1662 1141 1691 terminum
1163 1663 1240 1700 ponit
1261 1665 1288 1692 et
1310 1663 1543 1700 complementum
1566 1665 1721 1700 constituit,
1736 1674 1752 1694 a
1767 1674 1833 1695 vera

989 1709 1165 1746 perfectionis
1186 1710 1282 1738 notitia
1303 1710 1401 1747 procul
1415 1718 1474 1740 esse
1489 1711 1671 1740 convincitur.
1686 1712 1752 1741 Nam
1768 1721 1832 1742 cum
1845 1718 1899 1738 Ratio
1910 1719 1977 1743 prima-

989 1757 1078 1785 omnis
1105 1757 1187 1785 homo
1214 1757 1248 1786 ad
1276 1757 1344 1792 hoc,
1365 1757 1440 1795 quod
1468 1758 1495 1787 in
1523 1758 1582 1795 ipso
1613 1763 1756 1796 peccatum
1777 1768 1831 1789 non

989 1806 1101 1840 regnet,
1122 1803 1215 1832 divino
1235 1803 1271 1832 sit
1298 1807 1445 1841 praecepto
1472 1804 1615 1840 astrictus;
1637 1806 1726 1835 omnis
1748 1806 1832 1843 igitur

988 1850 1071 1879 homo
1085 1853 1196 1879 tenetur
1210 1858 1269 1879 esse
1283 1850 1431 1887 perfectus.
1448 1867 1484 1871 —
1499 1851 1601 1881 Iterum
1611 1875 1618 1887 ‚
1640 1852 1661 1881 si
1683 1856 1832 1890 quantum-
1848 1859 1940 1878 Secunda.

988 1904 1109 1934 cumque
1130 1905 1216 1934 parva
1237 1897 1338 1926 caritas
1359 1898 1411 1926 hoc
1426 1898 1522 1933 efficit3
1537 1899 1680 1936 sequitur,
1696 1900 1769 1937 quod
1783 1900 1832 1928 mi-

988 1943 1062 1972 nima
1088 1944 1189 1973 caritas
1216 1944 1250 1972 ad
1278 1944 1388 1973 culmen
1418 1945 1594 1982 perfectionis
1621 1946 1738 1983 attingit.
1760 1947 1832 1983 Quid

987 1991 1072 2028 igitur
1093 1991 1285 2028 Augustinus⁹
1306 1991 1384 2026 dicit,
1406 1991 1480 2029 quod
1505 1992 1630 2021 «caritas
1644 1996 1767 2022 meretur
1782 2001 1831 2022 au-

987 2037 1058 2075 geri,
1080 2040 1112 2066 ut
1133 2040 1214 2066 aucta
1234 2041 1376 2067 mereatur
1397 2041 1424 2067 et
1445 2039 1582 2076 perficin?
1602 2056 1641 2059 —
1661 2040 1792 2077 Amplius,
1808 2040 1831 2069 si
1847 2046 1915 2065 Tertia-

987 2084 1118 2121 perfectio
1140 2087 1196 2119 est,
1218 2084 1292 2121 quod
1314 2085 1341 2113 in
1362 2085 1442 2114 nobis
1462 2089 1607 2122 peccatum
1634 2094 1689 2115 non
1718 2090 1830 2124 regnet;

987 2131 1072 2168 igitur
1100 2131 1271 2168 imperfectio
1298 2135 1355 2166 est,
1377 2131 1451 2169 quod
1476 2135 1590 2169 regnet;
1619 2133 1666 2162 sed
1687 2137 1830 2170 peccatum

987 2186 1042 2206 non
1063 2180 1152 2215 potest
1174 2186 1289 2215 regnare
1311 2178 1338 2206 in
1360 2178 1453 2213 nobis,
1469 2179 1521 2208 nisi
1536 2187 1599 2208 cum
1614 2187 1711 2209 sumus
1726 2180 1752 2208 in
1768 2188 1831 2217 pec-

987 2228 1047 2253 cato
1068 2225 1196 2253 mortali:
1218 2225 1308 2254 omnis
1328 2225 1413 2262 igitur
1434 2226 1604 2263 imperfectio
1625 2229 1667 2255 est
1686 2231 1829 2264 peccatum

985 2406 1088 2434 ruptibili
1109 2413 1155 2429 non
1181 2412 1280 2434 regnare
1302 2409 1389 2434 potest,
1406 2406 1447 2429 sed
1470 2412 1516 2429 non
1540 2412 1591 2429 esse
1616 2412 1661 2428 non
1678 2408 1760 2434 potest.
1778 2406 1826 2429 Hoc

985 2445 1062 2473 ipsum
1079 2451 1181 2474 namque
1198 2445 1219 2467 ei
1236 2445 1265 2467 de
1282 2448 1377 2473 peccato
1393 2445 1474 2467 tentari
1491 2448 1612 2473 peccatum
1629 2448 1675 2473 est,
1692 2451 1747 2474 quo,
1764 2445 1827 2474 quia,

985 2484 1097 2513 quamdiu
1109 2484 1217 2512 vivimus,
1230 2485 1329 2512 perfecte
1341 2484 1475 2506 omnimodo
1488 2490 1534 2507 non
1550 2490 1656 2507 caremus
1672 2487 1714 2507 etc.
1726 2483 1771 2507 Cfr.
1784 2485 1827 2507 Au-

985 2527 1057 2551 gust.,
1070 2523 1099 2545 de
1116 2523 1254 2546 Perfectione
1265 2523 1363 2546 iustitiae
1376 2523 1486 2551 hominis,
1504 2529 1524 2546 c.
1543 2524 1585 2551 18,
1601 2530 1622 2546 n.
1641 2523 1685 2551 393
1704 2524 1727 2546 ll.
1744 2524 1826 2551 Operis

984 2563 1076 2590 imperf.
1093 2565 1171 2585 contra
1188 2562 1267 2585 lulian.
1281 2569 1303 2584 n.
1315 2563 1368 2584 226.
1380 2564 1402 2585 et
1415 2563 1497 2590 Expos.
1508 2562 1530 2584 in
1542 2563 1590 2585 Gal.
1602 2569 1622 2585 c.
1636 2562 1657 2585 5.
1669 2568 1692 2585 n.
1704 2562 1745 2585 48:
1758 2563 1825 2586 Aliud

984 2604 1018 2624 est
1034 2601 1095 2624 enirn
1112 2607 1161 2624 non
1181 2607 1292 2631 peccare,
1311 2601 1373 2624 aliud
1398 2607 1447 2624 non
1471 2600 1557 2624 habere
1575 2602 1708 2630 peccatum.
1724 2601 1781 2624 Narn
1803 2602 1826 2624 in

984 2646 1031 2668 quo
1048 2641 1170 2669 peccatum
1186 2645 1235 2662 non
1251 2641 1346 2669 regnat,
1364 2645 1410 2662 non
1426 2642 1517 2668 peccat,
1536 2639 1559 2662 id
1576 2642 1621 2666 est,
1633 2639 1672 2668 qui
1685 2645 1731 2662 non
1747 2639 1826 2662 obedit

984 2678 1104 2701 desideriis
1121 2678 1182 2707 eius;
1199 2678 1222 2700 ln
1240 2684 1287 2707 quo
1304 2680 1381 2700 autem
1394 2684 1439 2700 non
1454 2678 1552 2701 exIStunt
1568 2678 1662 2700 omnino
1679 2678 1720 2701 ista
1737 2678 1825 2701 deside·

983 2717 1024 2746 ria,
1036 2723 1083 2740 non
1094 2718 1169 2739 solum
1181 2723 1229 2739 non
1241 2719 1332 2745 peccat,
1344 2717 1386 2739 sed
1397 2717 1466 2739 etiam
1478 2723 1524 2739 non
1537 2716 1606 2739 habet
1618 2720 1747 2745 peceatum.
1758 2717 1825 2746 Quod

983 2756 1052 2778 etiarn
1069 2756 1087 2778 si
1105 2761 1131 2779 ex
1148 2756 1225 2778 multis
1242 2755 1346 2784 partibus
1363 2755 1385 2778 in
1403 2756 1444 2778 ista
1457 2756 1502 2778 vita
1515 2756 1587 2783 possit
1598 2756 1670 2785 effici,
1682 2762 1709 2779 ex
1720 2756 1784 2779 omni
1795 2759 1825 2779 ta-

983 2801 1036 2817 men
1054 2797 1118 2823 parte
1134 2795 1225 2818 nonnisi
1242 2795 1264 2817 in
1281 2795 1448 2818 resurrectione
1464 2794 1539 2817 carnis
1560 2797 1630 2824 atque
1646 2795 1825 2818 commutatione

983 2833 1123 2862 sperandum
1135 2836 1176 2856 est.
1186 2846 1215 2850 —
1225 2834 1319 2856 lnferius
1330 2840 1373 2862 pro
1385 2833 1473 2857 dictum
1484 2834 1523 2863 (ita
1534 2833 1656 2862 BCDEG)
1668 2833 1721 2857 edd.
1733 2840 1824 2857 verum.

1045 2870 1056 2884 ⁹
1072 2872 1142 2900 Epist.
1160 2872 1212 2894 486.
1231 2872 1296 2901 (alias
1314 2872 1375 2901 406.)
1393 2878 1413 2895 c.
1431 2873 1452 2895 3.
1469 2879 1491 2895 n.
1510 2873 1546 2895 40.
1563 2872 1608 2896 Cir.
1625 2873 1720 2901 Bonav.,
1735 2873 1750 2895 l.
1763 2874 1824 2896 Sent.

983 2911 1007 2934 d.
1025 2911 1061 2933 47.
1079 2917 1103 2939 p.
1119 2911 1143 2934 ll.
1161 2917 1184 2940 q.
1205 2912 1226 2934 l.
1250 2917 1299 2940 seq.
1326 2911 1358 2934 De
1383 2913 1601 2941 quantumcumque
1621 2917 1701 2942 parva
1725 2912 1824 2935 caritate

983 2951 1024 2973 cfr.
1042 2951 1075 2973 ΙΙΙ.
1092 2950 1153 2973 Sent.
1171 2950 1194 2973 d.
1211 2951 1248 2973 30.
1266 2957 1290 2980 q.
1307 2950 1329 2973 t.
1340 2963 1371 2968 —
1383 2951 1494 2979 Superius
1505 2957 1548 2979 pro
1560 2950 1603 2974 hoc
1614 2950 1682 2981 efficit
1693 2951 1732 2980 (ita
1743 2951 1822 2980 codd.)

983 2989 1036 3012 edd.
1053 2988 1086 3012 acl
1101 2989 1144 3013 hoc
1161 2988 1255 3020 sufficit.
