2133 3317
95 534 149 556 Tum,
159 534 230 557 asperi-

136 558 187 576 tatis.

113 768 219 787 Secundum

109 791 223 810 describitur

113 815 220 839 dupliciter.

96 1144 187 1166 Tertium,
196 1144 230 1163 ite-

95 1173 137 1186 rum
150 1168 232 1191 dupiici-

133 1568 226 1591 Secundo,

106 1597 140 1616 pei·
158 1593 228 1612 sobrie*

106 1618 163 1635 tatem
175 1617 193 1634 in
203 1617 229 1635 vi-

106 1642 137 1658 ctu
150 1640 229 1664 duplici-

134 1687 205 1709 Primo,

119 1711 181 1733 quoad
196 1711 221 1729 cb

120 1734 163 1752 bum
177 1739 223 1757 qua-

126 1757 159 1776 dru
163 1757 214 1781 plici-

240 215 299 244 444

242 292 407 326 tenuitatis,
436 292 552 320 ibidem:
579 290 659 326 «Qui
690 290 879 326 promiserunt
909 289 1091 318 obedientiam

242 341 361 369 habeant
382 347 465 368 unam
488 338 610 366 tunicam
632 345 695 365 cum
712 337 822 373 caputio
837 340 864 365 et
878 337 959 365 aliam
975 337 1033 365 sine
1049 344 1093 365 ca—

241 387 335 424 putio,
358 386 405 423 qui
427 384 567 413 voluerint
588 384 692 412 babere
707 396 733 412 ».
751 384 840 412 Prima
855 387 896 413 est
911 384 938 412 in
955 384 1093 418 iussione,

242 433 362 463 secunda
385 433 410 460 111
430 431 639 469 permissione;
667 431 783 460 attendit
811 431 883 460 enim
906 431 951 460 hic
973 431 1094 468 Evange-

242 482 310 509 Iium
323 481 349 508 ¹:
373 479 469 517 Neque
490 479 567 507 (luas
587 478 704 506 tunicas
726 477 865 507 habeatis.
881 478 1034 512 —Tertio,
1050 486 1094 506 ra-

244 528 318 556 tione
340 526 526 563 asperitatis,
550 525 599 554 ibi:
626 537 639 550 (ι
656 525 687 553 Ε1
708 525 815 562 possint
842 533 873 553 ea
902 525 1039 561 repetiare
1060 525 1094 554 de

244 573 330 603 saccis
351 576 378 602 et
398 573 459 601 aliis
492 573 572 609 petiis
603 580 667 601 cum
699 571 889 600 benedictione
915 571 962 600 Dei
976 583 1002 599 1).
1025 571 1094 599 Con-

242 620 315 649 versi
338 620 409 649 enim
433 619 588 656 antIquitus
619 619 807 647 induebantur
829 626 923 652 sacco;
949 618 1021 647 sicut
1042 627 1094 646 rex

242 668 348 696 Ninive
370 667 513 695 descendit
534 667 568 694 tle
589 666 660 695 solio
681 675 751 700 suo,
774 666 896 694 inclutus
911 668 951 693 est
971 673 1055 693 sacco
1068 665 1094 698 2;

242 718 270 744 et
291 715 373 743 lsaias
400 714 515 743 indutus
536 716 577 742 est
609 721 688 742 sacco
720 717 747 741 et
771 713 954 741 discalceatus
976 712 1025 740 ivit
1046 720 1095 749 per

245 762 362 791 mediam
385 761 533 790 civitatem.
555 777 593 780 —
622 760 855 789 Calceamentum
881 759 1014 788 describit
1044 759 1096 788 du-

244 809 369 846 pliciter:
393 809 499 837 ratione
527 808 716 841 arctationis,
740 807 841 835 ibidem
873 806 995 835 secundo
1022 806 1095 842 capi-

243 857 317 885 tulo:
345 868 357 881 a
373 856 425 892 Qui
448 855 609 884 necessitate
638 858 776 891 coguntur
795 865 828 888 »ς
853 854 959 883 ratione
986 862 1096 882 conces-

243 904 352 932 sionis:
380 914 392 928 «
416 902 521 939 possint
552 905 665 939 portare
696 902 882 930 calceamenta
903 913 929 929 ».
963 901 1024 929 Ideo
1052 909 1096 929 ar-

245 954 300 980 ctat
322 951 555 983 calceamentum,
577 949 643 986 quia
665 949 711 986 qui
735 949 795 977 vult
817 948 924 977 cliuum
947 948 1095 976 olivarum

246 998 401 1026 ascendere
419 1006 485 1025 cum
509 996 639 1030 Daoicl³,
662 996 688 1024 id
710 999 752 1025 est
766 996 884 1033 gratiam
901 995 1096 1024 fecundantem

245 1048 272 1074 et
293 1045 512 1078 illuminantem,
534 1047 659 1081 oportet,
682 1047 713 1072 ut
734 1047 825 1080 caput
853 1043 1001 1080 cooperiat
1031 1050 1095 1071 con-

245 1091 423 1128 templatione
445 1091 537 1119 divina
558 1094 585 1119 et
600 1091 635 1119 sit
649 1090 844 1119 discalceatus
868 1089 960 1127 quoad
976 1092 1095 1118 terrena.

245 1156 284 1159 —
313 1139 379 1167 Viae
399 1137 566 1166 vesticulam
587 1138 719 1166 describit
740 1138 888 1174 dupliciter
919 1137 1002 1165 tertio
1023 1136 1097 1173 capi-

245 1186 320 1215 tulo:
341 1185 445 1223 primo,
468 1185 559 1222 quoad
574 1184 787 1218 inhibitionem,
804 1184 856 1213 ibi:
877 1195 890 1209 «
905 1184 963 1212 Non
979 1184 1097 1212 debeant

246 1233 371 1271 equitare
381 1244 406 1267 »3
423 1232 560 1267 secund0,
576 1232 667 1269 quoad
682 1232 926 1265 declarationem,
942 1231 995 1260 ibi:
1017 1242 1030 1256 ι(
1041 1230 1096 1259 Nisi

245 1281 391 1309 manifesta
412 1280 574 1309 necessitate
596 1280 638 1308 vel
654 1279 814 1308 infirmitate
829 1281 964 1316 cogantur
975 1290 1002 1305 ».
1018 1277 1098 1306 Chri-

246 1332 306 1357 stus
327 1328 399 1357 enim
417 1336 470 1356 non
487 1328 588 1364 legitur
604 1327 761 1365 equitasse,
782 1326 829 1355 sed
848 1327 982 1355 asinasse
1000 1325 1098 1359 semel,

246 1375 398 1404 secundum
415 1374 586 1403 Beruardum
598 1375 618 1402 4.
634 1374 710 1403 Unde
724 1374 790 1402 dicit
801 1374 944 1402 Salomon:
965 1373 1029 1401 Vidi
1041 1381 1099 1400 ser-

245 1431 295 1451 vos
317 1423 348 1451 in
369 1422 450 1460 equis
471 1425 498 1450 ct
514 1421 665 1458 principes
686 1421 840 1450 ambulare
862 1429 952 1457 super
977 1424 1097 1448 terram.

325 1470 371 1498 24.
395 1469 535 1503 Secundo,
558 1469 702 1505 regulatur
724 1468 816 1505 quoad
830 1476 859 1496 se
875 1468 966 1504 ipsum
989 1475 1038 1504 per
1053 1475 1098 1494 so-

247 1517 395 1546 brietatem
417 1517 448 1545 in
470 1516 561 1550 victu,
584 1524 667 1553 quam
689 1516 821 1544 describit
841 1515 1005 1552 dupliciter,
1028 1514 1100 1543 scili-

245 1568 288 1593 cet
309 1564 398 1601 quoad
422 1563 519 1592 cibum
540 1567 567 1592 et
586 1563 675 1600 quoad
698 1563 851 1591 ieiunium.
873 1562 969 1598 Quoad
987 1561 1098 1595 cilium,

248 1611 330 1640 tertio
353 1611 474 1648 capitulo
496 1610 732 1647 quadrupliciter,
755 1609 859 1638 scilicet
889 1616 925 1637 ex
951 1611 1029 1645 parte
1050 1607 1099 1635 clo-

247 1659 345 1692 centis,
361 1658 581 1691 auctoritatem,
598 1658 649 1686 ibi:
666 1657 848 1685 «Secundum
867 1658 992 1685 sanctum
1013 1655 1100 1683 Evan-

247 1706 350 1743 gelium
362 1718 375 1731 »
387 1717 393 1740 ;
406 1714 442 1734 ex
454 1709 532 1742 parte
544 1704 614 1738 cibi,
628 1705 811 1737 uarietatem,
826 1703 876 1732 ibi:
894 1715 908 1728 α
920 1703 957 1731 De
972 1702 1101 1731 omnibus

247 1753 315 1782 cibis
329 1763 363 1787 »;
386 1760 420 1781 ex
444 1756 522 1789 parte
550 1751 768 1785 ministrantis,
798 1749 1018 1783 liberalitatem,
1041 1748 1100 1777 ibi:

251 1812 265 1826 «
279 1800 331 1837 Qui
353 1802 533 1837 apponuntur
554 1799 593 1828 eis
608 1810 638 1833 »ς
654 1806 690 1827 ex
706 1801 785 1835 parte
806 1797 1015 1826 manducantis
1027 1796 1048 1830 ⁵,
1068 1795 1101 1824 li-

245 1848 398 1881 bertatem,
414 1847 467 1875 ibi:
488 1858 501 1871 <t
516 1846 606 1875 Liceat
621 1846 660 1875 eis
676 1845 880 1874 manducare».
897 1844 970 1872 Hanc
989 1843 1102 1872 liberta-

244 1898 300 1924 tem
315 1895 375 1924 ideo
390 1894 514 1924 concedit
528 1893 684 1927 Fratribus,
699 1896 730 1921 ut
745 1892 870 1921 reficiant
884 1891 945 1920 illos
958 1890 1102 1928 spiritua-

246 1942 326 1975 liter,
348 1942 395 1979 qui
416 1941 545 1970 reficiunt
563 1948 609 1969 cos
631 1940 804 1973 carnaliter,
824 1938 977 1967 secundum
998 1937 1101 1966 illudss:

252 1989 362 2017 Transi
376 1987 477 2025 hospes
492 1992 517 2016 et
531 1996 607 2016 orna
628 1995 768 2016 mensam.
792 1986 867 2015 Unde
882 1986 991 2014 Fratres
1014 1984 1104 2021 hospi—

246 2038 286 2065 tes
301 2036 401 2064 debent
416 2044 526 2064 ornare
540 2043 657 2063 mensas
673 2034 857 2063 saecularium
873 2033 952 2062 bonis
967 2032 1103 2068 exemplis

246 2086 274 2111 et
288 2082 502 2111 auctoritatibus
523 2082 637 2111 devotis.
661 2082 715 2110 Hoc
731 2080 890 2109 intendebat
904 2079 1042 2113 Christus,
1055 2087 1102 2107 su-

247 2137 295 2166 per
317 2138 373 2166 quo
394 2129 491 2157 fundat
512 2137 541 2157 se
568 2129 666 2157 beatus
687 2128 865 2161 Franciscus‚
889 2126 1000 2163 quando
1031 2126 1103 2154 dixit

247 2176 389 2213 discipulis
410 2176 469 2204 suis
490 2176 578 2204 Lucae
599 2174 742 2203 decimo⁷:
766 2175 801 2202 In
816 2181 1032 2212 quamcumque
1053 2173 1103 2200 do-

572 212 771 241 OPUSCULUM
793 211 870 240 XVII.
893 211 1003 239 SERMO
1025 211 1127 239 SUPER
1150 211 1303 240 REGULAM
1324 211 1479 240 FRATRUM
1501 211 1664 240 MINORUM.

1148 298 1231 318 muni
1253 290 1465 318 intraveritis...
1488 290 1665 319 manducate
1685 298 1884 328 quaecumque
1906 299 1996 328 appo-

1149 340 1265 365 nuntur
1286 337 1366 365 vobis
1388 341 1412 365 et
1433 341 1536 366 curate
1557 336 1707 374 infirmos,
1729 337 1781 375 qui
1801 337 1833 365 in
1853 345 1888 365 ea
1908 341 1997 371 sunt,·

1149 387 1252 411 curate
1273 383 1409 420 infirmos
1430 384 1612 420 spiritualiter
1634 384 1720 412 verbo
1741 387 1768 412 et
1790 384 1927 420 exemplo.

1229 432 1274 459 25.
1291 430 1425 465 SecundO,
1438 431 1524 467 tangit
1535 430 1718 459 sobrietatem
1733 431 1832 469 quoad
1846 431 1998 460 ieiunium.
2017 438 2101 485 0123?ss

2086 469 2092 481 1

1150 477 1201 506 Sed
1222 477 1327 514 duplex
1350 481 1391 506 est
1413 477 1563 512 ieiunium,
1585 478 1689 507 scilicet
1709 478 1887 507 necessitatis
1908 481 1936 507 et
1955 486 2001 506 vo-
2024 486 2073 504 nium
2084 486 2102 506 αι

1151 524 1281 553 luntatis.
1305 524 1440 553 Ieiunium
1462 524 1641 552 necessitatis
1655 524 1823 553 describitur
1840 525 1999 561 tripliciter:
2019 509 2112 551 Priffiffi.

1150 572 1240 609 quoad
1263 571 1527 608 interpolationem,
1550 571 1631 600 tertio
1653 572 1787 608 capitulo:
1815 583 1828 597 α
1843 573 2000 601 Teneantur
2013 556 2113 603 {illillfff

1151 622 1231 648 sexta
1251 619 1320 647 feria
1342 619 1467 647 ieiunare
1482 629 1509 652 »;
1531 618 1622 655 quoad
1654 619 1920 653 continuationem,
1949 619 2000 648 ibi-

1152 666 1230 694 dem:
1257 677 1270 690 «
1288 666 1318 694 Et
1332 665 1456 694 ieiunent
1471 673 1486 693 a
1500 665 1569 694 festo
1584 665 1714 694 Omnium
1730 666 1894 694 Sanctorum
1911 673 2001 703 usque
2105 682 2107 724 q

1151 713 1185 741 ad
1207 713 1381 741 Nativitatem
1404 712 1510 740 Domini
1524 724 1551 746 »3
1566 712 1710 749 sequitur:
1738 713 1795 741 «Et
1809 713 1889 741 aliam
1912 720 2002 750 usque

1151 760 1185 788 ad
1207 760 1447 788 Resurrectionem
1470 759 1577 788 Domini
1599 759 1761 794 ieiiinent»;
1784 759 1874 797 quoad
1889 759 2003 797 dispen-
2106 747 2108 798 Ι

1151 807 1311 840 sationem,
1334 806 1452 835 ibidem:
1479 818 1492 831 «
1508 807 1643 843 Tempore
1677 814 1742 835 vero
1775 806 1934 835 manifestae
1955 814 2002 835 ne-

1152 854 1287 883 cessitatis
1309 862 1363 882 non
1385 856 1533 882 teneantur
1554 853 1664 882 Fratres
1694 853 1797 882 ieiunio
1823 853 2002 890 corporali».

1153 901 1184 928 Et
1206 901 1275 929 bene
1296 904 1337 929 est
1359 908 1433 929 nunc
1455 899 1651 933 ieiunandum,
1674 900 1740 937 quia
1761 907 1810 936 per
1831 899 1924 928 cibum
1939 907 2003 936 pro-

1152 948 1251 976 stravit
1272 955 1322 976 nos
1343 947 1470 976 diabolus
1491 947 1518 975 in
1540 946 1682 983 paradiso:
1704 946 1765 975 ideo
1786 946 1852 975 dicit
1877 946 2004 975 Christus

1153 995 1235 1023 Marci
1258 1003 1331 1023 nono
1342 994 1369 1022 ⁸:
1387 995 1446 1023 Hoc
1460 1002 1553 1031 penus
1574 994 1799 1022 daemoniorum
1812 1002 1871 1022 non
1885 993 2002 1022 eiicitur

1152 1041 1213 1069 nisi
1227 1041 1258 1069 in
1273 1041 1382 1070 ieiunio
1397 1045 1423 1069 et
1437 1041 1583 1075 oratione
1598 1040 1708 1069 Glossa:
1726 1052 1738 1066 «
1752 1041 1854 1070 Ieiunio
1869 1043 2002 1069 sanantur

1154 1091 1245 1124 pestes
1266 1088 1399 1125 corporis,
1415 1088 1540 1116 oratione
1555 1091 1646 1124 pestes
1660 1087 1760 1116 mentis
1772 1099 1799 1115 ».
1814 1103 1853 1108 —
1867 1087 2002 1115 Ieiunium
2020 1095 2071 1117 uem,
2082 1099 2118 1113 see.

1153 1135 1312 1163 voluntatis
1333 1135 1501 1163 describitur
1523 1134 1756 1171 quadrupliciter:
1779 1134 1884 1163 ratione
1900 1137 2004 1171 tempo·
2017 1118 2119 1166 fflffifflf

1153 1182 1207 1216 ris,
1231 1182 1346 1211 ibidem:
1367 1193 1380 1207 «
1395 1182 1520 1210 Sanctam
1543 1182 1803 1219 Quadragesimam,
1826 1189 1897 1218 quae
1910 1181 2006 1217 incipit

1154 1229 1188 1257 ab
1211 1229 1362 1265 Epiphania
1384 1229 1536 1257 Domini».
1566 1229 1648 1263 Item,
1677 1229 1784 1257 ratione
1812 1227 2005 1265 exemplaris,

1153 1276 1206 1304 ibi:
1224 1287 1237 1301 «
1250 1277 1336 1312 Quam
1353 1276 1488 1304 Dominus
1502 1284 1553 1304 suo
1568 1279 1662 1304 sancto
1679 1275 1780 1304 ieiunio
1795 1275 2004 1304 consecravit».

1155 1323 1237 1357 Item,
1261 1323 1367 1351 ratione
1389 1323 1501 1359 operite,
1525 1322 1577 1351 ibi:
1605 1334 1618 1347 (ι
1633 1323 1685 1358 Qui
1707 1322 1863 1350 voluntarie
1884 1329 1944 1350 eam
1966 1321 2004 1350 ie-

1155 1371 1293 1399 iunentn.
1324 1370 1399 1404 item,
1432 1370 1538 1398 ratione
1569 1370 1727 1403 mercedis,
1760 1369 1813 1398 ibi:
1840 1368 2007 1398 «Benedicti

1155 1418 1210 1446 sint
1231 1426 1246 1445 a
1268 1417 1383 1445 Domino
1397 1429 1425 1451 »,
1442 1417 1631 1445 benedictione
1644 1416 1762 1454 prauae
1776 1420 1803 1445 et
1817 1416 2006 1445 benedictione

1153 1465 1282 1502 gloriae:
1306 1465 1496 1493 benedictione
1515 1464 1653 1501 qratiae:
1676 1464 1829 1492 Benediaeit
1848 1472 1902 1492 nos
1927 1463 2008 1492 omni

1156 1512 1302 1545 vircuce⁹;
1334 1511 1524 1540 benedictione
1557 1511 1686 1549 qloriae:
1728 1511 1836 1545 Venite,
1869 1510 2007 1539 benedicti

1157 1559 1261 1588 Patris
1282 1559 1347 1593 mci,
1367 1558 1508 1596 percipite
1530 1567 1663 1595 requam.

1236 1607 1281 1635 26.
1304 1606 1410 1639 Tertio,
1432 1605 1523 1643 quoad
1545 1605 1716 1634 exercitium
1738 1605 1770 1633 in
1790 1613 1882 1642 opere.
1911 1605 2005 1633 Frater
2034 1611 2101 1639 Terup,
2121 1617 2124 1622 =

1156 1653 1228 1682 enim
1245 1653 1322 1681 nullo
1338 1652 1418 1681 modo
1433 1652 1514 1681 debet
1529 1660 1589 1681 esse
1606 1652 1723 1686 otiosus,
1740 1652 1806 1689 quia
1820 1651 1913 1680 multa
1924 1650 2006 1679 mala
2016 1637 2123 1683 ἓξῖἷέἷῃωξ

1158 1700 1257 1729 [locuit
1272 1700 1413 1733 otiositas,
1429 1699 1609 1728 Ecclesiastici
1626 1699 1767 1736 trigesimo
1786 1698 1867 1727 tertio
1880 1699 1910 1726 ¹⁰.
1930 1698 2007 1735 Opus

1157 1750 1249 1776 autem
1271 1747 1403 1776 describit
1424 1746 1614 1783 multipliciter
1635 1746 1733 1783 quinto
1754 1746 1886 1782 capitulo:
1902 1745 2005 1782 primo,
2042 1752 2111 1779 Multipi

1158 1794 1249 1831 quoad
1264 1794 1399 1828 inituim,
1416 1793 1466 1822 ibi:
1487 1804 1500 1819 «
1511 1793 1621 1821 Fratres
1636 1793 1688 1827 illi,
1704 1793 1807 1830 quihus
1826 1792 2007 1821 (1611110οω1-
2023 1780 2122 1833 {titis}

1158 1850 1212 1870 nus
1230 1841 1346 1878 gratiam
1366 1840 1507 1870 laborandi
1520 1852 1534 1866 n
1545 1851 1551 1875 ;
1563 1840 1654 1877 quoad
1672 1840 1843 1868 exercitium
1857 1843 1882 1868 et
1896 1842 2006 1873 actum,

1158 1889 1212 1918 ibi:
1239 1900 1252 1914 α
1268 1889 1404 1917 Laborent
1419 1899 1445 1922 »3
1469 1888 1544 1922 item,
1566 1888 1657 1925 quoad
1681 1887 1812 1921 modum,
1833 1887 1887 1916 ibi:
1908 1886 2008 1915 «Fide-

1159 1937 1221 1965 liter
1243 1938 1270 1964 et
1290 1935 1388 1964 devote
1399 1946 1426 1969 »3
1449 1935 1530 1969 item,
1545 1934 1636 1971 quoad
1650 1937 1760 1962 statum
1775 1937 1800 1962 et
1811 1933 2006 1971 propositum,

1159 1983 1212 2012 ibi:
1240 1994 1253 2008 «
1266 1983 1304 2011 lta
1325 1982 1408 2019 quod,
1430 1981 1545 2010 excluso
1567 1981 1622 2010 otio
1643 1981 1750 2010 animae
1765 1980 1876 2009 inimico
1888 1991 1914 2015 »;
1930 1980 2006 2015 item,

1159 2030 1249 2067 quoad
1269 2029 1495 2067 provocatiuum
1516 2032 1541 2057 et
1561 2028 1813 2062 conservativum,
1835 2027 1885 2056 ibi:
1913 2028 2005 2056 «San-

1159 2081 1218 2106 ctae
1232 2077 1364 2106 orationis
1376 2080 1403 2105 et
1417 2075 1569 2105 devotionis
1584 2075 1713 2112 spiritum
1725 2083 1779 2103 non
1791 2075 2006 2112 exstinguant»;

1159 2125 1239 2157 item,
1261 2123 1352 2160 quoad
1371 2123 1517 2160 pretium,
1540 2122 1592 2151 ibi:
1618 2133 1632 2147 «
1648 2122 1686 2150 De
1702 2121 1828 2150 mercede
1843 2129 1909 2150 vero
1921 2133 1934 2147 »ι
1953 2125 2005 2150 etc.

1158 2171 1223 2200 Vult
1244 2174 1352 2204 autem,
1374 2171 1483 2198 Fratres
1498 2170 1637 2204 laborare,
1653 2170 1731 2207 quia,
1746 2169 1900 2198 secundum
1915 2169 1961 2198 Iob
1974 2170 2005 2204 Π,

311 2362 318 2375 ¹
338 2364 391 2385 Luc.
410 2363 437 2389 9,
455 2363 479 2391 33
498 2363 573 2384 Mattli.
594 2362 634 2389 40,
654 2362 694 2388 il),
713 2362 781 2383 Marc.
799 2362 826 2388 6,
843 2361 864 2383 9.

311 2402 319 2415 ²
339 2403 383 2424 lon.
403 2402 429 2429 3,
448 2402 473 2423 6:
496 2410 505 2421 τι
519 2402 544 2423 Et
562 2401 666 2429 pervenit
691 2400 789 2423 verbum
814 2400 843 2422 ad
868 2406 948 2428 regem
966 2400 1059 2426 Ninive,
1076 2402 1098 2421 et

248 2442 345 2464 surrexit
363 2441 392 2463 de
410 2441 466 2463 solio
484 2447 526 2463 suo
544 2443 565 2462 et
582 2439 666 2462 abiecit
682 2440 845 2462 vestimentum
870 2445 938 2461 suum
957 2445 969 2461 a
986 2445 1011 2461 se
1028 2442 1050 2461 et
1067 2439 1098 2460 in-

248 2481 318 2503 dutus
336 2483 368 2503 est
386 2486 453 2503 sacco
466 2483 487 2502 et
499 2479 558 2502 sedit
569 2479 592 2501 in
605 2480 680 2501 cineri¹
692 2488 714 2501 ».
727 2479 815 2501 Deinde
826 2479 947 2506 respicitur
960 2478 1008 2500 lsai.
1027 2478 1063 2506 20,
1076 2479 1097 2500 2.

248 2526 304 2549 seq.,
322 2520 350 2542 de
368 2526 415 2548 quo
431 2520 486 2542 vide
502 2525 573 2547 supra
590 2524 645 2546 pag.
663 2518 716 2545 405,
733 2521 809 2540 notam
829 2519 850 2540 6.

312 2558 320 2571 ³
338 2558 400 2581 Libr.
419 2559 442 2581 ΙΙ.
462 2559 516 2586 Reg.
536 2559 577 2585 15,
596 2558 637 2580 30:
656 2558 725 2580 Porro
749 2557 821 2579 David
848 2556 989 2579 ascendebat
1012 2556 1098 2578 clivum

249 2599 376 2625 olivarum,
394 2598 509 2621 scandens
526 2601 548 2620 et
565 2598 634 2625 flens,
652 2598 720 2619 undis
737 2596 837 2624 pedibus
856 2596 964 2619 incedens
981 2598 1003 2618 et
1018 2598 1099 2624 operto

249 2638 324 2666 capite
340 2643 383 2660 etc.
400 2637 444 2661 cfr.
463 2644 532 2665 supra
551 2643 605 2665 pag.
624 2637 676 2664 307,
694 2640 745 2658 nota
766 2636 786 2658 4.

311 2676 320 2688 '²
338 2678 410 2699 Serm.
430 2678 452 2699 2.
472 2677 494 2698 in
513 2676 630 2698 Dominica
649 2677 787 2704 palmarum,
805 2681 826 2697 n.
846 2675 872 2701 3,
891 2674 930 2696 ubi
948 2674 1099 2696 humIlitatem

249 2716 333 2740 Christi
351 2716 519 2739 commendans
536 2716 603 2738 dicit:
624 2724 634 2735 a
648 2716 743 2743 Propter
760 2715 823 2743 quod
842 2718 864 2736 et
889 2715 938 2742 ipse
955 2716 1050 2741 paratus
1067 2715 1100 2735 est

250 2762 295 2778 non
313 2756 334 2778 in
360 2755 468 2778 curribus
485 2758 507 2777 et
524 2755 547 2777 in
564 2755 630 2783 equis
647 2761 690 2777 nec
708 2755 728 2776 in
748 2754 817 2776 frenis
839 2753 967 2782 argenteis,
985 2755 1023 2775 aut
1040 2752 1100 2774 sellis

250 2800 306 2817 auro
324 2795 401 2821 tectis,
420 2794 461 2817 sed
479 2794 571 2816 humilis
588 2794 650 2816 aselli
669 2796 733 2821 tergo
752 2793 849 2819 sedens,
866 2792 993 2820 suppositis
1005 2792 1100 2819 Aposto-

250 2835 323 2856 lorum
342 2833 459 2861 restibus,
478 2840 536 2862 quas
553 2840 597 2861 ego
614 2833 643 2855 de
661 2832 837 2861 pretiosioribus
854 2832 955 2860 regionis
968 2831 1037 2853 ruisse
1055 2837 1100 2852 non

251 2873 320 2895 credo
332 2881 354 2894 n.
375 2873 408 2895 Du
428 2872 519 2900 Gange,
536 2873 676 2895 Glossarium
700 2876 755 2894 etc.:
774 2871 886 2899 Asinare,
906 2871 970 2893 asino
992 2870 1053 2892 vehi.
1069 2881 1099 2886 -

251 2911 354 2935 Subinde
371 2913 482 2940 allegatur
500 2913 570 2934 Eccle.
590 2912 634 2940 40,
649 2912 675 2938 7,
693 2913 734 2934 cfr.
751 2917 821 2939 supra
839 2916 893 2938 pag.
913 2910 964 2938 tii,
982 2913 1032 2932 nota
1052 2909 1073 2931 4.

313 2950 322 2963 ⁵
341 2951 418 2973 Verba
436 2951 624 2974 liberalitatem...
636 2950 819 2978 manducantis,
833 2955 893 2978 quae
907 2949 929 2971 in
943 2949 994 2971 cod.
1004 2949 1099 2974 desunt,

251 2990 421 3018 supplevimus.
891 2987 901 3000 θ
919 2988 987 3010 Eccli.
1007 2987 1044 3014 29,
1062 2987 1100 3008 33.

314 3028 323 3041 ⁷
341 3030 408 3052 Vers.
426 3029 447 3051 5.
465 3030 485 3051 8.
503 3032 525 3051 et
542 3030 569 3051 9:
596 3030 617 3051 ln
635 3034 811 3057 quamcumque
829 3027 926 3050 domum
947 3026 1099 3053 intraveritis,

1154 2360 1254 2388 primum
1274 2359 1354 2381 dicite:
1371 2359 1413 2380 Pax
1427 2358 1479 2380 liuic
1492 2357 1597 2380 domui...
1614 2357 1640 2379 Et
1657 2356 1678 2379 in
1696 2362 1871 2385 quamcumque
1889 2355 2005 2377 civitatem

1155 2398 1300 2425 intraveritis,
1313 2401 1334 2420 et
1351 2398 1494 2425 susceperint
1511 2403 1561 2425 vos,
1579 2396 1717 2418 manducate
1729 2402 1788 2424 quae
1806 2397 1955 2423 apponuntur
1967 2400 2005 2416 vo-

1155 2438 1191 2461 bis
1207 2441 1230 2460 et
1243 2440 1322 2461 curate
1339 2437 1455 2463 infirmos,
1472 2436 1512 2465 qui
1529 2436 1552 2457 in
1566 2436 1599 2457 illa
1613 2440 1672 2457 sunt.
1690 2434 1736 2457 Cir.
1753 2434 1837 2462 Opusc.
1855 2434 2005 2462 praecedens,

1155 2484 1175 2500 c.
1194 2478 1215 2500 3.
1234 2484 1255 2498 11.
1275 2477 1311 2499 115.

1218 2515 1227 2528 ⁸
1246 2516 1311 2538 Vers.
1330 2516 1371 2537 28:
1389 2515 1437 2537 Hoc
1455 2520 1529 2542 genus
1546 2514 1568 2535 in
1585 2514 1647 2535 nullo
1665 2515 1740 2541 potest
1765 2512 1826 2534 exire
1847 2512 1890 2534 nisi
1917 2512 1939 2533 in
1956 2517 2005 2533 ora-

1157 2555 1218 2577 tione
1235 2557 1257 2577 et
1274 2555 1370 2581 ieiuui0;
1388 2554 1428 2576 cfr.
1445 2554 1522 2586 lllattb.
1546 2553 1578 2579 17,
1596 2552 1637 2574 20;
1655 2552 1703 2573 Hoc
1720 2554 1797 2573 autem
1816 2557 1889 2578 genus
1907 2556 1953 2572 11011
1965 2550 2005 2572 eii-

1156 2595 1214 2617 citur
1237 2594 1279 2616 nisi
1305 2600 1346 2621 per
1371 2593 1482 2615 ieiunium
1507 2595 1529 2614 et
1554 2592 1688 2614 orationem.
1706 2590 1762 2613 Cod.
1780 2591 1861 2618 allegat
1881 2595 2004 2617 perperam

1156 2634 1242 2657 Lucae.
1259 2646 1289 2650 —
1306 2634 1385 2655 Glossa
1408 2635 1442 2655 est
1465 2631 1591 2654 ordinaria
1613 2631 1635 2652 in
1659 2631 1727 2652 Marc.
1745 2630 1771 2656 9,
1789 2630 1825 2651 28.
1844 2632 1866 2651 et
1885 2631 1960 2651 sumta
1978 2634 2005 2650 ex

1157 2672 1286 2696 Comment
1305 2673 1325 2694 111
1344 2673 1419 2699 Marc.y
1437 2671 1500 2700 quod
1518 2673 1552 2693 est
1564 2670 1622 2692 inter
1642 2676 1712 2697 opera
1725 2669 1829 2697 Hieron.;
1847 2669 1888 2690 cfr.
1909 2668 2004 2694 Bonav.,

1157 2715 1211 2734 tom.
1230 2712 1275 2733 Vll.
1294 2717 1346 2739 pag.
1366 2711 1418 2737 449,
1436 2713 1488 2732 nota
1507 2711 1527 2731 2.

1219 2750 1228 2763 ⁹
1247 2751 1319 2773 iuditii
1337 2751 1375 2777 13,
1388 2752 1430 2772 ⁴22:
1443 2749 1561 2772 Benedixit
1573 2751 1594 2771 te
1606 2748 1718 2771 Dominus
1735 2748 1758 2769 in
1775 2747 1859 2770 virtute
1876 2752 1930 2773 sua,
1950 2746 2004 2775 quia

1157 2796 1198 2818 per
1211 2793 1232 2812 te
1244 2790 1273 2812 ad
1287 2790 1381 2812 nihilum
1399 2789 1489 2816 redegit
1506 2788 1611 2810 inimicos
1628 2790 1725 2810 nostros.
1744 2788 1799 2814 Eph.
1819 2786 1844 2813 11,
1863 2786 1890 2808 3;
1907 2786 1950 2814 Qui
1968 2785 2005 2807 be-

1158 2829 1341 2851 001311111105111
1359 2828 1424 2850 omni
1449 2827 1610 2850 benedictione
1635 2826 1746 2854 spirituali
1772 2826 1796 2847 in
1821 2824 1957 2847 caelestibus
1981 2824 2003 2845 in

1157 2869 1254 2891 Christo.
1271 2880 1302 2885 —-
1320 2867 1423 2890 Subinde
1440 2867 1552 2894 allegatur
1569 2867 1645 2888 lllatth.
1663 2866 1706 2892 25,
1724 2865 1761 2887 34.

1219 2907 1239 2920 ¹⁰
1256 2907 1323 2929 Vers.
1343 2907 1385 2929 29:
1403 2906 1496 2928 Multam
1513 2906 1574 2928 enim
1596 2905 1705 2927 malitiam
1731 2904 1810 2927 docuit
1831 2903 1941 2926 otiositas
1958 2901 2003 2925 Cfr.

1156 2952 1225 2974 supra
1243 2952 1298 2974 pag.
1316 2945 1369 2973 419,
1387 2948 1438 2967 nota
1461 2945 1495 2967 ll.

1220 2984 1237 2997 ¹¹
1257 2984 1312 3012 Cap.
1330 2984 1352 3011 5,
1369 2984 1392 3006 7.
1414 2996 1444 3000 —
1466 2984 1516 3005 Duo
1541 2989 1607 3011 seqq.
1632 2982 1675 3005 loci
1701 2984 1754 3004 511111
1771 2983 1842 3009 Apoc.
1861 2980 1901 3007 tt,
1920 2980 1956 3002 13.
1982 2982 2004 3002 et

1156 3025 1229 3046 Eccle.
1247 3024 1272 3051 9,
1293 3024 1329 3045 10.
