2133 3317
745 385 1054 423 OPUSOULUM
1085 387 1192 423 XIV.

152 509 431 577 QUARE
467 510 840 567 FRATRES
877 511 1236 569 MINORES
1274 514 1790 572 PRAEDIOENT

614 659 675 701 ΕΤ
704 658 1056 702 OONFESSIONES
1083 660 1304 704 AUDIANT
1319 663 1328 681 ¹

175 1175 198 1203 1.
220 1174 290 1211 Quia
310 1174 436 1211 plerique
465 1174 593 1203 dubitant
617 1178 644 1204 et
671 1176 847 1212 quaerunt2‚
875 1183 939 1204 cum

0 1219 82 1278 llam-ari-
95 1228 148 1249 non
163 1220 315 1249 habeamus
329 1228 425 1249 curam
446 1220 601 1249 animarum
616 1221 755 1250 ordinarie
776 1221 855 1250 nobis
869 1229 940 1250 com-

17 1553 77 1597 etr>

2 1609 4 1621 Ι

0 2415 77 2439 ‘primatu

1 2439 79 2487 rae

1 2489 14 2504 ι.

95 1267 223 1301 missam,
244 1275 300 1304 qua
321 1267 443 1302 ratione,
465 1268 508 1296 vel
534 1276 590 1305 qua
610 1268 791 1303 auctoritate,
813 1268 856 1297 vel
884 1276 940 1305 qua

94 1314 183 1343 forma
202 1314 393 1351 praedicemus
414 1314 459 1343 vel
479 1314 662 1343 confessiones
677 1314 846 1343 audiamus
840 1323 867 1343 111
889 1323 937 1352 po-

93 1361 174 1399 pulo;
195 1360 269 1398 quod
289 1363 322 1389 ut
341 1360 450 1398 plenius
464 1364 491 1389 et
505 1361 615 1398 planius
629 1361 808 1398 intelligatur,
824 1362 938 1390 rationis

93 1407 178 1437 huius
198 1407 319 1436 radicem
339 1407 422 1436 altius
443 1408 636 1445 inspiciamus,
658 1408 692 1437 ab
720 1408 780 1445 ipsa
806 1408 939 1445 primaria

94 1454 227 1484 Ecclesiae
248 1454 420 1483 institutione
441 1454 574 1491 originem
597 1454 719 1483 breviter
740 1455 907 1492 colligentes.

170 1502 197 1530 2.
219 1501 352 1530 Dominus
373 1501 448 1530 Iesus
468 1501 611 1536 Christus,
633 1501 757 1530 omnium
778 1505 887 1530 creator
911 1505 938 1531 et

92 1548 273 1585 gubernator,
295 1550 417 1576 sanctam
439 1548 585 1577 Ecclesiam
607 1556 701 1583 suam,
723 1556 891 1577 ascensurus
909 1549 936 1577 in

93 1594 214 1629 caelum,
235 1594 369 1631 Apostolis
390 1594 538 1631 regendam
559 1598 586 1623 et
606 1594 772 1623 dilatandam
797 1603 936 1624 commen-

92 1641 181 1676 davit,
202 1641 392 1678 principaliter
413 1644 504 1670 tamen
525 1641 605 1670 beato
627 1642 706 1670 Petro
727 1642 870 1679 Apostolo,
891 1642 936 1671 cui

92 1688 125 1717 de
145 1688 276 1717 universo
296 1696 379 1725 grege
407 1688 529 1717 fidelium
556 1689 711 1725 specialiter
738 1689 810 1717 dixit
838 1689 935 1718 tertio:

92 1735 185 1763 Pasce
205 1743 269 1763 oves
289 1743 386 1769 meas,
408 1735 515 1764 loannis
536 1735 667 1772 vigesimo
688 1735 779 1772 primo
794 1735 813 1763 ⁸.
837 1735 888 1764 Sed
904 1738 936 1764 ut

91 1781 296 1819 gubernaretur
317 1781 471 1810 ordinatius
501 1781 665 1811 universalis
687 1782 821 1816 Ecclesia,
842 1782 935 1811 distin-

92 1831 197 1857 xerunt
216 1835 276 1857 eam
298 1828 383 1856 sancti
409 1828 528 1865 Apostoli
552 1836 602 1865 per
629 1828 850 1865 patriarchatus,
878 1828 935 1865 pri-

91 1877 198 1909 matus,
219 1874 488 1911 archiepiscopatus,
518 1875 707 1912 episcopatus,
736 1875 881 1911 parochias
908 1878 935 1904 et

91 1921 157 1951 alias
171 1922 315 1951 canonicas
329 1921 517 1951 distinctiones
531 1922 552 1956 4,
567 1925 614 1956 ut,
636 1923 701 1959 quia
715 1930 765 1959 per
785 1930 872 1951 unum
892 1923 935 1951 vel

90 1976 140 2005 per
160 1975 263 2005 paucos
284 1976 339 1996 non
360 1971 467 2005 poterat
485 1968 600 2005 singulis
620 1968 742 1997 fidelium
758 1969 785 1997 in
807 1969 935 1998 omnibus

91 2014 172 2043 saluti
193 2015 354 2043 necessariis
375 2022 497 2052 congrue
518 2015 661 2049 satisfieri,
684 2015 779 2052 plures
800 2015 833 2044 ad
849 2015 934 2044 huius

91 2060 281 2090 sollicitudinis
302 2063 394 2098 partes
415 2069 464 2098 per
485 2061 681 2090 determinatos
697 2062 748 2090 sibi
770 2062 869 2090 Ilmites
884 2070 934 2098 pro

90 2107 207 2136 utilitate
227 2107 382 2136 animarum
404 2110 585 2142 vocarentur;
614 2111 641 2137 et
669 2108 820 2137 secundum
851 2116 934 2137 curae

90 2154 234 2191 pastoralis
248 2154 456 2191 amplitudinem
472 2155 553 2184 etiam
568 2155 684 2192 quilibet
698 2155 814 2184 istorum
830 2155 934 2192 accepit

90 2204 192 2230 certam
213 2201 385 2230 auctoritatis
406 2204 584 2238 potestatem,
605 2201 743 2230 residente
764 2202 934 2239 plenitudine

90 2247 230 2284 potestatis
251 2247 449 2276 ecclesiasticae
469 2247 543 2284 apud
564 2248 659 2277 Sedem
684 2248 861 2285 apostolicam
883 2248 934 2277 Ro-

90 2301 187 2322 manae
207 2293 357 2328 Ecclesiae,
379 2294 423 2322 cui
444 2294 588 2331 Apostolus
603 2295 708 2329 Petrus,
723 2295 851 2332 princeps
865 2296 933 2332 Apo-

92 2340 242 2375 stolorum,
264 2340 418 2377 specialiter
439 2340 576 2376 praesedit
597 2344 623 2369 et
649 2341 855 2370 successoribus
876 2341 934 2370 suis

91 2386 191 2415 ibidem
212 2386 326 2416 eandem
347 2389 509 2424 potestatem
531 2387 651 2424 reliquit.

171 2433 197 2462 3.
219 2433 358 2470 Triplex⁵
386 2436 428 2462 est
448 2436 540 2462 autem
568 2433 653 2462 huius
681 2434 822 2470 potestatis
848 2434 933 2471 pleni-

92 2480 173 2516 tudo,
189 2480 292 2510 scilicet
309 2479 383 2517 quod
398 2480 455 2517 ipse
469 2480 600 2509 Summus
615 2480 738 2509 Pontifex
753 2480 832 2508 solus
851 2480 934 2509 habet

153 2688 161 2701 ¹
178 2688 234 2712 Cod.
253 2689 270 2711 B
288 2691 310 2711 et
326 2689 362 2711 ed.
381 2689 406 2710 fl:
424 2689 508 2718 Incipit
523 2690 639 2712 tractatus
657 2689 734 2712 sancti
751 2689 930 2712 Bonaventurae

91 2725 280 2755 determinavztis,
297 2733 372 2756 quare
388 2726 486 2750 Fratres
503 2730 547 2750 etc.

153 2764 162 2778 ²
179 2765 223 2789 Cir.
240 2772 310 2794 supra
327 2765 412 2794 Opusc.
425 2766 480 2788 Xlll.
500 2766 702 2788 Determinationes
718 2768 807 2794 quaest.
823 2768 867 2788 etc,
881 2772 904 2793 p.
916 2766 931 2788 l.

92 2810 114 2833 q.
133 2805 155 2826 2.
172 2817 201 2820 —
218 2805 330 2832 Superius
347 2811 389 2833 pro
407 2804 468 2832 Quia
482 2804 590 2834 plerique
602 2806 618 2826 A
634 2804 751 2832 Quoniam
763 2804 877 2833 plerique,
890 2804 929 2833 qui

91 2843 158 2865 etiam
181 2843 276 2866 inferius
298 2845 341 2867 aut
362 2850 410 2873 qua
432 2843 572 2867 auctoritate
594 2849 636 2871 pro
659 2843 694 2866 vet
715 2849 761 2872 qua
783 2843 931 2867 auctoritate.

91 2881 193 2905 Subinde
210 2889 252 2911 pro
269 2882 332 2912 quod
347 2884 374 2905 ut
387 2882 482 2912 plenius
499 2882 535 2905 ed.
553 2883 566 2904 2
584 2882 608 2905 id
624 2884 652 2905 ut
664 2882 766 2911 plenius.

153 2920 162 2934 ⁸
179 2922 245 2944 Vers.
262 2922 299 2943 47.
315 2933 346 2938 —
363 2921 473 2949 Superius
489 2928 515 2944 ex
531 2922 549 2944 A
567 2921 728 2949 supplevimus
744 2922 831 2944 tamen.

153 2959 162 2972 ⁴
179 2959 223 2983 Csr.
240 2960 348 2986 Gratian„
366 2960 419 2982 Dist.
438 2961 474 2983 2⁴.
492 2963 513 2983 et
531 2962 568 2988 22,
581 2959 621 2983 ubi
638 2960 706 2982 etiam
724 2960 753 2982 de
771 2960 869 2987 primatu
887 2961 932 2983 Ro-

92 3003 172 3021 manae
189 2999 310 3022 Ecclesiae.
329 3011 360 3016 —
377 2999 489 3027 Superius
507 3000 525 3021 A
544 2999 626 3022 omittit
648 2997 790 3022 universalis
810 3001 831 3021 et
848 2998 931 3021 substi-

996 1178 1080 1205 totam
1096 1177 1294 1213 plenitudinem
1308 1179 1495 1213 auctoritatis,
1510 1188 1594 1216 quam
1608 1180 1735 1209 Christus
1749 1181 1840 1210 Eccle-

996 1222 1052 1251 siae
1073 1223 1189 1252 contulit
1210 1240 1246 1244 —
1267 1227 1294 1253 et
1315 1225 1389 1261 quod
1410 1225 1514 1264 ubique
1528 1226 1555 1254 in
1570 1226 1700 1255 omnibus
1718 1227 1840 1256 ecclesiis

995 1269 1078 1298 habet
1098 1270 1171 1298 illam
1194 1270 1265 1299 sicut
1285 1271 1313 1299 in
1334 1279 1384 1300 sua
1404 1272 1514 1309 speciali
1536 1273 1599 1301 sede
1614 1273 1733 1302 Romana
1753 1290 1792 1294 —
1812 1277 1839 1302 et

995 1316 1069 1353 quod
1084 1316 1120 1345 ab
1135 1316 1198 1353 ipso
1212 1321 1314 1346 manat
1335 1318 1363 1346 in
1384 1326 1478 1347 omnes
1500 1319 1643 1348 inferiores
1661 1327 1711 1356 per
1725 1320 1839 1349 univer-

996 1371 1053 1391 sam
1076 1363 1220 1392 Ecclesiam
1242 1365 1331 1393 omnis
1351 1365 1517 1399 auctoritas,
1539 1369 1622 1402 prout
1636 1366 1751 1403 singulis
1765 1375 1838 1396 com-

995 1409 1062 1446 petit
1083 1417 1143 1438 eam
1165 1411 1332 1447 participari,
1361 1411 1433 1440 sicut
1460 1412 1487 1440 in
1516 1412 1591 1441 caelo
1617 1412 1652 1441 ab
1678 1413 1738 1450 ipso
1765 1413 1839 1443 fonte

995 1456 1079 1484 totius
1100 1456 1179 1490 boni,
1201 1456 1310 1485 Christo
1332 1457 1404 1492 lesu,
1427 1458 1489 1486 fluit
1510 1458 1598 1487 omnis
1618 1459 1706 1496 gloria
1726 1460 1838 1489 Sancto-

995 1511 1075 1537 rum,
1098 1503 1160 1532 licet
1188 1511 1248 1532 eam
1275 1504 1432 1533 differenter
1461 1505 1562 1542 singuli
1590 1506 1755 1543 participent
1787 1515 1838 1544 pro

994 1553 1076 1586 captu
1091 1558 1150 1578 suo.

1071 1596 1098 1624 ίι.
1120 1596 1260 1625 Praedicta
1280 1604 1346 1626 vero
1367 1597 1505 1627 distinctio
1529 1599 1707 1627 ecclesiarum
1735 1603 1762 1628 et
1789 1608 1836 1637 pa—

993 1643 1151 1671 rochiarum
1174 1643 1273 1680 triplici
1295 1643 1328 1672 de
1349 1652 1432 1673 causa
1452 1648 1493 1673 est
1507 1645 1641 1679 instituta,
1656 1646 1759 1675 scilicet
1772 1655 1836 1683 pro-

993 1692 1054 1726 pter
1074 1693 1221 1718 rectorum
1242 1689 1473 1719 sollicitudinem.
1498 1691 1576 1728 Quod
1597 1692 1670 1720 enim
1684 1692 1836 1730 unicuique

992 1736 1138 1772 specialius
1171 1736 1352 1765 committitur
1383 1737 1541 1774 diligentius
1570 1739 1751 1775 exsequitur,
1786 1747 1836 1769 nec

991 1785 1148 1819 exspectat,
1170 1783 1243 1819 quod
1264 1783 1333 1812 alter
1354 1784 1496 1820 provideat
1517 1785 1561 1813 his
1581 1785 1629 1821 qui
1650 1793 1716 1814 suae
1737 1786 1836 1815 sollici-

992 1829 1079 1858 tudini
1094 1829 1105 1846 6
1127 1832 1192 1858 sunt
1206 1829 1353 1859 commissi.
1371 1847 1407 1851 —
1424 1831 1505 1865 ltem,
1521 1835 1635 1868 propter
1649 1831 1835 1861 subditorum

992 1875 1160 1910 utilitatem,
1182 1876 1248 1913 quia
1267 1876 1374 1905 facilius
1396 1880 1549 1914 reguntur,
1571 1881 1598 1906 et
1618 1878 1733 1915 singulis
1750 1886 1835 1916 expe-

991 1922 1075 1951 ditius
1096 1925 1184 1959 potest
1205 1923 1349 1957 satisfieri,
1371 1926 1403 1952 ut
1428 1924 1532 1952 dictum
1559 1927 1601 1953 est
1615 1925 1635 1959 ⁷,
1663 1933 1713 1961 per
1740 1926 1836 1962 plures

991 1969 1131 1998 ministros
1152 1977 1235 2006 quam
1256 1978 1305 2006 per
1326 1978 1443 2006 paucos;
1467 1971 1538 2000 sicut
1553 1971 1671 2007 Moyses,
1690 1972 1765 2001 solus
1780 1980 1835 2001 non

991 2015 1084 2044 valens
1105 2024 1189 2044 onera
1210 2016 1395 2045 multitudinis
1416 2017 1510 2054 populi
1536 2017 1687 2052 sustinere,
1715 2019 1835 2055 partitus

991 2064 1032 2090 est
1046 2070 1116 2090 onus
1132 2062 1251 2091 tribunis
1265 2065 1292 2091 et
1305 2063 1529 2098 centurionibus,
1545 2064 1789 2101 quinquagenariis
1803 2073 1835 2094 ac

990 2108 1115 2142 decanis,
1137 2111 1168 2137 ut
1188 2109 1306 2138 maiores
1320 2109 1440 2144 maiora,
1462 2110 1582 2139 minores
1596 2111 1704 2139 minora
1718 2119 1834 2148 propor-

990 2155 1127 2185 tionaliter
1149 2156 1327 2192 expedirent,
1351 2159 1458 2185 retenta
1479 2160 1569 2186 tamen
1591 2157 1642 2186 sibi
1663 2158 1834 2195 plenitudine

991 2203 1133 2239 potestatis
1154 2203 1180 2231 in
1203 2205 1268 2239 typo
1287 2203 1397 2232 futurae
1418 2203 1603 2240 dispositionis
1624 2205 1757 2234 Ecclesiae
1783 2205 1834 2233 mi-

991 2249 1101 2277 litantis.
1124 2266 1163 2269 —
1183 2249 1257 2284 Item,
1280 2252 1393 2286 propter
1407 2249 1418 2266 Β
1437 2249 1689 2287 deprehendendas
1708 2250 1833 2288 fraudes

991 2293 1204 2323 haeretieorum
1224 2298 1250 2323 et
1281 2294 1407 2323 latebras
1429 2296 1627 2332 peccantium,
1656 2299 1688 2325 ut
1714 2297 1833 2334 quisque

990 2344 1100 2377 pastor,
1122 2349 1206 2378 super
1227 2348 1337 2378 gregem
1360 2349 1441 2369 suum
1458 2342 1587 2379 vigilans,
1603 2343 1688 2379 possit
1701 2343 1832 2380 luporum

990 2387 1197 2424 deprehendere
1218 2387 1329 2416 insidias
1349 2390 1376 2416 et
1397 2388 1549 2417 errantium
1571 2389 1665 2418 ovium
1680 2389 1833 2418 absentiam

990 2442 1154 2471 cognoscere
1175 2437 1202 2463 et
1222 2434 1256 2462 ad
1277 2434 1367 2471 gregis
1389 2434 1522 2464 unitatem
1543 2443 1590 2464 eas
1610 2436 1768 2473 quaerendo
1789 2445 1833 2466 re-

990 2488 1096 2509 vocare.

987 2689 1028 2711 tuit
1042 2688 1230 2717 parochianatus
1249 2695 1290 2716 pro
1304 2688 1440 2718 parochias.
1459 2688 1563 2712 Subinde
1579 2696 1622 2718 pro
1638 2692 1677 2719 ut,
1694 2691 1751 2720 quia
1762 2692 1780 2714 A
1792 2693 1831 2720 ut,

987 2727 1055 2757 quod.

1050 2765 1059 2778 ⁵
1076 2766 1132 2788 Cod.
1148 2766 1166 2788 A
1183 2765 1284 2795 Duplex,
1302 2766 1342 2795 qui
1359 2767 1428 2789 etiam
1445 2769 1612 2796 consequenter
1629 2768 1723 2791 inferius
1745 2775 1787 2797 pro
1810 2771 1832 2793 et

987 2804 1050 2834 quod
1066 2804 1095 2827 ab
1113 2805 1162 2834 ipso
1179 2807 1263 2828 manat
1279 2805 1396 2828 substituit
1413 2805 1442 2829 Et
1457 2805 1487 2829 ab
1504 2805 1545 2829 illo
1561 2808 1652 2830 manat.

1049 2842 1059 2856 ⁸
1076 2844 1141 2871 Edd.,
1160 2844 1289 2872 refragante
1305 2845 1330 2872 A,
1347 2844 1436 2867 addunt
1452 2844 1592 2874 specialiter.

1050 2881 1059 2894 ⁷
1076 2883 1143 2905 Num.
1161 2883 1181 2904 2.
1199 2894 1230 2899 —
1247 2882 1349 2905 Subinde
1366 2883 1487 2911 respicitur
1504 2884 1574 2906 Exod.
1593 2884 1628 2912 48,
1651 2884 1688 2907 25.
1709 2891 1758 2914 seq.
1780 2885 1829 2915 (ubi

987 2927 1014 2944 ex
1031 2921 1048 2943 A
1065 2921 1226 2949 supplevimus
1243 2922 1321 2950 onus).
1332 2921 1377 2944 Cfr.
1391 2928 1461 2950 supra
1474 2922 1559 2950 Opusc.
1572 2923 1626 2945 Vlll.
1637 2923 1666 2945 de
1677 2924 1721 2946 Sex
1732 2924 1773 2947 alis
1790 2925 1830 2947 Se-

988 2960 1086 2988 raphim,
1103 2966 1123 2982 c.
1140 2960 1162 2982 6.
1179 2966 1202 2982 n.
1220 2960 1257 2982 19.

1049 2997 1059 3011 ‘³
1076 2998 1132 3021 Cod.
1144 2999 1161 3021 A
1174 2999 1242 3027 Item,
1258 2998 1296 3022 ad.
1309 2999 1403 3023 inferius
1415 3006 1456 3028 pro
1468 3006 1608 3030 coquo-scere
1619 3001 1655 3024 ed.
1668 3002 1681 3024 2
1693 3007 1827 3031 aquosam-e.

1859 1608 1948 1628 Rationes
1960 1609 1972 1628 3

1853 1637 1888 1656 pro
1906 1632 1973 1651 distin·

1853 1656 1915 1674 ctione
1942 1661 1970 1674 ec-

1852 1679 1958 1698 clesiarum.

1873 1702 1942 1721 Prima.

1852 1842 1945 1861 secunda.

1849 2260 1919 2280 Tertia.
