2133 3317
3 1357 6 1435 l

6 1624 29 1639 Μ
47 1623 107 1639 oxom-

598 201 795 230 OPUSCULUM
816 202 858 230 XI.
880 201 1042 231 APOLOGlA
1065 202 1245 232 PAUPERUM.
1267 203 1336 231 CAP.
1358 203 1387 231 11.

120 281 241 312 Verbum
262 280 454 309 incarnatum
468 279 496 307 in
510 281 648 308 assumtae
662 279 842 307 humanitatis
856 286 970 308 conver-

121 328 224 358 satione
241 326 385 363 exemplar
399 329 441 355 est
455 328 482 354 et
496 325 639 362 speculum
661 324 783 353 omnium
799 325 952 361 gratiarum
962 348 969 359 ,

121 375 255 404 virtutum
281 375 308 401 et
328 372 507 406 meritorum,
528 371 562 400 ad
588 371 669 400 cuius
688 371 858 408 exemplaris
879 371 970 400 imita-

121 422 221 451 tionem
245 419 406 456 erigendum
427 421 469 448 est
484 418 693 447 tabernaculum
714 417 857 446 militantis
880 418 969 446 Eccle-

121 468 191 502 siae,
212 467 292 495 iuxta
322 465 397 503 quod
418 465 502 502 Moysi
532 464 727 501 mysterialiter
758 464 862 493 dictum
885 468 927 493 est
942 466 968 492 ¹:

122 514 234 552 Inspice
257 516 283 542 et
308 511 359 550 fac
386 512 547 541 secundam
574 511 732 549 exemplar,
757 511 835 549 quod
858 510 911 539 tibi
937 511 968 539 in

101 564 215 591 .monte
241 563 439 589 monstratum
466 562 514 587 est.
538 559 568 587 Et
599 557 831 596 quemadmodum
859 557 894 586 ab
922 557 968 586 illo

122 616 178 637 uno
197 609 310 636 aeterno
331 605 483 643 exemplari
498 605 615 634 indiviso
633 607 689 634 tam
710 605 835 633 diversae
856 607 968 633 manant

121 656 314 684 creaturarum
345 656 461 681 naturae
482 655 510 681 et
529 655 695 681 naturarum
716 651 898 689 perfectiones
925 659 968 680 se-

120 700 240 730 cundum
264 699 369 728 variam
390 699 477 736 ipsius
497 698 599 728 summi
620 698 683 727 boni
713 697 966 735 participationem,

120 747 193 785 quod
214 746 335 783 perfecte
355 746 390 775 ab
403 746 496 783 aliqua
518 753 573 774 una
587 748 716 774 creatura
736 744 796 781 capi
815 752 868 773 non
892 746 967 781 pote-

119 796 197 827 rant,
211 795 325 830 propter
346 792 420 829 quod
435 795 462 821 et
482 792 605 821 diversas
619 791 761 820 constituit
782 791 856 819 Deus
871 798 966 819 rerum

120 840 223 877 species
244 839 278 868 ad
298 839 421 868 universi
436 839 663 876 completionem;
682 838 721 867 sic
742 840 769 867 et
783 846 799 866 a
820 837 911 866 Verbo
926 837 966 866 in-

120 889 232 916 carnato
253 889 383 923 tanquam
412 886 447 914 ab
467 885 594 923 originali
621 884 757 922 principio
784 884 904 921 gratiae,
933 884 967 912 de

120 934 205 963 cuius
223 933 403 970 plenitudine
423 933 590 970 accepimus
610 940 708 960 omnes
719 931 741 965 2,
756 934 783 960 et
804 934 936 968 tanquam
951 939 967 960 a

120 980 243 1018 specum,
265 980 293 1008 in
314 988 370 1017 quo
390 983 417 1008 et
431 988 447 1008 a
468 987 524 1016 quo
544 979 634 1007 omnis
648 978 801 1007 sanctitatis
821 980 849 1007 et
862 978 967 1014 sapien-

119 1027 172 1056 tiae
192 1026 334 1064 plenitudo
354 1030 382 1055 et
402 1026 561 1064 pulcritudo
583 1026 716 1063 refulget,
737 1025 839 1054 diversi
861 1028 965 1059 status,

118 1073 221 1111 gradus
242 1076 269 1103 et
296 1073 407 1102 ordines
434 1073 586 1102 secundum
610 1073 714 1101 variam
742 1071 965 1101 distributionem

119 1120 254 1149 donorum
275 1122 303 1149 et
333 1120 442 1148 varium
470 1118 593 1147 imitandi
624 1118 736 1147 modum
768 1117 966 1155 exemplariter

119 1167 290 1200 derivantur,
312 1166 339 1194 in
360 1166 463 1203 quibus
484 1165 636 1195 secundum
658 1165 856 1194 multiformem
881 1165 967 1201 parti-

119 1213 281 1250 cipationem
303 1212 465 1241 multimoda
485 1212 586 1241 Christi
608 1211 740 1249 perfectio
765 1211 803 1240 sic
824 1211 966 1240 distribui-

119 1264 179 1294 tur,
201 1263 233 1289 ut
253 1259 335 1289 simul
356 1259 513 1296 reperiatur
534 1259 563 1288 in
583 1258 727 1293 omnibus,
748 1266 799 1287 nec
827 1261 917 1287 tamen
938 1258 966 1287 in

118 1307 212 1344 aliquo
239 1315 296 1336 uno
320 1307 378 1335 solo
406 1306 558 1335 secundum
587 1305 760 1334 omnimodae
788 1305 967 1342 plenitudinis

119 1354 279 1383 totalitatem
309 1353 459 1390 refulgeat;
488 1353 535 1382 sed
562 1353 679 1390 quilibet
699 1352 802 1390 gradus
830 1355 857 1381 et
878 1355 967 1381 status

118 1410 170 1439 pro
189 1409 256 1430 suae
272 1408 418 1430 mensurae
439 1399 551 1429 modulo
567 1399 720 1428 secundum
743 1399 806 1436 plus
827 1402 854 1427 et
873 1399 967 1428 minus

118 1447 272 1477 istiusmodi
287 1446 456 1484 exemplaris
470 1446 642 1475 influentiam
657 1446 773 1483 suscipit
790 1449 817 1475 et
831 1446 865 1474 ad
879 1446 967 1483 ipsius

118 1494 297 1523 imitationem
318 1493 431 1522 accedit.

200 1541 244 1570 13.
267 1540 411 1577 Refulgent
425 1542 517 1569 autem
532 1548 548 1568 a
569 1539 678 1568 Christo
698 1543 829 1577 tauquam
851 1548 867 1568 a
882 1540 967 1568 totius

0 1522 106 1694 kesuah
118 1591 229 1617 nostrae
250 1588 346 1617 salutis
366 1587 519 1625 exemplari
541 1590 569 1616 et
588 1587 714 1625 originali
739 1587 874 1624 principio
888 1590 967 1616 actus

29 1642 108 1686 {J‘ffi'
119 1635 312 1665 multiformes.
334 1635 400 1664 Nam
429 1634 541 1672 quidam
569 1637 647 1663 actus
671 1635 699 1663 in
728 1634 787 1671 ipso
815 1634 967 1671 respiciunt

118 1683 325 1712 sublimitatem
343 1682 500 1719 potentiae,
522 1685 554 1710 ut
574 1689 658 1719 super
679 1689 766 1718 aquas
787 1681 866 1710 siccis
890 1681 966 1718 pedi-

118 1730 171 1759 bus
191 1729 350 1763 ambulare,
371 1729 507 1758 elementa
527 1731 705 1762 convertere,
726 1735 811 1765 panes
832 1728 966 1765 multipli-

118 1784 196 1811 care,
217 1784 247 1805 se
262 1776 352 1813 ipsum
374 1775 595 1812 transfigurare³
616 1778 643 1804 et
665 1777 756 1804 cetera
777 1775 912 1804 miracula
927 1775 965 1804 fa-

117 1830 195 1857 cere;
217 1822 328 1860 quidam
349 1822 511 1859 sapientiae
532 1821 637 1856 lucem,
659 1824 691 1850 ut
711 1829 812 1850 arcana
839 1821 965 1850 caelestia

117 1870 238 1904 referre,
260 1872 366 1898 secreta
393 1869 518 1898 cordium
540 1868 660 1897 scrutari
685 1872 712 1898 et
739 1868 835 1897 futura
856 1869 964 1906 praedi-

117 1924 195 1951 cere;
216 1916 328 1953 quidam
343 1915 522 1945 severitatem
547 1915 667 1949 indicii,
689 1916 761 1944 sicut
781 1915 880 1944 eiicere
899 1924 964 1944 ven-

117 1964 213 1993 dentes
239 1963 273 1993 de
300 1963 417 2000 templo,
446 1963 591 1992 cathedras
619 1962 797 1992 vendentium
821 1963 964 1992 columbas

117 2014 242 2040 evertere
263 2013 291 2039 et
304 2010 375 2039 dura
396 2009 581 2047 increpatione
595 2009 678 2038 ferire
699 2009 880 2046 pontifices4;
902 2009 964 2046 qui-

117 2057 179 2086 dam
200 2056 288 2096 officii
317 2057 504 2095 diynitatem,
526 2059 558 2085 ut
587 2057 795 2085 Sacramentum
827 2056 963 2085 conficere

117 2104 293 2133 sacratissimi
315 2104 439 2141 corporis
463 2104 522 2138 sui,
544 2111 643 2132 manus
673 2103 815 2140 imponere
849 2106 876 2131 et
900 2110 963 2139 pec-

117 2154 177 2180 cata
208 2151 351 2185 relaxare;
373 2151 486 2188 quidam
514 2149 780 2179 condescensionem
811 2150 962 2184 miseriae,

117 2201 150 2227 ut
170 2198 255 2227 latere
275 2198 303 2227 in
325 2197 531 2235 persecutione,
549 2197 688 2234 trepidare
708 2199 736 2226 et
756 2197 913 2226 contristari
935 2197 963 2226 in

116 2248 206 2274 morte
221 2248 248 2274 et
268 2253 319 2282 pro
339 2244 430 2274 calicis
444 2244 581 2273 amotione
595 2244 702 2273 Patrem
716 2252 798 2273 orare
809 2244 835 2278 ⁵;
851 2243 963 2281 quidam

118 2290 355 2328 informationem
382 2291 459 2320 vitae
484 2289 644 2328 perfectae,
672 2291 744 2319 sicut
771 2293 962 2328 paupertatem

117 2345 245 2372 servare,
267 2338 452 2375 virginitatem
467 2337 621 2371 custodire,
642 2338 699 2366 Deo
713 2340 740 2366 et
761 2337 921 2366 hominibus
935 2345 964 2366 se

117 2385 208 2423 ipsum
230 2385 380 2419 subiicere,
395 2387 489 2414 noctes
507 2384 534 2413 in
549 2384 673 2413 oratione
687 2384 834 2421 pervigiles
847 2384 963 2418 ducere,

118 2440 169 2470 pro
189 2432 406 2461 crucifixoribus
427 2439 545 2461 exorare
566 2433 594 2460 et
613 2430 695 2459 morti
717 2438 746 2459 se
766 2438 875 2459 summa
895 2430 965 2459 cari-

1812 202 1869 232 243

1026 282 1081 308 tate
1101 280 1183 309 etiam
1205 288 1255 317 pro
1276 280 1394 309 inimicis
1414 280 1515 309 offerre
1526 280 1545 309 ⁶.
1568 297 1606 301 —
1626 280 1695 309 Cum
1716 280 1800 318 igitur
1821 288 1871 309 sex

1025 327 1080 355 sint
1094 327 1252 356 huiusmodi
1267 330 1381 356 actuum
1403 328 1561 362 varietates,
1577 327 1604 356 in
1619 328 1724 356 ultimis
1739 327 1782 356 his
1795 327 1872 356 dum-

1025 375 1103 401 taxat
1124 376 1166 402 est
1187 374 1277 410 ipsum
1299 374 1400 402 imitari
1422 373 1583 411 perfectum.
1606 374 1672 403 Nam
1694 374 1721 403 in
1743 374 1786 403 his
1800 382 1872 411 quae

1025 422 1091 447 sunt
1110 419 1291 448 eoecellenliae
1311 420 1493 457 singularis,
1522 424 1563 449 est
1584 421 1700 458 impium
1725 424 1752 450 et
1780 421 1872 450 lucife-

1025 465 1150 499 rianum,
1182 466 1232 494 nisi
1255 466 1339 495 fuerit
1369 467 1450 495 alicui
1482 467 1618 505 privilegii
1648 467 1774 504 specialis
1800 467 1872 496 dono

1025 519 1196 540 concessum.
1217 513 1243 541 ln
1267 513 1309 541 his
1329 516 1435 548 autem,
1457 522 1528 551 quae
1548 515 1709 543 severitatis
1730 518 1758 543 et
1778 514 1873 552 digni-

1025 558 1111 592 tatis,
1133 561 1174 587 est
1195 559 1410 595 praesidentium
1433 563 1460 589 et
1481 561 1676 597 praelatorum.
1693 562 1721 590 ln
1736 561 1779 590 his
1800 569 1871 598 quae

1024 604 1289 639 condescensionis,
1317 609 1358 634 est
1386 606 1582 642 infirmorum,
1610 608 1638 636 in
1672 611 1807 645 quantum
1839 608 1872 636 ad

1023 653 1116 679 actum
1138 651 1279 688 loquimur
1300 653 1498 682 extrinsecum.
1521 654 1700 691 Nequaquam
1726 655 1819 691 igitur,
1841 658 1873 683 ut

1023 697 1200 735 dogmatizat,
1229 706 1338 727 summa
1366 699 1540 735 perfectionis
1561 701 1727 730 christianae
1748 701 1872 730 consistit

1023 744 1050 773 in
1066 745 1216 774 universali
1230 745 1381 774 Imitatione
1396 748 1509 774 actuum
1524 747 1640 780 Christi,
1656 747 1702 776 sed
1718 750 1824 776 tantum
1841 748 1872 776 il-

1024 792 1115 821 lorum
1130 792 1177 829 qui
1192 792 1269 820 vitae
1280 791 1425 829 perfectae
1439 792 1696 829 informationem⁷
1712 795 1871 831 respiciunt.

1105 839 1148 867 14.
1171 839 1211 867 Ex
1233 847 1289 876 quo
1313 843 1441 875 apparet,
1462 839 1535 876 quod
1565 840 1721 869 huiusmodi
1748 841 1871 870 veritatis

1024 885 1179 922 ignorantia
1206 885 1296 922 prima
1326 885 1378 914 fuit
1404 885 1430 914 in
1461 894 1493 914 eo
1524 894 1607 915 causa
1636 887 1754 921 erroris3
1787 896 1870 924 quam

1023 933 1105 961 etiam
1127 932 1247 961 secunda
1268 933 1396 961 comitata
1410 935 1463 967 est,
1486 932 1624 967 videlicet,
1646 934 1721 970 quod
1742 934 1870 971 imperfe-

1023 979 1141 1008 ctionem
1170 987 1186 1008 a
1217 979 1384 1016 perfectione
1415 979 1614 1008 rationabiliter
1643 988 1697 1008 non
1727 980 1870 1015 discrevit,

1022 1026 1089 1055 dum
1112 1026 1302 1063 imprudenter
1323 1026 1461 1060 asseruit,
1482 1026 1557 1063 quod
1589 1038 1603 1051 «
1618 1026 1748 1063 perfectio
1770 1031 1796 1055 et
1822 1027 1871 1055 im-

1023 1073 1154 1110 perfectio
1174 1073 1306 1102 differunt
1331 1073 1403 1101 sicut
1424 1073 1561 1101 rectitudo
1592 1076 1620 1102 et
1640 1073 1778 1108 distortio,
1801 1074 1872 1103 sicut

1023 1120 1128 1149 iustitia
1149 1122 1176 1148 et
1197 1122 1356 1156 peccatum,
1379 1119 1451 1148 sicut
1471 1120 1579 1156 puritas
1599 1123 1626 1148 et
1648 1120 1779 1157 pollutio,
1801 1120 1872 1149 sicut

1023 1167 1109 1204 gloria
1131 1170 1158 1196 et
1173 1167 1338 1204 ignominia,
1360 1166 1432 1196 sicut
1452 1167 1509 1196 vita
1523 1170 1550 1196 et
1572 1175 1662 1201 mors,
1683 1167 1755 1196 sicut
1770 1168 1871 1196 sanitas

1023 1216 1051 1243 et
1064 1213 1189 1248 morbus,
1201 1214 1273 1242 sicut
1288 1214 1411 1242 incessus
1425 1213 1567 1250 aequalis⁸
1582 1216 1609 1242 et
1623 1213 1822 1242 claudicatio».
1835 1230 1873 1234 —

1024 1261 1065 1289 Ex
1085 1260 1189 1298 quibus
1203 1260 1424 1289 inconvenientia
1437 1268 1536 1297 magna
1557 1263 1714 1297 sequuntur
1729 1263 1756 1289 et
1771 1261 1871 1296 multa,

1023 1315 1144 1344 quorum
1160 1307 1253 1344 aliqua
1267 1307 1416 1344 superius⁹
1431 1310 1496 1336 sunt
1510 1315 1652 1344 expressa.
1669 1307 1782 1344 Propter
1797 1307 1871 1344 quod

1023 1354 1139 1391 diligens
1159 1354 1245 1382 lector
1266 1353 1404 1387 advertat,
1419 1353 1493 1391 quod
1511 1354 1643 1391 perfectio
1657 1357 1683 1383 et
1702 1354 1872 1391 imperfectio

1023 1409 1078 1429 non
1099 1400 1231 1429 differunt
1252 1400 1324 1429 sicut
1344 1400 1400 1429 duo
1421 1401 1560 1429 contraria
1572 1401 1604 1435 ¹⁰,
1627 1401 1674 1429 sed
1692 1401 1764 1430 sicut
1784 1401 1874 1430 maius

1023 1447 1126 1476 bonum
1149 1451 1176 1476 et
1198 1447 1290 1476 minus
1318 1447 1438 1481 honum,
1460 1447 1532 1476 sicut
1553 1447 1600 1476 fini
1630 1448 1818 1485 propinquum
1847 1452 1873 1477 et

1024 1494 1220 1531 longinquum,
1242 1494 1314 1523 sicut
1335 1494 1421 1530 magis
1437 1494 1610 1523 meritorium
1634 1498 1661 1523 et
1681 1495 1786 1529 minus,
1802 1495 1874 1524 sicut

1023 1540 1110 1578 magis
1131 1540 1264 1569 deiforme
1292 1544 1319 1570 et
1344 1541 1452 1575 minus,
1475 1541 1546 1570 sicut
1574 1541 1662 1578 gloria
1689 1544 1716 1570 et
1743 1542 1873 1570 sanctitas

1023 1588 1111 1616 maior
1132 1591 1159 1617 et
1180 1588 1278 1616 minor.

1104 1636 1147 1663 15.
1170 1635 1249 1671 Quod
1276 1643 1445 1673 quamquam
1467 1635 1502 1664 sit
1530 1635 1745 1672 intelligentibus
1766 1643 1815 1672 per
1843 1643 1872 1665 se

1022 1684 1137 1716 notum,
1158 1682 1192 1710 ad
1213 1682 1363 1711 tollendum
1386 1685 1477 1711 tamen
1498 1690 1607 1711 omnem
1628 1682 1776 1711 dubietatis
1796 1691 1872 1711 scru-

1022 1730 1120 1766 pulum
1142 1730 1304 1758 Sanctorum
1326 1730 1538 1758 auctoritatibus
1562 1733 1603 1759 est
1624 1730 1807 1767 probandum.
1830 1730 1871 1759 Ait

1022 1776 1094 1804 enim
1116 1776 1276 1805 Ambrosius
1289 1776 1323 1805 de
1338 1776 1441 1805 Officiis
1456 1776 1527 1805 libro
1548 1777 1637 1813 primo
1651 1777 1685 1804 ¹¹:
1712 1788 1725 1801 «
1740 1776 1868 1805 Officium

1021 1831 1102 1851 omne
1123 1825 1172 1851 aut
1191 1823 1337 1857 medium,
1358 1826 1407 1852 aut
1425 1822 1587 1860 perfectam
1609 1826 1657 1852 est.
1680 1823 1758 1859 Quod
1783 1831 1870 1860 aeque

1021 1869 1230 1906 Scripturarum
1244 1870 1408 1898 auctoritate
1423 1870 1541 1906 probare
1560 1878 1716 1907 possumus.
1732 1870 1869 1899 Habemus

1021 1917 1093 1946 enim
1116 1917 1143 1945 in
1166 1917 1324 1954 Evangelio,
1345 1917 1449 1945 dixisse
1463 1917 1626 1945 Dominum:
1650 1917 1682 1945 Si
1701 1917 1746 1945 vis
1767 1917 1808 1946 ad
1827 1917 1869 1946 vi-

1021 1967 1082 1992 tam
1103 1963 1234 2001 inyredi,
1250 1972 1336 1992 serva
1356 1964 1509 1992 mandata.
1527 1963 1591 1992 Non
1612 1962 1802 1992 homicidium
1820 1963 1868 2001 fa-

1020 2010 1091 2044 cies,
1112 2018 1171 2038 non
1192 2009 1382 2038 adulterabis.
1405 2010 1474 2039 Haec
1494 2010 1592 2039 media
1613 2012 1678 2038 sunt
1692 2009 1795 2044 officia,
1810 2009 1870 2047 qui-

1020 2057 1073 2086 bus
1093 2057 1197 2094 aliquid
1225 2057 1317 2091 deest3
1345 2057 1406 2085 ideo
1434 2057 1576 2094 sequitur:
1599 2057 1632 2085 Si
1651 2057 1697 2085 vis
1722 2055 1870 2094 perfectas

1020 2112 1096 2138 esse,
1117 2103 1191 2132 vade
1211 2107 1236 2132 et
1266 2104 1354 2132 vende
1374 2103 1474 2132 omnia
1505 2103 1580 2132 bona
1602 2107 1654 2132 tua
1681 2107 1706 2132 et
1727 2103 1767 2132 da
1791 2112 1869 2140 paa-

1019 2150 1138 2187 peribas
1158 2154 1184 2178 et
1213 2150 1291 2184 veni,
1322 2158 1439 2188 sequere
1468 2158 1520 2179 me.
1542 2150 1596 2179 Hoc
1621 2153 1662 2179 est
1693 2149 1778 2187 igitur
1804 2159 1869 2188 per-

1019 2196 1128 2235 fectum
1141 2197 1277 2231 officium,
1292 2197 1366 2234 quod
1380 2197 1474 2226 Graeci
1490 2196 1672 2226 catorthoma
1687 2200 1798 2231 vocant,
1813 2206 1869 2234 quo

1020 2244 1200 2281 corriguntur
1225 2244 1330 2278 omnia,
1351 2252 1423 2281 quae
1453 2244 1561 2281 aliquos
1591 2246 1743 2281 potuerunt
1774 2244 1867 2281 lapsus

1020 2290 1124 2319 habere
1144 2302 1171 2318 ».
1204 2291 1273 2319 Haec
1303 2290 1472 2319 Ambrosius.
1504 2290 1545 2318 Ex
1576 2290 1679 2328 quibus
1710 2291 1867 2327 colligitur,

1020 2337 1095 2374 quod
1115 2337 1236 2366 medium
1258 2337 1395 2371 officium,
1417 2337 1491 2374 quod
1512 2340 1554 2366 est
1579 2337 1784 2374 imperfectum,
1806 2337 1868 2366 nul-

1020 2384 1080 2412 lum
1101 2384 1167 2413 dicit
1198 2387 1356 2421 peccatum,
1378 2392 1440 2412 cum
1472 2384 1603 2413 consistat
1634 2384 1661 2412 in
1692 2384 1868 2413 observantia

1020 2430 1223 2459 mandatorum.
1246 2431 1318 2460 Idem
1334 2431 1415 2460 etiam
1435 2439 1519 2468 super
1534 2431 1650 2468 primam
1673 2431 1818 2468 Epistolam
1834 2431 1865 2459 ad

183 2645 190 2658 ¹
208 2645 279 2668 Exod.
297 2646 339 2674 25,
357 2645 397 2672 403
415 2646 454 2667 cfr.
471 2645 541 2667 Hebr.
559 2646 585 2672 8,
603 2645 624 2667 5.

182 2683 191 2697 ²
208 2685 269 2707 loan.
292 2685 314 2713 l,
335 2685 369 2706 16.
386 2697 417 2701 -
434 2684 546 2712 Superius
562 2690 605 2712 pro
625 2689 673 2706 non
687 2684 798 2713 poterant
818 2683 861 2712 (ita
883 2682 963 2712 ΑΒΕ)

119 2723 172 2746 edd.
190 2729 238 2746 non
252 2724 353 2753 poterat.

182 2762 191 2775 ³
208 2762 253 2785 Csr.
271 2763 347 2785 Matth.
365 2762 406 2789 14,
424 2762 461 2784 26.
478 2768 556 2791 seqq.;
573 2763 633 2784 toan.
651 2762 676 2788 2,
689 2761 710 2783 7.
728 2767 805 2790 seqq.;
823 2761 898 2783 Mattb.
925 2761 963 2788 tt,

124 2802 158 2824 19.
175 2807 240 2830 seqq.
257 2804 279 2824 et
294 2801 331 2828 47,
348 2802 369 2823 2.

182 2840 192 2852 ⁴
210 2840 267 2863 Vide
284 2841 360 2863 Matth.
379 2841 419 2868 2l,
438 2841 475 2862 12.
491 2846 556 2869 seqq.
574 2852 603 2856 -—
620 2840 653 2862 De
675 2846 722 2868 seq.
746 2839 904 2867 propositione
921 2840 962 2862 cfr.

121 2880 197 2902 Matth.
216 2880 258 2906 26,
280 2880 318 2901 26.
335 2885 400 2908 seqq.
418 2878 480 2907 (post
501 2878 608 2908 corporis
630 2878 728 2901 ABCD
745 2878 851 2900 omittunt
867 2877 920 2906 sui)
943 2880 965 2900 et

121 2918 134 2940 9
164 2919 185 2940 2.
202 2924 235 2940 se(
262 2935 268 2940 .

141 2936 146 2946 '
184 2956 192 2969 ὅ
209 2924 259 2979 (Πξῗ
273 2957 333 2979 loan.
351 2957 376 2983 8,
394 2956 432 2978 59.
447 2959 469 2978 et
486 2956 553 2979 Marc.
571 2956 607 2984 14,
625 2956 662 2978 33.
679 2962 744 2985 seqq.
757 2968 786 2972 —
799 2956 910 2984 Superius
921 2962 964 2984 pro

121 2995 231 3019 miseriae
247 2997 264 3018 Α
282 2995 375 3018 videtur
391 2995 477 3018 habere
495 2994 680 3018 misericordiae.

1084 2642 1093 2655 ὃ
1110 2643 1169 2665 Vide
1186 2643 1240 2665 Luc.
1259 2644 1285 2670 2,
1302 2643 1345 2670 5¹3
1362 2643 1438 2665 Mattli.
1460 2642 1498 2670 14,
1516 2643 1556 2671 23;
1574 2643 1628 2665 Luc.
1646 2643 1687 2670 23,
1706 2643 1743 2665 34.
1760 2646 1782 2665 et
1804 2644 1864 2666 loan.

1022 2683 1063 2710 18,
1081 2683 1102 2705 4,
1119 2689 1184 2711 seqq.

1084 2720 1092 2734 ⁷
1109 2722 1139 2744 lta
1157 2721 1239 2748 codd.;
1256 2721 1309 2743 edd.
1327 2720 1489 2744 imitationem.

1084 2759 1093 2772 ⁸
1111 2761 1127 2782 Ε
1144 2760 1212 2782 codd.
1229 2760 1389 2788 supplevimus
1405 2759 1520 2789 aequalis.

1084 2798 1093 2811 '³
1110 2799 1181 2821 Num.
1195 2799 1216 2821 3.
1235 2799 1257 2821 6.
1272 2799 1294 2821 7.

1084 2837 1104 2850 ¹⁰
1121 2838 1224 2866 Aristot,
1242 2837 1384 2860 Praedicam.
1398 2844 1418 2860 c.
1435 2836 1462 2860 de
1480 2836 1611 2867 Oppositis,
1628 2838 1732 2866 exempla
1749 2838 1864 2866 opposito-

1020 2883 1072 2900 rum
1090 2878 1191 2899 referens
1208 2876 1237 2899 de
1254 2876 1373 2899 contrariis
1390 2877 1434 2898 hoc
1451 2877 1526 2899 affert:
1544 2876 1666 2905 Tanquam
1686 2876 1822 2905 contraria,
1840 2880 1864 2899 ut

1021 2917 1108 2939 malurn
1125 2916 1194 2938 bono.

1084 2954 1102 2967 ¹¹
1120 2955 1175 2983 Cap.
1197 2956 1229 2977 11.
1248 2961 1269 2977 n.
1287 2955 1324 2977 36.
1341 2961 1404 2984 seq.;
1421 2956 1462 2978 cfr.
1474 2958 1529 2978 tom.
1548 2955 1575 2978 V.
1592 2961 1646 2983 pag.
1662 2955 1716 2983 132,
1728 2958 1780 2978 nota
1794 2955 1814 2977 6.
1828 2955 1864 2977 Al-

1021 2996 1126 3022 legantur
1143 2995 1219 3017 Matth.
1241 2994 1279 3022 19,
1301 2993 1334 3016 17.
1351 3000 1399 3023 seq.
1411 2997 1433 3016 et
1450 2995 1488 3017 21.

1892 291 1962 309 Horum
1971 292 2013 310 tan-

1885 315 1924 332 tum
1933 314 1969 333 duo
1978 314 2018 333 imi·

1895 337 1930 356 tari
1943 338 2003 361 perfe-

1899 362 1950 380 ctum
1963 363 1997 380 est.

1896 851 1964 871 Contra
1977 856 2007 870 se-

1884 875 1964 893 eandam
1974 880 2017 893 cau-

1896 903 1936 917 sam
1948 903 1999 917 erro·

1923 927 1971 940 rum.

1887 991 1952 1018 Falsas
1965 991 2010 1010 defi-

1903 1016 1991 1033 uniones

1892 1270 2000 1312 Reptrlqhan-

1885 1649 2009 1668 Consu-matur

1888 1672 2005 1691 auctoritati-

1926 1696 1967 1715 bus.

1887 1786 2004 1804 Ambrosius.
