2133 3317
0 322 83 348 ,aparatio
94 314 180 343 Deum
194 313 200 328 ¹
218 324 245 346 »‚
257 313 371 347 idcirco,
386 315 533 349 antequam
549 311 662 348 incipias
675 311 842 345 orationem,
858 319 935 348 prae-

560 234 756 263 OPUSCULUM
777 234 831 262 XX.
855 233 981 263 REGULA
1002 234 1218 264 NOVlTlORUM.
1240 235 1308 263 CAP.
1331 235 1360 263 ll.

0 347 83 391 ἷῗῑῖιῗῗῗω
92 368 159 398 para
181 362 206 388 te
225 359 260 388 ad
282 359 416 387 internam
437 358 623 392 devotionem,
644 358 665 386 si
686 358 726 386 vis
747 358 882 394 attingere
900 358 933 386 ad

0 978 73 997 meur.

2 1164 25 1184 nd
30 1163 76 1182 hanc

0 1187 74 1215 ituatur.

0 1215 59 1230 mum.

89 407 208 436 divinam
224 405 484 442 praegustationem.
499 405 575 438 Nam,
587 407 655 433 teste
670 404 802 441 Gregorio
813 405 833 438 2,
850 416 863 430 «
874 413 934 433 ora—

89 454 126 483 tio
146 456 187 482 est
208 452 310 486 cordis,
327 459 380 480 non
396 451 548 485 labiorum;
569 459 631 485 nec,
654 451 759 488 inquit,
782 451 866 480 verba
886 451 933 480 de-

88 499 224 538 precantis
240 502 347 528 tantum
368 499 442 527 Deus
457 498 588 532 intendit,
610 498 657 527 sed
671 498 776 527 orantis
797 506 844 527 cor
863 499 933 535 aspi-

87 547 123 577 cit
137 557 168 580 n;
189 549 217 575 et
237 545 297 574 ideo
318 545 384 573 dicit
414 544 542 581 Sapiens:
566 545 640 579 Fili,
672 548 738 573 ante
769 545 932 574 orationem

85 601 238 631 praepara
267 592 401 620 animam
432 595 528 625 tuam,
559 595 585 620 et
615 591 676 620 noli
695 600 754 620 esse
787 596 932 629 tauquam

87 639 184 673 homo,
205 639 257 677 qui
277 642 365 667 tentat
392 639 490 667 Deum.
513 639 589 667 Tunc
610 638 683 667 enim
708 642 801 667 orator
829 639 931 667 dicitur

88 689 193 716 tentare
216 686 319 719 Deum,
341 685 451 722 quando
472 685 577 722 absque
599 685 655 713 ulla
676 685 767 714 cordis
785 693 932 722 praepara-

87 734 159 763 tione
180 733 270 762 currit
290 732 323 761 ad
346 733 467 761 vocalem
488 732 638 760 orationem
661 735 688 760 et
704 732 770 768 petit
791 732 841 761 sibi
863 732 932 761 divi—

87 788 149 809 nam
171 780 401 817 speculationem;
430 779 478 808 sed
499 779 562 812 vix,
584 781 633 807 aut
658 787 801 816 nunquam
832 779 932 816 poterit

88 827 253 863 impetrare,
275 826 341 863 quia
357 826 418 854 talis
432 833 486 854 non
508 825 610 854 dicitur
624 825 741 854 devotus
761 829 865 860 orator,
885 826 931 855 sed

89 873 180 910 potius
202 873 351 901 verborum
374 873 498 901 latrator.

166 921 192 948 ⁶2.
215 919 240 947 Si
263 927 329 956 ergo
351 919 392 948 vis
412 919 482 947 affici
507 919 534 947 in
559 919 699 953 oratione,
721 927 857 956 praepara
884 927 932 948 cor

89 970 168 996 tuum
191 966 224 995 ad
252 966 442 999 devotionem;
464 974 527 994 nam
555 965 588 994 de
609 965 701 994 cordis
722 967 932 1002 praeparatione

88 1013 153 1042 dicit
165 1013 297 1041 Dominus
312 1020 361 1049 per
376 1012 539 1049 Prophetam
553 1012 576 1040 ³:
593 1013 858 1049 Praeparationem
873 1022 933 1041 cor-

89 1061 135 1089 dis
154 1068 256 1088 eorum
277 1060 392 1088 audivit
413 1059 500 1088 auris
520 1063 590 1092 tua,·
612 1059 685 1088 unde
706 1059 807 1096 legitur
822 1060 849 1088 in
865 1060 933 1088 Vitis

88 1107 212 1136 Patrum:
232 1118 245 1131 α
257 1107 357 1143 Quales
370 1109 481 1135 orantes
492 1106 621 1135 volumus
636 1106 762 1140 inveniri,
774 1106 841 1135 tales
855 1106 934 1135 debe-

88 1162 151 1183 mus
171 1156 234 1182 ante
254 1153 386 1182 orationis
410 1157 519 1190 tempus
539 1160 589 1181 nos
610 1160 814 1190 praeparare».
839 1170 875 1174 —
895 1153 932 1182 Ad

88 1201 167 1230 istam
188 1203 281 1229 antem
298 1200 534 1237 praeparationem
550 1199 604 1228 tria
624 1203 811 1228 concurrunt:
827 1200 932 1236 primo,

89 1251 120 1277 ut
134 1247 199 1276 dicit
213 1247 363 1283 Gregorius
374 1247 398 1281 4,
414 1247 540 1285 quiaque
553 1255 693 1275 sensuum
708 1247 869 1281 revocatio,
884 1247 934 1275 sci—

89 1295 151 1323 licet
172 1293 207 1323 ab
234 1293 434 1328 exterioribus,
463 1296 495 1322 ut
521 1294 553 1322 ad
576 1293 644 1322 nihil
670 1293 792 1322 intendat
819 1293 870 1322 nisi
899 1294 932 1322 ad

89 1341 210 1378 quietem
232 1340 348 1374 mentis,
371 1348 404 1369 ne
425 1340 496 1369 forte
516 1340 620 1374 anima,
642 1348 713 1377 quae
734 1340 783 1368 soli
814 1340 869 1369 Deo
888 1348 933 1368 va-

90 1395 152 1417 care
173 1387 305 1421 intendit,
327 1394 377 1424 per
398 1395 445 1416 eos
465 1386 499 1415 ad
521 1387 602 1424 plura
622 1386 803 1415 diffundatur.
826 1387 892 1415 Nam
910 1387 932 1416 si

90 1434 234 1463 invisibilis
255 1434 345 1462 anima
373 1433 503 1462 invisibili
525 1434 581 1462 Deo
610 1433 759 1462 conformis
779 1436 835 1468 est,
866 1434 933 1462 dum

89 1482 176 1511 Deum
204 1484 278 1515 orat,
300 1480 381 1510 debet
408 1481 534 1509 omnium
555 1480 705 1509 visibilium
733 1480 873 1515 oblivisci,
903 1484 933 1510 ut

87 1528 266 1565 impermixta
286 1527 406 1557 terrenis
419 1527 453 1556 ad
475 1527 602 1556 caelestia
621 1527 675 1556 cito
696 1528 797 1556 tendat.
819 1527 932 1556 Certum

86 1578 129 1605 est
148 1575 237 1609 enim,
259 1574 334 1612 quod
355 1575 446 1603 anima
474 1574 502 1602 in
523 1574 635 1603 modum
664 1574 773 1603 arboris
798 1574 823 1602 in
845 1575 931 1603 altum

87 1622 195 1659 cogitur
216 1621 331 1655 elevari;
353 1621 427 1650 unde
447 1621 513 1649 dicit
530 1620 719 1658 Gregorius⁵z
746 1632 759 1646 α
775 1621 861 1649 Tanto
875 1621 932 1649 avi-

86 1669 149 1698 dius
162 1671 275 1706 gustum
296 1668 445 1705 sapientiae
459 1672 552 1697 orator
567 1668 643 1696 intus
663 1668 812 1704 acciperet,
828 1671 932 1705 quanto

1775 236 1832 264 477

990 320 1115 348 saporem
1138 313 1229 341 carnis
1249 321 1300 349 pro
1320 313 1415 342 eadem
1440 313 1572 350 sapientia
1596 313 1663 342 foris
1691 313 1834 342 robustius

990 359 1166 395 repressisset
1180 370 1210 393 »;
1233 363 1346 396 propter
1367 360 1441 397 quod
1462 360 1569 389 dicebat
1590 361 1723 389 Dominus
1738 360 1768 388 ⁶:
1791 361 1833 388 Tu

990 409 1100 439 autem,
1123 413 1189 433 cum
1210 406 1356 440 oraveris,
1378 406 1460 435 intra
1484 407 1516 435 in
1536 406 1703 435 cubiculum
1732 411 1832 441 tuum,

989 454 1015 479 et
1035 451 1136 480 clauso
1157 452 1242 486 ostio,
1264 461 1319 481 ora
1341 454 1461 482 Patrem
1484 456 1576 482 tuum.

1068 498 1093 527 3.
1117 499 1167 527 Sed
1182 500 1248 536 quia
1268 508 1349 528 nemo
1363 500 1486 529 ascendit
1506 500 1539 529 ad
1555 501 1601 529 Dei
1624 501 1832 537 contemplatio-

989 552 1067 579 nem,
1090 545 1140 574 nisi
1162 546 1241 582 prius
1261 546 1408 575 descendat
1423 555 1472 584 per
1494 548 1535 575 sui
1559 547 1756 581 humilitatem;
1773 547 1832 576 ideo

989 592 1117 629 sequitur
1133 593 1299 627 secundum,
1321 593 1424 622 scilicet
1435 594 1577 631 propriae
1593 594 1753 631 parvitatis
1767 602 1834 622 cori-

988 639 1129 667 sideratio
1141 639 1160 667 ⁷.
1183 639 1208 667 Si
1224 642 1316 668 autem
1335 640 1377 668 vis
1391 640 1484 669 videre
1507 643 1582 669 tuam
1602 641 1779 677 parvitatem,
1802 644 1833 669 tu

988 685 1035 722 qui
1058 694 1134 719 oras,
1149 686 1291 715 considera
1313 686 1387 715 illius
1401 687 1627 721 immensitatem,
1648 696 1731 724 quem
1752 695 1832 722 oras;

988 740 1051 760 nam
1073 732 1141 761 nihil
1156 740 1185 761 es
1207 736 1335 770 respectu
1361 734 1408 762 Dei
1431 734 1556 762 viventis.
1573 735 1614 762 Tu
1635 735 1707 763 enim
1727 742 1756 763 es
1771 742 1833 763 ver-

988 779 1110 808 miculus
1131 779 1273 816 putridus,
1295 780 1353 817 ipse
1375 788 1440 809 vero
1464 781 1536 809 Deus
1557 784 1599 809 est
1625 784 1771 815 aeternus;
1801 784 1832 810 tu

988 829 1117 854 creatura
1132 826 1256 855 mortalis
1277 830 1304 855 et
1318 827 1441 861 infirma,
1464 827 1521 864 ipse
1536 835 1602 856 vero
1616 828 1730 856 Creator
1744 827 1832 856 omni-

988 876 1100 909 potens;
1123 881 1173 902 nec
1195 877 1299 907 tamen,
1321 881 1384 902 cum
1400 874 1468 902 nihil
1490 874 1539 907 sis,
1562 874 1652 910 ipsum
1674 875 1761 903 Deum
1784 875 1833 903 ho-

989 920 1092 948 norasti
1114 922 1245 956 tanquam
1274 924 1403 949 creatura
1424 921 1582 949 Creatorem
1607 929 1689 949 suum
1718 925 1745 949 et
1774 924 1833 949 tan—

988 973 1071 1002 quam
1093 974 1191 994 servus
1205 966 1346 995 dominnm
1370 974 1468 1001 suum;
1490 967 1536 995 sed
1555 967 1628 1004 quod
1651 968 1834 1003 periculosius

988 1015 1042 1046 est,
1071 1013 1208 1049 peccando
1229 1021 1295 1041 eum
1316 1013 1357 1041 acl
1381 1013 1573 1042 iracundiam
1591 1014 1761 1051 provocasti
1774 1014 1785 1030 ⁸
1807 1017 1834 1043 et

988 1067 1097 1096 semper
1119 1067 1181 1088 eum
1204 1061 1262 1088 suis
1283 1060 1425 1097 stipendiis
1448 1060 1629 1097 impugnasti;
1652 1064 1679 1089 et
1700 1060 1760 1089 ideo
1779 1069 1833 1089 non

988 1114 1018 1134 es
1038 1106 1138 1143 dignus
1159 1106 1300 1141 exaudiri,
1323 1107 1369 1135 sed
1392 1107 1483 1144 potius
1504 1107 1623 1136 cruciari
1645 1108 1832 1136 aeternaliter.

990 1153 1020 1181 Et
1041 1153 1079 1181 sic
1102 1153 1257 1182 mentaliter
1278 1153 1412 1182 descende
1434 1161 1497 1182 cum
1527 1154 1594 1183 fletu
1615 1154 1648 1182 ad
1677 1154 1832 1189 infernum,

989 1200 1112 1236 cogitans
1133 1200 1236 1229 scilicet
1256 1201 1351 1237 gravia
1372 1204 1495 1238 peccata,
1517 1209 1588 1238 quae
1609 1201 1785 1235 commisisti,
1807 1205 1834 1230 et

989 1250 1121 1283 quantam
1142 1247 1257 1284 gloriam
1283 1248 1424 1285 perdidisti
1447 1251 1474 1277 et
1494 1256 1577 1285 quam
1607 1249 1677 1277 dura
1699 1249 1834 1285 supplicia

990 1294 1145 1328 incurristi,
1168 1297 1199 1323 ut
1213 1294 1356 1331 cogitando
1377 1303 1525 1332 cognoscas
1544 1298 1619 1323 tuam
1638 1295 1834 1332 transgressio-

989 1348 1065 1374 nem,
1080 1344 1107 1369 et
1122 1349 1205 1377 quam
1227 1341 1299 1370 iuste
1319 1341 1466 1370 damnatus
1481 1349 1523 1376 es,
1538 1345 1565 1370 et
1585 1342 1749 1370 dominicam
1772 1350 1834 1379 pas-

989 1387 1105 1422 sionem,
1127 1396 1183 1424 qua
1204 1387 1363 1424 redemptus
1384 1396 1413 1417 es
1425 1388 1444 1416 ⁹.

1067 1434 1093 1463 4.
1116 1434 1192 1463 Nunc
1209 1435 1292 1471 igitur
1312 1435 1440 1471 sequitur
1455 1435 1582 1469 tertium,
1604 1435 1708 1464 scilicet
1724 1434 1835 1464 Christi

988 1480 1178 1517 redemptoris
1205 1481 1300 1518 iynita
1321 1481 1440 1510 dilectio.
1467 1481 1491 1510 Si
1521 1485 1613 1510 autem
1644 1482 1684 1510 vis
1712 1482 1832 1519 perfecte

988 1527 1102 1564 diligere
1116 1527 1270 1561 Christum,
1285 1527 1440 1562 considera,
1462 1531 1597 1565 quantum
1613 1528 1699 1557 fueris
1716 1528 1833 1557 dilectus

988 1582 1004 1602 a
1024 1573 1141 1602 Christo.
1164 1574 1231 1602 Nam
1251 1574 1395 1603 maiorem
1416 1575 1569 1603 caritatem
1584 1583 1666 1603 nemo
1687 1574 1783 1609 habet,
1802 1578 1834 1603 ut

988 1621 1122 1649 animam
1141 1629 1229 1649 suam
1247 1625 1340 1658 ponat
1360 1621 1426 1659 quis
1444 1630 1501 1658 pro
1522 1621 1628 1650 amicis
1647 1622 1711 1650 suis
1725 1622 1747 1639 ¹⁰
1754 1632 1764 1655 ;
1785 1621 1833 1651 sed

987 1667 1115 1696 Christus
1142 1668 1205 1704 plus
1235 1668 1313 1702 fecit,
1342 1668 1408 1705 quia
1438 1676 1488 1705 pro
1519 1668 1597 1697 nobis
1628 1668 1745 1698 inimicis
1775 1669 1834 1697 suis

151 1853 158 1866 ¹
176 1854 204 1876 Ut
222 1853 277 1876 dicit
302 1854 418 1881 Damaso„
445 1854 478 1876 lll.
505 1853 533 1876 de
551 1854 606 1876 Fide
628 1854 718 1876 orthod.
735 1860 755 1876 c.
777 1853 815 1876 24.
843 1854 884 1876 Pro
901 1853 933 1876 ad

89 1893 163 1915 Deum
182 1889 248 1922 (πρὸς
265 1890 334 1920 Θεὸν)
358 1893 402 1914 ΕΗ
419 1891 444 1915 in
461 1893 555 1921 Deum;
572 1894 613 1915 csr.
630 1893 729 1920 Bonav.‚
747 1896 803 1915 tom.
825 1893 861 1915 lV.
879 1899 932 1920 pag.

91 1932 148 1959 368,
166 1935 218 1954 nota
242 1932 263 1954 3.
280 1945 310 1947 —
328 1931 422 1954 inferius
445 1938 487 1959 pro
505 1931 625 1954 internam
643 1932 686 1960 (ita
709 1932 789 1960 ΑΕΗ)
810 1932 865 1954 alias
883 1931 933 1954 inti·

88 1977 167 1999 mam,
186 1971 222 1993 cni
240 1971 258 1993 D
276 1971 338 1993 addit
360 1969 449 1999 cordis,
467 1974 489 1993 et
506 1977 549 1998 pro
564 1970 783 2000 praegustationem
801 1971 806 1992 l
824 1970 933 2000 deyasta-

89 2010 184 2034 tionem.

151 2048 159 2062 ²
177 2048 238 2071 Libr.
256 2049 325 2071 XXll.
342 2049 419 2071 Moral.
436 2055 456 2071 c.
475 2049 510 2071 rl7.
529 2055 551 2071 n.
570 2049 609 2071 43:
630 2049 689 2071 Vera
707 2049 795 2077 quippe
812 2049 934 2077 postulatio

89 2095 134 2111 non
151 2089 173 2110 in
190 2088 237 2110 oris
253 2091 288 2110 cst
304 2087 413 2114 vocibus,
430 2088 471 2110 sed
489 2088 510 2110 in
528 2088 707 2115 cogitationibus
719 2088 803 2110 cordis.
823 2088 935 2110 Valentio-

89 2134 126 2150 res
143 2134 243 2156 namque
269 2133 339 2150 voces
356 2127 419 2155 apud
444 2127 609 2150 secretissimas
628 2134 695 2149 aures
721 2127 761 2150 Dei
786 2134 829 2149 non
851 2127 935 2149 iaciunt

89 2166 159 2189 verba
177 2170 266 2193 nostra,
283 2167 323 2189 sed
333 2166 450 2194 ,desideria
468 2169 511 2189 etc.
528 2166 573 2189 Csr.
586 2167 685 2188 xxxui.
699 2173 718 2189 c.
736 2167 774 2188 23.
786 2173 809 2188 n.
827 2166 862 2188 43.
881 2166 934 2188 Ver·

91 2202 188 2228 batenus
206 2205 302 2228 babetur
319 2206 381 2233 apud
401 2205 491 2233 lsidor.,
509 2206 540 2228 lll.
559 2206 621 2227 Seni.
639 2211 657 2227 c.
676 2205 697 2227 7.
716 2212 739 2227 n.
757 2205 783 2232 4,
801 2204 838 2227 ubi
862 2208 934 2227 textus

91 2245 207 2273 originalis
223 2245 306 2267 omittit
323 2246 423 2267 tantum.
442 2258 471 2260 —
490 2245 598 2274 Sequitur
616 2245 680 2267 Eccli.
703 2245 741 2272 l8,
760 2245 800 2271 ³23,
822 2245 851 2267 de
869 2245 935 2267 vuius

91 2284 232 2312 expositione
249 2285 289 2306 cfr.
307 2283 423 2306 Rabanus.
440 2284 485 2306 Ctr.
502 2283 618 2311 Ambros.,
638 2284 768 2306 Exhortatio
786 2284 935 2311 virginitatis,

90 2329 111 2346 c.
129 2323 165 2345 lo.
181 2329 205 2345 n.
220 2323 258 2345 70.

153 2361 162 2375 ³
180 2363 262 2385 Psalm.
282 2363 308 2389 9,
327 2362 362 2384 17.
381 2362 425 2390 (Ps.
444 2362 480 2383 ⁴0.
497 2362 625 2384 secundum
643 2361 777 2390 Hebraeos).
794 2374 824 2377 —
842 2362 935 2383 Senten-

92 2402 121 2424 tia
138 2408 163 2424 ex
181 2401 240 2424 Vitis
256 2401 348 2423 Patrum
361 2401 456 2428 allegata
473 2402 569 2423 retertur
581 2407 593 2423 a
611 2401 731 2427 Cassiano,
748 2400 827 2423 Collat.
845 2401 866 2422 9.
881 2406 899 2422 c.
914 2400 934 2422 3.

93 2440 156 2469 (alias
173 2441 216 2469 2.),
234 2440 272 2463 ubi
291 2439 388 2462 vocibus
404 2441 459 2462 ante
475 2441 566 2469 tempus
583 2446 636 2462 cum
656 2441 660 2462 Ι
679 2443 701 2461 et
716 2442 775 2462 textu
789 2439 891 2467 originali
904 2439 935 2461 in-

93 2479 241 2502 terseruimus
257 2478 373 2502 orationis
391 2479 418 2506 (H
431 2480 447 2501 L
464 2479 543 2506 legunt
559 2478 584 2501 in
601 2478 707 2502 oratione
718 2480 772 2501 ante
783 2478 891 2507 tempus).
904 2490 935 2494 —

95 2518 179 2541 Deinde
196 2519 201 2540 l
219 2518 295 2541 addit:
312 2518 381 2545 Nota,
393 2518 456 2546 quod
469 2518 515 2540 duo
527 2521 579 2540 sunt
590 2517 717 2540 necessaria
735 2517 819 2539 oranti:
833 2517 934 2544 primuni

93 2560 127 2580 est
150 2563 259 2580 sensuum
285 2557 388 2579 omnium
412 2557 510 2585 diligens
531 2556 647 2584 custodia3
665 2556 805 2582 secundum,
829 2555 935 2583 propriae

95 2596 184 2619 vilitatis
202 2596 294 2619 humilis
311 2595 472 2618 consideratio.

155 2633 164 2646 ⁴
181 2635 205 2656 ln
223 2635 257 2656 Ps.
275 2635 296 2656 7.
323 2634 522 2662 poenitentialem,
548 2640 568 2656 n.
596 2634 637 2660 te;
655 2634 679 2656 ΙΙ.
704 2633 787 2655 llomil.
807 2633 830 2654 in
856 2633 936 2654 Ezech.

95 2673 171 2695 homil.
190 2674 211 2696 5,
230 2680 251 2695 n.
270 2674 291 2695 8.
309 2679 357 2702 seq.
374 2676 397 2695 et
414 2673 496 2696 XXVl.
514 2673 590 2695 Moral.
608 2679 627 2695 c.
647 2672 683 2695 44.
702 2678 723 2694 n.
740 2672 778 2694 79.
802 2672 832 2693 Dc
849 2672 936 2694 ratione

94 2711 199 2734 adiuncta
220 2713 259 2735 cfr.
284 2713 343 2735 XXl.
362 2712 439 2734 Moral.
461 2717 479 2734 c.
499 2712 519 2733 2.
538 2718 561 2733 n.
579 2711 603 2738 4,
622 2711 660 2733 ubi
683 2711 750 2738 (licit,
776 2711 837 2739 quod
860 2719 870 2730 ι
883 2717 935 2732 cum

95 2751 123 2773 sit
138 2750 258 2774 invisibilia
280 2751 368 2778 anima,
385 2757 532 2779 nequaquam
555 2756 719 2778 corporearum
743 2756 820 2772 rerum
841 2750 936 2772 delecta-

95 2789 156 2812 tione
173 2790 283 2818 tangitur,
309 2790 350 2812 nisi
374 2790 436 2819 quod
463 2790 583 2812 inhaerens
613 2790 705 2817 corpori
730 2789 795 2818 quasi
821 2789 935 2817 quaedam

95 2829 226 2856 egrediendi
242 2829 352 2851 foramina
364 2829 468 2851 eiusdem
483 2829 587 2856 corporis
599 2834 681 2851 sensus
698 2827 773 2850 habet.
789 2828 858 2850 visus
872 2828 936 2856 quip-

97 2873 135 2895 pe,
152 2867 254 2895 auditus,
277 2871 371 2896 gustus,
391 2868 501 2890 odoratus
518 2870 540 2890 et
557 2870 642 2895 tactus,
665 2867 729 2896 quasi
752 2867 867 2895 quaedam
887 2867 937 2888 viae

97 2906 178 2929 mentis
194 2909 258 2934 sunt,
275 2906 361 2935 quibus
388 2907 442 2929 toris
458 2906 535 2929 veniat
559 2909 581 2928 et
598 2912 623 2928 ea
646 2912 706 2934 quae
731 2909 791 2928 vxtra
814 2906 864 2928 eius
885 2908 938 2928 sunt

96 2944 244 2967 substantiam
254 2963 259 2973 ,
276 2946 445 2973 concupiscat»
466 2948 510 2967 etc.
526 2958 556 2961 -—
571 2945 666 2967 interius
678 2951 719 2972 pro
731 2944 763 2967 acl
779 2944 878 2974 quietem
897 2945 912 2966 B
922 2945 937 2967 Ε

97 2983 128 3006 ad
144 2983 315 3013 quietudinem,
333 2984 430 3006 vocibus
451 2990 511 3013 qaae
532 2983 578 3006 soli
600 2984 660 3006 Elll
683 2984 819 3005 interserunt
840 2982 863 3005 in
886 2989 938 3006 ora-

97 3021 169 3049 tione,
186 3025 208 3045 et
225 3029 267 3050 pro
285 3024 311 3046 ut
327 3022 480 3052 impermixta
497 3022 597 3045 terrenis
615 3023 630 3044 E
647 3024 674 3045 ut
690 3022 792 3045 dimissis
810 3021 917 3044 terrenis.

1052 1853 1062 1865 ὅ
1079 1853 1139 1875 Libr.
1157 1853 1232 1876 XXX.
1248 1853 1324 1875 Moral.
1341 1859 1361 1875 c.
1376 1853 1412 1875 40.
1430 1860 1451 1875 n.
1467 1853 1504 1875 39.
1524 1854 1547 1875 ln
1559 1853 1603 1875 fine
1620 1854 1698 1881 legunt
1715 1854 1768 1876 edd.
1781 1860 1832 1876 con-

990 1895 1022 1915 tra
1042 1893 1057 1915 E
1074 1896 1096 1915 et
1113 1895 1197 1915 textum
1216 1892 1351 1920 originalem
1366 1898 1412 1922 pro
1430 1891 1509 1915 eodem
1532 1891 1661 1921 sapientiae
1677 1892 1740 1922 fonte
1762 1892 1834 1916 robu-

989 1931 1049 1954 stius
1066 1930 1228 1961 repressisset,
1254 1932 1272 1953 H
1297 1937 1339 1960 per
1356 1930 1453 1954 eandem
1470 1931 1611 1960 sapientiam
1632 1931 1692 1961 foris
1709 1931 1831 1955 robustius

989 1970 1135 2000 represserit.
1152 1982 1183 1986 ——
1199 1971 1308 1998 August„
1326 1971 1350 1992 ll.
1367 1970 1396 1992 de
1413 1971 1486 1993 Serm.
1506 1970 1593 1992 Domini
1612 1971 1633 1992 in
1652 1974 1741 1999 monte,
1758 1977 1778 1993 c.
1796 1970 1833 1994 24.

990 2016 1012 2032 n.
1029 2009 1072 2036 79,
1089 2009 1204 2037 explicans
1220 2009 1275 2031 illud
1298 2009 1374 2031 Maon.
1391 2009 1419 2037 7,
1443 2009 1484 2030 48:
1502 2009 1555 2032 Non
1575 2011 1651 2038 potes!
1676 2008 1749 2032 (zi-bor
1772 2009 1834 2032 bona

990 2048 1066 2072 malos
1082 2048 1177 2078 fructus
1193 2048 1272 2078 facere
1283 2051 1337 2075 etc.,
1349 2048 1416 2070 dicit:
1434 2047 1508 2070 Arbor
1525 2051 1559 2070 est
1575 2048 1663 2077 quippe
1680 2049 1729 2076 ipsa
1745 2049 1833 2077 anima,

991 2088 1011 2110 id
1031 2091 1065 2109 est
1082 2088 1131 2115 ipse
1143 2088 1225 2113 homo,
1239 2088 1325 2109 frus-tus
1338 2093 1405 2113 vero,
1417 2093 1486 2114 opera
1500 2087 1600 2109 hominis
1613 2090 1655 2109 etc.
1667 2087 1711 2109 Csr.
1724 2088 1833 2116 Greg01·.,

992 2128 1038 2149 Xll.
1057 2127 1133 2149 Moral.
1151 2132 1170 2148 e.
1190 2126 1225 2148 47.
1244 2132 1266 2148 n.
1280 2126 1318 2148 53.
1335 2129 1356 2148 et
1368 2126 1427 2148 XlV.
1444 2132 1463 2148 c.
1482 2126 1517 2147 20.
1531 2132 1554 2147 n.
1566 2126 1602 2148 24.
1622 2126 1732 2154 Superius
1750 2132 1791 2154 pro
1809 2126 1834 2149 in

991 2165 1068 2188 altum
1086 2164 1179 2194 copitar
1196 2165 1247 2186 Vat.
1265 2164 1391 2194 coqitatur.

1053 2204 1062 2216 ‘³
1080 2205 1155 2227 Matth.
1174 2204 1199 2231 6,
1217 2204 1238 2226 6.

1054 2242 1062 2255 ⁷
1079 2244 1188 2271 Gregor.,
1202 2243 1222 2264 in
1241 2243 1275 2265 Ps.
1292 2243 1314 2264 7.
1328 2242 1524 2270 poenitentialem,
1537 2249 1560 2264 n.
1581 2243 1618 2270 12,
1631 2244 1689 2265 hanc
1706 2243 1833 2265 secundam

991 2283 1146 2305 conditionem
1165 2286 1273 2310 tanquam
1292 2282 1390 2309 primam
1403 2280 1506 2309 exbibet,
1523 2281 1614 2303 dicens:
1632 2281 1733 2303 Primum
1750 2285 1797 2309 est,
1810 2285 1835 2304 ut

991 2328 1003 2343 a
1022 2325 1042 2343 te
1060 2322 1110 2349 ipso
1131 2321 1224 2343 deficias
1247 2326 1289 2342 nec
1312 2326 1382 2348 super
1405 2323 1426 2342 te
1446 2326 1514 2342 causa
1533 2320 1650 2342 iactantiae
1667 2320 1776 2348 rapiaris,
1793 2320 1834 2343 sed

992 2359 1102 2382 omnibus
1119 2360 1250 2382 interiorem
1269 2362 1290 2381 te
1306 2359 1403 2385 sentias,
1420 2362 1441 2381 et
1458 2359 1490 2381 sic
1508 2359 1529 2380 in
1548 2362 1570 2381 te
1586 2359 1692 2386 spiritum
1711 2358 1835 2386 superbiae

991 2399 1129 2426 exstinguas.
1148 2399 1195 2421 Non
1214 2401 1235 2420 te
1252 2398 1343 2425 generis
1360 2397 1465 2420 nobilitas
1476 2398 1579 2424 extollat,
1596 2404 1641 2420 non
1659 2397 1732 2426 erigat
1749 2399 1834 2427 honor,

992 2444 1037 2460 non
1055 2438 1117 2460 intlet
1138 2437 1267 2465 prudentia.
1285 2436 1332 2465 Qui
1353 2437 1414 2459 enim
1431 2436 1526 2467 confidit
1543 2436 1567 2459 in
1588 2436 1692 2464 homine,
1713 2437 1835 2459 maledicto

992 2477 1096 2500 subiacet
1113 2477 1167 2505 [ler.
1187 2477 1226 2504 l7,
1244 2476 1284 2504 5.].
1300 2475 1345 2498 Csr.
1361 2482 1431 2503 supra
1449 2476 1534 2503 Opusc.
1548 2477 1583 2498 Vl.
1602 2476 1632 2498 de
1650 2476 1788 2498 Pei-sectione
1804 2476 1835 2498 vi-

995 2519 1029 2538 tae
1047 2516 1075 2538 ad
1089 2517 1196 2543 Sorores,
1213 2521 1233 2537 c.
1251 2515 1272 2537 5.
1289 2521 1313 2537 n.
1331 2516 1351 2537 2.
1369 2527 1399 2531 —-
1416 2515 1528 2542 Superius
1541 2521 1582 2542 pro
1599 2514 1757 2537 humilitatem
1774 2515 1791 2536 Α
1802 2515 1833 2537 ΕΙ

992 2554 1190 2582 humiliationem,
1208 2557 1230 2576 et
1247 2560 1288 2582 pro
1303 2553 1430 2583 parvitatis
1449 2554 1464 2575 Β
1478 2553 1618 2583 pravitatis.
1636 2553 1676 2582 qui
1693 2554 1761 2576 etiam
1780 2554 1835 2576 inse-

992 2595 1040 2617 rius
1057 2600 1099 2622 pro
1113 2593 1257 2623 parvitatem
1274 2599 1327 2615 cum
1345 2594 1362 2615 Α
1380 2592 1495 2615 substituit
1510 2592 1660 2622 pravitatem.

1054 2632 1063 2644 ⁸
1082 2633 1146 2655 Dent.
1163 2633 1189 2660 9,
1208 2632 1244 2654 ig,
1261 2644 1292 2648 —
1308 2632 1419 2660 Superius
1432 2638 1473 2659 pro
1490 2633 1602 2655 creatura
1615 2631 1750 2654 Creatorem
1762 2638 1835 2654 suum

993 2673 1035 2701 (ita
1053 2672 1070 2694 Α
1081 2672 1175 2694 BEFH
1186 2672 1204 2699 l)
1226 2671 1279 2694 edd.
1301 2671 1437 2694 Creatorem
1459 2672 1535 2694 tuum.
1556 2671 1650 2693 lnl'erius
1670 2677 1712 2699 pro
1729 2670 1836 2694 cruciari

992 2710 1144 2734 aeternaliter
1162 2710 1179 2732 A
1189 2710 1205 2732 Β
1216 2710 1233 2732 D
1248 2709 1330 2739 poenis
1347 2709 1454 2732 cruciari
1468 2709 1582 2737 aeternis,
1602 2710 1644 2731 ΕΗ
1662 2708 1767 2738 flammis
1782 2715 1835 2732 cru-

993 2749 1054 2772 ciari
1069 2748 1183 2776 aeternis,
1201 2748 1216 2770 F
1234 2747 1377 2771 cruciatibus
1394 2747 1496 2770 aeternis
1513 2747 1630 2777 deputari.

1056 2787 1065 2800 ⁹
1082 2788 1127 2809 Ct'r.
1144 2793 1214 2815 supra
1227 2786 1311 2814 Opusc.
1331 2788 1345 2808 l.
1362 2787 1392 2809 de
1404 2787 1497 2814 Triplici
1517 2787 1569 2813 Via,
1586 2793 1607 2809 c.
1619 2787 1641 2808 2.
1652 2786 1666 2815 g
1682 2787 1697 2808 l.
1710 2789 1732 2809 et
1748 2786 1835 2814 opusc.

994 2828 1018 2849 ll.
1035 2827 1127 2854 soliloq.
1145 2832 1165 2848 c.
1186 2827 1205 2848 1.
1222 2826 1235 2853 g
1252 2826 1273 2847 3.
1291 2832 1340 2854 seq.
1351 2837 1382 2842 -·
1396 2825 1453 2848 Cod.
1471 2826 1487 2847 Η
1506 2826 1532 2848 ut
1549 2824 1607 2848 talia
1624 2824 1750 2854 cogitando
1768 2826 1835 2848 tuam

993 2865 1125 2888 orationem
1142 2866 1222 2894 optata
1239 2864 1328 2887 devotio
1340 2865 1505 2894 consequatur.
1519 2865 1630 2892 Superius
1647 2865 1692 2887 flde
1710 2866 1725 2887 Α
1737 2865 1753 2887 Β
1764 2865 1781 2887 D
1791 2866 1806 2887 E
1817 2865 1835 2887 H

994 2905 1010 2927 L
1027 2904 1189 2932 supplevimus
1205 2909 1260 2926 cum
1277 2903 1341 2932 fletu.

1057 2942 1076 2954 ¹⁰
1093 2943 1152 2964 loan.
1171 2943 1210 2969 ⁴5,
1232 2943 1264 2964 13.
1285 2955 1312 2958 -
1329 2943 1437 2971 Sequitur
1455 2943 1521 2964 Rom.
1533 2943 1558 2969 5,
1572 2942 1611 2969 lO,
1628 2942 1693 2971 quod
1710 2942 1755 2965 fide
1766 2942 1834 2965 codd.

995 2982 1164 3010 supplevimus.
1176 2982 1222 3003 Cl'r.
1234 2981 1355 3008 Bernard.,
1373 2982 1447 3004 Serui.
1464 2982 1500 3003 20.
1514 2981 1535 3003 in
1552 2981 1616 3004 Cant.
1633 2987 1654 3003 n.
1670 2982 1692 3003 2.
1703 2984 1725 3003 et
1738 2982 1835 3009 Bonav.‚

995 3022 1025 3043 lll.
1044 3023 1104 3044 sent.
1121 3021 1144 3043 d.
1163 3021 1200 3043 30.
1213 3028 1235 3050 q.
1254 3021 1274 3042 fi.
1293 3021 1321 3043 ad
1340 3021 1364 3049 2,
1376 3024 1398 3043 et
1415 3020 1543 3043 Comment.
1562 3021 1584 3043 in
1604 3022 1664 3043 loan.
1676 3027 1695 3043 c.
1710 3021 1746 3043 45.
1758 3027 1780 3043 n.
1793 3020 1834 3048 27,

1849 506 1963 526 Secundum.

1852 1444 1944 1463 Tertium.
