2133 3317
21 403 41 417 ns
52 395 111 422 φοι-11

20 422 49 441 ntes
54 423 111 442 tanm-

10 449 18 512 ἦ
36 443 111 467 duplici-

14 859 109 912 ’1ὰὲἷῖἰὲ

53 1326 97 1347 tum,

64 1353 105 1367 eou-

22 1372 100 1391 matio-

52 1395 108 1414 bono-

28 1423 73 1437 run.

9 1465 26 1484 is
36 1465 59 1484 ad
72 1465 107 1484 hoc

29 1488 105 1508 iruntur.

8 1561 23 1578 »ο
33 1558 96 1583 primo.

454 213 650 243 OPUSCULUM
672 212 749 241 xvu.
771 212 880 240 SERMO
902 212 1003 241 SUPER
1025 213 1177 242 REGULAM
1199 213 1352 242 FRATRUM
1373 212 1532 242 MINORUM.

131 305 144 318 «
155 292 265 321 Nullum
287 291 452 320 sacrificium
469 293 574 319 tantum
590 290 679 326 placet
693 290 761 323 Deo,
777 292 911 326 quantum
927 297 967 318 ze-

126 341 169 368 lus
182 339 336 367 animarum
351 350 378 365 ».
400 337 450 366 Sed
465 337 569 373 duplex
584 341 625 366 est
640 337 715 365 zelus
728 337 899 370 animarum,
915 337 966 365 sci-

126 386 188 414 licet
208 384 298 421 quoad
318 383 414 418 fideles
434 387 461 411 et
488 383 577 420 quoad
604 382 740 420 infideles.
769 383 864 411 Zelum
893 383 964 411 enim

126 432 279 461 animarum
300 430 390 467 quoad
410 430 505 466 fideles
527 430 612 466 tangit
633 430 752 466 capitulo
774 430 855 458 tertio
876 430 966 466 dupli-

126 479 208 511 citer,
223 477 327 506 scilicet
341 477 431 514 quoad
446 477 618 513 temporalia
633 480 660 505 et
674 477 762 514 quoad
778 477 965 513 spiritualia,

125 525 161 554 ita
181 524 253 561 quod
269 523 441 560 spiritualia
461 523 625 560 praecedant
646 523 832 560 temporalia;
854 523 964 552 dicens:

129 583 142 597 α
156 571 183 599 111
212 578 417 607 quamcumque
438 570 550 598 domum
576 570 781 603 intraverint»,
802 570 905 598 scilicet
932 569 965 597 ad

123 617 269 655 petendum
290 616 393 653 aliquid
415 616 576 653 temporale,
603 616 748 653 «primum
770 616 875 644 dicant:
898 616 965 644 Pax

123 664 190 694 huie
210 664 312 692 domui
325 673 357 691 »1.-
380 671 435 700 pax
446 663 586 700 pectoris,
605 671 659 699 pax
676 663 826 699 temporie,
848 671 903 699 pax
918 671 965 691 ae-

123 711 284 743 ternitatis,-
304 710 337 739 de
368 718 424 747 qua
454 710 519 738 dicit
550 710 667 738 lsaias¹:
699 709 809 738 Sedebit
836 709 965 746 populus

123 766 203 788 meus
224 757 254 785 in
272 757 473 794 pulcritudine
488 757 581 793 pacis.

203 805 246 832 11.
269 804 363 832 Zelum
377 804 532 832 animarum
554 803 643 839 quoad
665 802 792 839 infideles
814 802 900 839 tangit
920 810 963 830 ca-

123 851 210 889 pitulo
229 850 392 879 duodecimo
414 849 574 886 tripliciter:
595 857 631 877 ex
647 852 725 886 parte
742 848 886 885 principii
907 856 964 876 mo-

124 898 225 931 ventis,
247 897 336 926 medii
355 896 533 933 exsequentis
554 899 581 924 et
602 896 719 924 termini
738 896 962 924 consummantis.

122 945 163 973 Ex
184 947 261 980 parte
280 943 424 980 principii
443 942 595 976 moventis,
617 950 679 970 cum
701 942 779 971 dicit:
805 953 818 966 «
834 942 965 978 Quicum-

121 999 175 1029 que
196 991 323 1019 Fratrum
344 990 436 1018 divina
456 989 633 1026 inspiratione
659 989 797 1018 voluerint
825 989 865 1017 ire
893 989 964 1017 inter

121 1039 270 1067 Saracenos
290 1041 317 1066 et
337 1037 405 1065 alios
426 1036 549 1065 infideles
562 1048 589 1064 ».
613 1036 652 1064 Ex
678 1039 755 1073 parte
776 1036 865 1064 medii
887 1044 964 1064 exse-

121 1084 246 1124 quentis,
262 1092 324 1113 cum
346 1084 426 1112 dicit:
452 1095 465 1108 «
479 1083 572 1112 Petant
586 1083 648 1111 inde
664 1083 800 1111 licentiam
814 1091 830 1111 a
844 1082 902 1111 suis
917 1082 964 1110 Mi-

121 1131 215 1161 nistris
229 1143 256 1159 ».
279 1131 318 1159 Ex
340 1134 417 1168 parte
439 1129 557 1158 termini
576 1129 820 1163 consummantis,
840 1137 903 1157 cum
924 1129 964 1157 di-

122 1178 173 1207 cit:
199 1189 213 1203 «
227 1178 341 1206 Ministri
364 1185 430 1206 vero
450 1177 533 1205 nullis
561 1176 643 1205 eundi
666 1176 801 1204 licentiam
825 1176 964 1209 tribuant,

121 1225 173 1254 nisi
194 1225 233 1253 eis
254 1232 324 1261 quos
345 1223 463 1252 viderint
483 1231 543 1252 esse
564 1223 675 1252 idoneos
696 1222 729 1251 ad
750 1222 913 1251 mittendum
927 1234 953 1250 n.

202 1272 246 1300 12.
269 1272 386 1307 Quarto,
408 1270 498 1307 quoad
526 1269 804 1299 consummationem
833 1269 964 1298 omnium

122 1318 271 1347 bonorum.
294 1317 366 1346 Nihil
387 1317 459 1346 enim
476 1317 547 1346 valet
568 1317 704 1353 incipere,
725 1316 777 1345 nisi
799 1316 862 1353 quis
876 1317 964 1345 valeat

122 1372 322 1394 consummare.
350 1364 488 1392 Bonorum
519 1363 718 1392 consummatio
748 1363 804 1391 sola
835 1366 963 1396 coronat,

123 1410 274 1440 secundum
297 1410 402 1439 illud2:
426 1410 652 1439 Consummatus
673 1409 704 1438 in
730 1409 822 1444 brevi,
844 1410 964 1446 eaeplevit

123 1461 253 1495 tempora
267 1457 369 1486 multa.
391 1457 460 1486 Haec
475 1456 675 1486 consummatio
696 1456 749 1485 tria
769 1456 900 1493 requirit,
915 1457 964 1485 sci-

121 1505 185 1534 licet
204 1504 335 1533 stabilem
356 1504 461 1537 vitam,
483 1503 677 1540 operationem
695 1507 805 1532 rectam
826 1506 853 1532 et
873 1504 963 1532 inten-

122 1552 225 1580 tionem
246 1551 456 1580 continuatam.
472 1566 508 1571 —
525 1549 660 1578 Stabilem
675 1550 766 1578 vitam
782 1550 880 1587 tangit,
899 1558 962 1579 cum

120 1598 222 1627 dicitur
243 1597 362 1634 capitulo
383 1597 518 1625 secundo:
545 1608 558 1621 a
573 1597 652 1625 Nullo
677 1596 756 1625 modo
771 1597 862 1626 licebit
876 1597 916 1626 eis
929 1597 963 1626 de

120 1644 172 1673 ista
192 1644 330 1681 Religione
350 1644 428 1672 exire
450 1643 529 1671 iuxta
547 1643 706 1671 mandatum
721 1643 823 1671 domini
839 1644 962 1680 Papae»,

121 1690 187 1728 quia
201 1691 271 1727 Papa
292 1690 402 1719 mandat
417 1690 443 1718 in
462 1690 516 1718 fine
527 1689 548 1724 5,
574 1701 587 1714 «
602 1690 676 1726 quod
697 1690 765 1718 nulli
785 1698 856 1719 ausu
877 1693 963 1719 teme—

121 1737 195 1766 rario
216 1737 296 1766 liceat
323 1737 388 1766 huic
413 1737 532 1773 Regulae
552 1736 689 1765 contraire
705 1748 730 1765 ».
760 1737 879 1774 Spiritus
900 1745 963 1766 san-

122 1787 183 1813 ctus
203 1787 298 1813 causat
317 1783 516 1817 stabilitatem,
545 1783 698 1820 Sapientiae
729 1784 883 1820 septimo4:
915 1785 962 1812 Est

121 1831 196 1860 enim
218 1831 250 1859 in
270 1830 322 1859 illa
341 1830 466 1868 spiritus
491 1830 692 1868 intelligentiae
716 1830 845 1864 subtilis,
874 1830 962 1859 stabi-

120 1877 169 1912 tis,
191 1877 320 1906 mobilis:
341 1877 455 1906 stabilis
475 1877 503 1905 in
525 1877 592 1911 Deo,
614 1877 728 1906 mobilis
742 1877 775 1905 ad
796 1885 877 1906 omne
892 1885 962 1914 opus

120 1924 234 1953 bonum.
249 1924 368 1961 Spiritus
382 1924 518 1961 malignus
532 1927 627 1953 causat
641 1924 875 1958 instabilitatem
888 1924 962 1953 unde

183 2099 190 2112 ¹
208 2099 264 2128 Cap.
281 2101 322 2127 32,
343 2101 377 2122 18.

181 2138 190 2151 ²
207 2140 260 2167 Sap.
280 2138 306 2166 4,
326 2140 360 2162 13.
377 2138 422 2162 Cl'r.
439 2140 533 2168 Bonav.,
547 2140 633 2168 Opusc.
644 2140 680 2162 Vl.
698 2140 728 2163 de
745 2141 885 2163 perfectione
902 2141 962 2164 vitae

120 2178 150 2201 ad
166 2184 269 2205 sorores,
286 2184 306 2200 c.
324 2179 345 2200 8.

182 2216 192 2229 ⁸
210 2217 299 2239 Scilicet
315 2218 424 2245 Regulae.

182 2254 192 2268 ⁴
211 2256 274 2278 Vers.
292 2257 330 2278 22.
346 2262 406 2285 seq.:
432 2257 469 2279 Est
494 2257 554 2279 enim
581 2258 602 2280 in
620 2258 655 2280 illa
672 2258 766 2286 spiritus
791 2258 960 2286 intelligentiae,

120 2297 236 2317 sanctus...
252 2294 354 2323 subtilis,
371 2295 481 2324 disertus,
498 2295 615 2319 mobilis...
635 2296 733 2325 stabilis,
754 2299 830 2319 certus
855 2299 898 2320 etc.
916 2296 961 2319 Csr.

119 2333 219 2362 Bonav.‚
236 2333 363 2357 Comment.
381 2334 403 2356 in
420 2335 481 2357 hunc
498 2335 541 2357 loc.

183 2371 192 2384 ⁶
209 2372 264 2400 Cap.
283 2372 308 2399 4,
327 2373 366 2401 19,
383 2376 435 2401 post
451 2379 521 2402 quem
539 2374 624 2396 Thren.
643 2374 669 2401 1,
687 2374 707 2396 8.

182 2410 192 2424 ⁸
208 2412 342 2434 Franciscus
359 2412 381 2434 in
398 2418 417 2434 c.
435 2413 460 2439 2;
478 2415 500 2435 et
517 2415 551 2435 est
567 2415 669 2435 sumtum
682 2418 709 2435 ex
721 2414 774 2435 Luc.
791 2413 817 2440 9,
834 2413 875 2440 62,
891 2419 961 2442 quem

120 2451 228 2478 (zi-egon,
241 2451 254 2473 l.
267 2451 349 2473 Homil.
367 2451 388 2473 in
401 2452 481 2473 Ezech.
499 2451 576 2474 homil.
589 2452 610 2474 3.
623 2458 646 2473 n.
661 2452 696 2474 16.
710 2452 738 2474 ita
751 2452 853 2480 exponit:
871 2452 961 2474 Manum

120 2489 207 2518 quippe
219 2489 240 2511 in
257 2493 359 2512 aratrum
376 2490 466 2512 mittere
482 2493 515 2512 est
531 2490 596 2519 quasi
614 2496 655 2518 per
672 2490 788 2519 quendam
806 2491 963 2519 compunctio-

120 2528 156 2551 nis
172 2534 290 2551 vomerem
309 2528 338 2551 ad
356 2529 506 2556 proferendos
518 2530 604 2552 fructus
618 2532 702 2551 terram
719 2529 753 2551 sui
771 2529 847 2552 cordis
864 2530 960 2557 aperire.

122 2568 167 2590 Sed
183 2570 244 2590 retro
260 2571 312 2596 post
329 2571 429 2591 aratrum
442 2569 523 2597 aspicit
539 2569 579 2598 qui
596 2572 648 2597 post
664 2568 756 2591 exordia
774 2568 828 2591 boni
844 2569 921 2596 operis
933 2569 960 2591 ad

121 2607 180 2629 mala
196 2607 326 2635 revertitur,
342 2613 403 2636 quae
419 2607 516 2636 reliquit.

184 2644 193 2657 ⁷
210 2645 276 2668 Vers.
293 2645 330 2668 27.
347 2659 376 2662 —
395 2646 444 2669 Duo
461 2652 526 2675 seqq.
544 2646 587 2669 loci
603 2649 656 2669 sunt
676 2646 714 2669 lob
737 2647 778 2674 31,
795 2647 837 2674 38,
853 2646 893 2669 ubi
911 2650 963 2675 post

120 2685 142 2708 el
159 2684 255 2712 Vulgata
273 2684 337 2707 addit
359 2690 413 2708 cum
430 2684 493 2714 ipsa,
513 2688 535 2707 et
556 2685 622 2708 Eccli.
638 2685 665 2713 7,
682 2685 708 2707 3:
725 2685 775 2713 Fili,
796 2691 842 2707 non
863 2686 963 2708 semines

121 2723 180 2745 mala
198 2722 219 2745 in
236 2723 305 2746 sulcis
326 2723 448 2745 iniustitiae
465 2725 487 2746 et
511 2729 556 2745 non
573 2725 645 2746 metes
670 2729 696 2745 ea
717 2723 740 2745 in
761 2724 901 2752 septuplum.
922 2724 963 2746 Ra-

121 2761 174 2784 han.
195 2762 218 2784 in
234 2763 295 2784 hunc
311 2762 365 2784 loc.:
385 2762 487 2784 Seminat
504 2768 560 2790 ergo
577 2762 636 2784 mala
653 2762 675 2784 in
695 2762 763 2785 sulcis
779 2762 902 2785 iniustitiae
922 2763 963 2792 qui

121 2801 145 2823 in
160 2800 239 2823 labore
255 2807 378 2829 perversae
394 2801 512 2824 doctrinae
531 2801 650 2829 operando
667 2802 770 2829 exempla
787 2801 864 2824 inserit
886 2802 963 2830 nequi-

122 2839 176 2867 tiae,
193 2846 292 2868 quorum
311 2840 397 2862 {ructus
409 2843 478 2862 metet
495 2840 516 2862 in
533 2841 679 2868 septuplum,
695 2840 789 2869 quando
801 2841 824 2862 in
841 2841 886 2863 fine
900 2847 964 2869 prae-

122 2878 192 2901 sentis
216 2878 277 2901 vitae
300 2879 425 2906 perfectam
451 2879 559 2902 ultionem
584 2879 693 2907 suscipiet
717 2879 740 2901 in
759 2879 811 2907 igne
836 2880 962 2907 gehennae.

122 2917 270 2944 Septenarius
286 2917 347 2939 enim
365 2923 475 2940 numerus
492 2917 515 2940 in
532 2917 656 2945 scripturis
673 2916 723 2947 [crr.
741 2918 791 2940 lsai.
814 2918 850 2945 ll,
871 2918 893 2940 2.
912 2924 961 2947 seq.

122 2957 144 2977 et
160 2956 214 2978 Luc.
235 2956 268 2983 11,
286 2954 333 2984 26]
357 2955 480 2984 aliquando
498 2956 519 2977 in
537 2955 610 2984 hono,
632 2956 755 2985 aliquando
777 2956 798 2978 in
816 2956 876 2979 malo
894 2957 964 2984 pleni·

122 2993 225 3016 tudinem
242 2993 274 3015 rei
292 2993 404 3021 significat
421 2995 463 3016 etc.

215 3039 240 3063 S.
249 3039 339 3062 Bonav.
356 3052 386 3055 —
404 3039 472 3062 Tom.
484 3040 542 3062 vui.

1808 213 1861 241 lilii

1022 291 1123 319 dicitur
1144 291 1172 319 in
1193 291 1262 319 Osee
1273 291 1293 325 ⁵,
1316 291 1389 327 quod
1410 291 1535 328 spiritus
1553 291 1656 328 liyavit
1676 299 1741 319 eum
1763 291 1794 318 in
1809 291 1865 319 alis

1021 338 1103 370 s=uis,·
1124 340 1151 365 et
1171 338 1346 366 Threnorum
1368 338 1469 374 primo:
1492 338 1648 366 Peccatum
1675 337 1804 374 peccavit
1826 338 1865 366 Ie-

1022 384 1169 418 rusalem,
1188 389 1343 421 propterea
1364 385 1510 413 instabilis
1530 384 1613 422 facta
1633 388 1681 413 est.

1104 431 1146 459 13.
1172 431 1373 467 Operationem
1398 435 1506 460 rectam
1535 432 1634 469 tangit,
1663 440 1726 460 cum
1756 431 1865 460 dicitss:

1026 489 1039 501 «
1055 477 1138 505 Nemo
1159 478 1270 506 mittens
1291 486 1403 506 manum
1418 478 1451 506 ad
1472 482 1597 507 aratrum
1613 490 1638 506 ».
1663 479 1807 507 Aratrum
1823 482 1865 506 est

1023 524 1124 560 Religio
1149 524 1342 560 praescindens
1370 528 1472 553 terram
1502 525 1592 553 cordis
1614 525 1699 553 nostri
1729 528 1756 553 et
1776 525 1865 553 eradi-

1022 578 1086 599 cans
1107 571 1198 607 spinas
1219 574 1246 599 et
1268 571 1384 599 tribulos
1399 571 1543 605 vitiorum,
1565 575 1596 600 ut
1617 572 1756 600 inseratur
1770 579 1864 600 semen

1021 617 1133 654 gratiae.
1156 618 1268 653 Semper
1289 626 1355 654 ergo
1377 626 1475 646 manus
1495 618 1576 647 debet
1604 619 1732 655 coniungi
1755 621 1864 652 aratro,

1021 667 1052 692 ut
1067 664 1138 692 bona
1158 672 1242 700 opera
1257 664 1402 701 Religionis
1424 664 1568 693 videantur
1584 665 1610 693 in
1633 665 1770 702 regulato,
1786 665 1863 701 quia,

1020 710 1042 739 si
1064 718 1175 738 manum
1198 710 1330 747 deponat,
1353 711 1484 739 indirecte
1500 711 1587 739 sulcat
1602 715 1703 740 arator.
1721 711 1782 739 Inde
1797 711 1863 739 dici—

1021 760 1067 785 tur
1089 757 1266 786 Ecclesiastici
1289 758 1429 794 trigesimo
1443 758 1576 786 octav0⁷:
1600 758 1655 786 Cor
1675 767 1764 786 suam
1785 758 1865 786 dabit

1021 804 1060 832 ad
1080 804 1239 832 versandos
1253 803 1365 837 salcos;
1387 805 1439 833 hoc
1454 804 1555 833 fecerat
1576 805 1636 839 Iob,
1656 805 1703 842 qui
1725 805 1810 833 dixit:
1834 805 1866 833 Si

1020 854 1101 879 terra
1117 859 1180 879 mea
1191 851 1348 879 aduersum
1364 859 1408 879 me
1422 851 1540 885 clamat,
1556 856 1580 879 et
1593 851 1669 879 sulci
1683 852 1745 879 eius
1756 851 1863 888 deflent.

1021 897 1101 926 Sulci
1121 897 1235 933 deflent,
1257 897 1367 934 quando
1389 898 1540 934 Religiosus
1565 898 1628 926 facit
1651 906 1735 934 opera
1763 898 1864 926 inordi-

1020 946 1096 977 nata,
1118 944 1183 980 quia
1204 947 1269 972 tunc
1290 944 1415 972 seminat
1435 944 1515 972 mala
1537 945 1567 972 in
1592 944 1682 973 sulcis
1703 945 1864 973 iniustitiae

1020 994 1045 1018 et
1066 994 1147 1018 metet
1167 999 1200 1018 ea
1222 990 1253 1018 in
1273 990 1454 1027 septuplum,
1478 991 1654 1019 Ecclesiastici
1678 991 1801 1027 septimo.

1102 1037 1144 1065 14.
1169 1037 1355 1065 Intentionem
1382 1037 1584 1066 continuatam
1612 1038 1712 1074 tangit,
1739 1046 1800 1066 cum
1823 1038 1863 1066 di-

1021 1083 1094 1112 cit81
1120 1095 1134 1108 «
1149 1084 1287 1120 Aspiciens
1309 1086 1384 1112 retro
1400 1096 1425 1111 n.
1442 1084 1516 1113 Unde
1537 1084 1649 1113 Genesis
1670 1084 1775 1113 decimo
1791 1094 1863 1114 nono

1021 1131 1135 1167 legitur,
1158 1130 1231 1167 quod
1253 1139 1330 1158 uxor
1356 1131 1404 1158 Lot
1434 1131 1579 1167 aspiciens
1608 1135 1684 1159 retro
1715 1140 1800 1160 versa
1824 1136 1864 1160 est

1021 1177 1052 1206 in
1073 1180 1201 1205 statuam
1224 1177 1309 1210 salis,
1331 1177 1396 1214 quia
1415 1176 1542 1206 homines
1565 1178 1728 1206 Sodomitae
1745 1179 1866 1216 pessimi

1020 1227 1120 1258 erant,
1143 1223 1295 1252 secundum
1317 1224 1390 1260 quod
1409 1224 1541 1253 scribitur
1564 1225 1608 1253 ibi.
1625 1225 1667 1253 Sic
1687 1229 1713 1254 et
1732 1226 1863 1254 mundani

1020 1278 1094 1298 nunc
1116 1270 1226 1307 pessimi
1249 1274 1326 1303 sunt,
1349 1270 1414 1307 quia
1435 1271 1586 1299 secundum
1619 1272 1769 1300 loannem⁹
1791 1275 1866 1300 totus

1021 1318 1150 1346 mundus
1171 1317 1202 1345 in
1222 1317 1351 1354 maliano
1370 1318 1485 1354 positus
1506 1322 1553 1346 est.
1576 1318 1627 1354 Qui
1649 1327 1715 1355 ergo
1736 1319 1864 1348 educitur

1020 1372 1069 1401 per
1084 1364 1199 1401 gratiam
1214 1364 1348 1398 divinam,
1365 1367 1396 1392 ut
1410 1364 1532 1393 salvetur
1547 1365 1574 1393 in
1594 1368 1687 1394 monte
1708 1366 1865 1402 Religionis,

1020 1413 1047 1439 et
1062 1413 1155 1447 postea
1176 1410 1320 1447 aspiciens
1341 1414 1418 1439 retro
1434 1419 1483 1447 per
1503 1411 1680 1447 apostasiam,
1703 1412 1821 1440 vertitur
1835 1412 1867 1440 in

1019 1461 1149 1486 statuam
1164 1457 1250 1491 salis,
1273 1457 1298 1485 id
1318 1461 1359 1486 est
1380 1457 1584 1486 condimentum
1608 1459 1737 1487 stantium
1755 1459 1786 1492 ¹⁰,
1802 1459 1867 1496 quia

1019 1506 1211 1541 permanentes
1233 1504 1259 1532 in
1281 1504 1383 1532 Ordine
1404 1504 1599 1539 districtiores,
1621 1506 1758 1534 cautiores
1779 1509 1805 1534 et
1820 1506 1866 1534 de-

1019 1552 1139 1580 votiores
1160 1552 1328 1580 efficiuntur.
1351 1551 1411 1580 Ideo
1425 1552 1491 1580 dicit
1511 1553 1669 1589 Apostolus:
1693 1553 1773 1589 Quae
1788 1557 1866 1582 retro

1018 1601 1087 1626 sant
1105 1597 1286 1631 obliviscens,
1309 1598 1349 1626 aa
1369 1598 1521 1626 anteriora
1536 1607 1580 1627 me
1600 1600 1727 1627 extendo.

1100 1646 1143 1672 15.
1166 1645 1236 1673 Haec
1264 1648 1305 1673 est
1327 1645 1430 1682 reyula
1455 1654 1567 1679 aurea,
1593 1653 1664 1682 quae
1689 1646 1728 1674 sic
1755 1646 1863 1674 ordinat

1019 1691 1142 1720 Fratrem
1164 1692 1254 1728 quoad
1278 1692 1387 1725 Deum,⁸
1408 1700 1490 1729 quam
1519 1693 1724 1730 concupiscens
1755 1692 1862 1727 Achor,

1018 1737 1154 1772 abstulit,
1177 1739 1253 1767 {osue
1280 1739 1396 1775 septimo
1412 1740 1450 1773 ¹¹;
1472 1742 1499 1768 et
1530 1739 1599 1768 bene
1620 1740 1723 1777 regula
1751 1749 1862 1774 aurea,

1018 1785 1098 1821 quia,
1121 1785 1193 1814 sicut
1212 1793 1313 1814 aurum
1336 1786 1476 1822 praevalet
1498 1786 1569 1815 inter
1590 1786 1643 1815 alia
1670 1787 1796 1820 metalla,
1824 1787 1863 1815 sic

1018 1831 1120 1868 Regula
1155 1831 1226 1860 beati
1262 1832 1396 1861 Francisci
1435 1833 1506 1861 inter
1535 1841 1630 1862 omnes
1661 1834 1797 1870 Regulas,
1830 1842 1862 1862 eo

1017 1877 1091 1915 quod
1113 1878 1310 1915 perfectissime
1331 1879 1366 1907 sit
1386 1879 1499 1908 fundata
1520 1888 1604 1917 super
1626 1880 1709 1909 vitam
1726 1881 1862 1918 evangeli-

1018 1932 1088 1959 cam,
1104 1925 1255 1954 secundum
1271 1925 1345 1962 quod
1358 1925 1460 1955 dicitur
1476 1926 1566 1963 primo
1581 1927 1714 1963 capitulo:
1734 1939 1747 1952 «
1760 1928 1862 1964 Regula

1081 2101 1091 2114 ⁸
1107 2102 1241 2124 Franciscus
1259 2103 1279 2124 in
1306 2108 1325 2124 c.
1351 2103 1372 2124 2.
1395 2103 1508 2131 Reginae,
1529 2106 1631 2125 sumtum
1657 2109 1684 2126 ex
1700 2104 1755 2126 Luc.
1773 2104 1798 2132 9,
1816 2104 1860 2126 62:

1019 2140 1150 2170 Respiciens
1167 2143 1227 2163 retro
1250 2144 1292 2163 ete.
1309 2141 1415 2169 mogon,
1439 2142 1454 2163 1.
1472 2141 1554 2163 Homil.
1572 2142 1593 2164 in
1607 2142 1686 2164 Ezech.
1705 2142 1783 2164 homil.
1800 2142 1822 2164 3.
1840 2149 1862 2165 n.

1020 2180 1062 2201 ⁴16:
1079 2179 1199 2209 Aspiciens
1217 2183 1284 2202 retra.
1303 2179 1348 2202 Csr.
1362 2179 1431 2202 etiam
1444 2186 1514 2208 supra
1535 2183 1587 2203 nota
1608 2181 1629 2202 6.
1649 2194 1678 2196 —
1691 2180 1792 2203 Subinde
1810 2182 1862 2203 alle-

1019 2220 1102 2246 gantur
1114 2219 1169 2240 Gen.
1186 2219 1223 2246 19,
1237 2219 1279 2241 26:
1296 2219 1475 2247 Respiciensque
1489 2225 1545 2241 uxor
1557 2219 1607 2242 eius
1618 2222 1670 2247 post
1680 2226 1718 2247 se,
1730 2226 1795 2242 versa
1808 2223 1862 2247 etc.,

1019 2260 1041 2280 et
1057 2258 1112 2280 Gen.
1131 2258 1170 2285 13,
1189 2258 1226 2280 13.

1081 2295 1090 2308 ⁰
1107 2297 1177 2325 Epist.
1195 2297 1209 2319 l.
1226 2303 1246 2319 e.
1264 2297 1289 2323 5,
1310 2297 1344 2319 19.

1081 2335 1101 2348 ¹⁰
1118 2336 1228 2364 August,
1247 2336 1318 2358 Serm.
1341 2335 1390 2358 l05.
1412 2336 1476 2365 (alias
1493 2336 1531 2358 29.
1547 2336 1576 2359 de
1591 2335 1673 2359 Verbis
1687 2337 1784 2363 Domini)
1803 2343 1823 2359 c.
1840 2337 1862 2359 5.

1018 2381 1042 2396 n.
1058 2375 1084 2402 7,
1101 2375 1131 2397 de
1148 2380 1218 2397 uxore
1235 2375 1276 2397 Lot
1289 2375 1355 2397 dicit:
1374 2375 1401 2397 In
1417 2374 1491 2397 salem
1504 2381 1614 2397 conversa
1632 2378 1678 2401 est,
1696 2378 1720 2397 ut
1736 2375 1861 2403 prudentes

1018 2413 1121 2436 condiret
1137 2414 1250 2441 exemplo.
1267 2415 1340 2436 Serm.
1358 2413 1387 2436 de
1405 2413 1497 2436 Cantico
1514 2420 1576 2436 novo
1593 2417 1648 2441 etc.,
1661 2420 1679 2436 c.
1694 2414 1714 2436 4.
1732 2421 1753 2436 n.
1776 2414 1800 2437 4:
1818 2414 1863 2437 Nee

1019 2452 1132 2474 immerito
1150 2452 1172 2474 in
1189 2455 1286 2475 statuam
1304 2452 1357 2475 salis
1374 2455 1469 2480 repente
1490 2459 1601 2475 conversa
1619 2456 1665 2480 est,
1682 2453 1726 2475 nisi
1747 2456 1771 2476 ut
1789 2455 1862 2476 fatuos

1018 2497 1061 2514 suo
1078 2491 1146 2513 etiam
1171 2491 1276 2519 exemplo
1298 2491 1409 2514 condiret.
1427 2504 1459 2508 —
1476 2492 1583 2521 Sequitur
1608 2492 1662 2514 Phil.
1681 2493 1706 2520 3,
1730 2493 1770 2520 13,
1796 2493 1862 2515 cuius

1019 2530 1088 2552 finem
1106 2530 1203 2558 Vulgata
1216 2530 1248 2553 sic
1259 2529 1357 2557 exhibet,
1369 2529 1400 2553 ad
1411 2537 1438 2553 ea
1455 2536 1518 2558 vero,
1536 2537 1596 2560 quae
1612 2532 1670 2554 sunt
1676 2531 1774 2560 priora,
1786 2533 1863 2555 ezien-

1019 2568 1075 2592 dens
1092 2574 1129 2591 me
1145 2568 1231 2598 ipsum.

1080 2606 1100 2620 ¹¹
1119 2607 1185 2630 Vers.
1198 2608 1234 2635 2¹,
1247 2607 1287 2629 ubi
1299 2608 1384 2635 Achan,
1400 2609 1483 2630 furtum
1496 2608 1525 2630 de
1537 2609 1681 2631 anathemate
1696 2608 1814 2636 confitens,
1831 2609 1863 2631 di-

1019 2646 1060 2668 cit:
1080 2655 1091 2666 τι
1104 2646 1156 2668 Vidi
1174 2646 1234 2668 enim
1252 2646 1309 2668 inter
1325 2646 1396 2674 spolia
1415 2647 1507 2674 pallium
1520 2647 1653 2669 coccineum
1670 2647 1738 2670 valde
1750 2647 1862 2670 bonum...

1019 2685 1170 2714 regulamque
1186 2691 1281 2707 auream
1297 2685 1463 2714 quinquaginta
1476 2686 1584 2708 siclorum
1596 2688 1618 2708 et
1629 2686 1795 2714 concupiscens
1811 2686 1863 2709 abs-

1019 2724 1060 2746 tuli
1071 2732 1093 2746 ».
1111 2724 1153 2746 Pro
1169 2724 1325 2754 requlamque
1336 2730 1438 2747 auream
1454 2724 1477 2746 in
1494 2724 1597 2747 Hebraeo
1609 2726 1630 2747 et
1654 2724 1748 2754 vir-qam
1760 2731 1861 2748 auream

1018 2769 1106 2791 unam,
1125 2763 1273 2791 Septuaginta
1291 2764 1313 2786 et
1329 2762 1436 2792 linquam
1455 2769 1528 2786 anam
1540 2769 1641 2786 auream
1659 2763 1715 2793 (scil.
1733 2764 1824 2792 virgam
1838 2764 1861 2787 in

1018 2802 1091 2823 forma
1110 2802 1220 2830 linguae).
1243 2801 1321 2825 Achor
1338 2802 1390 2830 (pro
1408 2802 1502 2830 Achan,
1523 2803 1586 2831 quod
1611 2803 1706 2831 Vulgata
1729 2802 1811 2832 habet)
1829 2809 1862 2825 re-

1019 2843 1125 2863 censetur
1141 2840 1171 2862 ab
1188 2840 1290 2868 Hieron„
1308 2841 1338 2863 de
1355 2840 1422 2863 Hebr.
1438 2841 1551 2864 Nominib.
1569 2848 1595 2864 ex
1612 2841 1663 2864 libr.
1680 2843 1756 2870 losue,
1769 2845 1791 2865 et
1803 2843 1860 2865 Petr.

1019 2878 1151 2906 Comestor,
1168 2879 1251 2901 Histor.
1267 2880 1372 2902 scholast.
1384 2879 1436 2902 libri
1452 2881 1517 2903 losue
1534 2887 1552 2903 c.
1566 2881 1591 2908 ὃς
1605 2881 1752 2909 Septuaginta
1774 2880 1860 2904 Achar-

1019 2918 1098 2940 Glossa
1115 2917 1275 2941 interlinearis
1292 2918 1314 2940 in
1332 2918 1372 2941 los.
1384 2918 1411 2946 7,
1429 2919 1454 2941 1;
1472 2920 1493 2941 ln
1512 2920 1701 2948 Paralipomenon
1719 2919 1746 2949 [l.
1758 2926 1778 2943 c.
1791 2921 1816 2947 2,
1828 2919 1860 2949 7.]

1020 2956 1111 2984 Achar,
1129 2957 1152 2979 in
1169 2957 1234 2979 losue
1251 2956 1333 2980 Acium
1350 2957 1386 2980 vel
1402 2957 1488 2981 Achor.
1506 2957 1551 2981 Cir.
1565 2959 1665 2986 Bonav.,
1683 2961 1739 2981 tom.
1755 2959 1791 2981 lV.
1804 2965 1858 2987 pag.

1019 2995 1076 3024 345,
1094 2998 1144 3018 nota
1164 2996 1183 3018 1,

1737 3045 1766 3067 56

1883 437 1910 456 De
1920 437 2008 456 secundo.

1884 1094 1910 1114 De
1923 1094 1985 1113 tertio.

1880 1747 1973 1772 Epilogus.
