2133 3317
809 216 1051 246 PROLEGOMENA
1072 217 1100 246 C.
1123 218 1141 246 1.

100 296 190 326 infinita
203 295 282 319 secula
293 295 436 319 seculorum.
446 295 528 318 Amen.
540 295 596 318 Hinc
608 295 711 317 additur:
725 294 828 324 Efplicit
841 294 942 323 Liynunz

99 343 156 371 vite,
175 343 272 370 omisso,
291 346 314 364 ut
332 343 353 364 in
371 342 495 370 principio,
512 342 612 364 auctoris
629 341 729 364 nomine.

161 390 200 412 74.
218 388 401 418 Gripswaldiae,
420 388 557 411 bibliotheca
580 388 692 411 Rubenon
714 388 734 410 in
753 388 851 411 Ecclesia
868 389 891 410 S.
909 388 942 410 Ni-

99 437 169 464 colai,
186 436 237 459 cod.
256 437 280 458 E.
298 436 335 458 38.
352 436 407 458 Vlll.
423 436 494 458 chart.
512 435 535 457 in
553 435 589 457 101.
606 441 665 457 saec.
683 435 739 462 XV,
752 435 780 457 de
792 441 838 464 quo
850 435 942 462 egimus

101 484 167 506 etiam
185 489 254 511 supra
272 489 326 511 pag.
339 483 405 505 XXX
418 489 439 505 n.
451 482 490 504 74.
501 494 532 499 -
545 482 634 505 Titulus
650 482 719 504 huius
735 482 840 510 opusculi
857 485 890 504 est
905 482 940 504 sol.

101 531 138 553 87.
154 537 178 552 v.
194 531 226 552 sic
243 536 380 558 expressus:
398 529 481 559 Incipit
501 529 665 552 Boneventura
683 528 706 551 in
727 528 813 551 librum
838 529 941 557 Liynmn

99 577 151 600 cite.
168 577 254 599 Desinit
271 577 308 599 101.
325 577 364 598 96.
381 582 399 598 r.
422 576 457 598 his
481 576 578 598 verbis:
602 575 707 605 Explicit
728 576 895 598 Bonaeentura
913 574 940 598 [Ie

99 623 172 653 Liyno
191 623 241 646 rite.

161 670 199 692 75.
217 669 317 699 Husniae
335 669 356 691 in
375 670 457 696 Dania,
475 668 612 691 bibliotheca
630 669 714 696 Regia,
731 668 784 691 cod.
806 669 870 691 4367.
883 669 906 691 in
920 668 940 690 4.

99 717 170 739 011311.
186 722 246 738 saec.
264 716 313 739 XV.
328 728 356 731 —
374 716 473 743 Lignum
491 716 552 737 vitae
570 715 648 743 incipit
666 716 702 737 101.
726 716 743 737 1.
761 721 779 737 r.
796 715 844 738 sine
862 716 941 738 titulo:

99 763 146 786 Xto
163 763 273 793 consinus
289 769 355 790 sum,
373 765 396 785 et
413 762 496 785 desinit
514 763 550 785 101.
571 763 605 784 11.
623 768 645 784 v.
663 765 687 784 ut
704 763 727 784 in
749 762 828 790 editis;
846 763 941 785 additur

98 809 232 838 sequentia:
250 809 269 832 0
286 815 360 836 cruz,
378 809 474 838 sructea'
490 808 619 839 salvificus.

159 857 198 879 76.
216 855 316 884 Ibidem,
334 856 386 879 cod.
404 856 472 878 3393.
490 856 512 878 111
530 856 550 878 8.
568 857 640 878 011311.
665 862 725 878 sace.
751 856 801 878 XV.
824 856 940 883 exeuntis,

98 903 128 926 de
144 909 190 932 quo
208 903 275 926 locuti
293 909 374 925 sumus
391 909 461 930 supra
479 909 532 931 pag.
546 903 611 925 XXX
631 909 652 924 11.
665 903 702 924 80.
721 915 752 919 —
768 903 814 925 Fol.
837 903 885 925 422.
902 909 940 925 v.:

99 948 315 978 Incipmractatus
332 948 410 972 suncti
432 948 608 976 Bonaventure,
634 948 676 978 qui
696 949 812 971 vocatur:
839 948 940 978 Lignum

97 996 149 1019 vite.
166 996 251 1018 Eadem
269 999 404 1024 repetuntur
422 996 443 1017 in
461 996 505 1017 line
522 998 574 1023 post
591 995 708 1024 Eaplicit,
727 995 764 1017 101.
787 995 837 1017 149.

159 1043 196 1065 77.
214 1042 311 1071 Heliae,
330 1042 467 1065 bibliotheca
484 1042 653 1070 Universitatis,
678 1042 730 1064 cod.
756 1042 823 1064 theol.
842 1048 864 1070 y.
881 1048 900 1064 c.
918 1043 939 1064 2.

98 1088 197 1112 membr.
214 1090 235 1111 in
255 1089 275 1112 4.
293 1095 353 1111 saec.
371 1089 430 1111 XlV.
446 1101 477 1106 —
493 1089 539 1111 Fol.
557 1089 593 1111 36.
611 1095 629 1111 r.
647 1089 669 1110 in
692 1088 811 1116 superiore
837 1088 940 1116 margine

98 1137 275 1165 praemittuntur
291 1137 403 1164 opusculo
421 1137 477 1158 haec
494 1136 581 1159 verba:
594 1136 712 1165 Incipiunt
723 1135 884 1159 meditationes
896 1136 940 1159 Bo-

97 1189 127 1206 ne
142 1184 239 1206 venture
256 1182 283 1206 de
307 1182 445 1206 dulcissimo
467 1182 561 1205 nomine
579 1183 630 1205 Iesu
648 1182 691 1205 arti.
710 1183 780 1205 ilinc:
807 1183 854 1205 Χία
871 1182 940 1212 confi-

97 1235 145 1253 :cus
161 1235 214 1252 sum
232 1229 305 1252 cruci.
323 1230 345 1252 ln
364 1230 408 1251 tine
426 1230 463 1252 101.
479 1230 517 1251 73.
535 1235 553 1251 r.
571 1229 677 1251 additur:
696 1229 940 1258 Eoepli'cz'mztmedita-

98 1275 171 1299 tiones
189 1276 251 1299 Bone
266 1277 371 1299 venture.

159 1322 198 1344 78.
215 1320 360 1351 Humburqi,
387 1321 525 1344 bibliotheca
550 1321 666 1349 Civitatis,
683 1322 734 1344 cod.
752 1323 820 1345 theol.
838 1323 861 1345 11.
885 1329 938 1350 pag.

98 1368 122 1390 64
144 1374 168 1390 n.
184 1368 206 1390 5.
224 1368 245 1390 in
263 1369 284 1390 8.
302 1369 373 1390 chart.
391 1375 452 1391 saec.
468 1369 519 1391 XV.
537 1369 581 1391 iam
607 1369 736 1396 descriptus
762 1372 816 1391 tom.
840 1369 867 1391 V.
885 1375 940 1397 pag.

98 1415 166 1438 XLlV
184 1421 208 1438 n.
226 1416 267 1442 49,
285 1415 315 1438 de
331 1422 377 1444 quo
395 1415 449 1438 vide
466 1418 488 1437 et
503 1421 574 1443 supra
592 1422 645 1443 pag.
658 1416 724 1438 XXX
738 1422 760 1438 n.
772 1416 811 1438 77.
829 1428 857 1431 —
876 1416 940 1438 Titu-

97 1462 132 1484 lus
157 1463 225 1485 huius
250 1463 354 1490 opusculi
380 1466 413 1485 est
431 1462 469 1484 101.
486 1462 523 1484 63.
541 1468 559 1484 r.
576 1463 609 1485 sic
626 1468 763 1490 expressus:
783 1461 867 1492 Incipit
890 1464 939 1486 tra-

98 1509 174 1532 ctatus
190 1508 293 1531 eiusdem
309 1508 388 1532 sancti
403 1509 567 1532 Bonacenture
584 1508 611 1532 de
622 1508 708 1532 arbore
720 1508 839 1539 crucam-i.
852 1509 940 1531 Desinit

99 1555 138 1577 101.
156 1556 192 1577 88.
210 1562 244 1578 r.:
262 1555 324 1578 Finit
341 1557 459 1579 tractatus
476 1555 503 1578 de
520 1555 606 1579 arbore
624 1555 747 1584 ci-ucifiaez‘.

161 1602 199 1624 79.
212 1602 383 1630 Hannoveive,
396 1602 534 1625 bibliotheca
546 1602 660 1630 Civitatis,
672 1603 724 1626 cod.
738 1604 807 1625 theol.
819 1603 856 1625 21.
868 1604 941 1625 chart.

98 1648 120 1671 in
134 1648 156 1671 4.
163 1654 224 1671 saec.
233 1649 284 1671 XV.
293 1661 323 1665 —
332 1649 379 1671 Fol.
389 1648 427 1671 42.
436 1655 470 1671 v.:
485 1649 567 1678 Incipit
577 1648 651 1672 arbor
663 1649 707 1672 vite
717 1649 856 1672 venerabilis
865 1649 940 1672 Bona-

98 1697 203 1718 venture.
212 1695 297 1718 Desinit
310 1696 347 1717 101.
357 1695 394 1718 53.
403 1702 439 1718 v.:
452 1695 555 1725 Explicit
566 1697 682 1719 tractatus
691 1695 718 1719 de
727 1696 800 1726 Liyno
810 1696 854 1719 vite
865 1696 940 1720 editus

98 1748 114 1765 (ι
129 1741 206 1771 fratre
223 1742 289 1765 Bona
305 1743 406 1765 ventui-a
423 1742 530 1772 cenerati
546 1742 655 1766 Ministro
674 1743 789 1766 Fratrum
811 1743 941 1767 Minoi-nm.

161 1789 197 1810 80.
215 1787 393 1818 Heidelberyae,
412 1788 548 1811 bibliotheca
567 1789 736 1816 Universitatis,
761 1790 813 1812 cod.
835 1791 939 1813 Schrank

99 1835 154 1857 Vlll.
170 1841 191 1857 n.
210 1835 246 1858 43.
264 1836 335 1858 chart.
354 1836 375 1857 in
394 1835 416 1858 4.
433 1841 494 1858 saec.
510 1836 561 1858 XV.
581 1836 640 1858 circa
664 1836 823 1863 medietatem,
848 1840 872 1859 ut
895 1837 939 1859 iam

99 1881 230 1904 notai-imus
247 1887 317 1910 supra
334 1887 387 1909 pag.
406 1882 449 1904 XV
466 1888 489 1904 n.
506 1882 543 1904 96.
561 1894 591 1898 —
607 1882 654 1904 Fol.
675 1882 723 1904 444.
741 1889 759 1905 r.
777 1882 800 1905 in
819 1883 941 1911 superiore

100 1930 165 1955 parte
182 1927 278 1955 legitur:
296 1927 380 1957 Incipit
394 1927 511 1957 proloyns
528 1927 553 1950 in
570 1927 672 1958 Lignum
688 1930 733 1951 cite
750 1929 813 1952 Bone
835 1930 940 1952 venture.

99 1975 152 1997 Post
169 1975 291 2003 prologum
309 1974 408 1997 iterum:
425 1974 508 2004 Incipit
525 1974 590 1998 liber.
610 1975 695 1998 Desinit
712 1976 747 1998 101.
770 1976 834 1998 l63.:
848 1982 893 2005 per
910 1975 941 1999 in-

99 2019 166 2050 finita
181 2020 263 2043 secula
278 2020 423 2044 seculorum.
440 2022 522 2044 Amen.

161 2067 198 2089 81.
215 2066 306 2095 Leodii,
325 2067 462 2090 bibliotheca
488 2068 608 2090 81.-1111113111
630 2068 736 2095 maioris,
753 2068 803 2091 cod.
822 2069 843 2090 6.
861 2069 885 2091 L.
904 2069 940 2091 49.

100 2114 193 2137 miscell.
211 2114 233 2136 in
253 2115 288 2136 42.
305 2120 366 2136 saec.
383 2114 435 2136 XV.
452 2126 482 2130 —
499 2114 544 2137 Fol.
562 2114 584 2136 5.
601 2121 619 2137 r.
632 2114 711 2142 incipit
722 2114 766 2137 sub
779 2116 821 2138 1130
833 2114 940 2138 rubrica:

101 2161 269 2184 Bonacentura
288 2160 315 2183 de
331 2160 417 2184 arbore
434 2160 558 2191 Crucifioei.
574 2162 621 2184 Xto
634 2162 742 2192 confiniis
754 2168 808 2185 snm
820 2162 888 2186 cruci
897 2165 941 2185 etc.

100 2207 203 2230 Decurrit
219 2213 261 2236 per
278 2208 328 2230 10113
347 2208 376 2230 33
394 2211 416 2230 01
440 2208 522 2230 desinit
541 2214 595 2231 cum
618 2209 660 2231 hac
683 2208 815 2231 additione:
838 2208 943 2238 Explicit

100 2253 265 2277 Bonnventure
281 2253 424 2277 tractatulus
441 2253 468 2277 de
485 2253 572 2277 arbore
597 2254 723 2285 Crucifiaei,
749 2256 856 2278 tractans
878 2261 940 2278 conz-

97 2300 208 2330 pendiose
225 2300 252 2324 de
268 2300 330 2329 cita,
346 2300 458 2330 passione
475 2302 497 2324 et
513 2300 684 2332 qlorffzcahone
700 2301 755 2330 Xti,
771 2301 857 2331 paucis
872 2303 895 2325 et
905 2308 942 2325 or·-

100 2347 187 2371 dinatis
204 2349 226 2371 et
243 2347 478 2377 correspondentibus
495 2347 541 2371 sibi
556 2347 632 2371 verbis
649 2350 784 2377 compactus
795 2350 894 2378 propter
905 2348 941 2378 fa-

100 2393 210 2417 cilitatem
227 2393 349 2421 memorie,
371 2393 403 2417 ad
420 2394 546 2424 fovendam
571 2394 715 2418 devotionem
740 2396 763 2418 et
785 2394 941 2425 edificandam

100 2440 155 2470 fidei
166 2440 286 2470 pietatem.
302 2441 349 2464 Deo
366 2440 466 2470 oratius.

163 2488 201 2510 82.
217 2487 321 2517 Lipsiae,
340 2487 477 2511 bibliotheca
503 2488 594 2511 Paulina
620 2488 787 2517 Universitatis,
813 2489 865 2511 cod.
887 2488 941 2510 726.

104 2533 202 2556 membr.
220 2534 242 2556 in
260 2535 297 2556 101.
317 2540 378 2557 saec.
401 2535 461 2557 XlV.
476 2547 507 2551 —
524 2535 569 2557 Fol.
595 2535 647 2557 432.
672 2541 705 2557 r.:
731 2535 814 2565 Incipit
840 2535 941 2564 Liqnum

101 2580 146 2604 vite
162 2581 225 2604 Bone
243 2582 347 2604 venture.
365 2581 507 2609 Opusculum
525 2581 626 2604 decurrit
649 2588 723 2610 usque
739 2582 768 2604 ad
786 2582 824 2604 101.
843 2582 893 2604 138.
911 2588 942 2609 1.,

101 2627 141 2649 ubi
159 2627 242 2650 desinit
259 2627 351 2650 verbis:
369 2627 474 2657 Explicit
490 2627 594 2657 Liynunz
610 2627 655 2651 vite
672 2628 734 2651 Bone
750 2629 855 2651 venture.

165 2674 201 2696 83.
219 2673 318 2702 Ibidem,
335 2675 386 2697 cod.
405 2674 457 2697 864.
474 2674 572 2697 membr.
583 2674 606 2696 in
619 2675 640 2696 8.
657 2680 717 2697 saec.
729 2675 789 2697 XlV.
801 2687 832 2691 —
843 2675 942 2703 Lignum

103 2720 163 2743 vitae
180 2721 258 2749 incipit
274 2721 311 2743 rol.
328 2727 346 2743 r.
364 2727 408 2744 non
426 2724 546 2743 numerato
563 2728 575 2743 a
593 2721 700 2758 rubrica:
725 2722 790 2745 Iesus
806 2721 943 2751 promissus

102 2766 220 2790 Patribus.
239 2767 410 2797 Ezperyiscere
423 2767 535 2797 proinde,
553 2767 634 2790 anima
651 2769 693 2791 :cto
710 2767 792 2791 devota
803 2771 847 2790 etc.
865 2769 943 2790 Prose-

102 2813 180 2842 quitur
198 2816 222 2836 111
238 2814 259 2836 111
276 2814 354 2842 editis,
371 2814 456 2836 deinde
472 2814 576 2843 sequitur
592 2814 737 2842 111-0103115111
751 2813 863 2842 principio
875 2815 942 2836 omis-

102 2867 154 2888 sus,
171 2861 220 2883 sine
236 2861 279 2883 ulla
297 2861 339 2883 3113
358 2860 494 2883 indicatione
511 2860 568 2883 tituli
585 2861 622 2882 vel
639 2861 746 2883 auctoris.

165 2907 202 2930 84.
221 2907 332 2934 Londini,
350 2907 453 2930 collectio
471 2907 593 2934 Ilarleana‚
610 2907 661 2930 cod.
679 2907 748 2929 3227.
766 2906 864 2929 membr.
880 2907 902 2929 111
921 2907 942 2930 4.

103 2960 161 2977 saec.
187 2955 238 2977 XV.
255 2955 365 2977 exeuntis.
381 2966 412 2971 —-
429 2954 518 2977 Titulus
536 2955 603 2976 huius
620 2954 724 2982 opusculi
746 2957 780 2976 est
803 2954 838 2976 sol.
862 2954 900 2976 27.
919 2960 942 2976 v.

1776 218 1843 246 XLV

1000 297 1119 317 exaratus:
1137 295 1220 324 Incipit
1236 297 1354 319 &nemius
1369 295 1454 325 [Patris
1472 295 1636 318 Bonauenture
1654 295 1681 318 de
1698 295 1772 324 Liyno
1789 294 1843 318 vite.

1001 341 1086 363 Desinit
1104 342 1141 364 101.
1159 342 1196 364 47.
1214 349 1252 365 v.:
1266 349 1311 372 pei·
1328 342 1421 373 infinita
1437 342 1517 366 secula
1534 342 1678 366 seculorum.
1695 344 1777 365 Amen.

1062 388 1100 411 85.
1116 388 1215 417 Ibidem,
1234 390 1284 412 cod.
1303 390 1372 412 3995.
1389 389 1488 412 membr.
1506 390 1528 412 in
1547 389 1567 412 4.
1592 395 1652 412 saec.
1677 389 1731 417 XV,
1748 389 1777 411 de
1795 396 1841 418 quo

999 434 1090 461 egimus
1107 437 1129 457 et
1146 438 1201 457 tom.
1220 436 1246 457 V.
1264 442 1318 464 pag.
1336 436 1396 458 XXll
1414 443 1436 458 n.
1455 436 1507 458 404.
1525 449 1554 452 —-
1571 435 1650 464 incipit
1675 436 1718 458 hoc
1743 442 1841 463 opuscu-

999 480 1045 502 lum
1060 481 1097 503 sol.
1108 481 1144 503 43.
1154 488 1172 503 r.
1183 482 1231 504 sine
1241 483 1285 504 11113
1298 483 1436 505 indicatione
1445 491 1450 505 :
1459 483 1506 506 Xto
1519 482 1629 513 confixus
1640 488 1693 505 sum
1707 482 1775 505 cruci
1785 486 1841 509 etc.;

998 526 1031 548 sic
1048 527 1132 554 pariter
1149 527 1232 550 desinit
1249 529 1285 550 101.
1303 528 1341 550 50.
1358 535 1396 550 v.:
1412 535 1455 557 per
1478 528 1570 558 infinita
1595 528 1675 552 seculo
1695 528 1842 551 seculorum..

998 573 1080 596 Anien.

1062 621 1098 642 86.
1117 620 1216 649 Ibidem,
1234 622 1287 644 cod.
1304 622 1372 644 4804.
1390 622 1489 644 membr.
1501 622 1523 644 in
1537 623 1558 644 8.
1574 628 1634 644 saec.
1646 622 1710 649 XlV,
1723 625 1746 644 ut
1758 621 1840 644 descri-

999 666 1088 693 psimus
1104 669 1159 688 tom.
1186 667 1211 689 V.
1229 674 1284 695 pag.
1301 667 1362 690 Xxll
1381 674 1404 689 n.
1425 668 1476 690 406.
1492 680 1523 684 —
1539 668 1585 690 Fol.
1604 668 1640 689 63.
1659 674 1681 689 v.
1700 673 1782 689 manus
1799 673 1842 695 po-

998 712 1099 735 sterioris
1115 714 1201 736 sacculi
1222 714 1324 742 scripsit:
1350 714 1435 744 Incipit
1458 714 1577 737 meditatio
1602 714 1650 737 sice
1675 713 1839 743 contemplatio

997 759 1081 788 lintris
1099 760 1271 783 Bonaeenture.
1290 761 1375 783 Desinit
1393 761 1427 783 101.
1446 761 1484 783 73.
1502 767 1520 783 r.
1538 764 1562 783 ut
1579 761 1602 782 in
1620 761 1686 783 editis
1704 761 1841 783 0111111310-

998 809 1108 834 petuntur
1124 807 1218 834 eadem,
1235 813 1296 836 quae
1313 814 1391 835 supra.

1061 854 1097 875 87.
1116 853 1214 881 Ibidem,
1232 855 1334 876 collectio
1352 855 1437 882 Regia,
1454 855 1506 877 cod.
1527 855 1562 877 ll.
1579 855 1603 876 B.
1621 855 1653 876 111.
1672 854 1771 876 membr.
1783 855 1805 876 in
1819 854 1839 876 4.

997 906 1057 922 saec.
1080 900 1141 922 XlV.
1158 901 1262 922 ineuntis.
1281 914 1310 917 -—
1328 900 1469 929 Opusculum
1487 901 1565 929 incipit
1590 901 1626 923 101.
1649 902 1702 923 281.
1721 907 1738 923 r.
1756 900 1800 923 sul)
1817 901 1841 923 ti-

997 947 1044 968 tulo
1062 953 1073 968 a
1092 947 1219 974 posteriore
1237 953 1306 969 manu
1324 950 1429 969 exarato:
1447 946 1585 976 Gonipilatio
1603 946 1630 969 de
1646 946 1738 970 actibus
1755 947 1798 969 Xti
1809 952 1841 969 se-

996 992 1101 1015 cundum
1119 993 1319 1016 Bonuventuram.
1338 994 1410 1016 Hinc:
1441 994 1514 1017 Verus
1538 993 1579 1016 Dei
1598 993 1676 1016 cultor
1694 996 1735 1015 etc.
1754 993 1839 1015 Desinit

998 1040 1036 1062 101.
1053 1040 1106 1062 289.
1123 1046 1140 1062 Γ.
1160 1043 1183 1062 ut
1201 1041 1221 1062 in
1239 1040 1313 1063 editis.

1059 1086 1097 1107 88.
1114 1085 1213 1113 Ibidem,
1234 1086 1335 1108 collectio
1353 1086 1517 1113 Arundcliana,
1536 1086 1587 1109 cod.
1606 1086 1658 1108 507.
1677 1087 1748 1108 chart.
1772 1086 1793 1108 in
1820 1085 1840 1108 4.

999 1138 1059 1154 saec.
1077 1132 1126 1154 XV.
1143 1144 1175 1148 —
1192 1133 1237 1154 Ful.
1259 1134 1277 1155 1.
1296 1139 1314 1154 r.
1332 1133 1415 1161 legitur
1432 1139 1444 1155 3
1462 1133 1537 1161 prima
1564 1139 1633 1155 manu
1656 1136 1789 1155 exaratum:
1807 1133 1842 1155 In·

996 1178 1051 1208 cipit
1068 1179 1182 1208 arpositio
1200 1180 1248 1202 XII
1265 1186 1392 1203 ramorum
1417 1179 1487 1209 Liqni
1510 1180 1562 1203 vite.
1587 1180 1635 1203 Xto
1653 1180 1762 1209 confisus
1784 1185 1839 1202 sum

996 1225 1039 1248 Dei
1055 1225 1105 1254 (sic)
1124 1226 1192 1249 cruci
1207 1230 1250 1249 etc.
1268 1227 1353 1249 Desinit
1370 1227 1408 1249 101.
1426 1227 1463 1249 10.
1480 1233 1513 1249 r.:
1538 1233 1580 1256 pei·
1600 1226 1691 1257 infinita
1710 1226 1789 1249 secula
1807 1232 1840 1249 se-

995 1271 1114 1295 culorum.
1131 1274 1212 1296 Amen,
1230 1273 1277 1295 Alia
1296 1273 1347 1295 10113
1364 1273 1432 1295 huius
1449 1273 1552 1301 opusculi
1571 1276 1623 1295 sunt
1645 1273 1729 1300 scripta
1747 1273 1838 1294 saeculo

996 1319 1061 1346 XlV,
1079 1319 1121 1341 3113
1139 1326 1195 1341 vero
1212 1320 1303 1342 saeculo
1321 1320 1372 1342 XV.

1059 1365 1096 1387 89.
1114 1365 1212 1393 Ibidem,
1239 1366 1340 1388 collectio
1366 1366 1512 1393 Cottoniana‚
1538 1366 1589 1388 cod.
1608 1366 1764 1393 Vespasianus
1781 1366 1804 1387 E.
1823 1366 1838 1387 1.

998 1411 1096 1434 membr.
1113 1418 1174 1434 saec.
1194 1413 1244 1434 XV.
1268 1425 1296 1428 —
1314 1413 1359 1435 Fol.
1378 1412 1430 1434 204.
1448 1419 1482 1435 r.:
1502 1413 1627 1435 Traetutus
1645 1411 1840 1441 contemplativus

996 1458 1024 1481 de
1042 1458 1116 1482 Critce
1134 1458 1188 1487 Xti,
1206 1465 1274 1488 quem
1290 1459 1366 1488 stater
1383 1459 1411 1482 cle
1427 1460 1493 1482 Bona
1510 1459 1609 1488 fortuna
1627 1458 1766 1488 composuit.
1778 1459 1841 1481 Desi-

996 1507 1030 1529 nit
1048 1507 1084 1529 101.
1102 1507 1154 1529 249.
1172 1513 1191 1529 r.
1208 1509 1233 1529 ut
1249 1507 1271 1529 in
1289 1507 1396 1529 editione.
1795 1524 1798 1525 .

1060 1554 1096 1576 90.
1115 1552 1214 1581 Ibidem,
1232 1554 1283 1576 cod.
1295 1554 1442 1576 additionalis
1459 1553 1539 1576 15404.
1551 1554 1635 1576 Musaei
1648 1553 1778 1576 Brittannici
1792 1553 1840 1575 iure

997 1601 1135 1629 emptionis,
1152 1601 1246 1623 miscell.
1264 1601 1287 1623 in
1305 1600 1326 1623 4.
1343 1606 1404 1623 saec.
1415 1601 1476 1623 XlV.
1495 1600 1604 1623 exeuntis.
1623 1613 1650 1616 -
1669 1600 1716 1622 Fol.
1733 1606 1752 1622 r.
1763 1599 1840 1622 rubris

999 1647 1078 1670 litteris
1095 1648 1264 1676 praemittitur:
1280 1647 1365 1677 Incipit
1380 1648 1498 1671 tractatus
1522 1647 1583 1670 Bone
1607 1647 1714 1677 fortune,
1733 1645 1775 1676 qni
1790 1645 1841 1669 inti-

996 1694 1090 1718 tulatur
1107 1694 1208 1724 Liqnum
1219 1694 1271 1718 rite.
1283 1695 1331 1718 Xto
1348 1694 1451 1724 confisus
1468 1700 1522 1717 sum
1540 1693 1614 1717 cruci.
1629 1693 1714 1715 Desinit
1725 1696 1749 1715 ut
1761 1693 1783 1715 in
1795 1692 1841 1715 edi-

996 1740 1024 1763 tis
1042 1741 1079 1763 101.
1098 1741 1132 1763 48.
1151 1748 1173 1763 v.

1060 1788 1097 1810 91.
1114 1787 1226 1816 Locanii,
1244 1787 1383 1810 bibliotheca
1400 1788 1571 1816 Unixersitatis,
1589 1787 1641 1810 cod.
1659 1788 1680 1810 8.
1697 1788 1769 1810 chart.
1785 1787 1805 1809 in
1819 1787 1840 1810 4.

997 1840 1056 1857 saec.
1075 1834 1127 1857 XV.
1146 1837 1198 1862 post
1215 1834 1332 1861 medium,
1349 1834 1394 1856 iam
1416 1834 1547 1862 descriptus
1571 1837 1626 1856 tom.
1652 1834 1678 1856 V.
1701 1840 1756 1862 pag.
1779 1834 1840 1856 XXll

996 1888 1018 1904 n.
1037 1881 1089 1903 409.
1106 1893 1136 1898 —
1154 1881 1243 1903 initium
1261 1881 1329 1903 huius
1346 1881 1451 1909 opusculi
1468 1883 1502 1903 est
1515 1881 1549 1903 101.
1563 1881 1600 1903 96.
1612 1887 1631 1903 1.
1643 1886 1685 1908 per
1697 1881 1752 1903 haec
1768 1879 1840 1902 verba

996 1933 1145 1955 expressum:
1163 1928 1332 1951 Bonaventura
1349 1926 1376 1950 de
1392 1926 1479 1950 arbore
1491 1926 1614 1957 Crucifioei.
1631 1926 1716 1956 Incipit
1728 1925 1841 1956 prefatio.

996 1973 1044 1996 Xto
1069 1973 1179 2003 confitens
1203 1979 1257 1996 sum
1274 1976 1319 1995 etc.
1342 1973 1402 1995 Finis
1419 1979 1475 1995 vero
1495 1973 1596 1995 occurrit
1612 1973 1648 1995 sol.
1667 1972 1717 1994 447.
1736 1979 1760 1994 v.
1777 1975 1801 1994 ut
1819 1972 1840 1994 in

998 2020 1072 2042 editis.

1059 2068 1097 2089 92.
1114 2067 1227 2090 Mantuae
1245 2067 1266 2089 in
1286 2067 1357 2093 ltalia,
1376 2066 1513 2089 bibliotheca
1530 2066 1644 2093 Civitatis,
1657 2066 1709 2088 cod.
1723 2066 1775 2088 Ἰ103.
1788 2066 1811 2088 B.
1826 2067 1841 2088 1.

999 2115 1036 2137 48.
1054 2114 1153 2136 membr.
1171 2114 1192 2136 in
1210 2114 1232 2136 8.
1249 2120 1308 2136 saec.
1327 2113 1379 2136 XV.
1395 2125 1426 2130 -—
1443 2114 1501 2136 inter
1518 2113 1559 2136 alia
1577 2113 1687 2141 opuscula
1711 2113 1841 2141 complecti-

998 2163 1035 2183 tur
1052 2163 1074 2183 et
1090 2160 1192 2190 Liqnum
1210 2160 1254 2183 vite
1272 2161 1443 2183 Bonocenture.
1461 2160 1542 2188 lncipit
1558 2162 1580 2182 et
1597 2159 1680 2182 desinit
1695 2162 1719 2182 ut
1731 2159 1753 2181 in
1766 2159 1840 2181 editis.

1059 2207 1096 2229 93.
1114 2206 1230 2235 Medelcii,
1248 2206 1385 2229 bibliotheca
1404 2207 1546 2234 monasterii,
1563 2206 1616 2229 cod.
1633 2207 1656 2228 E.
1675 2206 1711 2228 42.
1729 2207 1800 2228 chart.
1818 2205 1840 2227 in

1000 2254 1036 2276 42.
1054 2260 1114 2276 saec.
1134 2254 1185 2276 XV.
1204 2266 1235 2270 —
1251 2253 1298 2276 Fol.
1317 2254 1338 2275 4.
1354 2259 1388 2276 r.:
1405 2252 1489 2282 Incipit
1511 2253 1628 2276 tractatus
1645 2251 1757 2282 maqistri
1778 2252 1841 2275 Bone

996 2302 1095 2324 venture
1111 2300 1138 2323 cle
1154 2300 1241 2324 arbore
1257 2300 1336 2324 crucis
1352 2302 1374 2324 et
1390 2299 1463 2330 Liqno
1481 2299 1532 2323 vite.
1553 2300 1626 2322 Etiam
1643 2300 1665 2322 in
1684 2299 1728 2322 fine
1745 2299 1782 2321 101.
1802 2299 1837 2321 14.

996 2354 1015 2370 r.
1032 2348 1139 2370 additur:
1158 2347 1262 2377 Explicit
1278 2346 1335 2370 liber
1352 2347 1380 2370 de
1396 2346 1483 2370 arbore
1499 2348 1580 2371 sancte
1602 2346 1680 2370 crucis
1705 2346 1742 2370 vel
1765 2346 1838 2376 Ligno

996 2392 1041 2416 vite
1058 2394 1110 2416 Iesu
1126 2392 1171 2416 xti.

1060 2439 1098 2462 94.
1114 2439 1214 2468 Ibidem,
1232 2440 1285 2462 cod.
1302 2440 1329 2462 11.
1345 2440 1381 2462 86.
1399 2440 1472 2462 chart.
1489 2440 1511 2461 in
1530 2440 1567 2462 42.
1584 2445 1646 2461 saec.
1665 2439 1717 2461 XV.
1734 2451 1764 2454 ——
1781 2438 1842 2466 Opu-

997 2487 1086 2508 sculum
1104 2489 1194 2508 notatur
1212 2487 1249 2509 101.
1266 2486 1304 2508 67.
1321 2493 1345 2508 v.
1361 2485 1406 2509 sub
1423 2487 1465 2508 hac
1482 2485 1590 2508 rubrica:
1616 2485 1700 2515 Incipit
1722 2486 1839 2508 tractatus

997 2532 1109 2562 maqistm'
1126 2533 1286 2556 Bonecenture
1302 2532 1330 2556 de
1346 2532 1432 2556 arbore
1449 2532 1529 2556 crucis
1545 2534 1567 2555 et
1583 2531 1658 2561 Liqno
1675 2531 1719 2555 vite
1728 2540 1738 2560 ,·
1755 2531 1840 2554 claudi·

998 2581 1034 2602 tur
1052 2579 1088 2601 101.
1107 2579 1159 2601 400.
1175 2585 1197 2601 v.
1216 2579 1251 2601 his
1272 2579 1364 2602 verbis:
1388 2578 1491 2608 Explicit
1516 2578 1574 2602 tiber
1600 2578 1627 2601 de
1652 2578 1738 2601 arbore
1759 2579 1840 2601 sancte

999 2626 1085 2650 crucis.

1061 2673 1099 2695 95.
1115 2672 1214 2700 Ibidem,
1232 2672 1284 2695 cod.
1301 2673 1328 2695 G.
1349 2673 1383 2694 19.
1399 2673 1470 2694 chart.
1487 2672 1509 2694 in
1529 2672 1550 2694 4.
1567 2678 1626 2695 saec.
1645 2672 1695 2694 XV.
1713 2671 1773 2694 cirea
1794 2678 1841 2694 me-

999 2720 1072 2742 dium.
1090 2732 1118 2735 —
1135 2719 1214 2747 incipit
1231 2720 1268 2741 101.
1287 2719 1340 2741 208.
1357 2719 1401 2741 sub
1418 2719 1521 2747 sequenti
1539 2718 1644 2741 rubrica:
1666 2718 1732 2741 Liber
1750 2718 1791 2742 iste
1808 2718 1840 2741 in-

998 2766 1109 2790 titulatur
1126 2766 1228 2795 Liynum
1244 2765 1295 2789 cite.
1314 2766 1400 2788 Desinit
1417 2766 1453 2788 101.
1472 2766 1525 2788 234.
1543 2772 1581 2788 v.:
1595 2771 1640 2795 per
1657 2765 1749 2796 infinita
1760 2765 1840 2789 secula

997 2812 1141 2836 seculorum.
1170 2813 1251 2835 Amen.
1278 2811 1344 2835 Finis
1371 2811 1436 2835 illius
1464 2813 1595 2840 tractatus,
1624 2811 1666 2842 qui
1691 2811 1778 2835 dicitur
1806 2811 1840 2835 Li-

997 2866 1072 2889 pnunt
1088 2859 1141 2883 vite.

1060 2906 1098 2929 96.
1115 2905 1212 2933 Ibidem,
1233 2906 1284 2928 cod.
1302 2906 1328 2935 Q.
1347 2906 1368 2928 in
1386 2906 1408 2929 4.
1422 2907 1493 2929 chart.
1509 2912 1569 2929 saec.
1585 2906 1636 2929 XV.
1653 2919 1683 2922 —
1700 2906 1717 2929 Α
1736 2907 1774 2929 101.
1786 2907 1839 2929 203.

997 2960 1016 2976 r.
1033 2959 1106 2982 usque
1129 2953 1157 2975 ad
1181 2953 1250 2975 tinem
1268 2954 1314 2975 sere
1335 2952 1412 2976 omnia
1429 2953 1548 2981 leguntur,
1565 2959 1626 2982 quae
1643 2953 1664 2975 in
1687 2953 1758 2981 Ligno
1781 2953 1841 2975 vitae
