2133 3317
155 459 249 477 Statutum

155 482 174 501 S.
186 482 248 501 Sedis.

155 2241 253 2268 Generalis

153 2267 254 2285 sententia.

134 2508 195 2527 Amici
208 2508 262 2532 spiri-

166 2532 232 2551 tuales.

277 231 335 261 354

278 319 332 339 non
351 309 578 347 proprietatem,
600 306 723 344 alioquin
744 314 795 335 nec
815 308 920 335 vestem
941 313 993 334 uec
1017 305 1127 340 cibum,

277 365 328 386 nec
348 356 452 393 aliquid
473 354 549 384 aliud
569 354 597 382 in
619 362 702 382 usum
718 353 842 390 recipere
857 352 1038 387 deberemus,
1053 352 1129 389 quod

278 406 350 433 esset
371 407 467 432 contra
487 409 599 430 omnem
620 400 811 429 rationabilem
839 399 1018 429 intellectum.
1049 399 1128 428 Prae—

278 451 321 480 sul
342 458 410 479 vero
431 449 507 478 Sedis
521 448 686 485 apostolicae
699 449 718 481 ¹,
733 447 781 484 qui
796 449 838 476 est
852 447 989 484 generalis
1003 446 1128 475 omnium

277 504 433 534 pauperum
456 495 592 524 Ecclesiae
614 495 750 532 provisor,
772 494 927 531 specialiter
946 493 1032 522 nostri
1048 493 1129 522 Ordi-

278 545 320 572 nis
342 550 438 572 curam
460 542 582 576 habens,
604 541 729 570 omnium
751 540 913 575 mobilium,
935 548 1007 577 quae
1031 539 1128 568 Ordini

277 590 470 623 conferuntur,
492 588 690 625 proprietatem
713 587 764 616 sibi
783 586 931 621 assumsit,
946 586 1071 623 exceptis
1085 586 1129 614 his

276 645 397 674 quorum
419 636 572 665 dominium
597 635 649 664 sibi
676 634 849 664 conferentes
880 633 1074 667 retinuerunt,
1102 636 1129 662 et

276 684 355 713 nobis
376 692 465 712 usum
496 682 647 711 earundem
676 690 773 710 rerum
805 681 894 710 solum
926 680 1066 715 concedit,
1097 684 1130 709 ut

276 739 386 768 semper
407 731 496 759 alieno
517 730 593 758 victu
616 733 643 758 et
664 729 766 758 vestitu
787 732 814 757 et
835 731 907 757 tecto
928 731 956 757 et
973 728 1034 757 aliis
1048 730 1129 756 uten—

276 778 374 807 silibus
393 778 499 815 absque
520 777 699 814 proprietatis
720 776 781 805 iure
800 784 837 805 ex
851 775 939 813 ipsius
954 775 1130 804 concessione

278 828 402 859 utamur,
424 825 496 853 sicut
516 824 620 852 familia
642 823 862 860 patrisfamilias,
883 830 955 860 quae
976 822 1062 851 rebus
1082 821 1131 850 do-

277 872 345 900 mini
366 872 410 901 sui
431 871 522 900 utitur
544 874 600 899 tam
622 871 649 899 111
665 870 789 899 absentia
803 878 887 907 quam
903 870 932 898 in
946 869 1035 906 ipsius
1050 876 1130 905 prae-

277 919 365 948 sentia
386 918 523 956 corporali
545 918 699 947 secundum
730 917 819 954 ipsius
849 916 1065 953 dispositionem.
1097 915 1130 944 Et

277 966 466 1002 eleemosyna,
488 973 560 1002 quae
581 965 661 994 nobis
681 973 697 993 a
718 964 846 993 fidelibus
867 963 960 998 datur,
982 962 1082 991 transit
1101 962 1129 990 111

277 1021 367 1041 usum
386 1016 523 1041 nostrum
544 1012 612 1041 etin
635 1011 715 1040 itlius
730 1010 912 1044 ctominium,
933 1010 981 1047 qui
998 1012 1039 1038 est
1053 1009 1130 1046 prin-

278 1059 373 1097 cipalis
393 1059 505 1088 Ordinis
524 1059 612 1088 nostri
634 1059 817 1095 dispensator,
839 1058 883 1087 cui
912 1057 1001 1094 parati
1030 1064 1130 1085 sumus

277 1108 385 1142 omnia,
408 1115 480 1144 quae
501 1106 651 1140 habemus,
674 1114 737 1134 cum
763 1105 891 1139 iusserit,
920 1108 1053 1141 tanquan]
1082 1103 1130 1131 do-

278 1154 369 1188 mino,
392 1156 476 1191 prout
496 1153 641 1187 convenit,
663 1153 813 1189 resignare.
836 1151 877 1180 Nil
898 1151 980 1180 iuxta
1000 1151 1051 1179 1109
1066 1158 1130 1186 pro—

278 1202 403 1238 prietatis
424 1201 572 1235 habentes‚
594 1200 725 1236 Regulam
749 1202 873 1227 nostram
895 1198 967 1227 bona
988 1197 1129 1226 conscien-

278 1249 316 1277 tia
337 1248 528 1277 observamus.

584 1341 725 1377 Quaasrm
747 1340 825 1368 XXV.

293 1436 465 1472 Quaeritur,
487 1435 514 1463 si
535 1435 658 1463 Fratres
679 1433 798 1463 debeant
819 1432 925 1462 habere
945 1436 971 1461 et
991 1432 1120 1469 1961111919

603 1481 763 1519 pecuniam
776 1482 795 1508 2'.

357 1577 423 1605 Item
445 1584 566 1613 quaero:
588 1583 652 1604 cum
674 1575 777 1603 iterum
800 1574 923 1611 Regula3
945 1573 1033 1607 dicat,
1055 1572 1130 1610 quod

278 1632 327 1653 nec
349 1632 398 1661 per
421 1631 469 1652 vos
490 1631 540 1652 1196
562 1631 611 1660 per
633 1622 701 1651 alios
715 1621 837 1650 debeatis
859 1621 984 1657 recipere
1002 1620 1130 1649 denarios

277 1672 321 1701 vel
342 1671 504 1709 pecuniam,
527 1670 656 1699 videmini
687 1677 797 1706 semper
828 1671 926 1697 contra.
956 1668 1009 1696 hoc
1039 1667 1130 1696 facere

278 1723 334 1748 tam
357 1718 475 1756 petendo
496 1717 642 1754 pecuniam
666 1719 721 1745 tam
748 1715 906 1753 reponendo
934 1723 1019 1753 quam
1048 1714 1131 1743 etiam

277 1765 476 1803 dispensandO,
498 1765 580 1802 quia,
602 1764 651 1793 etsi
674 1763 857 1800 personaliter
875 1770 936 1791 eam
951 1770 1007 1791 non
1022 1764 1131 1790 contre-

278 1813 372 1847 ctetis,
395 1815 487 1841 tamen
508 1820 558 1848 per
579 1811 647 1840 alios
669 1819 729 1839 eam
751 1810 858 1839 servari
879 1813 906 1839 et
928 1810 1013 1846 recipi
1043 1809 1131 1837 facitis

277 1868 309 1889 ac
329 1859 475 1894 distribui,
497 1859 570 1887 sicut
590 1857 691 1891 vultis;
714 1860 741 1886 et
762 1865 827 1886 611111
849 1856 1000 1885 inhibitum
1022 1856 1057 1885 sit
1081 1864 1131 1893 per

277 1910 470 1944 praeceptum,
493 1909 520 1935 et
542 1914 595 1934 non
608 1906 620 1922 4
640 1905 765 1934 habeatis
786 1912 871 1941 super
893 1904 946 1932 1106
966 1906 1130 1940 potestatem

276 1954 468 1992 dispensandi3
490 1953 598 1987 nescio,
621 1952 760 1990 quomodo
781 1952 853 1980 hanc
882 1951 1131 1988 transgressionem

277 2009 415 2031 excusare
435 2000 559 2038 potestis.
581 2000 607 2028 Si
629 2002 723 2028 autem
745 2007 800 2027 non
822 2001 916 2035 posset
937 1998 990 2027 hoc
1018 2005 1131 2034 praece-

279 2052 356 2086 ptum
378 2048 501 2082 servari,
523 2056 578 2076 non
599 2047 737 2076 deberetis
758 2054 876 2080 vovere,
897 2048 924 2074 et
945 2045 1039 2082 potius
1060 2048 1132 2074 esset

278 2104 294 2125 a
315 2096 418 2132 Regula
438 2094 669 2128 rescindendum,
690 2101 775 2131 quam
796 2093 914 2130 laqueus
935 2096 1008 2121 esset
1028 2100 1131 2121 voven-

278 2142 369 2176 tibus,
392 2150 456 2171 cum
478 2141 584 2170 servari
605 2149 660 2169 non
681 2143 783 2177 posset.

358 2188 526 2225 Respondes).
548 2188 635 2216 Multa
648 2190 784 2224 putantur
796 2186 807 2204 ⁵
821 2186 910 2220 mala,
925 2185 1060 2223 quamdiu
1075 2193 1130 2214 non

279 2236 482 2273 intelliguntur,
504 2243 575 2272 quae
596 2234 736 2263 intellecta
763 2233 936 2262 rationabilia
960 2235 988 2261 et
1002 2233 1076 2261 iusta
1090 2232 1131 2261 vi-

279 2284 397 2317 dentur;
419 2275 467 2311 sic*
479 2285 506 2311 et
537 2282 566 2310 111
596 2282 648 2310 1513
679 2281 841 2318 quaestione
870 2283 994 2317 apparet.
1028 2279 1132 2316 Regula

279 2330 424 2368 prohibet,
447 2337 497 2358 nec
518 2337 568 2366 per
590 2336 640 2357 nos
661 2336 712 2357 nec
736 2336 785 2365 per
814 2327 1006 2364 interpositam
1036 2334 1131 2363 perso—

279 2386 341 2407 nam
364 2385 414 2406 nos
436 2377 561 2413 recipere
582 2375 744 2412 pecuniam,
767 2378 797 2403 ut
822 2377 918 2403 nostra
946 2374 996 2408 sit,
1024 2376 1053 2402 et
1080 2381 1131 2402 nos

279 2424 381 2453 domini
413 2426 440 2452 et
461 2430 634 2460 possessores
662 2422 844 2459 pecuniarum
874 2421 961 2450 simus
986 2421 1065 2457 quasi
1091 2420 1130 2449 rei

278 2471 424 2509 propriae;
446 2470 493 2499 sed
527 2469 666 2503 concedit,
688 2473 721 2497 ut
751 2476 800 2505 per
825 2468 928 2497 amicos
956 2468 1130 2504 spirituales,

279 2519 327 2556 qui
350 2526 400 2555 pro
428 2517 485 2546 Deo
510 2525 560 2545 nos
588 2516 770 2553 spiritualiter
798 2515 932 2552 diligunt,
961 2515 988 2543 id
1017 2518 1058 2544 est
1087 2523 1131 2544 ca—

644 228 842 257 OPUSCULUM
863 227 928 256 Xlll.
949 226 1261 256 DETERMINATIONES
1282 226 1524 263 QUAESTIONUM.
1548 226 1627 256 PARS
1649 226 1666 255 Ι.

1185 307 1227 334 519
1248 308 1275 334 91
1295 305 1383 340 111519,
1406 305 1562 334 necessaria
1583 312 1783 342 procuremus3
1805 312 1877 341 quae
1892 304 1939 333 tali
1954 305 2034 334 modo

1184 355 1306 389 utraque
1327 360 1450 389 congrue
1471 352 1688 385 observantur⁶‚
1710 351 1785 388 quod
1812 359 1845 380 ea
1874 360 1945 388 quae
1978 352 2035 381 sine

1185 399 1303 436 pecunia
1324 407 1378 428 non
1400 402 1517 436 possunt
1538 399 1700 436 procurari,
1722 402 1771 427 aut
1791 406 1841 435 per
1869 399 1944 435 ipsos
1971 407 2035 436 pro-

1185 450 1331 480 curentur,
1353 446 1400 483 qui
1422 446 1566 474 Fratribus
1587 445 1653 474 dant
1673 445 1890 481 eleemosynam,
1912 448 1961 474 aut
1986 453 2036 482 per

1185 501 1283 522 eorum
1305 493 1433 527 nuntios,
1455 496 1487 521 ut
1508 501 1571 521 cum
1594 492 1695 529 aliquis
1718 496 1864 529 procurat,
1893 493 2036 522 Fratribus

1187 541 1289 569 librum
1311 540 1395 569 scribi
1417 540 1460 569 vel
1481 543 1587 569 vestem
1608 540 1669 569 fieri
1690 540 1734 569 vel
1755 540 1869 568 domum
1890 540 1934 568 vel
1962 540 2037 569 aliud

1186 587 1244 616 suis
1265 587 1408 616 laboribus
1429 589 1456 615 et
1477 587 1622 623 expensis;
1644 588 1693 615 aut
1714 586 1736 615 si
1758 587 1868 615 Fratres
1893 586 1945 615 ista
1973 595 2036 623 pro-

1186 637 1302 669 curant,
1323 634 1362 662 illi
1385 634 1497 662 solvunt
1511 633 1657 670 pecuniam
1673 633 1726 662 illis
1741 634 1789 670 qui
1805 633 1948 662 Fratribus
1962 641 2037 663 com—

1185 681 1389 716 modaverunt,
1410 680 1484 709 unde
1518 681 1569 709 ista
1597 683 1663 709 sunt
1693 680 1883 717 procuranda,
1915 683 1947 709 ut
1974 688 2037 710 cum

1187 729 1296 757 Fratres
1317 728 1437 762 faciunt,
1460 728 1563 756 librum
1585 727 1683 761 scribi,
1705 727 1777 756 alius
1798 728 1886 756 solvat
1900 735 2037 764 expensas

1187 783 1237 812 per
1258 782 1287 804 se
1309 775 1352 803 vel
1374 782 1423 811 per
1445 774 1575 802 nuntium
1597 782 1697 807 suum;
1719 777 1767 802 aut
1789 774 1810 803 si
1832 774 1917 811 aliqui
1940 775 2038 803 volunt

1186 822 1254 851 dare
1274 821 1420 850 Fratribus
1441 821 1643 857 eleemosynam
1665 821 1814 858 pecuniae,
1829 824 1946 858 possunt
1961 829 2036 850 com-

1186 869 1297 898 mittere
1318 869 1417 903 alicui,
1439 868 1487 905 qui
1508 868 1620 897 nomine
1641 876 1693 897 suo
1714 876 1773 897 eam
1794 871 1901 903 servet,
1917 876 1968 905 pro
1982 868 2036 897 uti-

1187 916 1263 944 litate
1284 919 1375 944 tamen
1389 916 1534 950 Fratrum,
1550 919 1581 944 ut
1596 916 1655 944 vice
1680 915 1791 944 illorum
1804 915 1814 932 '¹
1829 915 1877 952 qui
1892 915 1943 944 sibi
1963 923 2036 944 com-

1187 964 1325 992 miserunt
1346 963 1508 1000 pecuniam,
1530 966 1662 999 procuret
1684 962 1747 991 inde
1761 962 1919 996 Fratribus,
1939 970 2037 991 secun-

1187 1010 1253 1039 dum
1276 1009 1350 1047 quod
1376 1009 1497 1038 voluerit
1526 1012 1553 1038 et
1578 1009 1733 1038 secundum
1762 1008 1836 1045 quod
1857 1017 1873 1037 a
1894 1009 2037 1038 Fratribus

1188 1057 1350 1091 instruitur,
1372 1064 1422 1093 per
1444 1064 1473 1085 se
1494 1056 1537 1085 vel
1560 1064 1609 1092 per
1631 1055 1714 1089 alios,
1737 1055 1784 1092 qui
1806 1055 1899 1091 aptius
1920 1062 1952 1083 ea
1973 1063 2038 1091 pro-

1187 1107 1314 1137 movent,
1330 1111 1402 1140 quae
1417 1103 1467 1132 sibi
1484 1103 1596 1131 fuerant
1610 1102 1764 1131 commissa.
1780 1118 1818 1123 —-
1834 1102 1864 1130 Et
1879 1109 1929 1138 per
1943 1109 2038 1130 omnes

1187 1151 1255 1179 istos
1276 1151 1385 1179 Fratres
1406 1159 1461 1178 non
1483 1150 1623 1186 recipiunt
1644 1150 1807 1186 pecuniam,
1827 1148 1874 1178 sed
1890 1149 1927 1177 illi
1943 1157 1993 1186 per
2008 1156 2037 1178 se

1188 1205 1238 1234 pro
1259 1197 1313 1225 illis
1334 1197 1381 1234 qui
1405 1197 1455 1225 sibi
1478 1197 1677 1225 commiserunt
1692 1196 1855 1233 pecuniam,
1871 1199 2038 1225 convertunt

1187 1252 1247 1273 eam
1269 1244 1298 1272 in
1319 1244 1467 1273 utilitatem
1496 1245 1641 1278 Fratrum,
1666 1244 1754 1272 vicem
1776 1244 1888 1272 illorum
1910 1246 2038 1280 gerentes

1187 1292 1215 1320 in
1237 1299 1284 1325 eo,
1307 1291 1382 1328 quod
1404 1293 1516 1320 servant
1537 1294 1564 1319 et
1585 1290 1757 1319 distribuunt
1772 1291 1859 1327 ipsam
1881 1290 2037 1326 pecuniam,

1187 1347 1259 1376 quae
1280 1338 1373 1367 adhuc
1395 1339 1507 1366 illorum
1528 1340 1585 1372 est,
1607 1338 1655 1374 qui
1676 1337 1829 1371 dederunt,
1852 1337 1934 1365 etiam
1956 1337 1978 1366 si
1994 1344 2039 1366 ne-

1187 1386 1290 1420 sciant,
1319 1393 1379 1414 eam
1407 1385 1499 1413 adhuc
1528 1385 1649 1419 servari,
1672 1388 1800 1421 gerentes
1828 1387 1921 1412 autem
1950 1384 2039 1413 vicem

1187 1433 1316 1461 Fratrum
1338 1433 1365 1460 in
1387 1440 1435 1466 90,
1457 1431 1532 1469 quod
1547 1440 1645 1460 eorum
1662 1431 1810 1460 utilitatem
1826 1433 1991 1468 promovent
2005 1430 2038 1460 de

1187 1480 1306 1517 pecunia
1327 1480 1456 1508 aliorum.
1473 1480 1582 1508 Fratres
1597 1480 1683 1513 enim,
1699 1478 1833 1515 quamdiu
1852 1478 1969 1515 pecunia
1984 1486 2038 1507 non

1187 1530 1230 1556 est
1250 1527 1363 1556 redacta
1384 1527 1410 1555 in
1433 1534 1493 1555 rem
1513 1527 1611 1561 aliam,
1634 1534 1689 1563 qua
1710 1526 1750 1554 eis
1770 1525 1810 1554 uti
1837 1525 1955 1559 1169318,
1983 1533 2038 1554 11011

1189 1575 1293 1603 habent
1319 1582 1379 1603 eam
1409 1582 1460 1611 pro
1489 1582 1554 1607 sua,
1577 1573 1624 1602 sed
1646 1574 1720 1602 illius
1741 1573 1790 1610 qui
1812 1573 1941 1609 deposuit
1961 1580 2037 1607 eam,

1188 1622 1252 1650 licet
1280 1622 1383 1655 sciant,
1412 1618 1472 1650 eam
1503 1630 1553 1658 pro
1582 1629 1632 1650 sua
1657 1621 1777 1649 utilitate
1804 1620 1841 1648 ibi
1870 1620 2038 1657 repositam;

1189 1669 1277 1703 sicut,
1300 1677 1363 1698 cum
1385 1668 1515 1697 dominus
1536 1668 1682 1697 committit
1703 1667 1849 1704 pecuniam
1865 1675 1942 1696 suam
1958 1674 2039 1695 servo

1188 1724 1254 1750 suo,
1275 1719 1308 1744 ut
1330 1715 1398 1744 mihi
1425 1715 1488 1744 inde
1509 1718 1582 1744 emat
1603 1715 1741 1749 tunicam,
1764 1714 1881 1751 pecunia
1903 1714 2038 1743 1019111119

1189 1767 1230 1792 951
1252 1763 1372 1798 domini,
1395 1763 1441 1792 sed
1465 1765 1557 1799 empta
1584 1762 1679 1791 tunica
1706 1770 1768 1791 mea
1795 1762 1857 1791 erit.
1880 1761 2038 1791 Secundum

1190 1811 1261 1840 lianc
1275 1811 1348 1840 viam
1368 1813 1395 1839 et
1409 1810 1546 1839 cautelam
1562 1811 1671 1839 Fratres
1685 1812 1712 1838 et
1726 1817 1776 1846 per
1790 1810 1893 1838 amicos
1908 1809 2039 1846 spiritua—

1189 1858 1244 1892 les,
1273 1857 1412 1894 quoslibet
1433 1861 1631 1894 procuratores
1651 1860 1679 1886 et
1700 1856 1865 1885 mediatores
1887 1858 2040 1893 procurant

1188 1905 1360 1939 necessaria,
1388 1913 1439 1934 nec
1467 1908 1559 1933 tamen
1580 1904 1721 1941 recipiunt
1741 1904 1886 1941 pecuniam
1908 1911 1958 1940 per
1978 1903 2039 1932 illos

1187 1955 1403 1989 procuratores,
1425 1952 1473 1981 sed
1494 1952 1532 1980 illi
1555 1954 1668 1980 servant
1689 1951 1763 1979 illam
1785 1951 1896 1979 nominc
1914 1950 2039 1979 dantium

1188 2002 1216 2028 et
1237 1999 1297 2028 vice
1319 1999 1443 2036 ipsorum
1466 2002 1579 2028 vertunt
1600 2007 1659 2028 eam
1683 1999 1710 2027 111
1732 1998 1880 2027 utilitatem
1895 1998 2038 2031 Fratrum,

1188 2049 1221 2074 ut
1241 2046 1395 2074 dominium
1416 2046 1549 2082 pecuniae
1570 2054 1625 2074 non
1647 2048 1769 2073 transeat
1790 2045 1817 2072 in
1839 2044 2037 2081 proprietatem

1188 2093 1326 2121 Fratrum.
1347 2109 1388 2113 —
1409 2092 1484 2121 Unde
1509 2092 1635 2121 eonditor
1661 2092 1779 2128 Regulae
1807 2091 1894 2128 magis
1922 2091 2038 2120 intendit

1188 2139 1331 2167 Fratribus
1353 2139 1534 2175 praecludere
1555 2139 1627 2167 viam
1649 2138 1781 2167 avaritiae
1809 2138 1837 2166 in
1866 2138 2038 2175 possessione

1189 2186 1334 2223 pecuniae,
1356 2193 1407 2222 per
1428 2194 1511 2223 quam
1533 2185 1622 2214 omnis
1643 2185 1746 2222 Religio
1767 2185 1935 2219 suffocatur,
1954 2192 2038 2222 quam

1187 2233 1336 2262 obstruere
1356 2233 1397 2261 eis
1417 2233 1653 2270 opportunitatem
1675 2232 1830 2261 necessaria
1857 2231 2035 2268 procurandi.

1189 2280 1272 2309 Sedes
1292 2280 1375 2308 etiam
1396 2280 1560 2316 apostolica,
1582 2280 1663 2308 cuius
1677 2282 1737 2308 acta
1752 2279 1801 2308 toti
1817 2279 1953 2307 Ecclesiae
1966 2278 2038 2307 diiu-

1187 2326 1305 2355 dicanda
1325 2329 1509 2363 exponuntur
1535 2330 1563 2355 et
1588 2326 1761 2360 veneranda,
1789 2326 1877 2363 ipsam
1907 2326 2038 2363 Regulam

1189 2374 1380 2402 confirmando
1402 2382 1456 2402 non
1477 2373 1673 2410 approbasset,
1689 2373 1710 2402 si
1726 2373 1754 2402 111
1770 2381 1801 2402 93
1818 2373 1920 2410 aliquid
1944 2373 2038 2402 incon-

1189 2429 1292 2458 gruum
1315 2424 1341 2449 et
1363 2420 1565 2449 inobservabile
1587 2421 1773 2457 perspexisset
1786 2420 1816 2448 ¹⁰.
1840 2420 1900 2449 Ideo
1915 2420 2038 2449 voventi-

1189 2469 1243 2497 bus
1270 2476 1331 2497 eam
1359 2476 1413 2496 non
1442 2471 1483 2496 est
1511 2468 1628 2505 laqueus
1652 2467 1861 2504 perplexitatis,
1883 2467 2037 2496 1169110111-

1189 2518 1271 2552 geant
1292 2515 1414 2552 diligenti
1438 2515 1559 2549 cautela,
1575 2518 1607 2543 ut
1622 2523 1675 2543 non
1691 2514 1830 2543 offendant
1851 2517 1948 2543 contra
1963 2522 2036 2548 eam,

343 2718 349 2731 ¹
370 2718 414 2740 (111.
432 2725 503 2746 supra
520 2718 607 2746 Opusc.
624 2719 661 2741 Xl.
679 2718 792 2746 Apologia
810 2723 953 2746 pauperum,
971 2724 992 2740 c.
1013 2718 1050 2740 ll.
1067 2724 1089 2740 n.
1107 2718 1130 2740 6.

281 2764 346 2786 seqq.
363 2761 385 2780 et
402 2757 486 2786 Opusc.
500 2758 547 2780 Xll.
562 2758 631 2786 Epist.
650 2758 680 2780 de
697 2757 771 2780 tribus
788 2760 878 2786 quaest.
892 2760 935 2779 etc.
947 2764 968 2779 n.
981 2758 1029 2780 3-5.
1042 2760 1063 2779 et
1075 2764 1096 2779 n.
1110 2757 1131 2778 8.

280 2809 311 2812 -—
328 2797 385 2819 Edd.
403 2796 505 2820 Praestet
521 2796 582 2819 enim
601 2796 668 2820 Sedis
685 2796 837 2826 apostolicae.

343 2834 352 2848 ²
370 2836 434 2858 Vat.:
451 2837 489 2859 An
511 2836 611 2859 Fratres
635 2835 740 2860 Alium-es
766 2835 979 2865 transgrediamur
1002 2835 1129 2865 Remdam,

281 2880 336 2897 cum
350 2875 478 2904 pecuniae,
495 2881 555 2905 quae
571 2875 616 2898 sibi
630 2881 677 2904 pro
694 2875 843 2905 eleemosyna
859 2876 1003 2904 9109001111,
1016 2881 1060 2904 [191-
1071 2874 1131 2897 alios

280 2912 355 2942 recipi
370 2915 391 2936 et
408 2914 547 2937 conservari
563 2914 661 2943 facz'ant.

343 2950 353 2964 ⁸
370 2952 425 2980 Cap.
435 2952 456 2974 4.
465 2965 496 2969 -
505 2954 598 2975 Interius
607 2960 650 2981 pro
658 2959 751 2982 semper
761 2954 846 2976 contra
855 2953 960 2983 911114191-
972 2952 1131 2976 contrarium.

344 2990 353 3003 ⁴
371 2991 429 3013 Edd.
446 2992 468 3014 et
484 2992 563 3014 tumen
579 2991 697 3015 inhibetur
714 2992 776 3015 sicut
789 2998 834 3021 per
848 2994 1016 3021 praeceptum,
1034 2993 1061 3015 ut
1072 2997 1128 3019 11011,

281 3036 341 3059 quae
358 3030 427 3052 etiam
444 3030 539 3052 interius
556 3037 598 3058 pro
615 3030 797 3054 rescindendum
813 3031 956 3054 substituunt
967 3030 1131 3054 recedendimt.

1250 2717 1262 2730 ⁵
1279 2717 1336 2740 Cod.
1353 2717 1369 2740 C
1387 2716 1466 2741 Multa
1481 2718 1538 2740 siml
1554 2718 1577 2739 et
1589 2717 1717 2746 putantur.

1252 2756 1262 2769 ⁶
1278 2756 1335 2779 Cod.
1353 2757 1382 2783 B,
1400 2756 1474 2784 posito
1492 2755 1533 2785 qui
1548 2762 1591 2783 pro
1609 2761 1680 2784 quae,
1698 2760 1751 2777 cum
1770 2754 1787 2775 A
1805 2752 1963 2776 observemus.
1980 2753 2036 2775 inse-

1188 2796 1237 2818 11115
1254 2802 1297 2824 pro
1311 2797 1476 2825 procurentur
1493 2795 1510 2817 B
1527 2795 1648 2817 emautur.

1252 2834 1261 2847 ⁷
1279 2834 1353 2857 Codd.
1370 2835 1387 2857 A
1400 2835 1417 2856 B
1433 2835 1456 2857 et
1471 2834 1520 2857 vrbe
1536 2833 1644 2856 illorum.

1251 2873 1260 2886 ⁸
1281 2874 1330 2896 Vat.
1349 2880 1423 2903 quam
1439 2873 1471 2896 eis
1489 2875 1514 2896 tit
1532 2872 1592 2896 licet.

1252 2910 1262 2924 ⁹
1279 2912 1334 2934 Fide
1351 2912 1403 2934 cod.
1427 2912 1443 2934 B
1465 2911 1599 2934 addidimus
1617 2910 1720 2940 pecunia
1741 2912 1793 2932 ante
1815 2909 1919 2933 interim.
1942 2908 2037 2931 inferius

1189 2957 1232 2979 pro
1249 2951 1339 2974 amicos
1359 2950 1497 2980 spirituales
1514 2951 1568 2973 edd.
1585 2949 1674 2973 amicos
1690 2948 1810 2979 speciales.

1251 2989 1271 3002 ¹⁰
1289 2990 1340 3012 Vat.
1355 2989 1526 3019 prosperasse&

2055 1095 2133 1132 Notaulm.

2054 2099 2113 2118 Intenl
2120 2096 2133 2125 {S

2062 2123 2113 2142 Fran*
2120 2127 2133 2141 ’1.
