2133 3317
129 642 241 662 Sublevatur
250 648 261 660 a

167 668 224 685 terra.

134 1065 217 1083 Sciontia
230 1065 256 1083 in-

173 1090 220 1107 susa.

128 1582 209 1607 Spiritus
218 1588 260 1607 pro-

154 1606 236 1630 phetiae.

158 2149 242 2172 Apparet

149 2171 252 2190 Fratribus.

275 230 330 258 572
680 228 878 257 OPUSCULUM
901 229 990 257 XXIV.
1012 228 1162 257 LEGENDA
1184 229 1287 258 MINOR
1311 230 1425 258 SANCTI
1446 230 1620 258 FRANCISCl.

273 308 308 336 ab
329 308 461 336 orationis
483 307 574 336 studio
596 307 770 343 perturbare.
800 307 904 335 Verum
932 307 985 336 illis
1014 307 1122 336 ferven-

275 356 344 383 tium
368 362 481 391 precum
505 354 665 390 infatigabili
688 354 791 382 virtute
813 353 929 390 fugatis,
944 354 987 382 vir
1001 354 1064 389 Dei,
1079 363 1122 384 so-

274 402 382 430 litarius
404 409 552 430 remanens
573 403 600 429 et
621 403 750 437 pacatus,
779 409 894 429 nemora
925 401 1049 438 replebat
1076 410 1122 439 ge-

273 448 402 482 mitibus,
425 448 483 476 loca
504 447 651 484 spargebat
672 448 816 483 lacrymis,
832 450 945 484 pectora
960 456 1043 476 manu
1059 451 1122 477 tun-

273 495 354 524 debat
375 497 402 523 et
423 494 501 531 quasi
523 494 660 523 occultius
691 494 872 523 secretarium
905 497 1019 528 nactus,
1048 503 1122 523 nunc

274 542 457 579 respondebat
485 541 585 575 ludici,
618 549 691 569 nunc
723 541 896 577 supplicabat
928 541 1015 575 Patri,
1048 550 1122 571 nunc

274 589 430 617 colludebat
451 589 572 625 sponso,
594 596 668 616 nunc
687 588 897 625 colloquebatur
913 588 1012 617 Amico.
1030 588 1065 617 lbi
1083 589 1123 617 vi-

273 644 321 664 sus
342 639 383 664 est
403 638 483 664 nocte
504 643 604 669 orans,
627 635 755 663 manibus
775 638 803 663 et
824 635 945 664 brachiis
959 635 993 663 ad
1010 635 1120 664 modum

273 683 365 711 crucis
387 682 539 719 protensis,
562 684 619 710 toto
640 689 757 718 corpore
780 682 941 710 sublevatus
963 690 978 710 a
1000 685 1075 711 terra
1096 685 1123 711 et

273 730 412 758 nubecula
423 729 541 766 quadam
558 729 681 765 fulgente
696 728 900 763 circumdatus,
916 732 947 757 ut
962 729 1122 758 illustratio-

273 777 316 806 nis
330 780 357 805 et
371 776 532 805 elevationis
544 777 553 792 ¹
575 776 710 804 mirabilis
734 776 806 804 intra
822 779 941 805 mentem
966 777 1035 804 mira
1050 776 1124 805 circa

273 832 375 861 corpus
397 831 459 852 011111
482 823 633 852 elevatione
655 822 726 851 facta
744 823 923 859 perlustratio
944 824 1021 852 testis
1042 826 1121 852 esset.

583 917 676 945 Lectio
698 917 785 945 tertia
797 917 816 945 2.

354 1012 514 1041 Huiusmodi
538 1019 650 1049 quoque
672 1011 939 1039 sursum-actionum
957 1013 1124 1048 supernatu—

274 1060 325 1089 rali
351 1060 468 1093 virtute,
491 1059 563 1088 sicut
584 1059 667 1087 certis
693 1061 734 1087 est
762 1058 972 1094 comprobatum
1002 1057 1123 1091 indiciis,

275 1108 388 1136 incerta
409 1106 459 1135 sibi
482 1109 508 1134 et
529 1105 642 1134 occulta
667 1105 776 1133 divinae
805 1105 994 1141 Sapientiae³
1023 1104 1124 1140 pande*

274 1155 386 1188 bantur,
419 1153 547 1190 quamvis
580 1153 626 1181 illa
657 1161 711 1181 non
744 1152 869 1188 vulgaret
902 1151 1044 1185 exterius,
1073 1151 1124 1179 uisi

275 1203 411 1238 quantum
433 1200 572 1228 fraternae
594 1199 691 1228 salutis
705 1199 823 1236 urgebat
839 1199 930 1232 zelus,
946 1201 972 1227 et
988 1205 1125 1234 supernae

274 1248 450 1277 revelationis
477 1247 598 1275 dictabat
628 1247 783 1275 instinctus.
817 1246 853 1274 Ad
886 1248 989 1274 tantam
1022 1245 1125 1282 quippe

274 1295 374 1324 mentis
396 1294 573 1323 serenitatem
593 1293 758 1322 indefessum
774 1292 907 1321 orationis
922 1292 1045 1320 studium
1061 1298 1125 1319 cum

274 1342 405 1371 continua
426 1341 625 1370 exercitatione
647 1340 784 1369 virtutum
807 1339 898 1368 virum
922 1340 969 1368 Dei
986 1338 1125 1376 perduxe-

274 1393 332 1423 rat,
355 1392 401 1423 ut,
424 1388 551 1426 quamvis
572 1396 715 1417 sacrarum
742 1388 898 1416 litterarum
922 1386 1048 1423 peritiam
1071 1393 1124 1414 non

275 1436 405 1465 habuerit
427 1444 476 1473 per
498 1435 620 1464 studium
644 1434 807 1464 eruditionis
830 1433 1125 1468 111111101100,11101510-

274 1491 337 1512 men
366 1486 495 1511 aeternae
528 1482 676 1510 irradiatus
707 1481 879 1518 fulgoribus,
914 1480 1122 1517 Scripturarum

275 1530 412 1567 profunda
434 1529 546 1566 limpido
576 1529 731 1558 intellectus
759 1532 935 1558 scrutaretur
962 1527 1089 1556 acumine
1100 1527 1120 1554 4.

275 1578 475 1614 Prophetarum
498 1577 579 1605 etiam
602 1576 717 1613 spiritus
740 1576 887 1612 multiplex
910 1575 936 1603 in
958 1578 1014 1603 tam
1031 1574 1124 1602 multi-

274 1624 370 1653 formis
392 1623 564 1661 plenitudine
585 1623 689 1660 gratiae
712 1622 850 1660 requievit
871 1622 898 1650 in
920 1630 968 1656 eo,
992 1625 1023 1650 ut
1038 1621 1125 1658 ipsius

274 1672 378 1700 virtute
401 1671 518 1700 mirifica
540 1678 569 1699 se
602 1670 643 1699 vir
665 1670 712 1699 Dei
746 1672 918 1706 praesentem
954 1667 1124 1705 aliquando⁵

274 1719 334 1748 aliis
355 1718 504 1747 exhiberet
525 1717 686 1746 absentibus
708 1717 890 1753 notitiamque
911 1719 1014 1744 certam
1041 1715 1124 1743 habe-

274 1769 317 1795 ret
338 1766 417 1802 longe
435 1765 613 1800 distantium,
628 1767 734 1793 secreta
749 1771 862 1800 quoque
877 1763 1049 1800 prospiceret
1064 1770 1124 1791 cor—

273 1813 348 1841 dium
377 1820 427 1841 nec
449 1820 503 1841 non
525 1815 551 1840 et
572 1812 733 1840 futurorum
759 1810 969 1847 praenuntiaret
993 1813 1124 1843 eventus,

275 1860 347 1889 510111
368 1859 562 1896 multiplicium
586 1858 779 1895 exemplorum
795 1857 932 1886 evidentia
948 1857 1124 1894 comprobat,

275 1915 310 1935 ex
333 1906 437 1944 quibus
458 1906 552 1943 aliqua
573 1904 799 1934 subscribuntur.

572 2001 663 2029 Lectio
685 2002 795 2039 qztartct
807 1998 827 2026 ⁶.

354 2095 422 2123 Cum
445 2095 518 2123 enim
542 2098 666 2131 tempore
687 2094 807 2131 quodam
829 2094 871 2123 vir
886 2102 964 2123 sacer
980 2094 1125 2128 Antonius,

276 2145 342 2170 tunc
364 2142 475 2179 quidem
499 2142 671 2178 praedicator
693 2142 836 2178 egregius,
859 2149 933 2170 nunc
947 2144 1040 2170 autem
1057 2141 1126 2169 Con—

275 2189 363 2218 fessor
384 2189 484 2217 Christi
509 2188 681 2225 praeclarus,
702 2189 736 2217 de
751 2188 831 2216 titulo
846 2188 952 2217 crucis:
970 2188 1050 2216 lesus
1065 2187 1126 2216 Na-

275 2245 424 2270 zctrenzts,
447 2244 500 2264 rex
522 2235 701 2264 Iudaeorum
714 2235 735 2269 ⁷,
764 2238 895 2263 eructans
920 2234 1069 2269 melliflua,
1098 2234 1125 2262 in

276 2283 396 2320 quodam
418 2281 581 2319 provinciali
603 2281 728 2318 Capitulo
743 2281 815 2317 apud
832 2281 967 2309 Arelatem
983 2280 1126 2308 Fratribus

277 2330 465 2367 praedicaret,
487 2329 530 2357 vir
552 2329 599 2357 Dei
622 2328 800 2362 Franciscus,
822 2328 869 2365 qui
893 2331 959 2356 tunc
983 2327 1010 2355 in
1037 2335 1126 2356 remo-

277 2377 311 2406 tis
332 2377 445 2414 agebat,
468 2376 502 2404 ad
523 2375 647 2404 ostium8
669 2375 787 2412 Capituli
815 2374 842 2403 in
872 2375 936 2403 aere
965 2374 1126 2403 sublevatus

276 2423 421 2461 apparuit,
443 2423 490 2460 qui
513 2426 540 2451 et
561 2421 684 2451 extensis
716 2422 793 2450 velut
823 2422 850 2449 iu
882 2429 966 2450 cruce
998 2420 1126 2449 manibus

277 2471 420 2499 Fratribus
443 2470 621 2504 benedicens,
645 2473 700 2498 tam
731 2469 893 2498 multimoda
923 2469 983 2497 illos
1012 2468 1126 2505 spiritus

277 2518 461 2547 consolatione
483 2517 616 2554 replevit,
638 2519 670 2545 ut
690 2520 766 2545 certa
797 2516 836 2545 eis
864 2516 938 2544 intra
965 2515 1127 2553 semetipsos

277 2565 392 2602 spiritus
414 2564 605 2593 testificatione
633 2565 787 2598 constaret,
819 2563 1021 2600 apparitionem
1052 2561 1126 2591 illam

277 2611 430 2640 mirabilem
455 2610 564 2640 caelesti
586 2610 740 2648 praeditam
767 2610 852 2639 fuisse
880 2610 992 2639 virtute.
1026 2609 1125 2643 Porro,

342 2831 348 2843 ¹
368 2831 423 2854 Cod.
442 2833 459 2854 M
480 2832 670 2855 illuminationis.

341 2869 349 2882 ²
369 2871 423 2893 lbid.
442 2877 462 2893 c.
484 2871 517 2893 lO.
534 2878 556 2893 11.
576 2871 596 2893 t.
614 2874 636 2893 et
653 2878 674 2894 c.
695 2872 728 2893 ll.
745 2878 767 2893 u.
787 2872 807 2893 1,
825 2872 846 2893 3.

342 2908 350 2921 ³
368 2910 450 2931 l‘salm.
469 2910 511 2936 50,
529 2911 550 2932 8.

341 2947 351 2960 ⁴
368 2948 412 2970 cfr.
431 2949 469 2971 iob
488 2950 529 2977 28,
550 2950 583 2971 11.

343 2986 351 2998 ⁵
370 2987 437 3009 Deest
454 2988 474 3009 in
493 2988 529 3010 ed.
546 2987 683 3017 aliquando.

342 3025 351 3038 ⁸
369 3026 425 3049 lbid.
442 3033 461 3048 0.
481 3026 501 3048 4.
519 3034 543 3049 11.
564 3028 597 3049 10.
615 3031 636 3049 et
653 3034 672 3050 c.
694 3028 727 3050 11.
746 3034 768 3050 n.
790 3028 824 3049 11.

1180 307 1246 344 quia
1268 308 1294 336 id
1315 308 1427 336 beatum
1449 309 1556 337 Patrem
1580 317 1633 337 non
1656 309 1751 342 latuit,
1774 312 1899 346 patenter
1920 317 1957 338 ex
1976 310 2027 339 hoc

1180 354 1239 391 ipso
1259 355 1399 389 clarescit,
1416 363 1498 392 quam
1515 355 1627 392 pervius
1642 356 1757 392 spiritus
1772 356 1832 384 eius
1848 356 1901 384 luci
1918 356 2027 392 Sapien-

1183 401 1235 430 tiae
1256 402 1327 430 foret
1348 405 1492 436 aeternae,
1514 410 1586 439 quae
1607 402 1742 431 omnibus
1763 402 1917 431 mobilibus
1938 402 2028 431 mobi-

1181 448 1237 477 lior
1251 453 1305 483 esc,
1320 453 1345 477 et
1360 449 1504 486 111ιὲ119003
1520 449 1625 487 ubique
1636 453 1756 487 propter
1771 450 1821 478 sui
1835 450 2027 484 munditiam,

1180 496 1209 524 111
1233 496 1352 524 amittas
1373 500 1493 524 sanctas
1514 505 1543 524 se
1565 496 1709 533 transfert
1736 501 1761 525 et
1791 497 1841 525 Dez·
1868 497 1978 526 amicos
2003 502 2028 526 et

1175 542 1334 580 prophetas
1355 542 1502 571 constituit
1513 543 1532 571 ⁹.

1473 636 1565 664 Lectio
1587 636 1689 674 quinta
1703 636 1733 664 ¹⁰.

1259 727 1335 766 Apud
1357 733 1479 758 sanctam
1502 730 1613 758 Mariam
1636 730 1669 758 de
1690 730 1883 764 Portiuncula,
1906 730 2030 759 intranti-

1180 777 1233 805 bus
1254 776 1397 805 Fratribus
1419 777 1501 805 semel
1525 785 1560 805 ex
1584 784 1660 805 more
1681 777 1854 813 Capitulum,
1874 785 1937 805 cum
1957 784 2030 805 unus

1180 832 1216 852 ex
1238 824 1277 852 eis
1298 823 1464 852 defensionis
1486 823 1629 852 cuiusdam
1653 827 1742 852 tectus
1764 824 1890 860 palliolo,
1907 832 1935 853 se
1949 824 2030 853 disci-

1181 871 1271 907 plinae
1292 879 1347 899 non
1369 870 1516 904 subderet;
1538 870 1634 899 videns
1655 870 1707 898 hoc
1730 870 1771 899 vir
1793 873 1905 899 sanctus
1926 871 1952 899 in
1975 871 2030 908 spi-

1182 918 1254 952 ritu,
1275 918 1322 954 qui
1345 918 1372 946 in
1395 918 1463 946 cella
1490 920 1556 946 tunc
1584 925 1667 946 orans
1694 921 1837 955 sequester
1865 921 1891 946 et
1918 918 2031 946 medius

1181 968 1241 994 erat
1263 965 1334 993 inter
1355 965 1464 993 eosdem
1480 965 1588 993 Fratres
1603 968 1629 993 et
1644 965 1732 993 Deum
1746 966 1778 998 ¹¹,
1795 965 1885 993 vocari
1901 965 1934 993 ad
1949 973 1978 994 se
1992 964 2030 993 fe-

1182 1012 1218 1040 cit
1240 1020 1328 1040 unum
1350 1020 1385 1040 ex
1408 1012 1489 1048 ipsis,
1511 1012 1555 1040 cui
1578 1015 1605 1040 et
1626 1012 1712 1040 dixit:
1734 1024 1746 1037 «
1761 1011 1840 1046 Vidi,
1855 1012 1959 1046 Frater,
1974 1011 2031 1040 dia-

1182 1059 1276 1087 bolum
1299 1067 1384 1096 super
1407 1059 1480 1088 illius
1502 1059 1605 1087 Fratris
1627 1059 1809 1087 inobedientis
1830 1059 1960 1093 dorsum,
1976 1059 2030 1088 col-

1182 1106 1240 1134 lum
1262 1106 1322 1134 eius
1344 1109 1482 1135 tenentem
1503 1106 1665 1140 astrictum,
1688 1106 1736 1142 qui
1759 1106 1804 1134 tali
1833 1113 1940 1134 sessore
1965 1106 2031 1134 sub-

1182 1156 1276 1186 actus,
1298 1153 1469 1182 obedientiae
1490 1153 1568 1181 freno
1590 1156 1699 1189 spreto,
1722 1153 1869 1181 instinctus
1895 1153 1969 1182 illius
1990 1160 2031 1182 se-

1182 1200 1322 1237 quebatur
1344 1200 1474 1229 habenas.
1497 1200 1571 1228 Vade
1592 1200 1677 1237 igitur
1699 1203 1726 1229 et
1747 1200 1791 1228 dic
1805 1200 1909 1234 Fratri,
1924 1200 2032 1229 1110110-

1182 1247 1300 1276 dientiae
1322 1251 1432 1276 sanctae
1454 1247 1555 1276 collum
1578 1247 1636 1275 sine
1657 1255 1736 1275 mora
1751 1246 1910 1281 submittat,
1925 1255 1989 1275 cum
2005 1249 2032 1276 et

1183 1294 1228 1323 ille
1250 1295 1301 1323 hoc
1323 1298 1454 1331 suggerat
1475 1294 1551 1329 fieri,
1574 1294 1607 1323 ad
1629 1294 1709 1322 cuius
1731 1302 1845 1331 precum
1873 1294 2030 1322 instantiam

1182 1341 1298 1370 daemon
1322 1341 1366 1370 ille
1387 1341 1519 1370 confusus
1540 1341 1713 1370 abscessit».
1737 1341 1855 1369 Monitus
1875 1349 1925 1377 per
1946 1341 2032 1369 inter—

1183 1389 1312 1417 1111111111111
1334 1389 1441 1423 Frater,
1464 1388 1684 1425 compunctionis
1713 1391 1845 1425 concepto
1872 1388 1972 1424 spiritu
2000 1395 2031 1416 ac

1183 1435 1307 1464 veritatis
1329 1436 1390 1464 luce
1413 1439 1558 1472 percepta,
1580 1443 1674 1464 coram
1695 1435 1747 1463 viri
1771 1434 1855 1463 sancti
1879 1434 1988 1463 Vicario
2003 1434 2030 1462 in

1182 1483 1278 1511 faciem
1301 1483 1434 1520 procidit,
1456 1491 1485 1511 se
1506 1482 1597 1519 ipsum
1613 1482 1779 1519 culpabilem
1796 1481 1970 1518 recognovit,
1987 1489 2032 1510 ve-

1182 1529 1255 1558 niam
1278 1529 1371 1566 petiit,
1394 1529 1565 1566 disciplinam
1588 1529 1710 1566 suscepit
1731 1532 1757 1557 et
1779 1528 1895 1565 pertulit
1909 1535 1941 1556 ac
1955 1527 2031 1557 dein-

1183 1585 1246 1613 ceps
1268 1584 1317 1613 per
1339 1576 1432 1605 omnia
1453 1576 1596 1604 humiliter
1618 1575 1746 1604 obedivit.

1486 1670 1578 1698 Lectio
1600 1673 1682 1698 sexta
1694 1670 1727 1697 ¹2.

1261 1764 1329 1792 Cum
1351 1766 1444 1793 autem
1466 1763 1494 1792 in
1513 1764 1603 1792 Monte
1618 1767 1743 1792 maneret
1757 1764 1890 1792 Alvernae
1905 1763 1973 1792 cella
1987 1771 2032 1792 re-

1183 1811 1294 1845 clusus,
1316 1819 1390 1839 unus
1412 1818 1448 1839 ex
1469 1810 1550 1839 sociis
1571 1819 1670 1847 magno
1689 1810 1826 1839 desiderio
1840 1810 1969 1847 cupiebat
1983 1810 2032 1839 ha-

1183 1858 1249 1887 bere
1270 1858 1303 1887 de
1325 1858 1418 1887 verbis
1433 1857 1540 1886 Domini
1557 1857 1668 1895 aliquod
1694 1857 1827 1894 scriptum
1846 1865 1931 1886 manu
1945 1857 2033 1894 ipsius

1183 1905 1305 1934 breviter
1336 1907 1506 1934 annotatum.
1538 1905 1655 1934 Gravem
1690 1905 1763 1933 enim
1791 1913 1847 1942 qua
1877 1905 2033 1934 vexabatur

1183 1953 1361 1982 tentationem
1385 1961 1439 1981 non
1462 1952 1568 1986 carnis,
1591 1952 1638 1981 sed
1660 1952 1791 1989 spiritus,
1814 1952 1924 1980 ex-hoc
1938 1951 2032 1981 crede-

1183 2000 1230 2029 bat
1251 2000 1368 2029 evadere
1390 2000 1433 2028 vel
1455 2003 1529 2028 certe
1550 1999 1639 2028 levius
1654 1999 1736 2028 ferre.
1751 1999 1808 2028 Tali
1824 1999 1960 2028 desiderio
1975 1999 2033 2027 lan-

1183 2055 1288 2084 guens,
1310 2047 1478 2075 anxiabatur
1494 2046 1626 2080 interius;
1642 2046 1723 2083 quia,
1739 2054 1803 2075 cum
1818 2048 1890 2075 esset
1904 2045 2032 2080 humilis,

1183 2094 1338 2131 pudoratus
1359 2096 1386 2122 et
1407 2094 1542 2130 simplex,
1564 2093 1732 2122 verecundia
1753 2093 1858 2127 victus,
1880 2092 2033 2122 reverendo

1184 2141 1255 2169 Patri
1278 2149 1337 2170 rem
1360 2140 1481 2177 pandere
1502 2149 1556 2169 non
1577 2140 1704 2169 audebat.
1728 2140 1779 2169 Sed
1801 2140 1844 2168 cui
1868 2140 1952 2168 homo
1978 2147 2033 2168 non

1183 2188 1254 2216 dixit
1282 2187 1402 2224 Spiritus
1434 2187 1574 2216 revelavit.
1598 2187 1702 2215 Portari
1726 2195 1845 2224 namque
1873 2187 1924 2215 sibi
1954 2186 2034 2215 iussit

1183 2243 1199 2263 a
1220 2235 1314 2263 Fratre
1336 2234 1476 2271 praedicto
1494 2236 1682 2263 atramentum
1699 2237 1726 2263 et
1741 2235 1865 2263 chartam
1882 2234 2033 2271 laudesque

1183 2281 1291 2310 Domini
1312 2281 1393 2310 iuxta
1414 2281 1517 2310 Fratris
1537 2281 1705 2310 desiderium
1729 2289 1791 2310 cum
1814 2281 1901 2318 ipsius
1921 2280 2032 2309 benedi-

1184 2327 1273 2356 ctione
1295 2328 1409 2364 propria
1430 2336 1513 2356 manu
1535 2327 1728 2361 conscribens,
1751 2328 1839 2356 eidem
1867 2328 1940 2365 quod
1964 2327 2032 2356 scri-

1183 2377 1276 2411 pserat
1297 2374 1449 2403 liberaliter
1470 2374 1586 2409 obtulit,
1608 2377 1635 2403 et
1656 2374 1746 2403 omnis
1764 2374 1810 2403 illa
1824 2374 1938 2403 tentatio
1953 2382 2033 2411 pror-

1184 2430 1231 2450 sus
1252 2421 1393 2450 abscessit.
1417 2422 1476 2458 Ipsa
1498 2430 1610 2459 quoque
1630 2422 1754 2450 litterula
1774 2425 1915 2450 reservata
1936 2421 1962 2450 111
1985 2429 2032 2458 110-

1184 2471 1290 2497 510111111
1314 2468 1438 2497 remedia
1459 2468 1583 2497 sanitatis
1603 2476 1686 2505 quam
1710 2468 1839 2505 plurimis
1854 2468 1985 2503 contulit,
2001 2470 2032 2497 ut

1183 2523 1220 2544 ex
1241 2515 1293 2544 hoc
1308 2515 1474 2544 claresceret
1488 2515 1633 2549 omnibus,
1649 2515 1744 2552 quanti
1762 2514 1852 2544 meriti
1868 2523 1960 2543 coram
1974 2515 2031 2544 Deo

1183 2562 1302 2599 scriptor
1324 2562 1411 2599 ipsius
1432 2562 1586 2596 exstiterit,
1608 2562 1655 2598 qui
1682 2564 1774 2590 tantae
1803 2561 1914 2591 virtutis
1941 2561 2031 2591 effica-

1183 2609 1252 2638 ciam
1275 2609 1303 2637 in
1325 2608 1457 2638 schedula
1477 2608 1634 2645 conscripta
1656 2608 1777 2646 reliquit.

1246 2830 1254 2844 ⁷
1274 2832 1335 2854 loan.
1357 2832 1395 2858 19,
1418 2832 1451 2853 19.

1245 2869 1254 2882 ⁸
1272 2870 1327 2893 Cod.
1346 2871 1363 2893 Α
1381 2869 1500 2893 ostiolum.
1523 2870 1617 2892 1111011115
1642 2872 1694 2892 ante
1717 2868 1877 2892 consolatione
1901 2869 1920 2891 M
1946 2868 2030 2891 omittit

1181 2909 1288 2939 5111111113.
1758 2907 1767 2920 ⁹
1785 2909 1838 2936 Sap.
1855 2908 1881 2936 7,
1900 2907 1937 2930 24.
1954 2911 1975 2930 et
1993 2907 2030 2930 27.

1246 2948 1265 2961 ¹0
1283 2949 1339 2971 lbid.
1357 2955 1376 2971 0.
1395 2949 1431 2970 ll.
1448 2955 1470 2970 n.
1489 2948 1496 2969 l
1508 2949 1525 2970 1,

1245 2987 1263 3000 ¹¹
1282 2988 1411 3015 Respicitur
1428 2987 1493 3009 Deut.
1512 2987 1538 3014 5,
1556 2986 1578 3008 5.

1245 3026 1266 3039 ¹²
1283 3026 1339 3049 lbid.
1356 3033 1376 3049 c.
1394 3027 1431 3048 lll.
1449 3032 1471 3048 n.
1489 3027 1510 3048 9.

2055 739 2122 763 Coguos

2054 762 2127 786 1011111111,

2051 787 2069 804 et
2082 791 2120 805 secr

2054 809 2120 829 eoi-dim

2046 1770 2100 1790 Aliud
2117 1775 2132 1790 m
