<?xml version="1.0" encoding="UTF-8"?>
<!DOCTYPE html PUBLIC "-//W3C//DTD XHTML 1.0 Transitional//EN"
    "http://www.w3.org/TR/xhtml1/DTD/xhtml1-transitional.dtd">
<html xmlns="http://www.w3.org/1999/xhtml" xml:lang="en" lang="en">
 <head>
  <title>
</title>
<meta http-equiv="Content-Type" content="text/html;charset=utf-8" />
  <meta name='ocr-system' content='tesseract 3.04.00' />
  <meta name='ocr-capabilities' content='ocr_page ocr_carea ocr_par ocr_line ocrx_word'/>
</head>
<body>
  <div class='ocr_page' id='page_1' title='image "./doctorisseraphic08bona_0442.png"; bbox 0 0 2133 3317; ppageno 0'>
   <div class='ocr_carea' id='block_1_1' title="bbox 165 1155 277 1202">
    <p class='ocr_par' dir='ltr' id='par_1_1' title="bbox 165 1155 277 1202">
     <span class='ocr_line' id='line_1_1' title="bbox 170 1155 273 1178; baseline 0 -5"><span class='ocrx_word' id='word_1_1' title='bbox 170 1155 273 1178; x_wconf 79' lang='lat' dir='ltr'>Utrumque</span> 
     </span>
     <span class='ocr_line' id='line_1_2' title="bbox 165 1178 277 1202; baseline -0.009 -5"><span class='ocrx_word' id='word_1_2' title='bbox 165 1178 277 1202; x_wconf 79' lang='lat' dir='ltr'>perfectum.</span> 
     </span>
    </p>
   </div>
   <div class='ocr_carea' id='block_1_2' title="bbox 149 1434 281 1500">
    <p class='ocr_par' dir='ltr' id='par_1_2' title="bbox 149 1434 281 1500">
     <span class='ocr_line' id='line_1_3' title="bbox 149 1434 281 1453; baseline 0 0"><span class='ocrx_word' id='word_1_3' title='bbox 149 1434 237 1453; x_wconf 59' lang='lat' dir='ltr'>Absurda</span> <span class='ocrx_word' id='word_1_4' title='bbox 247 1434 281 1453; x_wconf 83' lang='lat' dir='ltr'>ad-</span> 
     </span>
     <span class='ocr_line' id='line_1_4' title="bbox 160 1458 280 1485; baseline 0.017 -10"><span class='ocrx_word' id='word_1_5' title='bbox 160 1458 239 1485; x_wconf 71' lang='lat' dir='ltr'>versarii</span> <span class='ocrx_word' id='word_1_6' title='bbox 247 1458 280 1477; x_wconf 83' lang='lat' dir='ltr'>do-</span> 
     </span>
     <span class='ocr_line' id='line_1_5' title="bbox 159 1483 227 1500; baseline 0.015 -1"><span class='ocrx_word' id='word_1_7' title='bbox 159 1483 227 1500; x_wconf 79' lang='lat' dir='ltr'>ctrina.</span> 
     </span>
    </p>
   </div>
   <div class='ocr_carea' id='block_1_3' title="bbox 160 2596 281 2639">
    <p class='ocr_par' dir='ltr' id='par_1_3' title="bbox 160 2596 281 2639">
     <span class='ocr_line' id='line_1_6' title="bbox 160 2596 281 2621; baseline 0.008 -6"><span class='ocrx_word' id='word_1_8' title='bbox 160 2596 202 2615; x_wconf 82' lang='lat' dir='ltr'>Mos</span> <span class='ocrx_word' id='word_1_9' title='bbox 217 2601 281 2621; x_wconf 80' lang='lat' dir='ltr'>super-</span> 
     </span>
     <span class='ocr_line' id='line_1_7' title="bbox 185 2620 258 2639; baseline 0 0"><span class='ocrx_word' id='word_1_10' title='bbox 185 2620 258 2639; x_wconf 83' lang='lat' dir='ltr'>borum.</span> 
     </span>
    </p>
   </div>
   <div class='ocr_carea' id='block_1_4' title="bbox 291 228 348 258">
    <p class='ocr_par' dir='ltr' id='par_1_4' title="bbox 291 228 348 258">
     <span class='ocr_line' id='line_1_8' title="bbox 291 228 348 258; baseline -0.018 0"><span class='ocrx_word' id='word_1_11' title='bbox 291 228 348 258; x_wconf 84' lang='lat'>310</span> 
     </span>
    </p>
   </div>
   <div class='ocr_carea' id='block_1_5' title="bbox 292 303 1145 2209">
    <p class='ocr_par' dir='ltr' id='par_1_5' title="bbox 292 303 1143 1087">
     <span class='ocr_line' id='line_1_9' title="bbox 293 303 1139 342; baseline -0.006 -6"><span class='ocrx_word' id='word_1_12' title='bbox 293 306 464 340; x_wconf 91' lang='lat' dir='ltr'>communia,</span> <span class='ocrx_word' id='word_1_13' title='bbox 487 305 590 342; x_wconf 91' lang='lat' dir='ltr'>quibus</span> <span class='ocrx_word' id='word_1_14' title='bbox 618 307 659 333; x_wconf 90' lang='lat' dir='ltr'>est</span> <span class='ocrx_word' id='word_1_15' title='bbox 680 312 730 332; x_wconf 84' lang='lat' dir='ltr'>cor</span> <span class='ocrx_word' id='word_1_16' title='bbox 758 312 853 332; x_wconf 72' lang='lat' dir='ltr'>mutin</span> <span class='ocrx_word' id='word_1_17' title='bbox 880 307 906 332; x_wconf 91' lang='lat' dir='ltr'>et</span> <span class='ocrx_word' id='word_1_18' title='bbox 933 303 1036 332; x_wconf 80' lang='lat' dir='ltr'>anima</span> <span class='ocrx_word' id='word_1_19' title='bbox 1064 311 1139 337; x_wconf 88' lang='lat' dir='ltr'>una,</span> 
     </span>
     <span class='ocr_line' id='line_1_10' title="bbox 292 350 1141 389; baseline -0.005 -7"><span class='ocrx_word' id='word_1_20' title='bbox 292 361 366 382; x_wconf 90' lang='lat' dir='ltr'>unus</span> <span class='ocrx_word' id='word_1_21' title='bbox 387 356 466 389; x_wconf 87' lang='lat' dir='ltr'>pater</span> <span class='ocrx_word' id='word_1_22' title='bbox 491 350 643 388; x_wconf 87' lang='lat' dir='ltr'>spiritualis</span> <span class='ocrx_word' id='word_1_23' title='bbox 671 353 698 379; x_wconf 90' lang='lat' dir='ltr'>et</span> <span class='ocrx_word' id='word_1_24' title='bbox 719 358 775 378; x_wconf 90' lang='lat' dir='ltr'>una</span> <span class='ocrx_word' id='word_1_25' title='bbox 802 358 899 379; x_wconf 91' lang='lat' dir='ltr'>norma</span> <span class='ocrx_word' id='word_1_26' title='bbox 926 350 1044 379; x_wconf 90' lang='lat' dir='ltr'>vivendi.</span> <span class='ocrx_word' id='word_1_27' title='bbox 1073 350 1141 379; x_wconf 85' lang='lat' dir='ltr'>Huic</span> 
     </span>
     <span class='ocr_line' id='line_1_11' title="bbox 292 395 1142 434; baseline -0.005 -5"><span class='ocrx_word' id='word_1_28' title='bbox 292 403 385 429; x_wconf 83' lang='lat' dir='ltr'>tamen</span> <span class='ocrx_word' id='word_1_29' title='bbox 413 397 603 427; x_wconf 78' lang='lat' dir='ltr'>communitati</span> <span class='ocrx_word' id='word_1_30' title='bbox 626 397 797 425; x_wconf 86' lang='lat' dir='ltr'>renuntiare</span> <span class='ocrx_word' id='word_1_31' title='bbox 817 405 876 425; x_wconf 88' lang='lat' dir='ltr'>non</span> <span class='ocrx_word' id='word_1_32' title='bbox 904 400 945 426; x_wconf 80' lang='lat' dir='ltr'>est</span> <span class='ocrx_word' id='word_1_33' title='bbox 968 395 1142 434; x_wconf 82' lang='lat' dir='ltr'>perfectioni</span> 
     </span>
     <span class='ocr_line' id='line_1_12' title="bbox 293 443 1140 481; baseline -0.004 -6"><span class='ocrx_word' id='word_1_34' title='bbox 293 445 493 478; x_wconf 82' lang='lat' dir='ltr'>contrarium,</span> <span class='ocrx_word' id='word_1_35' title='bbox 516 444 584 481; x_wconf 91' lang='lat' dir='ltr'>quin</span> <span class='ocrx_word' id='word_1_36' title='bbox 606 444 698 480; x_wconf 91' lang='lat' dir='ltr'>potius</span> <span class='ocrx_word' id='word_1_37' title='bbox 718 443 783 472; x_wconf 81' lang='lat' dir='ltr'>facit</span> <span class='ocrx_word' id='word_1_38' title='bbox 803 443 837 472; x_wconf 90' lang='lat' dir='ltr'>ad</span> <span class='ocrx_word' id='word_1_39' title='bbox 862 443 1037 480; x_wconf 86' lang='lat' dir='ltr'>perfectionis</span> <span class='ocrx_word' id='word_1_40' title='bbox 1058 451 1140 472; x_wconf 88' lang='lat' dir='ltr'>evan-</span> 
     </span>
     <span class='ocr_line' id='line_1_13' title="bbox 294 490 1140 530; baseline -0.002 -9"><span class='ocrx_word' id='word_1_41' title='bbox 294 493 396 530; x_wconf 87' lang='lat' dir='ltr'>gelicae</span> <span class='ocrx_word' id='word_1_42' title='bbox 417 491 576 525; x_wconf 84' lang='lat' dir='ltr'>cumulum,</span> <span class='ocrx_word' id='word_1_43' title='bbox 599 499 650 527; x_wconf 88' lang='lat' dir='ltr'>pro</span> <span class='ocrx_word' id='word_1_44' title='bbox 671 498 703 519; x_wconf 91' lang='lat' dir='ltr'>eo</span> <span class='ocrx_word' id='word_1_45' title='bbox 724 490 863 524; x_wconf 83' lang='lat' dir='ltr'>videlicet,</span> <span class='ocrx_word' id='word_1_46' title='bbox 885 490 959 527; x_wconf 90' lang='lat' dir='ltr'>quod</span> <span class='ocrx_word' id='word_1_47' title='bbox 983 490 1045 519; x_wconf 85' lang='lat' dir='ltr'>talis</span> <span class='ocrx_word' id='word_1_48' title='bbox 1066 498 1140 519; x_wconf 86' lang='lat' dir='ltr'>com-</span> 
     </span>
     <span class='ocr_line' id='line_1_14' title="bbox 293 536 1141 574; baseline -0.002 -7"><span class='ocrx_word' id='word_1_49' title='bbox 293 538 427 572; x_wconf 88' lang='lat' dir='ltr'>munitas,</span> <span class='ocrx_word' id='word_1_50' title='bbox 456 545 625 574; x_wconf 90' lang='lat' dir='ltr'>quamquam</span> <span class='ocrx_word' id='word_1_51' title='bbox 648 539 741 565; x_wconf 87' lang='lat' dir='ltr'>manet</span> <span class='ocrx_word' id='word_1_52' title='bbox 769 544 805 565; x_wconf 86' lang='lat' dir='ltr'>ex</span> <span class='ocrx_word' id='word_1_53' title='bbox 826 536 888 565; x_wconf 91' lang='lat' dir='ltr'>iure</span> <span class='ocrx_word' id='word_1_54' title='bbox 914 536 1022 571; x_wconf 89' lang='lat' dir='ltr'>divino,</span> <span class='ocrx_word' id='word_1_55' title='bbox 1048 540 1141 565; x_wconf 89' lang='lat' dir='ltr'>manat</span> 
     </span>
     <span class='ocr_line' id='line_1_15' title="bbox 293 583 1141 620; baseline -0.001 -7"><span class='ocrx_word' id='word_1_56' title='bbox 293 585 375 613; x_wconf 89' lang='lat' dir='ltr'>etiam</span> <span class='ocrx_word' id='word_1_57' title='bbox 397 592 433 613; x_wconf 82' lang='lat' dir='ltr'>ex</span> <span class='ocrx_word' id='word_1_58' title='bbox 454 584 589 618; x_wconf 87' lang='lat' dir='ltr'>humano,</span> <span class='ocrx_word' id='word_1_59' title='bbox 611 586 638 612; x_wconf 92' lang='lat' dir='ltr'>et</span> <span class='ocrx_word' id='word_1_60' title='bbox 659 584 725 620; x_wconf 90' lang='lat' dir='ltr'>quia</span> <span class='ocrx_word' id='word_1_61' title='bbox 738 584 747 600; x_wconf 84' lang='lat'>¹</span> <span class='ocrx_word' id='word_1_62' title='bbox 768 591 823 611; x_wconf 91' lang='lat' dir='ltr'>non</span> <span class='ocrx_word' id='word_1_63' title='bbox 845 583 935 612; x_wconf 91' lang='lat' dir='ltr'>solum</span> <span class='ocrx_word' id='word_1_64' title='bbox 949 586 990 612; x_wconf 88' lang='lat' dir='ltr'>est</span> <span class='ocrx_word' id='word_1_65' title='bbox 1011 584 1141 620; x_wconf 88' lang='lat' dir='ltr'>spiritua-</span> 
     </span>
     <span class='ocr_line' id='line_1_16' title="bbox 293 630 1142 667; baseline -0.001 -7"><span class='ocrx_word' id='word_1_66' title='bbox 293 631 343 665; x_wconf 88' lang='lat' dir='ltr'>lis,</span> <span class='ocrx_word' id='word_1_67' title='bbox 365 639 463 659; x_wconf 89' lang='lat' dir='ltr'>verum</span> <span class='ocrx_word' id='word_1_68' title='bbox 493 630 575 659; x_wconf 90' lang='lat' dir='ltr'>etiam</span> <span class='ocrx_word' id='word_1_69' title='bbox 597 630 772 666; x_wconf 88' lang='lat' dir='ltr'>temporalis,</span> <span class='ocrx_word' id='word_1_70' title='bbox 801 632 828 658; x_wconf 89' lang='lat' dir='ltr'>et</span> <span class='ocrx_word' id='word_1_71' title='bbox 855 630 935 667; x_wconf 86' lang='lat' dir='ltr'>quia,</span> <span class='ocrx_word' id='word_1_72' title='bbox 964 630 1027 659; x_wconf 88' lang='lat' dir='ltr'>licet</span> <span class='ocrx_word' id='word_1_73' title='bbox 1054 630 1082 659; x_wconf 90' lang='lat' dir='ltr'>in</span> <span class='ocrx_word' id='word_1_74' title='bbox 1110 639 1142 659; x_wconf 90' lang='lat' dir='ltr'>ea</span> 
     </span>
     <span class='ocr_line' id='line_1_17' title="bbox 295 677 1140 714; baseline -0.001 -8"><span class='ocrx_word' id='word_1_75' title='bbox 295 677 462 706; x_wconf 78' lang='lat' dir='ltr'>excludatur</span> <span class='ocrx_word' id='word_1_76' title='bbox 485 677 652 714; x_wconf 73' lang='lat' dir='ltr'>personatis</span> <span class='ocrx_word' id='word_1_77' title='bbox 679 677 847 713; x_wconf 78' lang='lat' dir='ltr'>proprietas,</span> <span class='ocrx_word' id='word_1_78' title='bbox 869 677 1022 705; x_wconf 82' lang='lat' dir='ltr'>includitur</span> <span class='ocrx_word' id='word_1_79' title='bbox 1050 680 1140 706; x_wconf 90' lang='lat' dir='ltr'>tamen</span> 
     </span>
     <span class='ocr_line' id='line_1_18' title="bbox 294 723 1141 761; baseline 0 -9"><span class='ocrx_word' id='word_1_80' title='bbox 294 724 451 761; x_wconf 73' lang='lat' dir='ltr'>proprietas</span> <span class='ocrx_word' id='word_1_81' title='bbox 472 723 642 761; x_wconf 63' lang='lat' dir='ltr'>collegiatis,</span> <span class='ocrx_word' id='word_1_82' title='bbox 665 723 745 752; x_wconf 90' lang='lat' dir='ltr'>cuius</span> <span class='ocrx_word' id='word_1_83' title='bbox 766 723 849 752; x_wconf 89' lang='lat' dir='ltr'>etiam</span> <span class='ocrx_word' id='word_1_84' title='bbox 870 724 1009 760; x_wconf 89' lang='lat' dir='ltr'>quaelibet</span> <span class='ocrx_word' id='word_1_85' title='bbox 1024 732 1141 761; x_wconf 89' lang='lat' dir='ltr'>persona</span> 
     </span>
     <span class='ocr_line' id='line_1_19' title="bbox 295 769 1138 807; baseline 0 -8"><span class='ocrx_word' id='word_1_86' title='bbox 295 770 328 799; x_wconf 90' lang='lat' dir='ltr'>de</span> <span class='ocrx_word' id='word_1_87' title='bbox 360 770 474 807; x_wconf 89' lang='lat' dir='ltr'>collegio</span> <span class='ocrx_word' id='word_1_88' title='bbox 505 770 643 807; x_wconf 79' lang='lat' dir='ltr'>particeps</span> <span class='ocrx_word' id='word_1_89' title='bbox 671 777 731 798; x_wconf 86' lang='lat' dir='ltr'>esse</span> <span class='ocrx_word' id='word_1_90' title='bbox 761 769 932 806; x_wconf 80' lang='lat' dir='ltr'>dignoscitur</span> <span class='ocrx_word' id='word_1_91' title='bbox 963 778 1018 799; x_wconf 94' lang='lat' dir='ltr'>non</span> <span class='ocrx_word' id='word_1_92' title='bbox 1049 770 1138 799; x_wconf 89' lang='lat' dir='ltr'>solum</span> 
     </span>
     <span class='ocr_line' id='line_1_20' title="bbox 296 816 1141 854; baseline 0 -9"><span class='ocrx_word' id='word_1_93' title='bbox 296 819 431 854; x_wconf 90' lang='lat' dir='ltr'>quantum</span> <span class='ocrx_word' id='word_1_94' title='bbox 454 816 487 845; x_wconf 91' lang='lat' dir='ltr'>ad</span> <span class='ocrx_word' id='word_1_95' title='bbox 515 825 618 851; x_wconf 76' lang='lat' dir='ltr'>usum,</span> <span class='ocrx_word' id='word_1_96' title='bbox 645 824 742 845; x_wconf 91' lang='lat' dir='ltr'>verum</span> <span class='ocrx_word' id='word_1_97' title='bbox 764 817 847 845; x_wconf 90' lang='lat' dir='ltr'>etiam</span> <span class='ocrx_word' id='word_1_98' title='bbox 872 820 1008 853; x_wconf 90' lang='lat' dir='ltr'>quantum</span> <span class='ocrx_word' id='word_1_99' title='bbox 1034 817 1068 845; x_wconf 90' lang='lat' dir='ltr'>ad</span> <span class='ocrx_word' id='word_1_100' title='bbox 1092 817 1141 845; x_wconf 78' lang='lat' dir='ltr'>clo-</span> 
     </span>
     <span class='ocr_line' id='line_1_21' title="bbox 294 863 1143 900; baseline 0.001 -9"><span class='ocrx_word' id='word_1_101' title='bbox 294 863 435 898; x_wconf 78' lang='lat' dir='ltr'>minimn,</span> <span class='ocrx_word' id='word_1_102' title='bbox 458 863 524 892; x_wconf 89' lang='lat' dir='ltr'>dum</span> <span class='ocrx_word' id='word_1_103' title='bbox 540 863 734 900; x_wconf 89' lang='lat' dir='ltr'>unusquisque</span> <span class='ocrx_word' id='word_1_104' title='bbox 753 863 812 900; x_wconf 88' lang='lat' dir='ltr'>ipso</span> <span class='ocrx_word' id='word_1_105' title='bbox 826 863 888 892; x_wconf 90' lang='lat' dir='ltr'>iure</span> <span class='ocrx_word' id='word_1_106' title='bbox 903 863 1045 892; x_wconf 80' lang='lat' dir='ltr'>actionem</span> <span class='ocrx_word' id='word_1_107' title='bbox 1059 864 1143 892; x_wconf 86' lang='lat' dir='ltr'>habet</span> 
     </span>
     <span class='ocr_line' id='line_1_22' title="bbox 295 910 1142 947; baseline 0 -8"><span class='ocrx_word' id='word_1_108' title='bbox 295 911 329 939; x_wconf 86' lang='lat' dir='ltr'>ad</span> <span class='ocrx_word' id='word_1_109' title='bbox 350 918 396 939; x_wconf 88' lang='lat' dir='ltr'>res</span> <span class='ocrx_word' id='word_1_110' title='bbox 417 911 547 939; x_wconf 88' lang='lat' dir='ltr'>ecclesiae</span> <span class='ocrx_word' id='word_1_111' title='bbox 568 918 635 939; x_wconf 89' lang='lat' dir='ltr'>suae</span> <span class='ocrx_word' id='word_1_112' title='bbox 667 910 871 947; x_wconf 80' lang='lat' dir='ltr'>recuperandas</span> <span class='ocrx_word' id='word_1_113' title='bbox 899 914 926 939; x_wconf 89' lang='lat' dir='ltr'>et</span> <span class='ocrx_word' id='word_1_114' title='bbox 950 911 1142 947; x_wconf 73' lang='lat' dir='ltr'>exceptionem</span> 
     </span>
     <span class='ocr_line' id='line_1_23' title="bbox 295 956 1142 993; baseline 0.001 -8"><span class='ocrx_word' id='word_1_115' title='bbox 295 956 329 985; x_wconf 90' lang='lat' dir='ltr'>ad</span> <span class='ocrx_word' id='word_1_116' title='bbox 350 956 548 991; x_wconf 87' lang='lat' dir='ltr'>defendendas;</span> <span class='ocrx_word' id='word_1_117' title='bbox 571 957 645 993; x_wconf 90' lang='lat' dir='ltr'>quod</span> <span class='ocrx_word' id='word_1_118' title='bbox 666 965 732 986; x_wconf 93' lang='lat' dir='ltr'>vere</span> <span class='ocrx_word' id='word_1_119' title='bbox 753 957 889 991; x_wconf 86' lang='lat' dir='ltr'>declarat,</span> <span class='ocrx_word' id='word_1_120' title='bbox 912 957 1025 986; x_wconf 90' lang='lat' dir='ltr'>dominii</span> <span class='ocrx_word' id='word_1_121' title='bbox 1047 965 1142 986; x_wconf 89' lang='lat' dir='ltr'>rerum</span> 
     </span>
     <span class='ocr_line' id='line_1_24' title="bbox 296 1003 1142 1041; baseline 0.001 -9"><span class='ocrx_word' id='word_1_122' title='bbox 296 1003 420 1040; x_wconf 85' lang='lat' dir='ltr'>ipsarum</span> <span class='ocrx_word' id='word_1_123' title='bbox 449 1007 574 1041; x_wconf 87' lang='lat' dir='ltr'>agentem</span> <span class='ocrx_word' id='word_1_124' title='bbox 608 1004 650 1033; x_wconf 90' lang='lat' dir='ltr'>vel</span> <span class='ocrx_word' id='word_1_125' title='bbox 678 1004 863 1041; x_wconf 85' lang='lat' dir='ltr'>excipientem</span> <span class='ocrx_word' id='word_1_126' title='bbox 895 1004 1052 1041; x_wconf 78' lang='lat' dir='ltr'>aliqualiter</span> <span class='ocrx_word' id='word_1_127' title='bbox 1083 1012 1142 1033; x_wconf 90' lang='lat' dir='ltr'>esse</span> 
     </span>
     <span class='ocr_line' id='line_1_25' title="bbox 296 1050 467 1087; baseline 0 -9"><span class='ocrx_word' id='word_1_128' title='bbox 296 1050 467 1087; x_wconf 77' lang='lat' dir='ltr'>participem.</span> 
     </span>
    </p>

    <p class='ocr_par' dir='ltr' id='par_1_6' title="bbox 295 1097 1145 2209">
     <span class='ocr_line' id='line_1_26' title="bbox 378 1097 1143 1134; baseline 0.003 -10"><span class='ocrx_word' id='word_1_129' title='bbox 378 1098 421 1124; x_wconf 74' lang='grc'>17,</span> <span class='ocrx_word' id='word_1_130' title='bbox 444 1097 578 1133; x_wconf 77' lang='lat' dir='ltr'>Quoniam</span> <span class='ocrx_word' id='word_1_131' title='bbox 601 1097 686 1134; x_wconf 83' lang='lat' dir='ltr'>igitur</span> <span class='ocrx_word' id='word_1_132' title='bbox 708 1097 786 1126; x_wconf 90' lang='lat' dir='ltr'>valde</span> <span class='ocrx_word' id='word_1_133' title='bbox 807 1097 917 1126; x_wconf 86' lang='lat' dir='ltr'>difficile</span> <span class='ocrx_word' id='word_1_134' title='bbox 939 1101 992 1132; x_wconf 82' lang='lat' dir='ltr'>est,</span> <span class='ocrx_word' id='word_1_135' title='bbox 1014 1098 1143 1126; x_wconf 90' lang='lat' dir='ltr'>omnibus</span> 
     </span>
     <span class='ocr_line' id='line_1_27' title="bbox 295 1143 1143 1181; baseline 0.002 -10"><span class='ocrx_word' id='word_1_136' title='bbox 295 1143 440 1177; x_wconf 81' lang='lat' dir='ltr'>abdicatis,</span> <span class='ocrx_word' id='word_1_137' title='bbox 455 1144 483 1172; x_wconf 91' lang='lat' dir='ltr'>in</span> <span class='ocrx_word' id='word_1_138' title='bbox 498 1144 555 1172; x_wconf 89' lang='lat' dir='ltr'>sola</span> <span class='ocrx_word' id='word_1_139' title='bbox 572 1147 736 1180; x_wconf 87' lang='lat' dir='ltr'>paupertate</span> <span class='ocrx_word' id='word_1_140' title='bbox 757 1144 893 1181; x_wconf 85' lang='lat' dir='ltr'>gaudere;</span> <span class='ocrx_word' id='word_1_141' title='bbox 915 1144 1026 1173; x_wconf 86' lang='lat' dir='ltr'>difficile</span> <span class='ocrx_word' id='word_1_142' title='bbox 1044 1144 1143 1173; x_wconf 46' lang='lat' dir='ltr'>nihilo*</span> 
     </span>
     <span class='ocr_line' id='line_1_28' title="bbox 295 1190 1143 1227; baseline 0.002 -9"><span class='ocrx_word' id='word_1_143' title='bbox 295 1190 404 1224; x_wconf 84' lang='lat' dir='ltr'>minus,</span> <span class='ocrx_word' id='word_1_144' title='bbox 426 1190 502 1218; x_wconf 89' lang='lat' dir='ltr'>omni</span> <span class='ocrx_word' id='word_1_145' title='bbox 524 1191 692 1227; x_wconf 85' lang='lat' dir='ltr'>proprietate</span> <span class='ocrx_word' id='word_1_146' title='bbox 717 1191 846 1226; x_wconf 84' lang='lat' dir='ltr'>exclusa,</span> <span class='ocrx_word' id='word_1_147' title='bbox 876 1191 933 1220; x_wconf 89' lang='lat' dir='ltr'>sola</span> <span class='ocrx_word' id='word_1_148' title='bbox 961 1191 1143 1220; x_wconf 84' lang='lat' dir='ltr'>ecclesiastica</span> 
     </span>
     <span class='ocr_line' id='line_1_29' title="bbox 296 1236 1144 1275; baseline 0.004 -11"><span class='ocrx_word' id='word_1_149' title='bbox 296 1236 514 1265; x_wconf 82' lang='lat' dir='ltr'>communitate2</span> <span class='ocrx_word' id='word_1_150' title='bbox 536 1245 596 1265; x_wconf 91' lang='lat' dir='ltr'>esse</span> <span class='ocrx_word' id='word_1_151' title='bbox 617 1240 794 1266; x_wconf 89' lang='lat' dir='ltr'>contentum:</span> <span class='ocrx_word' id='word_1_152' title='bbox 816 1237 877 1266; x_wconf 90' lang='lat' dir='ltr'>ideo</span> <span class='ocrx_word' id='word_1_153' title='bbox 898 1241 1053 1275; x_wconf 89' lang='lat' dir='ltr'>utrumque</span> <span class='ocrx_word' id='word_1_154' title='bbox 1080 1246 1144 1275; x_wconf 87' lang='lat' dir='ltr'>per-</span> 
     </span>
     <span class='ocr_line' id='line_1_30' title="bbox 295 1283 1143 1322; baseline 0.002 -11"><span class='ocrx_word' id='word_1_155' title='bbox 295 1283 398 1312; x_wconf 82' lang='lat' dir='ltr'>fectum</span> <span class='ocrx_word' id='word_1_156' title='bbox 417 1291 471 1312; x_wconf 91' lang='lat' dir='ltr'>non</span> <span class='ocrx_word' id='word_1_157' title='bbox 487 1284 640 1313; x_wconf 91' lang='lat' dir='ltr'>secundum</span> <span class='ocrx_word' id='word_1_158' title='bbox 659 1284 809 1313; x_wconf 89' lang='lat' dir='ltr'>humanam</span> <span class='ocrx_word' id='word_1_159' title='bbox 825 1285 1014 1319; x_wconf 81' lang='lat' dir='ltr'>traditionem,</span> <span class='ocrx_word' id='word_1_160' title='bbox 1029 1288 1061 1313; x_wconf 91' lang='lat' dir='ltr'>ut</span> <span class='ocrx_word' id='word_1_161' title='bbox 1075 1293 1143 1322; x_wconf 86' lang='lat' dir='ltr'>pau-</span> 
     </span>
     <span class='ocr_line' id='line_1_31' title="bbox 296 1330 1143 1366; baseline 0.001 -8"><span class='ocrx_word' id='word_1_162' title='bbox 296 1337 395 1366; x_wconf 87' lang='lat' dir='ltr'>perum</span> <span class='ocrx_word' id='word_1_163' title='bbox 418 1330 594 1359; x_wconf 88' lang='lat' dir='ltr'>adversarius</span> <span class='ocrx_word' id='word_1_164' title='bbox 616 1331 730 1365; x_wconf 87' lang='lat' dir='ltr'>asserit,</span> <span class='ocrx_word' id='word_1_165' title='bbox 752 1331 799 1360; x_wconf 90' lang='lat' dir='ltr'>sed</span> <span class='ocrx_word' id='word_1_166' title='bbox 828 1331 981 1360; x_wconf 91' lang='lat' dir='ltr'>secundum</span> <span class='ocrx_word' id='word_1_167' title='bbox 1003 1331 1047 1360; x_wconf 93' lang='lat' dir='ltr'>ius</span> <span class='ocrx_word' id='word_1_168' title='bbox 1074 1331 1143 1359; x_wconf 91' lang='lat' dir='ltr'>divi-</span> 
     </span>
     <span class='ocr_line' id='line_1_32' title="bbox 296 1376 1143 1411; baseline 0.002 -7"><span class='ocrx_word' id='word_1_169' title='bbox 296 1376 372 1405; x_wconf 89' lang='lat' dir='ltr'>nitus</span> <span class='ocrx_word' id='word_1_170' title='bbox 387 1376 558 1411; x_wconf 88' lang='lat' dir='ltr'>institutum,</span> <span class='ocrx_word' id='word_1_171' title='bbox 577 1377 701 1406; x_wconf 82' lang='lat' dir='ltr'>maxime</span> <span class='ocrx_word' id='word_1_172' title='bbox 720 1378 742 1405; x_wconf 93' lang='lat' dir='ltr'>si</span> <span class='ocrx_word' id='word_1_173' title='bbox 764 1378 815 1406; x_wconf 91' lang='lat' dir='ltr'>hoc</span> <span class='ocrx_word' id='word_1_174' title='bbox 841 1378 989 1406; x_wconf 87' lang='lat' dir='ltr'>comitetur</span> <span class='ocrx_word' id='word_1_175' title='bbox 1011 1378 1143 1407; x_wconf 87' lang='lat' dir='ltr'>castitatis</span> 
     </span>
     <span class='ocr_line' id='line_1_33' title="bbox 296 1424 1142 1461; baseline 0.002 -10"><span class='ocrx_word' id='word_1_176' title='bbox 296 1426 391 1452; x_wconf 92' lang='lat' dir='ltr'>votum</span> <span class='ocrx_word' id='word_1_177' title='bbox 413 1431 477 1452; x_wconf 90' lang='lat' dir='ltr'>cum</span> <span class='ocrx_word' id='word_1_178' title='bbox 509 1424 638 1460; x_wconf 85' lang='lat' dir='ltr'>propriae</span> <span class='ocrx_word' id='word_1_179' title='bbox 660 1424 809 1453; x_wconf 89' lang='lat' dir='ltr'>voluntatis</span> <span class='ocrx_word' id='word_1_180' title='bbox 840 1424 1027 1461; x_wconf 83' lang='lat' dir='ltr'>abnegatione.</span> <span class='ocrx_word' id='word_1_181' title='bbox 1058 1441 1094 1445; x_wconf 92' lang='lat'>—-</span> <span class='ocrx_word' id='word_1_182' title='bbox 1117 1425 1142 1453; x_wconf 85' lang='lat' dir='ltr'>Si</span> 
     </span>
     <span class='ocr_line' id='line_1_34' title="bbox 296 1470 1141 1507; baseline 0.002 -9"><span class='ocrx_word' id='word_1_183' title='bbox 296 1470 359 1507; x_wconf 89' lang='lat' dir='ltr'>quis</span> <span class='ocrx_word' id='word_1_184' title='bbox 378 1478 443 1499; x_wconf 91' lang='lat' dir='ltr'>vero</span> <span class='ocrx_word' id='word_1_185' title='bbox 459 1479 509 1507; x_wconf 90' lang='lat' dir='ltr'>pro</span> <span class='ocrx_word' id='word_1_186' title='bbox 524 1471 582 1499; x_wconf 89' lang='lat' dir='ltr'>sola</span> <span class='ocrx_word' id='word_1_187' title='bbox 595 1471 766 1500; x_wconf 85' lang='lat' dir='ltr'>abdicatione</span> <span class='ocrx_word' id='word_1_188' title='bbox 781 1471 962 1500; x_wconf 88' lang='lat' dir='ltr'>mundialium</span> <span class='ocrx_word' id='word_1_189' title='bbox 979 1471 1141 1500; x_wconf 85' lang='lat' dir='ltr'>facultatum</span> 
     </span>
     <span class='ocr_line' id='line_1_35' title="bbox 297 1517 1142 1554; baseline 0.002 -9"><span class='ocrx_word' id='word_1_190' title='bbox 297 1524 361 1545; x_wconf 88' lang='lat' dir='ltr'>cum</span> <span class='ocrx_word' id='word_1_191' title='bbox 377 1517 530 1546; x_wconf 84' lang='lat' dir='ltr'>retentione</span> <span class='ocrx_word' id='word_1_192' title='bbox 551 1518 723 1554; x_wconf 89' lang='lat' dir='ltr'>quantalibet</span> <span class='ocrx_word' id='word_1_193' title='bbox 737 1518 985 1547; x_wconf 88' lang='lat' dir='ltr'>ecclesiasticorum</span> <span class='ocrx_word' id='word_1_194' title='bbox 1002 1519 1142 1547; x_wconf 85' lang='lat' dir='ltr'>redituum</span> 
     </span>
     <span class='ocr_line' id='line_1_36' title="bbox 298 1563 1143 1602; baseline 0.002 -11"><span class='ocrx_word' id='word_1_195' title='bbox 298 1563 413 1592; x_wconf 86' lang='lat' dir='ltr'>clericos</span> <span class='ocrx_word' id='word_1_196' title='bbox 427 1566 532 1592; x_wconf 79' lang='lat' dir='ltr'>asserat</span> <span class='ocrx_word' id='word_1_197' title='bbox 553 1572 612 1593; x_wconf 89' lang='lat' dir='ltr'>esse</span> <span class='ocrx_word' id='word_1_198' title='bbox 627 1564 778 1601; x_wconf 85' lang='lat' dir='ltr'>perfectos,</span> <span class='ocrx_word' id='word_1_199' title='bbox 795 1572 841 1593; x_wconf 90' lang='lat' dir='ltr'>eos</span> <span class='ocrx_word' id='word_1_200' title='bbox 862 1572 929 1593; x_wconf 87' lang='lat' dir='ltr'>vero</span> <span class='ocrx_word' id='word_1_201' title='bbox 944 1565 1016 1593; x_wconf 91' lang='lat' dir='ltr'>solos</span> <span class='ocrx_word' id='word_1_202' title='bbox 1038 1565 1143 1602; x_wconf 79' lang='lat' dir='ltr'>imper-</span> 
     </span>
     <span class='ocr_line' id='line_1_37' title="bbox 296 1609 1143 1649; baseline 0.002 -11"><span class='ocrx_word' id='word_1_203' title='bbox 296 1609 385 1647; x_wconf 76' lang='lat' dir='ltr'>fectos</span> <span class='ocrx_word' id='word_1_204' title='bbox 406 1614 430 1639; x_wconf 87' lang='lat' dir='ltr'>et</span> <span class='ocrx_word' id='word_1_205' title='bbox 451 1611 588 1645; x_wconf 71' lang='lat' dir='ltr'>clctuttos,</span> <span class='ocrx_word' id='word_1_206' title='bbox 611 1612 658 1648; x_wconf 91' lang='lat' dir='ltr'>qui</span> <span class='ocrx_word' id='word_1_207' title='bbox 687 1614 947 1649; x_wconf 89' lang='lat' dir='ltr'>quantumcumque</span> <span class='ocrx_word' id='word_1_208' title='bbox 971 1612 1082 1641; x_wconf 83' lang='lat' dir='ltr'>exiliter</span> <span class='ocrx_word' id='word_1_209' title='bbox 1109 1612 1143 1641; x_wconf 91' lang='lat' dir='ltr'>de</span> 
     </span>
     <span class='ocr_line' id='line_1_38' title="bbox 297 1657 1143 1695; baseline 0.002 -10"><span class='ocrx_word' id='word_1_210' title='bbox 297 1657 462 1693; x_wconf 91' lang='lat' dir='ltr'>patrimonio</span> <span class='ocrx_word' id='word_1_211' title='bbox 480 1658 578 1686; x_wconf 91' lang='lat' dir='ltr'>vivunt</span> <span class='ocrx_word' id='word_1_212' title='bbox 592 1674 630 1678; x_wconf 86' lang='lat'>——</span> <span class='ocrx_word' id='word_1_213' title='bbox 645 1658 716 1687; x_wconf 85' lang='lat' dir='ltr'>sicut</span> <span class='ocrx_word' id='word_1_214' title='bbox 731 1658 776 1687; x_wconf 89' lang='grc'>1116</span> <span class='ocrx_word' id='word_1_215' title='bbox 791 1658 973 1687; x_wconf 89' lang='lat' dir='ltr'>calumniator</span> <span class='ocrx_word' id='word_1_216' title='bbox 988 1667 1143 1695; x_wconf 88' lang='lat' dir='ltr'>pauperum</span> 
     </span>
     <span class='ocr_line' id='line_1_39' title="bbox 297 1703 1144 1741; baseline 0.001 -9"><span class='ocrx_word' id='word_1_217' title='bbox 297 1703 462 1740; x_wconf 83' lang='lat' dir='ltr'>dogmatizat</span> <span class='ocrx_word' id='word_1_218' title='bbox 472 1721 510 1725; x_wconf 84' lang='lat'>——</span> <span class='ocrx_word' id='word_1_219' title='bbox 525 1705 723 1733; x_wconf 86' lang='lat' dir='ltr'>ecclesiasticae</span> <span class='ocrx_word' id='word_1_220' title='bbox 733 1705 744 1721; x_wconf 75' lang='lat'><strong>3</strong></span> <span class='ocrx_word' id='word_1_221' title='bbox 759 1705 919 1741; x_wconf 88' lang='lat' dir='ltr'>perfectioni</span> <span class='ocrx_word' id='word_1_222' title='bbox 934 1713 988 1733; x_wconf 92' lang='lat' dir='ltr'>non</span> <span class='ocrx_word' id='word_1_223' title='bbox 1005 1705 1144 1734; x_wconf 90' lang='lat' dir='ltr'>modicum</span> 
     </span>
     <span class='ocr_line' id='line_1_40' title="bbox 297 1750 1143 1789; baseline 0.002 -10"><span class='ocrx_word' id='word_1_224' title='bbox 297 1750 418 1787; x_wconf 81' lang='lat' dir='ltr'>derogat.</span> <span class='ocrx_word' id='word_1_225' title='bbox 441 1751 508 1787; x_wconf 87' lang='lat' dir='ltr'>Quis</span> <span class='ocrx_word' id='word_1_226' title='bbox 533 1751 606 1780; x_wconf 91' lang='lat' dir='ltr'>enim</span> <span class='ocrx_word' id='word_1_227' title='bbox 634 1755 893 1789; x_wconf 86' lang='lat' dir='ltr'>quantumcumque</span> <span class='ocrx_word' id='word_1_228' title='bbox 921 1760 1021 1788; x_wconf 87' lang='lat' dir='ltr'>parum</span> <span class='ocrx_word' id='word_1_229' title='bbox 1044 1752 1143 1781; x_wconf 84' lang='lat' dir='ltr'>intelli-</span> 
     </span>
     <span class='ocr_line' id='line_1_41' title="bbox 296 1798 1143 1836; baseline 0.004 -11"><span class='ocrx_word' id='word_1_230' title='bbox 296 1804 363 1834; x_wconf 87' lang='lat' dir='ltr'>gens</span> <span class='ocrx_word' id='word_1_231' title='bbox 384 1805 439 1826; x_wconf 90' lang='lat' dir='ltr'>non</span> <span class='ocrx_word' id='word_1_232' title='bbox 461 1798 602 1832; x_wconf 87' lang='lat' dir='ltr'>advertat,</span> <span class='ocrx_word' id='word_1_233' title='bbox 624 1798 676 1826; x_wconf 89' lang='lat' dir='ltr'>hoc</span> <span class='ocrx_word' id='word_1_234' title='bbox 702 1806 761 1827; x_wconf 88' lang='lat' dir='ltr'>esse</span> <span class='ocrx_word' id='word_1_235' title='bbox 782 1799 909 1827; x_wconf 84' lang='lat' dir='ltr'>insanum</span> <span class='ocrx_word' id='word_1_236' title='bbox 939 1798 1047 1833; x_wconf 79' lang='lat' dir='ltr'>dicere,</span> <span class='ocrx_word' id='word_1_237' title='bbox 1069 1799 1143 1836; x_wconf 86' lang='lat' dir='ltr'>quod</span> 
     </span>
     <span class='ocr_line' id='line_1_42' title="bbox 297 1843 1144 1882; baseline 0.002 -10"><span class='ocrx_word' id='word_1_238' title='bbox 297 1843 397 1881; x_wconf 85' lang='lat' dir='ltr'>aliquis</span> <span class='ocrx_word' id='word_1_239' title='bbox 419 1844 536 1874; x_wconf 88' lang='lat' dir='ltr'>clericus</span> <span class='ocrx_word' id='word_1_240' title='bbox 557 1845 591 1874; x_wconf 90' lang='lat' dir='ltr'>de</span> <span class='ocrx_word' id='word_1_241' title='bbox 611 1845 778 1882; x_wconf 88' lang='lat' dir='ltr'>patrimonio</span> <span class='ocrx_word' id='word_1_242' title='bbox 800 1845 943 1880; x_wconf 84' lang='lat' dir='ltr'>victitans,</span> <span class='ocrx_word' id='word_1_243' title='bbox 968 1846 1017 1874; x_wconf 83' lang='lat' dir='ltr'>vix</span> <span class='ocrx_word' id='word_1_244' title='bbox 1038 1846 1144 1875; x_wconf 88' lang='lat' dir='ltr'>habens</span> 
     </span>
     <span class='ocr_line' id='line_1_43' title="bbox 296 1890 1143 1929; baseline 0.002 -10"><span class='ocrx_word' id='word_1_245' title='bbox 296 1890 401 1919; x_wconf 84' lang='lat' dir='ltr'>victum</span> <span class='ocrx_word' id='word_1_246' title='bbox 423 1894 450 1919; x_wconf 90' lang='lat' dir='ltr'>et</span> <span class='ocrx_word' id='word_1_247' title='bbox 471 1891 617 1926; x_wconf 87' lang='lat' dir='ltr'>vestitum,</span> <span class='ocrx_word' id='word_1_248' title='bbox 633 1891 667 1920; x_wconf 84' lang='lat' dir='ltr'>sit</span> <span class='ocrx_word' id='word_1_249' title='bbox 688 1890 876 1929; x_wconf 78' lang='lat' dir='ltr'>imperfectus</span> <span class='ocrx_word' id='word_1_250' title='bbox 890 1896 917 1921; x_wconf 88' lang='lat' dir='ltr'>et</span> <span class='ocrx_word' id='word_1_251' title='bbox 937 1892 1076 1927; x_wconf 76' lang='lat' dir='ltr'>claudus,</span> <span class='ocrx_word' id='word_1_252' title='bbox 1095 1892 1143 1929; x_wconf 91' lang='lat' dir='ltr'>qui</span> 
     </span>
     <span class='ocr_line' id='line_1_44' title="bbox 297 1938 1144 1975; baseline 0.002 -10"><span class='ocrx_word' id='word_1_253' title='bbox 297 1939 389 1965; x_wconf 89' lang='lat' dir='ltr'>autem</span> <span class='ocrx_word' id='word_1_254' title='bbox 421 1940 662 1975; x_wconf 88' lang='lat' dir='ltr'>quantoscumque</span> <span class='ocrx_word' id='word_1_255' title='bbox 694 1938 801 1967; x_wconf 88' lang='lat' dir='ltr'>reditus</span> <span class='ocrx_word' id='word_1_256' title='bbox 832 1938 914 1967; x_wconf 89' lang='lat' dir='ltr'>habet</span> <span class='ocrx_word' id='word_1_257' title='bbox 946 1938 1093 1973; x_wconf 83' lang='lat' dir='ltr'>ecclesiae,</span> <span class='ocrx_word' id='word_1_258' title='bbox 1122 1939 1144 1968; x_wconf 93' lang='lat' dir='ltr'>si</span> 
     </span>
     <span class='ocr_line' id='line_1_45' title="bbox 296 1984 1144 2024; baseline 0.004 -12"><span class='ocrx_word' id='word_1_259' title='bbox 296 1984 419 2020; x_wconf 88' lang='lat' dir='ltr'>paternis</span> <span class='ocrx_word' id='word_1_260' title='bbox 440 1984 519 2013; x_wconf 90' lang='lat' dir='ltr'>bonis</span> <span class='ocrx_word' id='word_1_261' title='bbox 534 1985 687 2019; x_wconf 85' lang='lat' dir='ltr'>renuntiet,</span> <span class='ocrx_word' id='word_1_262' title='bbox 707 1985 742 2014; x_wconf 94' lang='lat' dir='ltr'>sit</span> <span class='ocrx_word' id='word_1_263' title='bbox 763 1989 859 2014; x_wconf 77' lang='lat' dir='ltr'>rectus</span> <span class='ocrx_word' id='word_1_264' title='bbox 874 1989 960 2024; x_wconf 85' lang='lat' dir='ltr'>atque</span> <span class='ocrx_word' id='word_1_265' title='bbox 979 1985 1144 2023; x_wconf 74' lang='lat' dir='ltr'>perfectus?</span> 
     </span>
     <span class='ocr_line' id='line_1_46' title="bbox 297 2030 1145 2070; baseline 0.004 -12"><span class='ocrx_word' id='word_1_266' title='bbox 297 2030 364 2066; x_wconf 83' lang='lat' dir='ltr'>Quis</span> <span class='ocrx_word' id='word_1_267' title='bbox 395 2039 518 2068; x_wconf 91' lang='lat' dir='ltr'>unquam</span> <span class='ocrx_word' id='word_1_268' title='bbox 540 2032 578 2060; x_wconf 90' lang='lat' dir='ltr'>ita</span> <span class='ocrx_word' id='word_1_269' title='bbox 609 2032 741 2069; x_wconf 88' lang='lat' dir='ltr'>cupidus,</span> <span class='ocrx_word' id='word_1_270' title='bbox 772 2032 810 2061; x_wconf 91' lang='lat' dir='ltr'>ita</span> <span class='ocrx_word' id='word_1_271' title='bbox 840 2033 991 2067; x_wconf 59' lang='grc'>6611161164,</span> <span class='ocrx_word' id='word_1_272' title='bbox 1023 2033 1086 2070; x_wconf 91' lang='lat' dir='ltr'>quis</span> <span class='ocrx_word' id='word_1_273' title='bbox 1107 2033 1145 2061; x_wconf 85' lang='lat' dir='ltr'>ita</span> 
     </span>
     <span class='ocr_line' id='line_1_47' title="bbox 298 2077 1143 2116; baseline 0.005 -12"><span class='ocrx_word' id='word_1_274' title='bbox 298 2077 414 2106; x_wconf 88' lang='lat' dir='ltr'>claudus</span> <span class='ocrx_word' id='word_1_275' title='bbox 428 2078 595 2107; x_wconf 86' lang='lat' dir='ltr'>mentalibus</span> <span class='ocrx_word' id='word_1_276' title='bbox 616 2078 748 2115; x_wconf 89' lang='lat' dir='ltr'>pedibus,</span> <span class='ocrx_word' id='word_1_277' title='bbox 764 2079 811 2116; x_wconf 91' lang='lat' dir='ltr'>qui</span> <span class='ocrx_word' id='word_1_278' title='bbox 833 2087 888 2107; x_wconf 92' lang='lat' dir='ltr'>non</span> <span class='ocrx_word' id='word_1_279' title='bbox 903 2079 1021 2108; x_wconf 87' lang='lat' dir='ltr'>libenter</span> <span class='ocrx_word' id='word_1_280' title='bbox 1039 2082 1143 2108; x_wconf 89' lang='lat' dir='ltr'>statum</span> 
     </span>
     <span class='ocr_line' id='line_1_48' title="bbox 298 2123 1144 2163; baseline 0.004 -11"><span class='ocrx_word' id='word_1_281' title='bbox 298 2123 373 2152; x_wconf 87' lang='lat' dir='ltr'>hunc</span> <span class='ocrx_word' id='word_1_282' title='bbox 394 2127 516 2153; x_wconf 88' lang='lat' dir='ltr'>mutaret</span> <span class='ocrx_word' id='word_1_283' title='bbox 537 2125 565 2153; x_wconf 89' lang='grc'>16</span> <span class='ocrx_word' id='word_1_284' title='bbox 586 2125 691 2153; x_wconf 79' lang='lat' dir='ltr'>illum?</span> <span class='ocrx_word' id='word_1_285' title='bbox 712 2125 842 2162; x_wconf 88' lang='lat' dir='ltr'>Nunquid</span> <span class='ocrx_word' id='word_1_286' title='bbox 863 2126 925 2154; x_wconf 90' lang='lat' dir='ltr'>talis</span> <span class='ocrx_word' id='word_1_287' title='bbox 944 2129 985 2155; x_wconf 89' lang='lat' dir='ltr'>est</span> <span class='ocrx_word' id='word_1_288' title='bbox 1006 2126 1144 2163; x_wconf 86' lang='lat' dir='ltr'>evangeli-</span> 
     </span>
     <span class='ocr_line' id='line_1_49' title="bbox 298 2170 1144 2209; baseline 0.004 -11"><span class='ocrx_word' id='word_1_289' title='bbox 298 2177 345 2199; x_wconf 87' lang='lat' dir='ltr'>cae</span> <span class='ocrx_word' id='word_1_290' title='bbox 367 2170 491 2199; x_wconf 87' lang='lat' dir='ltr'>veritatis</span> <span class='ocrx_word' id='word_1_291' title='bbox 512 2171 660 2208; x_wconf 87' lang='lat' dir='ltr'>perfectio,</span> <span class='ocrx_word' id='word_1_292' title='bbox 682 2180 766 2209; x_wconf 88' lang='lat' dir='ltr'>quam</span> <span class='ocrx_word' id='word_1_293' title='bbox 788 2172 864 2201; x_wconf 88' lang='lat' dir='ltr'>velut</span> <span class='ocrx_word' id='word_1_294' title='bbox 884 2172 1030 2201; x_wconf 89' lang='lat' dir='ltr'>sublimem</span> <span class='ocrx_word' id='word_1_295' title='bbox 1051 2175 1078 2201; x_wconf 89' lang='lat' dir='ltr'>et</span> <span class='ocrx_word' id='word_1_296' title='bbox 1099 2180 1144 2201; x_wconf 90' lang='lat' dir='ltr'>ar-</span> 
     </span>
    </p>
   </div>
   <div class='ocr_carea' id='block_1_6' title="bbox 1171 2033 1175 2204">
    <p class='ocr_par' dir='ltr' id='par_1_7' title="bbox 1171 2033 1175 2204">
     <span class='ocr_line' id='line_1_50' title="bbox 1171 2033 1175 2204; baseline 0 0"><span class='ocrx_word' id='word_1_297' title='bbox 1171 2033 1175 2204; x_wconf 77' lang='grc'>1</span> 
     </span>
    </p>
   </div>
   <div class='ocr_carea' id='block_1_7' title="bbox 770 224 1570 255">
    <p class='ocr_par' dir='ltr' id='par_1_8' title="bbox 770 224 1570 255">
     <span class='ocr_line' id='line_1_51' title="bbox 770 224 1570 255; baseline -0.003 0"><span class='ocrx_word' id='word_1_298' title='bbox 770 226 968 255; x_wconf 89' lang='lat' dir='ltr'>OPUSCULUM</span> <span class='ocrx_word' id='word_1_299' title='bbox 988 225 1030 254; x_wconf 87' lang='lat' dir='ltr'>XI.</span> <span class='ocrx_word' id='word_1_300' title='bbox 1052 224 1214 254; x_wconf 79' lang='lat' dir='ltr'><strong>APOLOGIA</strong></span> <span class='ocrx_word' id='word_1_301' title='bbox 1235 224 1416 254; x_wconf 81' lang='lat' dir='ltr'>PAUPERUM.</span> <span class='ocrx_word' id='word_1_302' title='bbox 1439 224 1507 253; x_wconf 81' lang='lat' dir='ltr'>CAP.</span> <span class='ocrx_word' id='word_1_303' title='bbox 1528 225 1570 253; x_wconf 87' lang='lat' dir='ltr'>XI.</span> 
     </span>
    </p>
   </div>
   <div class='ocr_carea' id='block_1_8' title="bbox 1196 301 2047 2201">
    <p class='ocr_par' dir='ltr' id='par_1_9' title="bbox 1196 301 2039 433">
     <span class='ocr_line' id='line_1_52' title="bbox 1196 301 2039 339; baseline 0 -7"><span class='ocrx_word' id='word_1_304' title='bbox 1196 303 1280 332; x_wconf 87' lang='lat' dir='ltr'>duam</span> <span class='ocrx_word' id='word_1_305' title='bbox 1300 303 1427 332; x_wconf 88' lang='lat' dir='ltr'>Christus</span> <span class='ocrx_word' id='word_1_306' title='bbox 1449 302 1622 331; x_wconf 85' lang='lat' dir='ltr'>commendat</span> <span class='ocrx_word' id='word_1_307' title='bbox 1643 305 1670 331; x_wconf 90' lang='lat' dir='ltr'>et</span> <span class='ocrx_word' id='word_1_308' title='bbox 1684 301 1824 339; x_wconf 87' lang='lat' dir='ltr'>praedicat</span> <span class='ocrx_word' id='word_1_309' title='bbox 1835 301 1855 336; x_wconf 87' lang='lat'>⁵,</span> <span class='ocrx_word' id='word_1_310' title='bbox 1877 301 1911 330; x_wconf 89' lang='lat' dir='ltr'>ad</span> <span class='ocrx_word' id='word_1_311' title='bbox 1932 303 2039 339; x_wconf 86' lang='lat' dir='ltr'>qualem</span> 
     </span>
     <span class='ocr_line' id='line_1_53' title="bbox 1197 348 2038 387; baseline 0 -9"><span class='ocrx_word' id='word_1_312' title='bbox 1197 351 1288 387; x_wconf 88' lang='lat' dir='ltr'>quivis</span> <span class='ocrx_word' id='word_1_313' title='bbox 1314 350 1458 384; x_wconf 88' lang='lat' dir='ltr'>infirmus,</span> <span class='ocrx_word' id='word_1_314' title='bbox 1486 349 1667 386; x_wconf 87' lang='lat' dir='ltr'>imperfectus</span> <span class='ocrx_word' id='word_1_315' title='bbox 1694 351 1722 378; x_wconf 87' lang='lat' dir='ltr'>et</span> <span class='ocrx_word' id='word_1_316' title='bbox 1748 348 1879 383; x_wconf 88' lang='lat' dir='ltr'>claudus,</span> <span class='ocrx_word' id='word_1_317' title='bbox 1908 349 2038 385; x_wconf 88' lang='lat' dir='ltr'>cupidus,</span> 
     </span>
     <span class='ocr_line' id='line_1_54' title="bbox 1197 395 1669 433; baseline -0.002 -8"><span class='ocrx_word' id='word_1_318' title='bbox 1197 397 1336 433; x_wconf 90' lang='lat' dir='ltr'>superbus</span> <span class='ocrx_word' id='word_1_319' title='bbox 1358 399 1385 425; x_wconf 93' lang='lat' dir='ltr'>et</span> <span class='ocrx_word' id='word_1_320' title='bbox 1406 396 1524 425; x_wconf 88' lang='lat' dir='ltr'>carnalis</span> <span class='ocrx_word' id='word_1_321' title='bbox 1544 395 1669 432; x_wconf 74' lang='lat' dir='ltr'>aspirat?</span> 
     </span>
    </p>

    <p class='ocr_par' dir='ltr' id='par_1_10' title="bbox 1196 441 2045 1313">
     <span class='ocr_line' id='line_1_55' title="bbox 1280 441 2040 478; baseline 0.001 -8"><span class='ocrx_word' id='word_1_322' title='bbox 1280 443 1322 471; x_wconf 88' lang='grc'>18.</span> <span class='ocrx_word' id='word_1_323' title='bbox 1345 443 1445 471; x_wconf 82' lang='lat' dir='ltr'>Mirum</span> <span class='ocrx_word' id='word_1_324' title='bbox 1467 445 1558 475; x_wconf 87' lang='lat' dir='ltr'>certe,</span> <span class='ocrx_word' id='word_1_325' title='bbox 1580 441 1602 470; x_wconf 92' lang='lat' dir='ltr'>si</span> <span class='ocrx_word' id='word_1_326' title='bbox 1624 441 1668 470; x_wconf 88' lang='lat' dir='ltr'>via</span> <span class='ocrx_word' id='word_1_327' title='bbox 1688 442 1756 470; x_wconf 91' lang='lat' dir='ltr'>haec</span> <span class='ocrx_word' id='word_1_328' title='bbox 1777 449 1863 475; x_wconf 90' lang='lat' dir='ltr'>nova,</span> <span class='ocrx_word' id='word_1_329' title='bbox 1888 449 1937 478; x_wconf 88' lang='lat' dir='ltr'>per</span> <span class='ocrx_word' id='word_1_330' title='bbox 1958 450 2040 478; x_wconf 86' lang='lat' dir='ltr'>quam</span> 
     </span>
     <span class='ocr_line' id='line_1_56' title="bbox 1196 488 2041 525; baseline -0.001 -7"><span class='ocrx_word' id='word_1_331' title='bbox 1196 492 1245 518; x_wconf 86' lang='lat' dir='ltr'>aut</span> <span class='ocrx_word' id='word_1_332' title='bbox 1266 490 1360 518; x_wconf 88' lang='lat' dir='ltr'>nullus</span> <span class='ocrx_word' id='word_1_333' title='bbox 1381 492 1429 517; x_wconf 88' lang='lat' dir='ltr'>aut</span> <span class='ocrx_word' id='word_1_334' title='bbox 1450 496 1532 517; x_wconf 85' lang='lat' dir='ltr'>rarus</span> <span class='ocrx_word' id='word_1_335' title='bbox 1559 488 1699 525; x_wconf 87' lang='lat' dir='ltr'>perfectus</span> <span class='ocrx_word' id='word_1_336' title='bbox 1720 488 1777 517; x_wconf 91' lang='lat' dir='ltr'>sive</span> <span class='ocrx_word' id='word_1_337' title='bbox 1798 488 1977 525; x_wconf 75' lang='lat' dir='ltr'>imperfectus</span> <span class='ocrx_word' id='word_1_338' title='bbox 2002 488 2041 517; x_wconf 93' lang='lat' dir='ltr'>in-</span> 
     </span>
     <span class='ocr_line' id='line_1_57' title="bbox 1198 535 2040 572; baseline 0 -7"><span class='ocrx_word' id='word_1_339' title='bbox 1198 537 1294 570; x_wconf 83' lang='lat' dir='ltr'>cessit,</span> <span class='ocrx_word' id='word_1_340' title='bbox 1316 535 1438 572; x_wconf 85' lang='lat' dir='ltr'>antiquis</span> <span class='ocrx_word' id='word_1_341' title='bbox 1459 535 1640 572; x_wconf 84' lang='lat' dir='ltr'>praeferenda</span> <span class='ocrx_word' id='word_1_342' title='bbox 1660 537 1702 563; x_wconf 91' lang='lat' dir='ltr'>est</span> <span class='ocrx_word' id='word_1_343' title='bbox 1722 535 1842 569; x_wconf 90' lang='lat' dir='ltr'>semitis,</span> <span class='ocrx_word' id='word_1_344' title='bbox 1864 538 1896 563; x_wconf 90' lang='lat' dir='ltr'>ut</span> <span class='ocrx_word' id='word_1_345' title='bbox 1923 535 2040 565; x_wconf 85' lang='lat' dir='ltr'>clericus</span> 
     </span>
     <span class='ocr_line' id='line_1_58' title="bbox 1197 581 2042 612; baseline -0.001 0"><span class='ocrx_word' id='word_1_346' title='bbox 1197 586 1338 612; x_wconf 82' lang='lat' dir='ltr'>assumtus</span> <span class='ocrx_word' id='word_1_347' title='bbox 1359 582 1392 611; x_wconf 88' lang='lat' dir='ltr'>ad</span> <span class='ocrx_word' id='word_1_348' title='bbox 1421 581 1619 611; x_wconf 89' lang='lat' dir='ltr'>ecclesiasticos</span> <span class='ocrx_word' id='word_1_349' title='bbox 1640 581 1746 610; x_wconf 87' lang='lat' dir='ltr'>reditus</span> <span class='ocrx_word' id='word_1_350' title='bbox 1766 581 1841 610; x_wconf 89' lang='lat' dir='ltr'>omni</span> <span class='ocrx_word' id='word_1_351' title='bbox 1867 589 1896 610; x_wconf 87' lang='lat' dir='ltr'>se</span> <span class='ocrx_word' id='word_1_352' title='bbox 1923 582 2042 611; x_wconf 87' lang='lat' dir='ltr'>denudet</span> 
     </span>
     <span class='ocr_line' id='line_1_59' title="bbox 1198 628 2042 666; baseline -0.001 -8"><span class='ocrx_word' id='word_1_353' title='bbox 1198 630 1375 666; x_wconf 85' lang='lat' dir='ltr'>proprietate.</span> <span class='ocrx_word' id='word_1_354' title='bbox 1397 629 1464 665; x_wconf 85' lang='lat' dir='ltr'>Quis</span> <span class='ocrx_word' id='word_1_355' title='bbox 1490 628 1563 657; x_wconf 92' lang='lat' dir='ltr'>enim</span> <span class='ocrx_word' id='word_1_356' title='bbox 1590 628 1776 657; x_wconf 88' lang='lat' dir='ltr'>saecularium</span> <span class='ocrx_word' id='word_1_357' title='bbox 1804 628 1969 657; x_wconf 85' lang='lat' dir='ltr'>clericorum</span> <span class='ocrx_word' id='word_1_358' title='bbox 1995 636 2042 657; x_wconf 88' lang='lat' dir='ltr'>no-</span> 
     </span>
     <span class='ocr_line' id='line_1_60' title="bbox 1198 674 2043 712; baseline -0.001 -8"><span class='ocrx_word' id='word_1_359' title='bbox 1198 676 1263 704; x_wconf 84' lang='lat' dir='ltr'>stris</span> <span class='ocrx_word' id='word_1_360' title='bbox 1286 675 1457 712; x_wconf 87' lang='lat' dir='ltr'>temporibus</span> <span class='ocrx_word' id='word_1_361' title='bbox 1478 675 1530 703; x_wconf 87' lang='grc'>1100</span> <span class='ocrx_word' id='word_1_362' title='bbox 1552 674 1688 711; x_wconf 83' lang='lat' dir='ltr'>perfecit?</span> <span class='ocrx_word' id='word_1_363' title='bbox 1709 674 1776 710; x_wconf 86' lang='lat' dir='ltr'>Quis</span> <span class='ocrx_word' id='word_1_364' title='bbox 1800 675 1960 711; x_wconf 90' lang='lat' dir='ltr'>proposuit,</span> <span class='ocrx_word' id='word_1_365' title='bbox 1981 675 2043 712; x_wconf 89' lang='lat' dir='ltr'>quis</span> 
     </span>
     <span class='ocr_line' id='line_1_61' title="bbox 1198 721 2043 758; baseline -0.001 -7"><span class='ocrx_word' id='word_1_366' title='bbox 1198 723 1280 751; x_wconf 87' lang='lat' dir='ltr'>etiam</span> <span class='ocrx_word' id='word_1_367' title='bbox 1303 722 1464 755; x_wconf 88' lang='lat' dir='ltr'>somniavit,</span> <span class='ocrx_word' id='word_1_368' title='bbox 1486 724 1518 750; x_wconf 90' lang='lat' dir='ltr'>ut</span> <span class='ocrx_word' id='word_1_369' title='bbox 1545 721 1573 749; x_wconf 90' lang='lat' dir='ltr'>in</span> <span class='ocrx_word' id='word_1_370' title='bbox 1598 721 1772 758; x_wconf 87' lang='lat' dir='ltr'>susceptione</span> <span class='ocrx_word' id='word_1_371' title='bbox 1800 721 1976 750; x_wconf 86' lang='lat' dir='ltr'>ecclesiastici</span> <span class='ocrx_word' id='word_1_372' title='bbox 1997 721 2043 750; x_wconf 88' lang='lat' dir='ltr'>be-</span> 
     </span>
     <span class='ocr_line' id='line_1_62' title="bbox 1198 768 2043 806; baseline -0.001 -8"><span class='ocrx_word' id='word_1_373' title='bbox 1198 769 1288 798; x_wconf 86' lang='lat' dir='ltr'>neficii</span> <span class='ocrx_word' id='word_1_374' title='bbox 1310 772 1425 806; x_wconf 88' lang='lat' dir='ltr'>paterna</span> <span class='ocrx_word' id='word_1_375' title='bbox 1452 768 1524 797; x_wconf 89' lang='lat' dir='ltr'>bona</span> <span class='ocrx_word' id='word_1_376' title='bbox 1545 776 1610 797; x_wconf 89' lang='lat' dir='ltr'>cum</span> <span class='ocrx_word' id='word_1_377' title='bbox 1635 768 1679 796; x_wconf 89' lang='lat' dir='ltr'>his</span> <span class='ocrx_word' id='word_1_378' title='bbox 1706 775 1778 805; x_wconf 88' lang='lat' dir='ltr'>quae</span> <span class='ocrx_word' id='word_1_379' title='bbox 1806 768 1910 797; x_wconf 86' lang='lat' dir='ltr'>habere</span> <span class='ocrx_word' id='word_1_380' title='bbox 1937 771 2043 805; x_wconf 89' lang='lat' dir='ltr'>posset,</span> 
     </span>
     <span class='ocr_line' id='line_1_63' title="bbox 1198 814 2042 852; baseline -0.001 -7"><span class='ocrx_word' id='word_1_381' title='bbox 1198 817 1365 845; x_wconf 85' lang='lat' dir='ltr'>distraheret</span> <span class='ocrx_word' id='word_1_382' title='bbox 1387 819 1414 844; x_wconf 91' lang='lat' dir='ltr'>et</span> <span class='ocrx_word' id='word_1_383' title='bbox 1435 817 1562 852; x_wconf 85' lang='lat' dir='ltr'>erogaret</span> <span class='ocrx_word' id='word_1_384' title='bbox 1582 814 1766 852; x_wconf 86' lang='lat' dir='ltr'>pauperibus,</span> <span class='ocrx_word' id='word_1_385' title='bbox 1788 817 1816 844; x_wconf 91' lang='lat' dir='ltr'>et</span> <span class='ocrx_word' id='word_1_386' title='bbox 1835 815 1894 851; x_wconf 90' lang='lat' dir='ltr'>ipse</span> <span class='ocrx_word' id='word_1_387' title='bbox 1914 814 2042 852; x_wconf 87' lang='lat' dir='ltr'>deinceps</span> 
     </span>
     <span class='ocr_line' id='line_1_64' title="bbox 1198 861 2044 899; baseline -0.002 -7"><span class='ocrx_word' id='word_1_388' title='bbox 1198 866 1311 892; x_wconf 85' lang='lat' dir='ltr'>voveret</span> <span class='ocrx_word' id='word_1_389' title='bbox 1342 863 1410 891; x_wconf 89' lang='lat' dir='ltr'>nihil</span> <span class='ocrx_word' id='word_1_390' title='bbox 1442 862 1582 899; x_wconf 88' lang='lat' dir='ltr'>possidere</span> <span class='ocrx_word' id='word_1_391' title='bbox 1603 861 1748 898; x_wconf 86' lang='lat' dir='ltr'>proprium</span> <span class='ocrx_word' id='word_1_392' title='bbox 1780 861 1894 899; x_wconf 86' lang='lat' dir='ltr'>soloque</span> <span class='ocrx_word' id='word_1_393' title='bbox 1914 861 1985 890; x_wconf 86' lang='lat' dir='ltr'>foret</span> <span class='ocrx_word' id='word_1_394' title='bbox 2005 861 2044 890; x_wconf 88' lang='lat' dir='ltr'>vi-</span> 
     </span>
     <span class='ocr_line' id='line_1_65' title="bbox 1199 908 2045 947; baseline -0.002 -8"><span class='ocrx_word' id='word_1_395' title='bbox 1199 913 1246 939; x_wconf 90' lang='lat' dir='ltr'>ctu</span> <span class='ocrx_word' id='word_1_396' title='bbox 1267 913 1350 947; x_wconf 90' lang='lat' dir='ltr'>atque</span> <span class='ocrx_word' id='word_1_397' title='bbox 1371 909 1472 938; x_wconf 88' lang='lat' dir='ltr'>vestitu</span> <span class='ocrx_word' id='word_1_398' title='bbox 1497 908 1687 937; x_wconf 69' lang='lat' dir='ltr'>contentus‘3‘t</span> <span class='ocrx_word' id='word_1_399' title='bbox 1715 908 1875 937; x_wconf 89' lang='lat' dir='ltr'>Huiusmodi</span> <span class='ocrx_word' id='word_1_400' title='bbox 1898 912 2045 946; x_wconf 88' lang='lat' dir='ltr'>propterea</span> 
     </span>
     <span class='ocr_line' id='line_1_66' title="bbox 1199 955 2043 993; baseline -0.001 -8"><span class='ocrx_word' id='word_1_401' title='bbox 1199 960 1317 990; x_wconf 86' lang='lat' dir='ltr'>statum,</span> <span class='ocrx_word' id='word_1_402' title='bbox 1339 956 1386 993; x_wconf 91' lang='lat' dir='ltr'>qui</span> <span class='ocrx_word' id='word_1_403' title='bbox 1409 956 1457 984; x_wconf 84' lang='lat' dir='ltr'>vix</span> <span class='ocrx_word' id='word_1_404' title='bbox 1478 959 1527 984; x_wconf 87' lang='lat' dir='ltr'>aut</span> <span class='ocrx_word' id='word_1_405' title='bbox 1551 963 1695 992; x_wconf 91' lang='lat' dir='ltr'>nunquam</span> <span class='ocrx_word' id='word_1_406' title='bbox 1717 955 1745 983; x_wconf 91' lang='lat' dir='ltr'>in</span> <span class='ocrx_word' id='word_1_407' title='bbox 1767 955 1860 992; x_wconf 90' lang='lat' dir='ltr'>aliquo</span> <span class='ocrx_word' id='word_1_408' title='bbox 1889 955 2043 992; x_wconf 89' lang='lat' dir='ltr'>reperitur,</span> 
     </span>
     <span class='ocr_line' id='line_1_67' title="bbox 1199 1001 2044 1039; baseline -0.002 -7"><span class='ocrx_word' id='word_1_409' title='bbox 1199 1004 1333 1032; x_wconf 78' lang='lat' dir='ltr'>extollere</span> <span class='ocrx_word' id='word_1_410' title='bbox 1355 1003 1424 1031; x_wconf 90' lang='lat' dir='ltr'>nihil</span> <span class='ocrx_word' id='word_1_411' title='bbox 1445 1002 1519 1031; x_wconf 92' lang='lat' dir='ltr'>aliud</span> <span class='ocrx_word' id='word_1_412' title='bbox 1548 1006 1589 1031; x_wconf 93' lang='lat' dir='ltr'>est</span> <span class='ocrx_word' id='word_1_413' title='bbox 1614 1010 1698 1039; x_wconf 89' lang='lat' dir='ltr'>quam</span> <span class='ocrx_word' id='word_1_414' title='bbox 1723 1002 1863 1030; x_wconf 89' lang='lat' dir='ltr'>corvinam</span> <span class='ocrx_word' id='word_1_415' title='bbox 1892 1001 2044 1031; x_wconf 88' lang='lat' dir='ltr'>albedinem</span> 
     </span>
     <span class='ocr_line' id='line_1_68' title="bbox 1199 1048 2044 1087; baseline -0.001 -9"><span class='ocrx_word' id='word_1_416' title='bbox 1199 1050 1372 1087; x_wconf 81' lang='lat' dir='ltr'>praedicare,</span> <span class='ocrx_word' id='word_1_417' title='bbox 1387 1050 1426 1078; x_wconf 90' lang='lat' dir='ltr'>nil</span> <span class='ocrx_word' id='word_1_418' title='bbox 1448 1052 1523 1078; x_wconf 86' lang='lat' dir='ltr'>certe</span> <span class='ocrx_word' id='word_1_419' title='bbox 1537 1049 1613 1078; x_wconf 88' lang='lat' dir='ltr'>aliud</span> <span class='ocrx_word' id='word_1_420' title='bbox 1627 1057 1711 1086; x_wconf 87' lang='lat' dir='ltr'>quam</span> <span class='ocrx_word' id='word_1_421' title='bbox 1726 1049 1831 1085; x_wconf 88' lang='lat' dir='ltr'>proprii</span> <span class='ocrx_word' id='word_1_422' title='bbox 1847 1049 1944 1085; x_wconf 86' lang='lat' dir='ltr'>capitis</span> <span class='ocrx_word' id='word_1_423' title='bbox 1959 1048 2044 1078; x_wconf 84' lang='lat' dir='ltr'>fictio-</span> 
     </span>
     <span class='ocr_line' id='line_1_69' title="bbox 1199 1095 2045 1133; baseline -0.001 -7"><span class='ocrx_word' id='word_1_424' title='bbox 1199 1106 1261 1126; x_wconf 90' lang='lat' dir='ltr'>nem</span> <span class='ocrx_word' id='word_1_425' title='bbox 1284 1097 1393 1126; x_wconf 89' lang='lat' dir='ltr'>veritati</span> <span class='ocrx_word' id='word_1_426' title='bbox 1414 1098 1468 1125; x_wconf 91' lang='lat' dir='ltr'>iam</span> <span class='ocrx_word' id='word_1_427' title='bbox 1489 1100 1570 1126; x_wconf 88' lang='lat' dir='ltr'>notae</span> <span class='ocrx_word' id='word_1_428' title='bbox 1591 1104 1775 1133; x_wconf 88' lang='lat' dir='ltr'>praeponere,</span> <span class='ocrx_word' id='word_1_429' title='bbox 1803 1099 1835 1125; x_wconf 90' lang='grc'>61</span> <span class='ocrx_word' id='word_1_430' title='bbox 1863 1096 1902 1125; x_wconf 85' lang='grc'>610</span> <span class='ocrx_word' id='word_1_431' title='bbox 1922 1095 1978 1133; x_wconf 73' lang='lat' dir='ltr'>filii</span> <span class='ocrx_word' id='word_1_432' title='bbox 1997 1095 2045 1125; x_wconf 82' lang='lat' dir='ltr'>ho-</span> 
     </span>
     <span class='ocr_line' id='line_1_70' title="bbox 1199 1143 2045 1182; baseline 0 -10"><span class='ocrx_word' id='word_1_433' title='bbox 1199 1144 1314 1172; x_wconf 80' lang='lat' dir='ltr'>minum</span> <span class='ocrx_word' id='word_1_434' title='bbox 1333 1144 1423 1181; x_wconf 61' lang='lat' dir='ltr'>pravi</span> <span class='ocrx_word' id='word_1_435' title='bbox 1443 1144 1542 1177; x_wconf 78' lang='lat' dir='ltr'>corde,</span> <span class='ocrx_word' id='word_1_436' title='bbox 1564 1143 1712 1181; x_wconf 63' lang='lat' dir='ltr'>diligentes</span> <span class='ocrx_word' id='word_1_437' title='bbox 1732 1143 1894 1172; x_wconf 81' lang='lat' dir='ltr'>vanitatem</span> <span class='ocrx_word' id='word_1_438' title='bbox 1915 1147 1941 1172; x_wconf 81' lang='lat' dir='ltr'>et</span> <span class='ocrx_word' id='word_1_439' title='bbox 1961 1151 2045 1182; x_wconf 85' lang='lat' dir='ltr'>quae-</span> 
     </span>
     <span class='ocr_line' id='line_1_71' title="bbox 1199 1190 2044 1227; baseline 0 -8"><span class='ocrx_word' id='word_1_440' title='bbox 1199 1194 1293 1219; x_wconf 76' lang='lat' dir='ltr'>rentes</span> <span class='ocrx_word' id='word_1_441' title='bbox 1320 1191 1507 1219; x_wconf 78' lang='lat' dir='ltr'>mendacium</span> <span class='ocrx_word' id='word_1_442' title='bbox 1521 1190 1531 1206; x_wconf 81' lang='lat'>⁷</span> <span class='ocrx_word' id='word_1_443' title='bbox 1557 1198 1574 1218; x_wconf 90' lang='lat' dir='ltr'>a</span> <span class='ocrx_word' id='word_1_444' title='bbox 1601 1190 1703 1219; x_wconf 88' lang='lat' dir='ltr'>Christi</span> <span class='ocrx_word' id='word_1_445' title='bbox 1731 1190 1854 1227; x_wconf 84' lang='lat' dir='ltr'>vestigiis</span> <span class='ocrx_word' id='word_1_446' title='bbox 1882 1192 2044 1219; x_wconf 87' lang='lat' dir='ltr'>avertantur</span> 
     </span>
     <span class='ocr_line' id='line_1_72' title="bbox 1200 1237 2044 1275; baseline -0.001 -8"><span class='ocrx_word' id='word_1_447' title='bbox 1200 1246 1306 1275; x_wconf 88' lang='lat' dir='ltr'>suaque</span> <span class='ocrx_word' id='word_1_448' title='bbox 1338 1241 1491 1274; x_wconf 89' lang='lat' dir='ltr'>sequantur</span> <span class='ocrx_word' id='word_1_449' title='bbox 1523 1238 1727 1274; x_wconf 83' lang='lat' dir='ltr'>phantasmata,</span> <span class='ocrx_word' id='word_1_450' title='bbox 1755 1240 1881 1266; x_wconf 83' lang='lat' dir='ltr'>errantes</span> <span class='ocrx_word' id='word_1_451' title='bbox 1908 1237 1940 1266; x_wconf 79' lang='lat' dir='ltr'>in</span> <span class='ocrx_word' id='word_1_452' title='bbox 1967 1237 2044 1266; x_wconf 85' lang='lat' dir='ltr'>invio</span> 
     </span>
     <span class='ocr_line' id='line_1_73' title="bbox 1199 1284 1433 1313; baseline -0.004 0"><span class='ocrx_word' id='word_1_453' title='bbox 1199 1290 1223 1313; x_wconf 86' lang='lat' dir='ltr'>et</span> <span class='ocrx_word' id='word_1_454' title='bbox 1243 1293 1302 1313; x_wconf 84' lang='lat' dir='ltr'>non</span> <span class='ocrx_word' id='word_1_455' title='bbox 1323 1284 1355 1312; x_wconf 85' lang='lat' dir='ltr'>in</span> <span class='ocrx_word' id='word_1_456' title='bbox 1375 1284 1433 1312; x_wconf 81' lang='lat' dir='ltr'>via.</span> 
     </span>
    </p>

    <p class='ocr_par' dir='ltr' id='par_1_11' title="bbox 1200 1331 2047 2201">
     <span class='ocr_line' id='line_1_74' title="bbox 1281 1331 2045 1368; baseline 0.001 -9"><span class='ocrx_word' id='word_1_457' title='bbox 1281 1332 1324 1359; x_wconf 80' lang='grc'>19.</span> <span class='ocrx_word' id='word_1_458' title='bbox 1347 1331 1400 1359; x_wconf 90' lang='grc' dir='ltr'>Ν66</span> <span class='ocrx_word' id='word_1_459' title='bbox 1422 1334 1513 1360; x_wconf 88' lang='lat' dir='ltr'>tamen</span> <span class='ocrx_word' id='word_1_460' title='bbox 1541 1339 1687 1368; x_wconf 84' lang='lat' dir='ltr'>negamus,</span> <span class='ocrx_word' id='word_1_461' title='bbox 1709 1339 1755 1360; x_wconf 90' lang='lat' dir='ltr'>eos</span> <span class='ocrx_word' id='word_1_462' title='bbox 1783 1331 1831 1368; x_wconf 89' lang='lat' dir='ltr'>qui</span> <span class='ocrx_word' id='word_1_463' title='bbox 1853 1331 1932 1360; x_wconf 89' lang='lat' dir='ltr'>bonis</span> <span class='ocrx_word' id='word_1_464' title='bbox 1959 1331 2045 1360; x_wconf 88' lang='lat' dir='ltr'>eccle-</span> 
     </span>
     <span class='ocr_line' id='line_1_75' title="bbox 1200 1378 2044 1415; baseline 0 -9"><span class='ocrx_word' id='word_1_465' title='bbox 1200 1378 1316 1407; x_wconf 86' lang='lat' dir='ltr'>siasticis</span> <span class='ocrx_word' id='word_1_466' title='bbox 1338 1378 1458 1406; x_wconf 84' lang='lat' dir='ltr'>contenti</span> <span class='ocrx_word' id='word_1_467' title='bbox 1480 1378 1538 1406; x_wconf 90' lang='lat' dir='ltr'>sola</span> <span class='ocrx_word' id='word_1_468' title='bbox 1558 1378 1713 1407; x_wconf 86' lang='lat' dir='ltr'>necessaria</span> <span class='ocrx_word' id='word_1_469' title='bbox 1734 1378 1854 1407; x_wconf 88' lang='lat' dir='ltr'>retinent</span> <span class='ocrx_word' id='word_1_470' title='bbox 1883 1381 1909 1406; x_wconf 90' lang='lat' dir='ltr'>et</span> <span class='ocrx_word' id='word_1_471' title='bbox 1937 1378 2044 1415; x_wconf 89' lang='lat' dir='ltr'>reliqua</span> 
     </span>
     <span class='ocr_line' id='line_1_76' title="bbox 1200 1424 2046 1462; baseline 0.001 -9"><span class='ocrx_word' id='word_1_472' title='bbox 1200 1425 1291 1453; x_wconf 90' lang='lat' dir='ltr'>omnia</span> <span class='ocrx_word' id='word_1_473' title='bbox 1312 1425 1482 1461; x_wconf 88' lang='lat' dir='ltr'>pauperibus</span> <span class='ocrx_word' id='word_1_474' title='bbox 1503 1424 1664 1458; x_wconf 87' lang='lat' dir='ltr'>conferunt,</span> <span class='ocrx_word' id='word_1_475' title='bbox 1686 1425 1720 1453; x_wconf 88' lang='lat' dir='ltr'>ad</span> <span class='ocrx_word' id='word_1_476' title='bbox 1741 1424 1880 1462; x_wconf 88' lang='lat' dir='ltr'>quandam</span> <span class='ocrx_word' id='word_1_477' title='bbox 1902 1425 2046 1462; x_wconf 87' lang='lat' dir='ltr'>perfectio-</span> 
     </span>
     <span class='ocr_line' id='line_1_77' title="bbox 1201 1471 2047 1509; baseline 0.001 -9"><span class='ocrx_word' id='word_1_478' title='bbox 1201 1480 1262 1501; x_wconf 91' lang='lat' dir='ltr'>nem</span> <span class='ocrx_word' id='word_1_479' title='bbox 1284 1472 1457 1508; x_wconf 83' lang='lat' dir='ltr'>pertingere,</span> <span class='ocrx_word' id='word_1_480' title='bbox 1480 1471 1640 1508; x_wconf 88' lang='lat' dir='ltr'>perfectioni</span> <span class='ocrx_word' id='word_1_481' title='bbox 1656 1475 1747 1500; x_wconf 87' lang='lat' dir='ltr'>tamen</span> <span class='ocrx_word' id='word_1_482' title='bbox 1765 1472 1964 1509; x_wconf 85' lang='lat' dir='ltr'>Religiosorum</span> <span class='ocrx_word' id='word_1_483' title='bbox 1979 1480 2047 1509; x_wconf 90' lang='lat' dir='ltr'>pau-</span> 
     </span>
     <span class='ocr_line' id='line_1_78' title="bbox 1201 1518 2046 1556; baseline 0 -9"><span class='ocrx_word' id='word_1_484' title='bbox 1201 1526 1300 1556; x_wconf 87' lang='lat' dir='ltr'>perum</span> <span class='ocrx_word' id='word_1_485' title='bbox 1321 1518 1479 1547; x_wconf 87' lang='lat' dir='ltr'>nullatenus</span> <span class='ocrx_word' id='word_1_486' title='bbox 1507 1518 1728 1555; x_wconf 88' lang='lat' dir='ltr'>coaequandam,</span> <span class='ocrx_word' id='word_1_487' title='bbox 1757 1519 1829 1548; x_wconf 90' lang='lat' dir='ltr'>sicut</span> <span class='ocrx_word' id='word_1_488' title='bbox 1857 1526 1943 1556; x_wconf 90' lang='lat' dir='ltr'>supra</span> <span class='ocrx_word' id='word_1_489' title='bbox 1969 1527 2046 1548; x_wconf 91' lang='lat' dir='ltr'>mon-</span> 
     </span>
     <span class='ocr_line' id='line_1_79' title="bbox 1201 1565 2046 1602; baseline 0.002 -9"><span class='ocrx_word' id='word_1_490' title='bbox 1201 1569 1319 1594; x_wconf 84' lang='lat' dir='ltr'>stratum</span> <span class='ocrx_word' id='word_1_491' title='bbox 1341 1568 1382 1593; x_wconf 89' lang='lat' dir='ltr'>est</span> <span class='ocrx_word' id='word_1_492' title='bbox 1403 1565 1485 1594; x_wconf 91' lang='lat' dir='ltr'>tertia</span> <span class='ocrx_word' id='word_1_493' title='bbox 1506 1569 1584 1602; x_wconf 90' lang='lat' dir='ltr'>parte</span> <span class='ocrx_word' id='word_1_494' title='bbox 1605 1565 1792 1602; x_wconf 90' lang='lat' dir='ltr'>responsionis</span> <span class='ocrx_word' id='word_1_495' title='bbox 1820 1565 1926 1602; x_wconf 86' lang='lat' dir='ltr'>primae</span> <span class='ocrx_word' id='word_1_496' title='bbox 1937 1565 1957 1594; x_wconf 72' lang='grc'>8.</span> <span class='ocrx_word' id='word_1_497' title='bbox 1980 1566 2046 1595; x_wconf 88' lang='grc' dir='ltr'>Ηο16</span> 
     </span>
     <span class='ocr_line' id='line_1_80' title="bbox 1201 1612 2046 1649; baseline 0.002 -9"><span class='ocrx_word' id='word_1_498' title='bbox 1201 1620 1267 1649; x_wconf 87' lang='lat' dir='ltr'>ergo</span> <span class='ocrx_word' id='word_1_499' title='bbox 1288 1612 1404 1648; x_wconf 83' lang='lat' dir='ltr'>eiusque</span> <span class='ocrx_word' id='word_1_500' title='bbox 1425 1612 1605 1648; x_wconf 84' lang='lat' dir='ltr'>complicibus</span> <span class='ocrx_word' id='word_1_501' title='bbox 1625 1620 1641 1640; x_wconf 88' lang='lat' dir='ltr'>a</span> <span class='ocrx_word' id='word_1_502' title='bbox 1662 1612 1803 1641; x_wconf 87' lang='lat' dir='ltr'>Salvatore</span> <span class='ocrx_word' id='word_1_503' title='bbox 1824 1613 1960 1642; x_wconf 87' lang='lat' dir='ltr'>veraciter</span> <span class='ocrx_word' id='word_1_504' title='bbox 1981 1613 2046 1642; x_wconf 86' lang='lat' dir='ltr'>dici-</span> 
     </span>
     <span class='ocr_line' id='line_1_81' title="bbox 1202 1658 2046 1697; baseline 0.002 -11"><span class='ocrx_word' id='word_1_505' title='bbox 1202 1662 1263 1687; x_wconf 87' lang='lat' dir='ltr'>tur:</span> <span class='ocrx_word' id='word_1_506' title='bbox 1286 1658 1342 1687; x_wconf 92' lang='lat' dir='ltr'>Vae</span> <span class='ocrx_word' id='word_1_507' title='bbox 1361 1658 1458 1693; x_wconf 77' lang='lat' dir='ltr'>vobis,</span> <span class='ocrx_word' id='word_1_508' title='bbox 1474 1658 1659 1697; x_wconf 75' lang='lat' dir='ltr'>hypocritae!</span> <span class='ocrx_word' id='word_1_509' title='bbox 1677 1659 1749 1697; x_wconf 83' lang='lat' dir='ltr'>quia</span> <span class='ocrx_word' id='word_1_510' title='bbox 1767 1659 1905 1688; x_wconf 82' lang='lat' dir='ltr'>clauditis</span> <span class='ocrx_word' id='word_1_511' title='bbox 1923 1668 2046 1697; x_wconf 68' lang='lat' dir='ltr'>requam</span> 
     </span>
     <span class='ocr_line' id='line_1_82' title="bbox 1201 1704 2047 1740; baseline 0.002 -7"><span class='ocrx_word' id='word_1_512' title='bbox 1201 1705 1349 1733; x_wconf 79' lang='lat' dir='ltr'>caelorum</span> <span class='ocrx_word' id='word_1_513' title='bbox 1370 1709 1437 1734; x_wconf 89' lang='lat' dir='ltr'>ante</span> <span class='ocrx_word' id='word_1_514' title='bbox 1458 1704 1602 1740; x_wconf 71' lang='lat' dir='ltr'>homines,-</span> <span class='ocrx_word' id='word_1_515' title='bbox 1624 1714 1674 1734; x_wconf 77' lang='lat' dir='ltr'>vos</span> <span class='ocrx_word' id='word_1_516' title='bbox 1688 1706 1764 1735; x_wconf 67' lang='lat' dir='ltr'>enirn</span> <span class='ocrx_word' id='word_1_517' title='bbox 1785 1715 1844 1735; x_wconf 82' lang='lat' dir='ltr'>non</span> <span class='ocrx_word' id='word_1_518' title='bbox 1865 1706 1984 1735; x_wconf 76' lang='lat' dir='ltr'>intratis</span> <span class='ocrx_word' id='word_1_519' title='bbox 1998 1714 2047 1735; x_wconf 78' lang='lat' dir='ltr'>ne-</span> 
     </span>
     <span class='ocr_line' id='line_1_83' title="bbox 1201 1752 2047 1790; baseline 0.004 -11"><span class='ocrx_word' id='word_1_520' title='bbox 1201 1760 1254 1789; x_wconf 84' lang='lat' dir='ltr'>que</span> <span class='ocrx_word' id='word_1_521' title='bbox 1276 1752 1452 1780; x_wconf 81' lang='lat' dir='ltr'>introeuntes</span> <span class='ocrx_word' id='word_1_522' title='bbox 1480 1752 1578 1781; x_wconf 75' lang='lat' dir='ltr'>sinitis</span> <span class='ocrx_word' id='word_1_523' title='bbox 1605 1753 1728 1781; x_wconf 85' lang='lat' dir='ltr'>intrare.</span> <span class='ocrx_word' id='word_1_524' title='bbox 1751 1753 1777 1781; x_wconf 88' lang='lat' dir='ltr'>Si</span> <span class='ocrx_word' id='word_1_525' title='bbox 1798 1753 1871 1782; x_wconf 89' lang='lat' dir='ltr'>enim</span> <span class='ocrx_word' id='word_1_526' title='bbox 1899 1761 1949 1790; x_wconf 88' lang='lat' dir='ltr'>per</span> <span class='ocrx_word' id='word_1_527' title='bbox 1976 1753 2047 1782; x_wconf 89' lang='lat' dir='ltr'>hanc</span> 
     </span>
     <span class='ocr_line' id='line_1_84' title="bbox 1201 1799 2046 1835; baseline 0.004 -9"><span class='ocrx_word' id='word_1_528' title='bbox 1201 1801 1362 1827; x_wconf 86' lang='lat' dir='ltr'>venenatam</span> <span class='ocrx_word' id='word_1_529' title='bbox 1385 1799 1538 1828; x_wconf 87' lang='lat' dir='ltr'>doctrinam</span> <span class='ocrx_word' id='word_1_530' title='bbox 1560 1800 1685 1828; x_wconf 90' lang='lat' dir='ltr'>nonnulli</span> <span class='ocrx_word' id='word_1_531' title='bbox 1707 1800 1865 1835; x_wconf 88' lang='lat' dir='ltr'>credentes,</span> <span class='ocrx_word' id='word_1_532' title='bbox 1887 1800 1915 1828; x_wconf 92' lang='lat' dir='ltr'>in</span> <span class='ocrx_word' id='word_1_533' title='bbox 1936 1800 2046 1829; x_wconf 87' lang='lat' dir='ltr'>saeculo</span> 
     </span>
     <span class='ocr_line' id='line_1_85' title="bbox 1201 1846 2045 1884; baseline 0.002 -10"><span class='ocrx_word' id='word_1_534' title='bbox 1201 1853 1230 1874; x_wconf 90' lang='lat' dir='ltr'>se</span> <span class='ocrx_word' id='word_1_535' title='bbox 1251 1853 1310 1874; x_wconf 91' lang='lat' dir='ltr'>esse</span> <span class='ocrx_word' id='word_1_536' title='bbox 1332 1846 1481 1882; x_wconf 83' lang='lat' dir='ltr'>perfectos,</span> <span class='ocrx_word' id='word_1_537' title='bbox 1504 1847 1684 1875; x_wconf 88' lang='lat' dir='ltr'>retrahantur</span> <span class='ocrx_word' id='word_1_538' title='bbox 1704 1855 1721 1875; x_wconf 90' lang='lat' dir='ltr'>a</span> <span class='ocrx_word' id='word_1_539' title='bbox 1742 1846 1889 1884; x_wconf 85' lang='lat' dir='ltr'>Religionis</span> <span class='ocrx_word' id='word_1_540' title='bbox 1902 1847 2045 1884; x_wconf 87' lang='lat' dir='ltr'>ingressu;</span> 
     </span>
     <span class='ocr_line' id='line_1_86' title="bbox 1201 1892 2046 1931; baseline 0.002 -11"><span class='ocrx_word' id='word_1_541' title='bbox 1201 1892 1269 1921; x_wconf 87' lang='lat' dir='ltr'>nulli</span> <span class='ocrx_word' id='word_1_542' title='bbox 1291 1892 1407 1922; x_wconf 88' lang='lat' dir='ltr'>dubium</span> <span class='ocrx_word' id='word_1_543' title='bbox 1430 1896 1483 1927; x_wconf 91' lang='lat' dir='ltr'>est,</span> <span class='ocrx_word' id='word_1_544' title='bbox 1506 1893 1573 1930; x_wconf 87' lang='lat' dir='ltr'>quin</span> <span class='ocrx_word' id='word_1_545' title='bbox 1594 1893 1770 1931; x_wconf 63' lang='lat' dir='ltr'>sanquinem</span> <span class='ocrx_word' id='word_1_546' title='bbox 1792 1893 1968 1922; x_wconf 78' lang='lat' dir='ltr'>animarum</span> <span class='ocrx_word' id='word_1_547' title='bbox 1988 1893 2046 1922; x_wconf 83' lang='lat' dir='ltr'>illa-</span> 
     </span>
     <span class='ocr_line' id='line_1_87' title="bbox 1202 1939 2047 1977; baseline 0 -9"><span class='ocrx_word' id='word_1_548' title='bbox 1202 1948 1282 1974; x_wconf 88' lang='lat' dir='ltr'>rum,</span> <span class='ocrx_word' id='word_1_549' title='bbox 1305 1948 1376 1977; x_wconf 87' lang='lat' dir='ltr'>quae</span> <span class='ocrx_word' id='word_1_550' title='bbox 1398 1942 1511 1976; x_wconf 90' lang='lat' dir='ltr'>propter</span> <span class='ocrx_word' id='word_1_551' title='bbox 1533 1940 1586 1968; x_wconf 91' lang='lat' dir='ltr'>hoc</span> <span class='ocrx_word' id='word_1_552' title='bbox 1606 1940 1633 1968; x_wconf 92' lang='lat' dir='ltr'>in</span> <span class='ocrx_word' id='word_1_553' title='bbox 1655 1947 1771 1968; x_wconf 90' lang='lat' dir='ltr'>suorum</span> <span class='ocrx_word' id='word_1_554' title='bbox 1793 1942 1972 1977; x_wconf 86' lang='lat' dir='ltr'>peccatorum</span> <span class='ocrx_word' id='word_1_555' title='bbox 1992 1939 2047 1968; x_wconf 87' lang='lat' dir='ltr'>fae-</span> 
     </span>
     <span class='ocr_line' id='line_1_88' title="bbox 1201 1986 2046 2024; baseline 0 -9"><span class='ocrx_word' id='word_1_556' title='bbox 1201 1986 1280 2015; x_wconf 89' lang='lat' dir='ltr'>cibus</span> <span class='ocrx_word' id='word_1_557' title='bbox 1301 1986 1501 2020; x_wconf 88' lang='lat' dir='ltr'>remanserint,</span> <span class='ocrx_word' id='word_1_558' title='bbox 1522 1987 1614 2015; x_wconf 88' lang='lat' dir='ltr'>iustus</span> <span class='ocrx_word' id='word_1_559' title='bbox 1634 1986 1721 2016; x_wconf 85' lang='lat' dir='ltr'>iudex</span> <span class='ocrx_word' id='word_1_560' title='bbox 1742 1986 1775 2015; x_wconf 84' lang='lat' dir='ltr'>de</span> <span class='ocrx_word' id='word_1_561' title='bbox 1796 1987 1930 2024; x_wconf 77' lang='lat' dir='ltr'>ipsorum</span> <span class='ocrx_word' id='word_1_562' title='bbox 1950 1987 2046 2015; x_wconf 83' lang='lat' dir='ltr'>mani-</span> 
     </span>
     <span class='ocr_line' id='line_1_89' title="bbox 1202 2033 2046 2071; baseline 0.001 -9"><span class='ocrx_word' id='word_1_563' title='bbox 1202 2033 1255 2062; x_wconf 73' lang='lat' dir='ltr'>bus</span> <span class='ocrx_word' id='word_1_564' title='bbox 1276 2034 1304 2062; x_wconf 93' lang='lat' dir='ltr'>in</span> <span class='ocrx_word' id='word_1_565' title='bbox 1325 2033 1453 2062; x_wconf 82' lang='lat' dir='ltr'>examine</span> <span class='ocrx_word' id='word_1_566' title='bbox 1474 2033 1600 2062; x_wconf 85' lang='lat' dir='ltr'>districto</span> <span class='ocrx_word' id='word_1_567' title='bbox 1621 2033 1791 2071; x_wconf 77' lang='lat' dir='ltr'>requirat9,</span> <span class='ocrx_word' id='word_1_568' title='bbox 1813 2033 1865 2062; x_wconf 91' lang='lat' dir='ltr'>nisi</span> <span class='ocrx_word' id='word_1_569' title='bbox 1890 2041 1940 2070; x_wconf 88' lang='lat' dir='ltr'>per</span> <span class='ocrx_word' id='word_1_570' title='bbox 1967 2041 2046 2063; x_wconf 89' lang='lat' dir='ltr'>suam</span> 
     </span>
     <span class='ocr_line' id='line_1_90' title="bbox 1201 2080 2046 2114; baseline 0 -6"><span class='ocrx_word' id='word_1_571' title='bbox 1201 2080 1362 2109; x_wconf 87' lang='lat' dir='ltr'>immensam</span> <span class='ocrx_word' id='word_1_572' title='bbox 1384 2080 1569 2114; x_wconf 87' lang='lat' dir='ltr'>clementiam,</span> <span class='ocrx_word' id='word_1_573' title='bbox 1591 2083 1623 2108; x_wconf 88' lang='lat' dir='ltr'>ut</span> <span class='ocrx_word' id='word_1_574' title='bbox 1643 2087 1772 2114; x_wconf 89' lang='lat' dir='ltr'>oramus,</span> <span class='ocrx_word' id='word_1_575' title='bbox 1791 2080 1901 2109; x_wconf 90' lang='lat' dir='ltr'>eosdem</span> <span class='ocrx_word' id='word_1_576' title='bbox 1922 2080 2046 2109; x_wconf 85' lang='lat' dir='ltr'>veritatis</span> 
     </span>
     <span class='ocr_line' id='line_1_91' title="bbox 1201 2126 2045 2163; baseline 0 -8"><span class='ocrx_word' id='word_1_577' title='bbox 1201 2134 1267 2155; x_wconf 88' lang='lat' dir='ltr'>suae</span> <span class='ocrx_word' id='word_1_578' title='bbox 1289 2127 1350 2155; x_wconf 89' lang='lat' dir='ltr'>luce</span> <span class='ocrx_word' id='word_1_579' title='bbox 1372 2126 1499 2163; x_wconf 82' lang='lat' dir='ltr'>perfusos</span> <span class='ocrx_word' id='word_1_580' title='bbox 1519 2126 1647 2163; x_wconf 88' lang='lat' dir='ltr'>dignatus</span> <span class='ocrx_word' id='word_1_581' title='bbox 1667 2126 1752 2155; x_wconf 84' lang='lat' dir='ltr'>fuerit</span> <span class='ocrx_word' id='word_1_582' title='bbox 1773 2126 1807 2155; x_wconf 89' lang='lat' dir='ltr'>ab</span> <span class='ocrx_word' id='word_1_583' title='bbox 1835 2127 1939 2156; x_wconf 88' lang='lat' dir='ltr'>erroris</span> <span class='ocrx_word' id='word_1_584' title='bbox 1966 2126 2045 2156; x_wconf 90' lang='lat' dir='ltr'>devio</span> 
     </span>
     <span class='ocr_line' id='line_1_92' title="bbox 1201 2180 1340 2201; baseline 0 0"><span class='ocrx_word' id='word_1_585' title='bbox 1201 2180 1340 2201; x_wconf 85' lang='lat' dir='ltr'>revocare.</span> 
     </span>
    </p>
   </div>
   <div class='ocr_carea' id='block_1_9' title="bbox 1059 2270 1286 2300">
    <p class='ocr_par' dir='ltr' id='par_1_12' title="bbox 1059 2270 1286 2300">
     <span class='ocr_line' id='line_1_93' title="bbox 1059 2270 1286 2300; baseline 0 -1"><span class='ocrx_word' id='word_1_586' title='bbox 1059 2270 1219 2300; x_wconf 77' lang='lat' dir='ltr'>CArlrnLniu</span> <span class='ocrx_word' id='word_1_587' title='bbox 1244 2271 1286 2299; x_wconf 81' lang='lat' dir='ltr'>XI.</span> 
     </span>
    </p>
   </div>
   <div class='ocr_carea' id='block_1_10' title="bbox 301 2355 2044 2498">
    <p class='ocr_par' dir='ltr' id='par_1_13' title="bbox 301 2355 2044 2498">
     <span class='ocr_line' id='line_1_94' title="bbox 301 2355 2044 2396; baseline 0.003 -14"><span class='ocrx_word' id='word_1_588' title='bbox 301 2355 431 2390; x_wconf 75' lang='lat' dir='ltr'>Quartae</span> <span class='ocrx_word' id='word_1_589' title='bbox 451 2355 649 2392; x_wconf 73' lang='lat' dir='ltr'>responsionis</span> <span class='ocrx_word' id='word_1_590' title='bbox 670 2356 799 2385; x_wconf 81' lang='lat' dir='ltr'>secunda</span> <span class='ocrx_word' id='word_1_591' title='bbox 817 2356 969 2394; x_wconf 84' lang='lat' dir='ltr'>particula</span> <span class='ocrx_word' id='word_1_592' title='bbox 990 2357 1232 2396; x_wconf 77' lang='lat' dir='ltr'>undecimumque</span> <span class='ocrx_word' id='word_1_593' title='bbox 1252 2358 1432 2395; x_wconf 81' lang='lat' dir='ltr'>capitutum,</span> <span class='ocrx_word' id='word_1_594' title='bbox 1452 2358 1483 2386; x_wconf 88' lang='lat' dir='ltr'>in</span> <span class='ocrx_word' id='word_1_595' title='bbox 1497 2367 1553 2396; x_wconf 83' lang='lat' dir='ltr'>quo</span> <span class='ocrx_word' id='word_1_596' title='bbox 1571 2357 1716 2395; x_wconf 73' lang='lat' dir='ltr'>professio</span> <span class='ocrx_word' id='word_1_597' title='bbox 1730 2359 1876 2387; x_wconf 77' lang='lat' dir='ltr'>Fratrum</span> <span class='ocrx_word' id='word_1_598' title='bbox 1897 2359 2044 2388; x_wconf 81' lang='lat' dir='ltr'>Minorunz</span> 
     </span>
     <span class='ocr_line' id='line_1_95' title="bbox 502 2406 1844 2445; baseline 0.003 -11"><span class='ocrx_word' id='word_1_599' title='bbox 502 2406 645 2435; x_wconf 80' lang='lat' dir='ltr'>veraciter</span> <span class='ocrx_word' id='word_1_600' title='bbox 665 2415 767 2435; x_wconf 87' lang='lat' dir='ltr'>carere</span> <span class='ocrx_word' id='word_1_601' title='bbox 788 2407 949 2436; x_wconf 70' lang='lat' dir='ltr'>ostenditur</span> <span class='ocrx_word' id='word_1_602' title='bbox 969 2411 995 2436; x_wconf 90' lang='lat' dir='ltr'>et</span> <span class='ocrx_word' id='word_1_603' title='bbox 1015 2408 1257 2445; x_wconf 72' lang='lat' dir='ltr'>appropriatione</span> <span class='ocrx_word' id='word_1_604' title='bbox 1278 2417 1380 2437; x_wconf 50' lang='lat' dir='ltr'>*rerum</span> <span class='ocrx_word' id='word_1_605' title='bbox 1401 2409 1594 2438; x_wconf 81' lang='lat' dir='ltr'>immobilium</span> <span class='ocrx_word' id='word_1_606' title='bbox 1612 2409 1672 2438; x_wconf 79' lang='lat' dir='ltr'>sive</span> <span class='ocrx_word' id='word_1_607' title='bbox 1692 2409 1844 2438; x_wconf 83' lang='lat' dir='ltr'>mobilium</span> 
     </span>
     <span class='ocr_line' id='line_1_96' title="bbox 644 2458 1701 2498; baseline 0.003 -12"><span class='ocrx_word' id='word_1_608' title='bbox 644 2461 670 2486; x_wconf 86' lang='lat' dir='ltr'>et</span> <span class='ocrx_word' id='word_1_609' title='bbox 686 2458 867 2495; x_wconf 79' lang='lat' dir='ltr'>proprietate</span> <span class='ocrx_word' id='word_1_610' title='bbox 884 2459 1082 2495; x_wconf 79' lang='lat' dir='ltr'>pecuniarum</span> <span class='ocrx_word' id='word_1_611' title='bbox 1104 2462 1165 2487; x_wconf 76' lang='lat' dir='ltr'>tani</span> <span class='ocrx_word' id='word_1_612' title='bbox 1186 2459 1217 2487; x_wconf 84' lang='lat' dir='ltr'>in</span> <span class='ocrx_word' id='word_1_613' title='bbox 1235 2460 1359 2497; x_wconf 84' lang='lat' dir='ltr'>proprio</span> <span class='ocrx_word' id='word_1_614' title='bbox 1381 2468 1471 2498; x_wconf 83' lang='lat' dir='ltr'>quam</span> <span class='ocrx_word' id='word_1_615' title='bbox 1493 2460 1525 2488; x_wconf 85' lang='lat' dir='ltr'>in</span> <span class='ocrx_word' id='word_1_616' title='bbox 1544 2461 1701 2489; x_wconf 79' lang='lat' dir='ltr'>communi.</span> 
     </span>
    </p>
   </div>
   <div class='ocr_carea' id='block_1_11' title="bbox 297 2542 1142 2675">
    <p class='ocr_par' dir='ltr' id='par_1_14' title="bbox 297 2542 1142 2675">
     <span class='ocr_line' id='line_1_97' title="bbox 379 2542 1142 2582; baseline 0.003 -11"><span class='ocrx_word' id='word_1_617' title='bbox 379 2544 402 2571; x_wconf 86' lang='lat'>1.</span> <span class='ocrx_word' id='word_1_618' title='bbox 424 2542 620 2580; x_wconf 84' lang='lat' dir='ltr'>Arrogantium</span> <span class='ocrx_word' id='word_1_619' title='bbox 642 2543 787 2572; x_wconf 90' lang='lat' dir='ltr'>hominum</span> <span class='ocrx_word' id='word_1_620' title='bbox 808 2544 930 2573; x_wconf 88' lang='lat' dir='ltr'>tumidae</span> <span class='ocrx_word' id='word_1_621' title='bbox 951 2548 1072 2579; x_wconf 89' lang='lat' dir='ltr'>mentes,</span> <span class='ocrx_word' id='word_1_622' title='bbox 1095 2545 1142 2582; x_wconf 90' lang='lat' dir='ltr'>qui</span> 
     </span>
     <span class='ocr_line' id='line_1_98' title="bbox 297 2589 1142 2628; baseline 0.004 -10"><span class='ocrx_word' id='word_1_623' title='bbox 297 2589 392 2618; x_wconf 89' lang='lat' dir='ltr'>mundi</span> <span class='ocrx_word' id='word_1_624' title='bbox 414 2590 499 2619; x_wconf 90' lang='lat' dir='ltr'>huius</span> <span class='ocrx_word' id='word_1_625' title='bbox 520 2590 640 2619; x_wconf 84' lang='lat' dir='ltr'>vanitate</span> <span class='ocrx_word' id='word_1_626' title='bbox 661 2594 829 2627; x_wconf 86' lang='lat' dir='ltr'>pascuntur,</span> <span class='ocrx_word' id='word_1_627' title='bbox 851 2591 966 2628; x_wconf 83' lang='lat' dir='ltr'>gloriam</span> <span class='ocrx_word' id='word_1_628' title='bbox 981 2591 1032 2620; x_wconf 89' lang='lat' dir='ltr'>sibi</span> <span class='ocrx_word' id='word_1_629' title='bbox 1048 2592 1142 2621; x_wconf 88' lang='lat' dir='ltr'>viden-</span> 
     </span>
     <span class='ocr_line' id='line_1_99' title="bbox 297 2636 1140 2675; baseline 0.002 -10"><span class='ocrx_word' id='word_1_630' title='bbox 297 2638 344 2665; x_wconf 89' lang='lat' dir='ltr'>tur</span> <span class='ocrx_word' id='word_1_631' title='bbox 359 2636 557 2674; x_wconf 88' lang='lat' dir='ltr'>conquisivisse</span> <span class='ocrx_word' id='word_1_632' title='bbox 577 2645 632 2665; x_wconf 92' lang='lat' dir='ltr'>non</span> <span class='ocrx_word' id='word_1_633' title='bbox 647 2637 798 2672; x_wconf 88' lang='lat' dir='ltr'>modicam,</span> <span class='ocrx_word' id='word_1_634' title='bbox 820 2637 843 2666; x_wconf 89' lang='lat' dir='ltr'>si</span> <span class='ocrx_word' id='word_1_635' title='bbox 857 2645 953 2666; x_wconf 88' lang='lat' dir='ltr'>veram</span> <span class='ocrx_word' id='word_1_636' title='bbox 974 2638 1140 2675; x_wconf 89' lang='lat' dir='ltr'>simplicium</span> 
     </span>
    </p>
   </div>
   <div class='ocr_carea' id='block_1_12' title="bbox 295 2776 1143 3001">
    <p class='ocr_par' dir='ltr' id='par_1_15' title="bbox 295 2776 1143 3001">
     <span class='ocr_line' id='line_1_100' title="bbox 358 2776 1143 2809; baseline 0.006 -10"><span class='ocrx_word' id='word_1_637' title='bbox 358 2776 366 2789; x_wconf 86' lang='lat'>¹</span> <span class='ocrx_word' id='word_1_638' title='bbox 385 2777 436 2799; x_wconf 82' lang='lat' dir='ltr'>Vat.</span> <span class='ocrx_word' id='word_1_639' title='bbox 454 2780 477 2799; x_wconf 87' lang='lat' dir='ltr'>et</span> <span class='ocrx_word' id='word_1_640' title='bbox 493 2777 530 2800; x_wconf 87' lang='lat' dir='ltr'>ed.</span> <span class='ocrx_word' id='word_1_641' title='bbox 547 2779 560 2800; x_wconf 75' lang='lat'><strong>2</strong></span> <span class='ocrx_word' id='word_1_642' title='bbox 578 2779 606 2801; x_wconf 87' lang='lat' dir='ltr'>ut</span> <span class='ocrx_word' id='word_1_643' title='bbox 622 2778 689 2807; x_wconf 79' lang='lat' dir='ltr'>quia,</span> <span class='ocrx_word' id='word_1_644' title='bbox 707 2785 768 2807; x_wconf 86' lang='lat' dir='ltr'>quae</span> <span class='ocrx_word' id='word_1_645' title='bbox 785 2779 853 2801; x_wconf 84' lang='lat' dir='ltr'>etiam</span> <span class='ocrx_word' id='word_1_646' title='bbox 870 2780 965 2803; x_wconf 72' lang='lat' dir='ltr'>interius</span> <span class='ocrx_word' id='word_1_647' title='bbox 978 2786 1020 2809; x_wconf 88' lang='lat' dir='ltr'>pro</span> <span class='ocrx_word' id='word_1_648' title='bbox 1032 2780 1143 2804; x_wconf 69' lang='lat' dir='ltr'>excluda-</span> 
     </span>
     <span class='ocr_line' id='line_1_101' title="bbox 295 2815 922 2880; baseline 0.006 -43"><span class='ocrx_word' id='word_1_649' title='bbox 295 2816 335 2837; x_wconf 85' lang='lat' dir='ltr'>tur</span> <span class='ocrx_word' id='word_1_650' title='bbox 353 2815 400 2876; x_wconf 63' lang='grc' dir='ltr'>(211ςίΞ</span> <span class='ocrx_word' id='word_1_651' title='bbox 402 2816 453 2876; x_wconf 45' lang='lat' dir='ltr'>{a}</span> <span class='ocrx_word' id='word_1_652' title='bbox 460 2815 479 2876; x_wconf 58' lang='lat' dir='ltr'>It}</span> <span class='ocrx_word' id='word_1_653' title='bbox 486 2816 515 2878; x_wconf 61' lang='lat' dir='ltr'>g)</span> <span class='ocrx_word' id='word_1_654' title='bbox 534 2822 588 2877; x_wconf 88' lang='lat' dir='ltr'>cuml</span> <span class='ocrx_word' id='word_1_655' title='bbox 605 2817 642 2860; x_wconf 81' lang='lat' dir='ltr'>ed.</span> <span class='ocrx_word' id='word_1_656' title='bbox 661 2818 668 2839; x_wconf 78' lang='lat' dir='ltr'>t</span> <span class='ocrx_word' id='word_1_657' title='bbox 690 2823 739 2840; x_wconf 81' lang='lat' dir='ltr'>non</span> <span class='ocrx_word' id='word_1_658' title='bbox 756 2817 922 2880; x_wconf 44' lang='lat' dir='ltr'>conctzdatur.</span> 
     </span>
     <span class='ocr_line' id='line_1_102' title="bbox 403 2862 875 2879; baseline 0.006 -3"><span class='ocrx_word' id='word_1_659' title='bbox 403 2872 406 2876; x_wconf 68' lang='lat'>.</span> <span class='ocrx_word' id='word_1_660' title='bbox 520 2862 563 2877; x_wconf 84' lang='lat' dir='ltr'>SU)</span> <span class='ocrx_word' id='word_1_661' title='bbox 591 2862 682 2878; x_wconf 79' lang='lat' dir='ltr'>evimus</span> <span class='ocrx_word' id='word_1_662' title='bbox 870 2875 875 2879; x_wconf 93' lang='lat'>.</span> 
     </span>
     <span class='ocr_line' id='line_1_103' title="bbox 357 2859 868 2924; baseline 0.01 -10"><span class='ocrx_word' id='word_1_663' title='bbox 357 2891 366 2904; x_wconf 75' lang='lat'>³</span> <span class='ocrx_word' id='word_1_664' title='bbox 384 2892 455 2916; x_wconf 86' lang='lat' dir='ltr'>Codd.</span> <span class='ocrx_word' id='word_1_665' title='bbox 473 2894 517 2915; x_wconf 84' lang='grc' dir='ltr'>ΑΒ</span> <span class='ocrx_word' id='word_1_666' title='bbox 534 2862 820 2924; x_wconf 53' lang='grc' dir='ltr'>61](ῗ119611666.007ηῃῑωη</span> <span class='ocrx_word' id='word_1_667' title='bbox 847 2859 868 2880; x_wconf 58' lang='lat' dir='ltr'>te</span> 
     </span>
     <span class='ocr_line' id='line_1_104' title="bbox 357 2930 1036 2963; baseline 0.009 -10"><span class='ocrx_word' id='word_1_668' title='bbox 357 2930 367 2943; x_wconf 78' lang='lat'><strong>⁴</strong></span> <span class='ocrx_word' id='word_1_669' title='bbox 384 2932 440 2954; x_wconf 90' lang='lat' dir='ltr'>Edd.</span> <span class='ocrx_word' id='word_1_670' title='bbox 459 2935 536 2955; x_wconf 80' lang='lat' dir='ltr'>contra</span> <span class='ocrx_word' id='word_1_671' title='bbox 554 2933 680 2956; x_wconf 84' lang='lat' dir='ltr'>ABCDG</span> <span class='ocrx_word' id='word_1_672' title='bbox 697 2934 805 2957; x_wconf 87' lang='lat' dir='ltr'>omittunt</span> <span class='ocrx_word' id='word_1_673' title='bbox 823 2934 904 2963; x_wconf 78' lang='lat' dir='ltr'>Quis...</span> <span class='ocrx_word' id='word_1_674' title='bbox 922 2935 1036 2959; x_wconf 54' lang='lat' dir='ltr'>carnatis.</span> 
     </span>
     <span class='ocr_line' id='line_1_105' title="bbox 358 2969 658 3001; baseline 0.007 -9"><span class='ocrx_word' id='word_1_675' title='bbox 358 2969 367 2982; x_wconf 86' lang='lat'>⁵</span> <span class='ocrx_word' id='word_1_676' title='bbox 384 2970 460 2993; x_wconf 77' lang='lat' dir='ltr'>Manli.</span> <span class='ocrx_word' id='word_1_677' title='bbox 479 2971 520 2998; x_wconf 81' lang='grc'>19,</span> <span class='ocrx_word' id='word_1_678' title='bbox 538 2972 576 2994; x_wconf 77' lang='lat'>21.</span> <span class='ocrx_word' id='word_1_679' title='bbox 594 2978 658 3001; x_wconf 85' lang='lat' dir='ltr'>seqq.</span> 
     </span>
    </p>
   </div>
   <div class='ocr_carea' id='block_1_13' title="bbox 357 3007 1139 3042">
    <p class='ocr_par' dir='ltr' id='par_1_16' title="bbox 357 3007 1139 3042">
     <span class='ocr_line' id='line_1_106' title="bbox 357 3007 1139 3042; baseline 0.006 -11"><span class='ocrx_word' id='word_1_680' title='bbox 357 3007 367 3021; x_wconf 76' lang='lat'>⁶</span> <span class='ocrx_word' id='word_1_681' title='bbox 384 3010 453 3037; x_wconf 65' lang='lat' dir='ltr'>Epist⁴</span> <span class='ocrx_word' id='word_1_682' title='bbox 471 3011 487 3032; x_wconf 95' lang='lat' dir='ltr'>l.</span> <span class='ocrx_word' id='word_1_683' title='bbox 503 3010 563 3033; x_wconf 89' lang='lat' dir='ltr'>Tim.</span> <span class='ocrx_word' id='word_1_684' title='bbox 580 3011 606 3037; x_wconf 85' lang='lat'>6,</span> <span class='ocrx_word' id='word_1_685' title='bbox 624 3012 648 3034; x_wconf 84' lang='lat'>8:</span> <span class='ocrx_word' id='word_1_686' title='bbox 667 3011 782 3035; x_wconf 84' lang='lat' dir='ltr'>Habentes</span> <span class='ocrx_word' id='word_1_687' title='bbox 799 3015 876 3035; x_wconf 82' lang='lat' dir='ltr'>autem</span> <span class='ocrx_word' id='word_1_688' title='bbox 891 3013 997 3036; x_wconf 79' lang='lat' dir='ltr'>alimenta</span> <span class='ocrx_word' id='word_1_689' title='bbox 1015 3016 1037 3036; x_wconf 92' lang='lat' dir='ltr'>et</span> <span class='ocrx_word' id='word_1_690' title='bbox 1053 3013 1139 3042; x_wconf 89' lang='lat' dir='ltr'>quibus</span> 
     </span>
    </p>
   </div>
   <div class='ocr_carea' id='block_1_14' title="bbox 1168 2548 1174 2676">
    <p class='ocr_par' dir='ltr' id='par_1_17' title="bbox 1168 2548 1174 2676">
     <span class='ocr_line' id='line_1_107' title="bbox 1168 2548 1174 2676; baseline 0 0"><span class='ocrx_word' id='word_1_691' title='bbox 1168 2548 1174 2676; x_wconf 95' lang='lat' dir='ltr'> </span> 
     </span>
    </p>
   </div>
   <div class='ocr_carea' id='block_1_15' title="bbox 1199 2545 2045 2677">
    <p class='ocr_par' dir='ltr' id='par_1_18' title="bbox 1199 2545 2045 2677">
     <span class='ocr_line' id='line_1_108' title="bbox 1200 2545 2042 2576; baseline 0.001 -2"><span class='ocrx_word' id='word_1_692' title='bbox 1200 2545 1372 2574; x_wconf 86' lang='lat' dir='ltr'>sanctitatem</span> <span class='ocrx_word' id='word_1_693' title='bbox 1394 2546 1445 2575; x_wconf 90' lang='lat' dir='ltr'>visi</span> <span class='ocrx_word' id='word_1_694' title='bbox 1467 2545 1571 2575; x_wconf 86' lang='lat' dir='ltr'>fuerint</span> <span class='ocrx_word' id='word_1_695' title='bbox 1591 2549 1623 2575; x_wconf 89' lang='lat' dir='ltr'>ut</span> <span class='ocrx_word' id='word_1_696' title='bbox 1636 2546 1841 2575; x_wconf 87' lang='lat' dir='ltr'>simulationem</span> <span class='ocrx_word' id='word_1_697' title='bbox 1861 2546 1982 2576; x_wconf 89' lang='lat' dir='ltr'>dolosam</span> <span class='ocrx_word' id='word_1_698' title='bbox 1997 2554 2042 2575; x_wconf 89' lang='lat' dir='ltr'>ar—</span> 
     </span>
     <span class='ocr_line' id='line_1_109' title="bbox 1200 2593 2045 2630; baseline 0.001 -9"><span class='ocrx_word' id='word_1_699' title='bbox 1200 2600 1286 2629; x_wconf 88' lang='lat' dir='ltr'>guere</span> <span class='ocrx_word' id='word_1_700' title='bbox 1306 2600 1461 2630; x_wconf 86' lang='lat' dir='ltr'>eorumque</span> <span class='ocrx_word' id='word_1_701' title='bbox 1475 2593 1651 2630; x_wconf 88' lang='lat' dir='ltr'>prudentiam</span> <span class='ocrx_word' id='word_1_702' title='bbox 1674 2593 1788 2630; x_wconf 90' lang='lat' dir='ltr'>spiritus</span> <span class='ocrx_word' id='word_1_703' title='bbox 1802 2595 1835 2622; x_wconf 85' lang='lat' dir='ltr'>ut</span> <span class='ocrx_word' id='word_1_704' title='bbox 1852 2593 1985 2622; x_wconf 89' lang='lat' dir='ltr'>insaniam</span> <span class='ocrx_word' id='word_1_705' title='bbox 2001 2601 2045 2622; x_wconf 90' lang='lat' dir='ltr'>re-</span> 
     </span>
     <span class='ocr_line' id='line_1_110' title="bbox 1199 2639 2043 2677; baseline 0.002 -10"><span class='ocrx_word' id='word_1_706' title='bbox 1199 2639 1327 2676; x_wconf 88' lang='lat' dir='ltr'>probare.</span> <span class='ocrx_word' id='word_1_707' title='bbox 1351 2639 1429 2676; x_wconf 87' lang='lat' dir='ltr'>Quod</span> <span class='ocrx_word' id='word_1_708' title='bbox 1449 2642 1481 2668; x_wconf 91' lang='lat' dir='ltr'>ut</span> <span class='ocrx_word' id='word_1_709' title='bbox 1502 2639 1641 2669; x_wconf 85' lang='lat' dir='ltr'>efficacius</span> <span class='ocrx_word' id='word_1_710' title='bbox 1660 2639 1795 2677; x_wconf 88' lang='lat' dir='ltr'>perficere</span> <span class='ocrx_word' id='word_1_711' title='bbox 1823 2643 1941 2677; x_wconf 89' lang='lat' dir='ltr'>queant,</span> <span class='ocrx_word' id='word_1_712' title='bbox 1969 2639 2043 2669; x_wconf 82' lang='lat' dir='ltr'>bona</span> 
     </span>
    </p>
   </div>
   <div class='ocr_carea' id='block_1_16' title="bbox 1198 2779 2044 3042">
    <p class='ocr_par' dir='ltr' id='par_1_19' title="bbox 1199 2779 2044 2849">
     <span class='ocr_line' id='line_1_111' title="bbox 1200 2779 2044 2809; baseline 0 -6"><span class='ocrx_word' id='word_1_713' title='bbox 1200 2784 1318 2809; x_wconf 77' lang='lat' dir='ltr'>tegamur,</span> <span class='ocrx_word' id='word_1_714' title='bbox 1344 2781 1380 2803; x_wconf 86' lang='lat' dir='ltr'>his</span> <span class='ocrx_word' id='word_1_715' title='bbox 1400 2781 1499 2803; x_wconf 82' lang='lat' dir='ltr'>contenti</span> <span class='ocrx_word' id='word_1_716' title='bbox 1522 2781 1602 2803; x_wconf 87' lang='lat' dir='ltr'>simus.</span> <span class='ocrx_word' id='word_1_717' title='bbox 1618 2794 1649 2797; x_wconf 86' lang='lat'>-—</span> <span class='ocrx_word' id='word_1_718' title='bbox 1666 2780 1740 2804; x_wconf 88' lang='lat' dir='ltr'>Codd.</span> <span class='ocrx_word' id='word_1_719' title='bbox 1762 2780 1804 2804; x_wconf 89' lang='lat' dir='ltr'>BC</span> <span class='ocrx_word' id='word_1_720' title='bbox 1826 2780 1890 2804; x_wconf 73' lang='lat' dir='ltr'>victu</span> <span class='ocrx_word' id='word_1_721' title='bbox 1910 2786 1939 2804; x_wconf 86' lang='lat' dir='ltr'>ac</span> <span class='ocrx_word' id='word_1_722' title='bbox 1961 2779 2044 2804; x_wconf 76' lang='lat' dir='ltr'>vestitu</span> 
     </span>
     <span class='ocr_line' id='line_1_112' title="bbox 1199 2819 1793 2849; baseline -0.002 -6"><span class='ocrx_word' id='word_1_723' title='bbox 1199 2821 1328 2843; x_wconf 75' lang='lat' dir='ltr'>contentus.</span> <span class='ocrx_word' id='word_1_724' title='bbox 1347 2820 1458 2848; x_wconf 84' lang='lat' dir='ltr'>Superius</span> <span class='ocrx_word' id='word_1_725' title='bbox 1475 2826 1517 2848; x_wconf 88' lang='lat' dir='ltr'>pro</span> <span class='ocrx_word' id='word_1_726' title='bbox 1531 2821 1635 2849; x_wconf 79' lang='lat' dir='ltr'>paterna</span> <span class='ocrx_word' id='word_1_727' title='bbox 1651 2820 1670 2842; x_wconf 94' lang='lat' dir='ltr'>D</span> <span class='ocrx_word' id='word_1_728' title='bbox 1686 2819 1793 2849; x_wconf 85' lang='lat' dir='ltr'>propria.</span> 
     </span>
    </p>

    <p class='ocr_par' dir='ltr' id='par_1_20' title="bbox 1198 2858 2044 2928">
     <span class='ocr_line' id='line_1_113' title="bbox 1262 2858 2044 2887; baseline -0.001 -6"><span class='ocrx_word' id='word_1_729' title='bbox 1262 2858 1271 2871; x_wconf 86' lang='lat'>⁷</span> <span class='ocrx_word' id='word_1_730' title='bbox 1288 2859 1371 2881; x_wconf 80' lang='lat' dir='ltr'>Psalm.</span> <span class='ocrx_word' id='word_1_731' title='bbox 1389 2859 1414 2886; x_wconf 81' lang='lat'>4,</span> <span class='ocrx_word' id='word_1_732' title='bbox 1432 2859 1453 2881; x_wconf 85' lang='lat'>3.</span> <span class='ocrx_word' id='word_1_733' title='bbox 1471 2861 1493 2881; x_wconf 85' lang='lat' dir='ltr'>et</span> <span class='ocrx_word' id='word_1_734' title='bbox 1510 2858 1595 2881; x_wconf 89' lang='lat' dir='ltr'>deinde</span> <span class='ocrx_word' id='word_1_735' title='bbox 1616 2859 1668 2887; x_wconf 82' lang='grc'>106,</span> <span class='ocrx_word' id='word_1_736' title='bbox 1687 2858 1727 2881; x_wconf 79' lang='lat'>40:</span> <span class='ocrx_word' id='word_1_737' title='bbox 1749 2859 1775 2881; x_wconf 84' lang='lat' dir='ltr'>Et</span> <span class='ocrx_word' id='word_1_738' title='bbox 1792 2864 1869 2881; x_wconf 85' lang='lat' dir='ltr'>errare</span> <span class='ocrx_word' id='word_1_739' title='bbox 1891 2858 1944 2881; x_wconf 83' lang='lat' dir='ltr'>fecit</span> <span class='ocrx_word' id='word_1_740' title='bbox 1959 2864 1999 2881; x_wconf 84' lang='lat' dir='ltr'>eos</span> <span class='ocrx_word' id='word_1_741' title='bbox 2022 2858 2044 2880; x_wconf 90' lang='grc'>111</span> 
     </span>
     <span class='ocr_line' id='line_1_114' title="bbox 1198 2897 2043 2928; baseline -0.001 -8"><span class='ocrx_word' id='word_1_742' title='bbox 1198 2898 1261 2920; x_wconf 90' lang='lat' dir='ltr'>invio</span> <span class='ocrx_word' id='word_1_743' title='bbox 1278 2901 1300 2920; x_wconf 86' lang='lat' dir='ltr'>et</span> <span class='ocrx_word' id='word_1_744' title='bbox 1317 2904 1362 2920; x_wconf 90' lang='lat' dir='ltr'>non</span> <span class='ocrx_word' id='word_1_745' title='bbox 1379 2898 1402 2920; x_wconf 87' lang='lat' dir='ltr'>in</span> <span class='ocrx_word' id='word_1_746' title='bbox 1415 2898 1461 2921; x_wconf 83' lang='lat' dir='ltr'>via.</span> <span class='ocrx_word' id='word_1_747' title='bbox 1479 2911 1510 2914; x_wconf 97' lang='lat'><strong>—</strong></span> <span class='ocrx_word' id='word_1_748' title='bbox 1527 2898 1639 2926; x_wconf 84' lang='lat' dir='ltr'>Superius</span> <span class='ocrx_word' id='word_1_749' title='bbox 1650 2904 1693 2926; x_wconf 88' lang='lat' dir='ltr'>pro</span> <span class='ocrx_word' id='word_1_750' title='bbox 1704 2897 1820 2928; x_wconf 83' lang='lat' dir='ltr'>fictionem</span> <span class='ocrx_word' id='word_1_751' title='bbox 1833 2898 1886 2920; x_wconf 89' lang='lat' dir='ltr'>edd.</span> <span class='ocrx_word' id='word_1_752' title='bbox 1898 2897 2043 2921; x_wconf 79' lang='lat' dir='ltr'>sententiam.</span> 
     </span>
    </p>

    <p class='ocr_par' dir='ltr' id='par_1_21' title="bbox 1198 2935 2040 3002">
     <span class='ocr_line' id='line_1_115' title="bbox 1260 2935 2040 2966; baseline 0 -7"><span class='ocrx_word' id='word_1_753' title='bbox 1260 2935 1269 2949; x_wconf 81' lang='lat'>⁸</span> <span class='ocrx_word' id='word_1_754' title='bbox 1287 2937 1341 2959; x_wconf 84' lang='lat' dir='ltr'>Sive</span> <span class='ocrx_word' id='word_1_755' title='bbox 1363 2943 1384 2960; x_wconf 87' lang='lat' dir='ltr'>c.</span> <span class='ocrx_word' id='word_1_756' title='bbox 1409 2938 1429 2960; x_wconf 87' lang='lat'>3.</span> <span class='ocrx_word' id='word_1_757' title='bbox 1455 2944 1476 2960; x_wconf 90' lang='lat' dir='ltr'>n.</span> <span class='ocrx_word' id='word_1_758' title='bbox 1503 2937 1536 2959; x_wconf 90' lang='grc'>18.</span> <span class='ocrx_word' id='word_1_759' title='bbox 1559 2943 1624 2966; x_wconf 86' lang='lat' dir='ltr'>seqq.</span> <span class='ocrx_word' id='word_1_760' title='bbox 1645 2949 1676 2954; x_wconf 90' lang='lat'>—</span> <span class='ocrx_word' id='word_1_761' title='bbox 1699 2937 1802 2960; x_wconf 84' lang='lat' dir='ltr'>Subinde</span> <span class='ocrx_word' id='word_1_762' title='bbox 1826 2937 1937 2965; x_wconf 81' lang='lat' dir='ltr'>allegatur</span> <span class='ocrx_word' id='word_1_763' title='bbox 1963 2937 2040 2959; x_wconf 85' lang='lat' dir='ltr'>Matth.</span> 
     </span>
     <span class='ocr_line' id='line_1_116' title="bbox 1198 2976 1295 3002; baseline 0 -5"><span class='ocrx_word' id='word_1_764' title='bbox 1198 2976 1240 3002; x_wconf 77' lang='lat'>23,</span> <span class='ocrx_word' id='word_1_765' title='bbox 1262 2976 1295 2998; x_wconf 86' lang='lat'>13.</span> 
     </span>
    </p>

    <p class='ocr_par' dir='ltr' id='par_1_22' title="bbox 1260 3012 1425 3042">
     <span class='ocr_line' id='line_1_117' title="bbox 1260 3012 1425 3042; baseline 0 -6"><span class='ocrx_word' id='word_1_766' title='bbox 1260 3012 1270 3025; x_wconf 83' lang='lat'>⁹</span> <span class='ocrx_word' id='word_1_767' title='bbox 1287 3014 1342 3036; x_wconf 91' lang='lat' dir='ltr'>Gen.</span> <span class='ocrx_word' id='word_1_768' title='bbox 1360 3015 1386 3042; x_wconf 80' lang='lat'>9,</span> <span class='ocrx_word' id='word_1_769' title='bbox 1404 3014 1425 3036; x_wconf 81' lang='lat'>5.</span> 
     </span>
    </p>
   </div>
   <div class='ocr_carea' id='block_1_17' title="bbox 2060 1293 2133 1404">
    <p class='ocr_par' dir='ltr' id='par_1_23' title="bbox 2060 1293 2133 1404">
     <span class='ocr_line' id='line_1_118' title="bbox 2079 1293 2133 1360; baseline 0.037 -2"><span class='ocrx_word' id='word_1_770' title='bbox 2079 1293 2133 1360; x_wconf 51' lang='lat' dir='ltr'>Aelati</span> 
     </span>
     <span class='ocr_line' id='line_1_119' title="bbox 2060 1363 2133 1383; baseline 0.041 -3"><span class='ocrx_word' id='word_1_771' title='bbox 2060 1366 2090 1381; x_wconf 76' lang='lat' dir='ltr'>res</span> <span class='ocrx_word' id='word_1_772' title='bbox 2110 1363 2133 1383; x_wconf 45' lang='lat' dir='ltr'>iili(</span> 
     </span>
     <span class='ocr_line' id='line_1_120' title="bbox 2062 1387 2096 1404; baseline 0 0"><span class='ocrx_word' id='word_1_773' title='bbox 2062 1387 2096 1404; x_wconf 81' lang='lat' dir='ltr'>tur.</span> 
     </span>
    </p>
   </div>
  </div>
 </body>
</html>
