2133 3317
235 229 291 257 688

488 267 544 290 BON

234 309 363 335 perfectum
376 307 398 329 in
416 312 441 329 se
455 310 476 329 et
491 306 596 329 absolute
613 310 707 334 propter
720 306 805 329 bonam

236 346 432 375 dispensationem
452 345 564 368 utentium
583 344 636 368 ibid.

282 397 313 402 ·—
331 385 484 407 ecclesiastica
506 390 519 406 a
543 384 649 413 personis
666 390 711 407 non
729 384 805 413 alliga-

236 425 265 447 tis
282 430 351 447 curae
369 424 478 451 pastorali
501 423 589 446 ratione
610 423 739 446 securitatis
755 423 804 446 sive

235 463 382 492 perfectionis
398 465 496 491 possunt
513 469 556 491 pro
573 462 656 485 Christi
674 468 754 485 amore
772 463 803 485 di·

235 502 292 524 mitti
311 502 356 524 292
379 502 403 524 18

282 553 312 558 —-·
330 541 430 563 Avaritia
449 541 602 569 perniciosius
618 541 690 569 serpit
702 541 724 563 in
737 541 804 563 bonis

236 580 364 608 Ecclesiae,
391 586 463 609 quam
491 580 515 602 in
540 580 590 602 aliis
615 579 804 609 quibuscumque

238 620 278 642 421
300 620 314 642 7
332 632 362 636 -
380 619 473 642 Abusus
498 619 614 642 bonorum
640 619 753 642 Ecclesiae
769 621 804 641 est

236 659 383 687 sacrilegium
401 657 455 681 ibid.

283 711 314 715 -—
331 699 353 721 ln
372 697 540 726 temporalibus
556 697 669 720 Ecclesiae
686 697 754 720 bonis
766 698 804 720 ho-

237 740 329 761 nestum
347 737 376 760 ab
394 737 442 760 utili
460 737 597 760 discernitur
614 737 659 759 290
679 737 707 759 12

283 789 314 794 --
332 777 410 806 Qualis
427 777 456 799 sit
471 782 550 799 rerum
563 776 718 798 communitas
735 776 757 798 in
769 782 804 798 ec-

237 816 312 839 clesiis
329 816 455 844 collegiatis
479 815 620 838 habentibus
643 815 804 844 possessiones

236 856 280 878 309
300 856 328 877 46
345 868 377 872 —
395 855 456 877 Talis
473 855 627 878 communitas
639 855 711 877 teneri
729 857 804 883 potest

236 896 299 918 salva
317 895 458 924 perfectione
475 894 528 918 ibid.

282 947 312 950 —
338 935 508 962 Religiosorum
533 934 566 957 sic
591 937 645 957 sunt
669 934 802 957 communia

284 1209 392 1233 Cat-:elTlxs
409 1222 439 1225 —
457 1212 539 1237 regnat
555 1209 579 1231 in
597 1208 698 1237 mundo,
716 1208 755 1237 qui
774 1209 808 1230 lu-

236 1255 287 1272 cem
305 1255 385 1272 veram
403 1251 425 1271 et
442 1254 558 1271 summam
576 1254 622 1270 non
640 1247 736 1275 agnovit
752 1247 776 1269 l3
791 1247 803 1269 4

235 1302 265 1305 —
283 1290 378 1317 Propter
395 1288 528 1311 caecitatem
541 1293 588 1310 non
602 1287 758 1315 intelliguntur
770 1287 804 1309 di-

234 1328 288 1351 vina
306 1328 445 1351 charismata
463 1327 492 1350 56
512 1328 540 1349 12

282 1381 311 1383 -
330 1368 418 1396 Quanta
436 1367 465 1389 sit
482 1366 580 1389 caecitas
597 1366 717 1388 hominum
735 1371 805 1394 appe-

236 1407 332 1430 tentium
359 1406 440 1429 muudi
463 1406 589 1429 vanitatem
613 1405 642 1428 45
661 1406 674 1427 3
691 1417 722 1421 —
741 1405 805 1433 Quae

236 1447 264 1469 sit
280 1446 338 1469 ratio
356 1446 425 1469 huius
442 1445 558 1468 caecitatis
575 1445 604 1467 47
623 1445 644 1467 8.
661 1451 697 1473 sq.

282 1499 311 1501 —
330 1485 434 1508 Christus
452 1484 582 1513 deploravit
599 1484 661 1507 caeci
674 1483 751 1506 cordis
762 1484 805 1506 hu-

235 1525 299 1547 mani
327 1525 462 1552 caliginem,
484 1524 561 1547 flendo
589 1530 659 1552 super
687 1523 803 1546 civitatem

234 1564 264 1587 74
286 1564 312 1586 14

282 1616 313 1620 -
329 1603 403 1626 Caeco
421 1609 466 1625 non
480 1601 549 1625 debet
565 1602 730 1624 offendiculum
748 1601 804 1630 poni

234 1642 280 1666 337
298 1649 309 1665 a

282 1681 372 1704 Castum
390 1694 418 1697 —
437 1681 516 1709 triplex
534 1680 684 1708 distinguitur
706 1680 748 1702 409
766 1680 779 1702 6

282 1733 312 1737 -
330 1721 432 1743 deservit
449 1720 537 1743 homini
554 1726 596 1748 per
621 1726 689 1742 suum
714 1721 803 1741 motum

235 1761 264 1782 32
282 1760 296 1782 7

282 1800 394 1827 —luget
419 1799 440 1821 in
466 1801 540 1821 morte
565 1798 648 1821 Christi
664 1798 694 1820 79
721 1799 751 1820 22
774 1811 804 1813 -

236 1842 343 1868 apertum
361 1841 395 1861 est
412 1839 520 1867 passione
537 1837 620 1861 Christi
633 1837 662 1860 44
675 1837 688 1860 4
700 1849 731 1854 ·—
743 1836 803 1860 Caeli

238 1882 305 1907 porta
333 1881 412 1906 aperta
440 1881 474 1900 est
501 1878 525 1900 in
554 1877 689 1900 ascensione
721 1876 804 1899 Christi

236 1919 265 1941 82
283 1918 312 1940 37

282 1970 313 1973 —
331 1957 450 1979 Trinitatis
475 1956 577 1985 aperitur
598 1955 746 1983 cognoscenti
765 1955 805 1977 Pa-

236 2000 294 2019 trem
311 1999 333 2019 01
350 1997 431 2018 Filium
449 1998 471 2018 et
488 1995 599 2024 Spiritum
617 1997 724 2017 sanctum
741 1994 771 2016 73
790 1994 803 2016 9

282 2048 313 2052 —-
331 2036 421 2064 Quanta
438 2035 482 2058 sint
499 2035 583 2063 gaudia
601 2034 718 2057 intraturis
735 2036 805 2056 aeter-

234 2081 277 2097 nae
295 2075 443 2098 iucunditatis
459 2074 552 2102 nuptias
570 2073 615 2096 474
632 2073 648 2096 b
667 2087 697 2090 —
715 2074 803 2102 Quanta

235 2117 257 2136 et
269 2114 345 2143 qualia
362 2114 407 2137 sint
423 2114 508 2142 gaudia
521 2114 578 2136 caeli
592 2113 635 2135 497
649 2112 663 2135 b
675 2126 706 2129 —
718 2113 804 2135 Merces

235 2153 350 2180 caelestis,
369 2153 443 2181 qualis
460 2153 489 2176 sit
506 2152 534 2174 57
555 2153 563 2174 t

283 2205 314 2208 —
331 2192 415 2214 Variae
432 2194 485 2214 sunt
507 2191 654 2214 excellentiae
671 2191 736 2219 regni
755 2196 804 2213 cae-

235 2232 310 2254 lorum
329 2231 373 2254 490
393 2232 406 2253 3
423 2243 454 2247 -
471 2231 494 2253 10
512 2230 575 2253 03010
597 2233 631 2252 est
651 2230 716 2252 varia
735 2232 804 2252 mate·

235 2271 269 2293 ria
281 2270 409 2293 exsultandi
421 2273 443 2292 et
454 2270 538 2292 nullius
551 2269 606 2292 boni
618 2268 719 2291 carentia
732 2269 761 2291 60
778 2269 803 2290 12

283 2322 314 2326 -
331 2310 355 2332 In
373 2310 463 2332 caelesti
481 2309 590 2332 convivio
607 2315 654 2331 non
666 2310 742 2336 potest
753 2313 804 2330 esse

236 2349 332 2372 alicuius
351 2348 405 2371 boni
431 2348 532 2371 carentia
549 2349 578 2370 60
597 2348 626 2370 12
643 2360 674 2364 -
692 2348 714 2370 ln
740 2347 803 2370 caelo

235 2391 268 2411 est
285 2389 484 2416 complementum
502 2387 607 2410 omnium
632 2387 802 2409 desideriorum

239 2428 279 2450 126
290 2427 312 2450 7.
329 2434 364 2456 sq.
377 2439 408 2444 -
419 2427 495 2449 Gloria
507 2427 563 2449 caeli
575 2429 698 2454 exsuperat
709 2432 802 2449 omnem

235 2467 350 2496 loquelam
369 2467 398 2489 62
418 2467 445 2488 49

282 2518 312 2522 —-
330 2506 353 2528 ln
370 2506 434 2528 caelo
452 2505 482 2528 ab
499 2505 550 2534 ipso
569 2506 630 2527 sonte
648 2505 717 2528 totius
734 2504 802 2532 boni,

235 2544 324 2568 Christo
343 2546 405 2573 lesu,
423 2545 473 2567 nuit
489 2544 564 2567 omnis
576 2544 647 2572 gloria
665 2545 803 2567 Sanctorum

236 2584 281 2607 375
299 2585 312 2606 3
329 2597 361 2601 —
378 2585 440 2607 Deus
464 2590 506 2607 sua
531 2583 643 2612 sapientia
670 2583 803 2606 caelestium

236 2623 360 2652 spirituum
377 2623 470 2651 agmina
488 2623 600 2646 illuminat
616 2625 638 2645 et
649 2629 691 2645 sua
703 2623 803 2645 clemen-

237 2662 265 2685 tia
284 2663 389 2685 omnium
407 2663 530 2685 Beatorum
547 2662 644 2690 collegia
662 2662 730 2685 satiat
746 2662 771 2684 31
789 2662 802 2684 5

283 2714 313 2718 -
330 2702 460 2724 Duodecim
476 2704 530 2724 sunt
554 2701 639 2730 gaudia
656 2701 711 2723 caeli
730 2701 759 2723 56
779 2701 801 2723 4.

236 2740 265 2762 57
284 2741 306 2762 2.
322 2747 373 2769 sqq.
391 2754 421 2757 —
439 2741 521 2763 Anima
546 2741 569 2763 in
594 2741 657 2763 caelo
679 2741 803 2763 decoratur

236 2780 359 2807 splendore
376 2780 485 2803 claritatis
502 2780 610 2807 deificae,
627 2782 751 2803 coronatur
769 2780 804 2802 di-

238 2818 322 2846 gnitate
340 2819 452 2842 felicitatis
469 2822 576 2842 aeternae
593 2819 623 2841 57
641 2820 654 2842 2

283 2869 314 2874 --
331 2858 434 2881 Felicitas
450 2861 543 2881 aeterna
561 2860 595 2881 est
611 2858 668 2887 quid
680 2858 803 2886 optimum,

237 2897 432 2926 pulcherrimum,
454 2903 495 2926 per
520 2904 545 2920 se
569 2898 803 2925 sufficientissimum,

236 2935 297 2957 nullo
324 2939 386 2958 extra
411 2942 436 2958 se
461 2936 568 2964 indigens
593 2937 622 2959 29
641 2937 654 2958 3
670 2950 702 2953 —
719 2936 803 2959 Gaudii

236 2974 340 2996 caelestis
357 2977 390 2997 est
404 2975 578 2998 inaestimabilis
590 2975 733 3004 pretiositas,
750 2976 803 2998 iner-

933 228 1033 257 INDEX
1054 228 1303 258 ALPHABETICUS.

840 307 958 336 personis,
976 307 1039 336 quod
1058 310 1134 330 tamen
1156 310 1208 330 sunt
1231 308 1325 336 propria
1344 314 1405 331 com-

839 346 946 369 munitati
963 346 1009 369 395
1027 347 1040 368 8

886 386 958 408 Bonus
974 398 1005 402 —-
1023 385 1123 408 Tantum
1146 385 1246 414 quisque
1269 385 1345 408 bonus
1370 392 1405 408 ae-

838 424 968 447 stimandus
987 427 1031 452 est,
1049 427 1136 453 quanto
1154 425 1206 452 plus
1223 426 1245 446 et
1263 424 1345 452 purius
1356 424 1405 447 odit

838 464 924 486 malum
944 463 988 486 433
1007 464 1015 486 4

884 515 915 519 —
933 503 990 525 Sunt
1006 505 1107 532 quatuor
1124 508 1208 530 genera
1234 502 1350 525 bonorum
1368 503 1405 525 ho-

837 541 928 564 minum
947 542 991 564 433
1009 542 1017 564 4

883 593 914 597 —
932 581 1042 604 Diversae
1054 584 1107 603 sunt
1119 581 1227 603 utilitates
1240 581 1354 603 mixtionis
1366 580 1405 603 bo-

837 626 922 642 norum
947 626 1001 643 cum
1024 621 1090 642 malis
1114 621 1159 643 435
1183 620 1213 643 44
1238 632 1268 637 —
1291 620 1361 643 Bonis
1378 626 1404 643 ex

837 659 1013 682 conversatione
1042 665 1096 682 cum
1124 659 1189 682 malis
1216 659 1284 682 datur
1312 659 1403 682 occasio

837 699 958 721 exercendi
976 705 1061 721 novem
1079 701 1143 721 actus
1161 698 1252 721 virtutis
1263 698 1309 721 350
1327 698 1342 721 b

883 750 915 754 —
932 739 950 760 A
968 737 1036 760 bonis
1060 737 1170 760 omnibus
1192 738 1353 767 quaerendum
1371 741 1406 761 est

837 776 968 800 subsidium
992 778 1005 799 8
1031 777 1044 799 3
1062 790 1093 794 —
1118 778 1233 800 Iustorum
1259 777 1405 800 militantium

838 816 925 839 meritis
942 816 1065 839 efficaciter
1087 816 1224 844 imploratur
1242 816 1319 839 diviua
1338 817 1405 839 mise-

837 855 937 878 rIcordia
954 854 1009 878 ibid.

885 907 916 911 —
934 895 1033 923 Quidam
1052 895 1146 917 nomine
1163 895 1241 917 Bonus
1253 897 1347 917 sanatur
1364 900 1406 923 per

837 934 859 956 S.
878 934 1026 956 Franciscum
1044 934 1084 956 564
1107 933 1120 955 5

1101 1066 1140 1113 G

840 1208 869 1230 28
887 1209 900 1230 2
918 1220 948 1224 -
966 1209 989 1230 ln
1006 1208 1070 1230 03010
1087 1208 1163 1230 anima
1190 1208 1261 1230 affluit
1278 1207 1366 1230 deliciis
1383 1208 1406 1230 in

837 1247 952 1275 stupenda
978 1247 1071 1270 divinae
1095 1247 1203 1270 claritatis
1220 1247 1322 1274 visione,
1341 1247 1407 1269 mira-

837 1285 900 1309 bitur
918 1286 939 1308 in
956 1286 992 1309 sui
1009 1287 1083 1315 ipsius
1100 1287 1209 1310 deliciosa
1222 1287 1407 1309 consideratione

838 1325 970 1348 dilatabitur
988 1326 1011 1348 in
1029 1326 1135 1348 omnium
1158 1328 1317 1349 creaturarum
1336 1327 1406 1354 perie-

838 1367 873 1387 cta
890 1365 1049 1393 speculatione
1062 1365 1091 1387 65
1108 1365 1138 1387 25
1153 1364 1208 1388 Vide
1224 1371 1246 1388 o.
1259 1364 1406 1388 convivium.

885 1417 916 1421 —
934 1405 956 1426 ln
974 1404 1112 1427 caelestibus
1129 1407 1164 1427 est
1175 1404 1273 1427 dulcedo
1287 1404 1331 1427 438
1350 1405 1358 1426 4
1376 1417 1407 1420 —

838 1444 861 1466 ln
878 1446 937 1466 terra
955 1443 1084 1466 viventium
1102 1446 1137 1466 est
1148 1443 1279 1466 iucunditas
1296 1446 1318 1466 et
1335 1444 1407 1466 exsul-

838 1483 893 1505 tatio
911 1483 1032 1505 acternalis
1050 1482 1095 1505 442
1114 1483 1142 1504 18

887 1535 916 1538 -
942 1522 964 1544 111
990 1523 1053 1545 caelo
1079 1525 1113 1545 est
1138 1528 1182 1550 pax
1207 1521 1407 1550 imperturbabilis

838 1561 867 1584 59
888 1562 915 1583 10

884 1613 916 1617 -
934 1601 955 1623 111
973 1601 1036 1623 03010
1054 1607 1136 1623 omnes
1151 1607 1233 1623 sensus
1245 1600 1330 1623 habent
1342 1602 1406 1623 actus

837 1646 892 1662 suos
910 1640 939 1662 63
957 1640 986 1662 20

885 1691 916 1696 -
934 1679 955 1701 10
973 1679 1042 1702 030115
1059 1679 1173 1707 gaudium
1190 1679 1307 1702 bonorum
1325 1685 1405 1701 cumu-

838 1719 896 1741 latur
914 1718 963 1741 visa
982 1725 1056 1747 poena
1074 1718 1238 1741 damnatorum
1257 1719 1297 1741 354
1319 1725 1331 1741 a

884 1771 915 1774 —
943 1757 975 1780 lbi
1000 1761 1034 1781 est
1059 1759 1160 1786 perfecta
1185 1758 1305 1786 plenitudo
1330 1758 1406 1780 omnis

839 1796 893 1819 boni
911 1797 934 1819 in
951 1797 1060 1820 omnibus
1086 1798 1110 1819 61
1142 1797 1168 1820 15
1186 1810 1217 1813 -—-
1233 1797 1265 1820 lbi
1283 1803 1326 1825 pro
1344 1797 1405 1820 diffe-

837 1837 909 1859 rentia
923 1837 1058 1859 meritorum
1069 1837 1185 1866 quaedam
1197 1837 1282 1860 dantur
1298 1837 1405 1860 excellen-

838 1879 871 1898 ter
888 1875 943 1899 ibz'd.
959 1888 991 1893 —
1008 1875 1041 1898 lbi
1057 1876 1112 1898 nihil
1129 1876 1260 1904 possidetur
1283 1877 1405 1904 singulari-

838 1917 883 1943 ter,
901 1915 941 1938 sed
959 1916 1036 1938 omnia
1063 1918 1116 1938 sunt
1141 1915 1250 1938 omuibus
1272 1916 1405 1939 communia

837 1955 891 1979 ibid.
911 1957 939 1978 62
959 1957 987 1978 18
1005 1969 1037 1973 -
1054 1956 1086 1979 101
1104 1957 1266 1986 unusquisque
1283 1956 1406 1980 habiturus

838 1998 872 2018 est
889 1995 910 2018 in
923 1996 979 2024 alio,
990 1996 1053 2025 quod
1072 2002 1117 2018 non
1135 1995 1205 2019 habet
1221 1996 1243 2018 in
1257 1996 1339 2019 merito
1352 2003 1406 2024 pro-

838 2034 889 2062 prio
908 2035 932 2057 64
956 2035 985 2057 45
1006 2034 1061 2058 Vide
1077 2042 1098 2058 v.
1117 2034 1184 2058 Beati
1200 2038 1222 2058 et
1238 2041 1260 2059 v.
1277 2035 1367 2059 Sancti.

884 2086 915 2090 —
934 2074 987 2097 Tria
1005 2075 1129 2097 commoda
1147 2074 1284 2097 obtinebunt
1301 2074 1406 2103 virgines

838 2113 860 2135 in
877 2114 940 2136 caelo
965 2114 1006 2136 211
1039 2114 1091 2136 408.
1113 2120 1165 2143 sqq.
1182 2126 1213 2131 -
1230 2114 1283 2136 Tria
1302 2114 1325 2136 in
1342 2114 1405 2137 caelo

837 2156 917 2180 parata
934 2155 987 2176 sunt
1005 2153 1048 2176 426
1067 2154 1088 2175 3.
1106 2160 1158 2182 sqq.

884 2204 916 2208 -—
933 2198 980 2214 non
996 2192 1040 2214 nisi
1062 2192 1164 2214 mundos
1181 2192 1263 2220 recipit
1280 2192 1324 2214 486
1343 2193 1356 2214 2
1374 2204 1405 2208 -

837 2231 881 2260 Qui
899 2231 927 2253 ad
951 2231 1041 2253 caelum
1065 2231 1122 2253 trahi
1140 2231 1256 2253 desiderat
1272 2231 1338 2259 prius
1355 2237 1405 2259 pas-

837 2270 908 2293 sionis
929 2270 1027 2293 vinculis
1051 2276 1094 2292 suo
1116 2270 1185 2298 capiti
1207 2270 1310 2298 colligari
1335 2269 1404 2293 debet

838 2309 882 2331 468
901 2309 915 2331 5
932 2321 963 2325 -
980 2310 1003 2331 10
1016 2309 1106 2332 caelum
1118 2309 1292 2332 ascendendum
1305 2312 1339 2332 est
1350 2316 1404 2332 cum

836 2348 980 2371 aromatibus
996 2349 1121 2376 virtutum,
1139 2354 1193 2370 cum
1205 2348 1319 2371 thesauris
1331 2348 1405 2371 bono-

836 2394 888 2410 rum
906 2394 1019 2416 operum,
1037 2393 1092 2410 cum
1117 2393 1202 2415 magno
1224 2390 1337 2416 apparatu
1356 2393 1405 2410 cae-

837 2427 927 2450 lestium
946 2427 1115 2449 desideriorum
1133 2427 1162 2449 62
1182 2427 1210 2448 49

883 2479 914 2482 —
927 2467 949 2488 ln
961 2466 1065 2489 caelestis
1076 2466 1143 2494 regni
1156 2466 1328 2494 possessionem
1340 2472 1404 2494 prae-

837 2506 922 2528 claram
945 2505 1042 2528 intratur
1066 2512 1108 2533 per
1133 2505 1240 2533 spiritum
1263 2505 1405 2534 paupertatis

837 2544 882 2567 449
900 2544 915 2567 b
932 2558 963 2561 —
981 2545 1038 2567 Sunt
1054 2544 1142 2567 domini
1159 2545 1276 2567 caelorum
1293 2545 1333 2574 qui
1352 2551 1404 2568 cun-

837 2586 872 2606 cta
889 2583 1005 2607 dederunt
1022 2587 1117 2612 propter
1128 2584 1202 2606 Deum
1212 2601 1218 2611 ,
1229 2584 1338 2613 quamvis
1350 2590 1406 2607 non-

836 2623 894 2646 dum
911 2623 956 2646 sint
972 2623 995 2645 in
1012 2623 1062 2646 eius
1079 2623 1226 2651 possessione
1244 2623 1288 2645 425
1306 2623 1336 2646 95

883 2674 914 2679 —
931 2663 979 2685 sola
996 2662 1071 2691 aperit
1087 2662 1171 2685 caritas
1189 2662 1234 2684 124
1263 2663 1268 2684 1
1295 2675 1326 2678 -
1347 2662 1405 2684 Gau-

837 2702 902 2724 dium
935 2702 1032 2725 caeleste
1057 2702 1143 2730 pendet
1171 2707 1183 2724 a
1216 2701 1290 2730 gradu
1319 2701 1405 2724 amoris

838 2741 882 2763 127
900 2741 913 2763 8

883 2792 915 2797 --
937 2780 1034 2803 Devotio
1061 2780 1112 2803 tacit
1136 2780 1270 2803 desiderare
1297 2780 1404 2803 caelestia

838 2819 881 2842 448
900 2820 914 2841 2

883 2870 915 2875 -
936 2858 1104 2887 Contemplatio
1127 2858 1267 2887 gaudiorum
1291 2858 1347 2881 caeli
1369 2860 1404 2880 est

836 2897 952 2926 stupenda
969 2900 992 2920 et
1016 2897 1172 2926 admirabilis,
1190 2897 1344 2920 consideratio
1369 2900 1404 2920 est

837 2936 945 2959 deliciosa
970 2939 992 2959 et
1017 2936 1169 2964 delectabilis,
1193 2937 1320 2965 speculatio
1349 2942 1404 2965 gau-

839 2975 903 2998 diosa
929 2978 952 2998 et
977 2975 1095 2999 ineffabilis
1121 2976 1151 2998 65
1176 2975 1206 2998 25
1234 2988 1265 2992 -
1290 2975 1404 2998 Meditatio

236 3011 311 3035 fabilis
328 3013 476 3042 deliciositas,
494 3014 670 3037 interminabilis
682 3015 803 3037 aeternitas
837 3015 895 3037 caeli
913 3017 948 3038 est
963 3015 1094 3038 remedium
1111 3015 1190 3038 efficax
1208 3016 1286 3037 contra
1304 3014 1405 3037 tentatio-

1697 269 1751 292 CAL

1486 309 1572 331 13011105
1588 321 1618 325 -
1635 308 1749 337 significat
1765 308 1881 332 Christum
1900 309 1945 332 225
1959 311 2002 333 165

1437 359 1469 364 —-
1486 347 1527 370 Hic
1544 347 1624 370 botrus
1647 347 1717 370 habet
1739 348 1841 377 quinque
1859 354 1931 376 grana
1948 348 2001 372 ibid.

1439 398 1469 402 —-
1497 387 1613 409 lnnumeri
1641 390 1695 409 sunt
1725 386 1786 409 botri
1814 387 1866 410 vitis
1894 388 2005 416 mysticae

1439 425 1484 447 228
1503 425 1547 447 176

1485 464 1607 487 0310311011
1624 478 1655 481 ——
1671 465 1796 488 necessitas
1807 465 1925 488 manifesta
1937 468 1971 489 est
1983 466 2005 489 in

1438 502 1531 525 casibus
1547 503 1675 527 innumeris
1692 507 1787 532 propter
1804 505 1920 527 humanae
1936 505 2005 528 mise-

1438 541 1486 564 riae
1503 544 1663 570 tegumentum
1681 542 1725 565 400
1744 544 1768 565 4l

1487 581 1609 604 BuEleRlA
1622 594 1653 597 —-
1664 581 1824 605 Ordinationes
1836 583 1915 605 variae
1926 583 2005 612 quoad

1438 620 1555 642 Breviaria
1574 620 1618 642 333
1637 621 1659 643 6.
1679 620 1724 643 464
1742 620 1766 643 b.
1783 621 1828 644 465
1846 622 1869 644 0.
1888 622 1932 644 466
1950 622 1966 644 b

1486 659 1598 682 BssvlTAs
1615 672 1645 676 —
1662 662 1697 682 est
1714 660 1796 682 caritas
1814 660 1859 682 430
1881 661 1906 683 12

1487 710 1518 715 --
1536 698 1716 727 praedicationis
1741 702 1763 722 et
1787 699 1854 722 verbi
1879 700 1933 727 Dei,
1951 706 2006 729 quo-

1439 737 1510 760 modo
1528 738 1557 760 sit
1574 738 1721 766 intelligenda
1740 738 1784 761 430
1803 739 1832 761 12

1486 777 1561 799 BnuTA
1578 789 1609 793 —
1620 777 1651 799 Ex
1663 783 1744 800 eorum
1756 778 1853 800 naturali
1866 778 1956 801 solertia
1968 778 2007 801 ini-

1439 815 1496 838 tium
1514 816 1543 838 ad
1560 816 1688 839 artificiales
1700 817 1794 845 peritias
1805 817 1918 845 processit
1930 817 1971 840 434
1991 817 2007 840 0

1486 855 1579 878 Bunoum
1595 868 1626 872 —
1643 856 1712 878 situm
1730 859 1764 878 est
1780 856 1803 878 in
1820 856 1941 884 provincia
1953 856 2008 879 Mas-

1439 900 1478 916 sae
1495 894 1541 917 562
1558 895 1571 916 3

1486 945 1517 949 -
1534 933 1611 956 Gelani
1629 933 1673 956 554
1693 934 1705 956 3

1442 1214 1495 1235 nes,
1513 1208 1696 1236 persecutiones,
1715 1208 1873 1231 tribulationes
1898 1208 1927 1231 58
1946 1209 1959 1230 8
1976 1220 2007 1225 —

1442 1247 1486 1277 Qui
1503 1248 1553 1270 vult
1571 1250 1660 1270 terrena
1678 1246 1737 1270 bene
1754 1250 1903 1270 contemnere
1915 1254 2008 1276 semper

1441 1287 1511 1310 debet
1528 1287 1633 1309 caelestia
1652 1287 1758 1309 meditari
1776 1287 1821 1309 490
1833 1288 1846 1310 2
1858 1299 1889 1303 -
1901 1286 2007 1310 Contem-

1442 1327 1510 1355 platio
1529 1326 1668 1354 gaudiorum
1686 1326 1744 1348 caeli
1762 1326 1814 1349 facit
1830 1332 1925 1349 omnem
1942 1332 2009 1355 pere-

1441 1366 1594 1394 grinationem
1616 1368 1639 1388 et
1663 1372 1757 1388 omnem
1782 1365 1953 1388 tribulationem
1969 1372 2008 1394 pa-

1440 1406 1522 1428 tienter
1539 1406 1636 1428 tolerare
1654 1406 1683 1427 62
1702 1405 1730 1427 17

1488 1457 1520 1461 -
1536 1445 1619 1467 Anima
1637 1450 1730 1473 semper
1747 1447 1824 1467 mente
1842 1444 1863 1467 10
1881 1445 1945 1467 03010
1957 1451 2008 1468 0550

1441 1483 1510 1507 debet
1527 1484 1556 1506 59
1578 1484 1604 1506 40
1616 1496 1648 1500 —
1659 1483 1747 1506 Gaudia
1765 1484 1820 1506 caeli
1838 1484 1943 1513 quotidie
1955 1490 2008 1507 con-

1440 1523 1573 1552 templanda
1591 1526 1644 1546 sunt
1661 1523 1690 1545 57
1709 1524 1722 1546 3
1739 1535 1771 1539 —
1787 1523 1876 1546 Gaudia
1893 1523 1949 1546 caeli
1972 1529 2006 1546 su-

1440 1569 1482 1591 per
1498 1563 1576 1585 omnia
1593 1562 1747 1585 desideranda
1765 1565 1819 1585 sunt
1835 1561 1866 1585 ib.
1883 1562 1896 1585 4

1488 1615 1518 1619 —
1536 1603 1600 1631 Quae
1622 1602 1651 1625 sit
1675 1601 1797 1630 dispositio
1822 1602 1951 1625 necessaria
1977 1602 2007 1625 ad

1439 1641 1617 1670 contemplanda
1635 1641 1719 1670 gaudia
1738 1641 1794 1664 caeli
1812 1641 1840 1664 56
1860 1642 1868 1663 4
1884 1654 1915 1657 —
1933 1640 2008 1664 Caele-

1439 1683 1497 1703 stem
1515 1681 1586 1703 vitam
1612 1681 1698 1703 ducere
1723 1683 1757 1703 est
1781 1680 1886 1703 caelestia
1908 1683 2008 1703 contem·

1439 1720 1497 1748 plari
1515 1723 1536 1743 et
1553 1720 1650 1748 diligere
1667 1720 1696 1742 49
1715 1720 1744 1742 12

1487 1759 1583 1782 Caum-xa
1600 1772 1632 1776 —
1648 1759 1767 1787 praedicat
1792 1760 1815 1782 S.
1832 1759 1967 1782 Franciscus
1984 1759 2006 1781 in

1440 1799 1515 1821 littore
1532 1799 1603 1821 maris
1620 1798 1665 1821 540
1683 1799 1696 1820 6

1486 1850 1517 1854 -
1527 1838 1714 1860 Bartholomaeus
1726 1838 1784 1860 civis
1795 1837 1917 1860 Caietanus
1928 1844 1970 1866 per
1982 1838 2005 1861 S.

1439 1878 1586 1901 Franciscum
1596 1883 1608 1899 a
1618 1877 1698 1900 mortis
1707 1877 1809 1905 periculo
1818 1876 1927 1899 liberatur
1937 1876 1982 1900 554
1993 1877 2006 1899 8

1487 1916 1612 1939 CALAM1TAS
1628 1929 1659 1933 —
1676 1916 1769 1945 qualem
1784 1916 1956 1939 mendicitatem
1969 1922 2006 1945 pa-

1438 1956 1481 1979 riat
1498 1956 1543 1978 324
1561 1956 1590 1978 26

1486 1995 1646 2018 ΟΑιοΕΑΜΕΝΤΛ
1665 2008 1694 2011 —
1711 1994 1814 2018 Christus
1831 1994 1947 2023 Apostolis
1963 1995 2005 2017 alia

1439 2035 1592 2058 calceamenta
1610 2036 1701 2063 praeter
1717 2034 1820 2057 sandalia
1843 2033 1943 2057 inhibuit
1961 2034 2005 2057 402

1440 2075 1469 2097 47
1486 2088 1516 2090 —
1534 2073 1649 2102 prohibita
1675 2073 1789 2102 Apostolis
1815 2072 1860 2095 273
1883 2073 1897 2095 5
1923 2086 1953 2089 -
1970 2074 2006 2096 Ad

1438 2114 1542 2142 regulam
1560 2113 1710 2141 apostolicam
1728 2112 1827 2141 pertinet
1851 2112 1900 2135 sine
1921 2113 2006 2135 calcea-

1440 2153 1523 2175 mentis
1540 2152 1647 2175 incedere
1664 2152 1709 2174 388
1728 2152 1741 2173 8

1486 2204 1518 2208 —
1533 2191 1637 2214 Christus
1653 2191 1808 2213 calceamenta
1830 2189 1949 2218 prohibuit
1974 2191 2005 2213 di-

1438 2231 1533 2259 scipulis
1558 2236 1599 2253 nec
1625 2230 1674 2258 ipse
1699 2229 1780 2252 habuit
1805 2229 1850 2252 275
1869 2230 1882 2251 8
1899 2242 1930 2246 -
1953 2230 2005 2252 Post

1438 2270 1602 2292 institutionem
1620 2269 1760 2298 apostolicae
1784 2269 1879 2297 regulae
1901 2268 2005 2292 Christus

1439 2309 1523 2338 suique
1540 2309 1648 2337 discipuli
1669 2308 1718 2331 sine
1739 2308 1899 2331 calceamentis
1922 2308 1952 2331 ad
1974 2308 2006 2331 lit-

1438 2351 1512 2371 teram
1530 2348 1674 2370 incesseruut
1691 2347 1735 2370 390
1757 2348 1783 2370 15

1485 2400 1517 2404 -
1534 2388 1577 2410 Sex
1594 2387 1624 2410 de
1644 2387 1719 2409 causis
1740 2386 1843 2410 Christus
1864 2386 1929 2409 dedit
1946 2387 2005 2415 Apo-

1438 2427 1502 2450 stolis
1526 2426 1663 2449 mandatnm
1688 2426 1737 2448 sine
1761 2426 1922 2449 calceamentis
1947 2426 2006 2449 ince-

1439 2466 1510 2489 dendi
1527 2466 1572 2488 306
1591 2467 1603 2488 8
1615 2478 1647 2482 -—
1659 2465 1758 2488 Arctatio
1770 2465 1920 2488 calceamenti
1937 2465 2005 2494 signi-

1438 2505 1491 2528 ficat
1507 2505 1644 2528 solutionem
1662 2511 1675 2527 a
1691 2505 1787 2527 terrenis
1805 2504 1850 2527 444
1867 2505 1896 2527 23

1485 2557 1516 2561 -
1533 2544 1693 2567 Calceatorum
1715 2546 1737 2566 et
1758 2544 1950 2567 discalceatorum
1967 2545 2005 2566 ha-

1438 2584 1500 2607 bitus
1517 2582 1741 2606 considerationibus
1765 2586 1787 2605 et
1811 2583 1887 2606 causis
1904 2583 2005 2606 diversis

1437 2623 1538 2646 Domino
1563 2623 1653 2651 placent
1680 2624 1702 2645 et
1730 2622 1864 2645 multiformi
1893 2622 2004 2645 varietate

1438 2668 1548 2691 sponsam
1566 2662 1649 2685 Christi
1666 2662 1777 2685 decorant
1793 2661 1838 2684 307
1856 2662 1869 2683 8

1486 2714 1517 2718 —-
1533 2701 1700 2724 Testimonium
1718 2701 1748 2724 de
1765 2707 1810 2723 non
1827 2700 1948 2729 portandis
1958 2701 2004 2724 cal-

1439 2741 1564 2764 ceamentis
1581 2740 1610 2763 ad
1626 2741 1724 2763 litteram
1748 2746 1798 2763 esse
1815 2740 2003 2768 intelligendum,

1438 2780 1557 2808 multiplici
1574 2782 1637 2808 patet
1653 2779 1796 2802 attestatione
1813 2779 1939 2802 Doctorum
1958 2779 2003 2801 306

1438 2820 1451 2841 6
1463 2831 1494 2836 —-
1506 2818 1583 2841 Verba
1596 2819 1686 2841 Domini
1698 2818 1727 2841 de
1739 2818 1899 2841 calceamentis
1911 2820 2004 2846 portan-

1438 2858 1473 2881 dis
1485 2864 1531 2881 non
1543 2858 1618 2881 solum
1629 2857 1784 2886 spiritualiter,
1794 2857 1835 2880 sed
1847 2857 1917 2880 etiam
1929 2857 1958 2879 ad
1971 2857 2003 2880 lit-

1437 2900 1510 2920 teram
1528 2898 1620 2920 suerunt
1631 2896 1754 2919 observata
1767 2897 1811 2919 388
1825 2896 1846 2919 9.
1859 2896 1904 2918 389
1918 2896 1955 2918 40.
1968 2902 2003 2925 sq.

1485 2948 1515 2952 -—
1527 2936 1560 2958 De
1571 2935 1732 2959 calceamentis
1743 2935 1917 2963 comportandis
1933 2934 2002 2957 etiam

1438 2975 1605 3004 persecutionis
1629 2977 1734 3003 tempore
1763 2980 1806 2997 nec
1830 2976 1904 2997 textus
1929 2973 2003 2996 innuit

1439 3020 1483 3037 nec
1499 3015 1578 3037 Glossa
1596 3015 1640 3036 388
1660 3014 1672 3035 8
