2133 3317
146 876 242 903 Moechiae
255 875 266 893 6

166 905 246 924 species.

154 1309 256 1328 Divisiouis

149 1333 208 1351 rimae
215 1338 273 1352 mem-

151 1362 191 1375 rum
205 1357 222 1379 ⁶2,
236 1361 270 1375 seu

166 1380 245 1399 accidia.

135 2048 180 2068 lude
196 2053 227 2067 sex
241 2048 267 2067 vi-

187 2073 221 2091 tIa.

156 2174 184 2193 De
197 2174 264 2198 primo.

282 231 338 260 640

281 310 384 339 modus,
404 310 445 340 qui
471 308 578 333 naturae
594 315 644 333 non
663 307 791 339 congruit,
809 307 951 338 iuvenitur3
970 307 996 332 in
1023 308 1132 338 tempore

281 353 376 382 autem,
397 359 452 377 011111
471 352 582 382 tempore
602 350 787 376 menstruorum
801 350 912 375 debitum
931 350 1053 382 exigitur,
1068 350 1132 382 quod

281 396 320 420 est
336 394 423 420 contra
446 394 550 426 1100-01ης
570 395 592 419 01
611 394 717 419 scienter
736 393 792 423 fiat,
813 394 851 418 est
870 394 999 424 peccatum
1018 393 1133 418 mortale.

280 438 359 467 Item,
380 445 434 462 011111
460 437 574 468 tempora
602 436 721 466 orationi,
748 436 875 461 honestati
899 437 924 461 et
951 436 1133 461 festivitatibus

281 481 428 506 Sanctorum
448 480 569 511 deputata
581 487 630 505 non
647 479 826 509 observantur,
840 479 904 510 quod
923 479 1008 504 tamen
1027 479 1133 504 mortale

281 531 331 548 non
347 523 408 547 dico.
421 537 456 540 —
468 522 548 552 Item,
568 523 594 547 in
613 529 707 553 causa,
727 529 782 547 cum
801 522 827 546 in
846 522 903 547 actu
922 522 1064 547 huiusmodi
1083 529 1133 547 non

282 567 378 598 proles,
399 566 441 591 sed
460 567 543 591 carnis
561 565 692 591 delectatio
712 566 852 597 quaeritur,
873 566 938 597 quod
957 566 1014 591 licet
1037 573 1133 590 excuse-

282 611 324 635 tur
338 618 382 642 per
394 610 595 639 matrimonium,
614 610 698 634 tamen
717 609 802 640 posset
820 609 912 634 habere
930 609 1051 634 rationem
1071 616 1134 634 mor-

281 654 354 683 talis,
375 654 395 678 si
415 661 493 685 usque
518 653 550 677 ad
568 653 614 678 hoc
632 652 783 678 inordinatio
802 652 962 683 extendatur,
983 653 1048 684 quod
1074 653 1133 677 ima-

281 697 390 729 ginando
409 697 516 721 alienam
537 697 665 721 mulierem
688 696 822 728 cognoscat
840 697 982 728 propriam,
1001 696 1041 721 vel
1060 696 1080 720 si
1106 703 1133 721 eo

281 739 372 764 affectu
397 738 575 770 cognoscatur,
595 739 671 770 quod,
692 738 767 763 etiam
790 739 811 763 si
829 746 891 763 uxor
909 739 1012 770 propria
1030 745 1080 763 11011
1099 745 1134 762 00-

282 782 331 812 set,
351 782 428 807 vellet
446 782 608 807 nihilominus
628 781 816 806 delectationem
836 782 967 812 complere.

353 825 395 849 36.
415 825 439 850 Si
458 825 542 850 autem
571 832 615 856 per
642 824 727 849 actum
748 824 877 849 moechiae
895 825 955 849 talis
983 824 1133 849 inordinatio

282 868 448 899 compleatur,
472 867 606 892 secundum
631 867 678 892 hoc
702 867 843 892 huiusmodi
862 867 955 899 peccati
975 875 1017 892 sex
1040 867 1133 898 species

282 911 487 943 distinguuntur,
508 911 602 936 scilicet
621 911 726 941 simplex
738 910 892 942 fornicatio,
912 911 1010 936 solutus
1029 918 1084 935 cum
1098 917 1134 935 so-

281 954 350 985 1111ος
371 954 543 985 adulterium,
562 954 658 986 ligatus
677 962 732 979 cum
751 955 845 986 ligata,
865 954 904 979 vel
923 954 1003 979 altero
1022 955 1133 985 ipsorum

281 998 372 1030 ligat03
398 999 526 1030 stiwrum,
546 999 572 1022 in
598 997 758 1023 defloratione
783 998 926 1029 virginum3
954 998 1061 1028 raptus,
1092 997 1134 1028 qui

282 1041 397 1066 consistit
428 1041 453 1065 in
481 1041 591 1066 violenta
619 1041 731 1066 mulieris
758 1041 915 1072 cognitione3
942 1041 1066 1071 incestus,
1092 1040 1134 1071 (1111

282 1084 328 1114 est,
341 1092 396 1109 011111
410 1084 567 1116 cognoscitur
579 1085 776 1115 consanguinea,
794 1084 834 1109 vel
847 1084 943 1115 affinis3
957 1083 1134 1116 sacrileyium,

282 1135 337 1153 cum
357 1128 450 1152 scilicet
469 1128 520 1153 Deo
536 1128 631 1152 dicatae
651 1128 761 1159 virgines
780 1128 820 1152 vel
832 1128 922 1152 viduae
941 1127 1133 1159 cognoscuntur,

282 1171 321 1196 vel
340 1171 366 1195 in
386 1178 455 1196 sacro
486 1171 539 1196 loco
564 1171 626 1195 talia
646 1170 799 1196 exercentur.
819 1171 887 1196 Haec
912 1171 995 1196 omnia
1019 1168 1132 1195 1101101111ι

282 1214 405 1239 rationem
424 1214 546 1240 mortaliS.

354 1257 397 1283 37.
416 1257 542 1282 Secundus
561 1264 647 1282 ramus
666 1257 813 1288 principalis
832 1256 1046 1288 concupiscentiae
1060 1255 1077 1286 ²,
1092 1257 1134 1288 qui

284 1308 312 1325 ex
331 1301 413 1325 carnis
432 1300 591 1331 corruptione
610 1300 747 1332 contingit,
767 1300 796 1325 ut
815 1300 907 1325 dictum
927 1300 966 1325 est
985 1308 1076 1331 supra,
1096 1300 1135 1325 est

283 1344 444 1369 inordinatio
463 1345 492 1369 in
511 1343 639 1369 evitandis
657 1344 785 1375 adversis,
805 1344 831 1368 et
849 1351 878 1368 ex
896 1343 942 1369 hoc
961 1351 1030 1369 ramo
1050 1351 1135 1375 proce-

283 1387 320 1412 dit
338 1388 427 1412 vitium
447 1387 567 1419 capitale,
592 1387 656 1419 quod
676 1387 775 1412 accidia
799 1387 953 1412 nominatur.
978 1387 1026 1412 Est
1050 1387 1134 1412 autem

282 1431 382 1456 accidia
393 1430 411 1462 ³,
431 1431 506 1462 prout
525 1431 564 1456 est
585 1430 674 1456 vitium
693 1430 800 1462 capitale
823 1430 848 1456 et
876 1431 998 1462 speciale,
1028 1430 1135 1456 tristitia

282 1474 402 1505 quaedam
422 1481 578 1506 aggravanS,
598 1482 660 1506 quae
685 1474 721 1499 ita
740 1474 858 1505 deprimit
883 1474 994 1498 animum
1012 1474 1134 1503 hominis,

282 1518 311 1542 ut
330 1517 406 1542 eidem
435 1517 498 1541 nihil
526 1524 600 1549 agere
627 1517 705 1542 libeat
733 1517 758 1541 et
783 1517 887 1541 maxime
914 1517 1006 1542 bonum
1034 1517 1135 1548 aliquod

282 1560 422 1591 spirituale.
434 1560 519 1585 Habet
530 1560 613 1585 autem
627 1560 750 1585 rationem
764 1560 858 1591 peccati
871 1560 996 1590 mortalis,
1016 1560 1043 1584 in
1056 1568 1136 1591 quan-

281 1604 335 1629 tum
355 1604 411 1635 quis
430 1611 475 1635 per
493 1603 570 1629 talem
590 1603 722 1633 tristitiam
741 1603 806 1629 bona
825 1603 969 1635 spiritualia
988 1603 1084 1628 devitat
1097 1603 1135 1629 de-

280 1647 426 1677 liberative,
445 1655 490 1672 nec
509 1647 609 1678 placent
628 1647 662 1677 ei,
683 1646 748 1678 quod
767 1646 911 1678 frequenter
930 1654 958 1671 ex
977 1647 1059 1671 carnis
1085 1654 1136 1671 cor-

281 1690 397 1722 ruptione
411 1690 535 1722 procedit,
555 1690 581 1714 in
594 1690 717 1721 quantum
737 1690 831 1714 scilicet
843 1690 935 1721 aliquis
953 1697 1039 1714 curam
1053 1690 1135 1714 carnis

281 1741 359 1766 agens
372 1734 515 1765 spiritualia
528 1733 633 1765 refugit,
653 1741 727 1758 carne
747 1733 834 1758 contra
847 1734 965 1764 spiritum
983 1733 1135 1758 dominante.

281 1778 352 1802 Unde
371 1785 385 1802 a
405 1777 524 1809 Gregorio
543 1776 672 1808 trigesimo
691 1777 771 1808 primo
784 1775 939 1802 Moralium⁴
958 1776 1024 1801 inter
1043 1776 1136 1808 capita-

280 1821 315 1846 lia
334 1821 396 1846 vitia
415 1820 582 1852 computatur.
598 1820 667 1845 Sicut
685 1820 769 1845 autem
789 1820 818 1845 de
831 1820 887 1845 aliis
908 1820 947 1844 est
965 1820 1134 1851 praedictum,

280 1872 330 1890 non
349 1864 474 1896 quaelibet
492 1864 585 1889 accidia
597 1871 642 1889 nec
655 1863 760 1895 quilibet
777 1863 860 1889 motus
879 1863 985 1888 accidiae
1003 1863 1079 1888 habet
1098 1871 1136 1888 ra-

280 1909 373 1934 tionem
392 1908 520 1938 mortalis,
541 1907 584 1932 sed
603 1907 715 1939 oportet,
735 1907 800 1939 quod
813 1915 842 1932 ex
855 1906 1032 1932 deliberatione
1054 1914 1136 1938 proce-

281 1951 332 1978 dat.
346 1951 383 1976 Ex
395 1951 441 1976 hoc
454 1958 522 1976 ramo
542 1951 687 1983 procedunt,
701 1951 835 1976 secundum
855 1951 981 1976 Isidorum
994 1951 1023 1975 de
1036 1951 1136 1976 Summo

281 1995 350 2021 Bono
364 1994 373 2007 ¹³
393 1995 418 2020 et
431 1995 565 2020 secundum
579 1994 727 2026 Gregorium
748 1994 877 2026 trigesimo
897 1995 977 2026 primo
990 1994 1135 2025 Moralium,

283 2038 333 2063 alia
350 2038 426 2067 vitia,
440 2045 503 2069 quae
517 2037 577 2062 sunt
584 2037 795 2069 pusillanimitas
803 2057 810 2069 ,
831 2039 926 2069 torpor,
941 2038 1057 2069 evayatio
1070 2045 1136 2062 men-

285 2082 332 2113 tis,
351 2081 512 2106 instabilitas
531 2081 661 2112 corporis,
682 2081 792 2106 tristitia
811 2080 896 2105 cordis
915 2080 941 2105 et
960 2080 1113 2111 desperatio.

354 2125 397 2149 38.
417 2125 488 2150 Circa
501 2125 623 2156 primum,
635 2124 663 2149 de
673 2114 904 2156 pusillanimitate,
919 2124 1057 2154 sciendum,
1071 2124 1136 2155 quod

281 2168 324 2193 ille
338 2168 521 2199 pusillanimis
540 2167 644 2197 dicitur,
664 2168 706 2199 qui
724 2167 835 2191 animum
861 2167 981 2198 pusillum
1006 2166 1083 2191 habet
1104 2166 1136 2191 ad

282 2210 463 2242 exsequendum
491 2210 556 2235 bona
584 2217 673 2241 opera,
699 2217 761 2241 quae
780 2209 887 2234 faciliter
915 2209 1013 2240 operari
1042 2208 1133 2240 posset.

282 2254 352 2279 Unde
372 2254 437 2279 sieut
456 2254 620 2285 praesumtio
640 2253 716 2278 habet
735 2252 857 2277 rationem
884 2252 992 2284 peccati,
1013 2253 1072 2283 quia
1091 2260 1135 2284 per

282 2305 336 2323 eam
355 2297 436 2322 tendit
453 2297 526 2322 homo
554 2297 586 2321 ad
605 2304 634 2321 ea
661 2304 724 2328 quae
743 2296 795 2321 eius
820 2296 971 2327 potestatem
1000 2295 1134 2326 excedunt,

281 2341 318 2366 ita
337 2340 362 2365 et
376 2340 587 2372 pusillanimitas
607 2339 645 2365 est
664 2339 806 2371 peccatum,
826 2339 885 2364 dum
910 2339 1010 2364 recusat
1034 2339 1135 2364 tendere

282 2385 308 2409 in
327 2384 389 2409 illud
408 2384 512 2413 bonum,
526 2383 591 2415 quod
607 2383 834 2409 commensuratum
848 2382 887 2407 est
906 2390 964 2407 suae
978 2382 1105 2414 potentiae
1117 2381 1134 2407 ⁰.

281 2427 315 2452 Et
333 2428 389 2452 inde
408 2427 460 2457 est,
481 2427 546 2458 quod
565 2433 667 2457 servus,
688 2427 729 2457 qui
755 2426 852 2457 aceepit
873 2426 1013 2457 pecuniarii
1038 2425 1136 2450 domini

281 2472 323 2497 sui
336 2472 360 2496 et
372 2470 438 2501 fodit
451 2471 478 2496 in
492 2472 589 2495 terram
602 2478 646 2495 nec
659 2470 777 2501 operatus
790 2470 829 2494 est
847 2477 876 2494 ex
889 2477 917 2494 ea
937 2469 1040 2501 propter
1062 2477 1136 2500 quen-

282 2515 339 2540 dam
358 2514 576 2546 pusillanimitatis
594 2514 721 2543 timorem,
741 2513 846 2544 punitur
865 2520 880 2538 a
899 2513 1008 2542 domino,
1023 2513 1052 2537 ut
1065 2512 1136 2544 patet

282 2558 405 2583 Matthaei
433 2558 552 2589 vigesimo
570 2557 657 2589 quinto
686 2556 711 2581 et
729 2556 810 2581 Lucae
837 2556 930 2581 decimo
954 2563 1027 2581 nono.
1052 2555 1136 2581 Habet

732 228 929 257 OPUSCULUM
951 228 980 256 11.
1003 227 1174 257 SPECULUM
1195 227 1439 256 CONSClENTlAE.
1462 226 1530 255 CAP.
1552 227 1592 255 111.

1189 306 1273 331 autem
1293 306 1489 337 pusillanimitas
1508 306 1630 331 rationem
1649 305 1778 335 mortalis,
1798 312 1853 330 cum
1877 306 2039 336 pusillanimi-

1189 349 1243 374 tate
1262 348 1426 373 dimittuntur
1454 349 1594 374 necessaria
1614 348 1646 373 ad
1665 349 1786 378 salutem,
1811 348 1841 373 ut
1867 349 1951 374 divina
1970 356 2040 380 prae-

1189 392 1269 424 cepta.
1280 391 1370 417 Posset
1382 392 1544 417 nihilominus
1556 391 1648 416 habere
1667 391 1789 417 rationem
1803 392 1917 417 mortalis
1930 393 1955 417 111
1968 400 2039 422 casu,

1189 435 1219 460 ut
1238 435 1259 460 si
1278 435 1333 466 quis
1352 434 1531 459 detrimentum
1550 434 1620 466 fidei,
1640 435 1680 460 vel
1699 435 1818 459 damnum
1837 435 1942 466 proximi
1967 436 2041 466 spiri-

1189 478 1272 507 tuale,
1292 478 1332 503 vel
1351 478 1427 502 etiam
1446 478 1584 509 temporale
1602 485 1631 503 ex
1650 478 1859 509 pusillanimitate
1879 478 2040 508 defensionis,

1190 521 1382 552 praedicationis
1395 521 1435 545 vel
1448 520 1607 546 correctionis
1625 521 1804 546 dissimularet.
1818 521 1888 546 Unde
1906 521 2041 553 Gregorius

1189 565 1215 589 111
1234 563 1382 589 Pastorali⁷
1402 564 1475 593 dicit,
1495 564 1560 595 quod
1578 564 1616 588 illi
1639 564 1681 595 qui
1700 564 1817 595 prodesse
1836 564 1943 589 utilitati
1962 565 2041 596 proxi-

1190 615 1286 632 morum
1306 607 1448 638 refugiunt,
1473 616 1485 629 «
1499 607 1521 631 si
1541 606 1654 632 districte
1679 607 1834 637 iudicentur,
1854 615 1883 632 ex
1907 608 1987 633 tantis
2006 609 2041 633 rei

1190 650 1267 680 sunt,
1300 650 1402 681 quantis
1431 650 1559 675 venientes
1588 650 1619 675 ad
1652 650 1777 681 publicum
1811 651 1928 682 prodesse
1958 652 2042 683 potue-

1190 693 1252 718 runt
1265 703 1289 718 ».

1261 737 1304 762 39.
1324 736 1362 761 Ex
1379 744 1453 761 ramo
1471 737 1556 761 autem
1576 737 1809 767 pusillanimitatis
1828 738 1939 769 procedit
1964 738 2041 763 timor
2054 738 2097 758 Ῑῠᾱθ
2107 739 2133 764 31

1189 780 1306 811 servilis,
1326 779 1475 805 mundanus
1493 780 1519 805 et
1536 780 1680 811 humanus,
1699 781 1742 811 qui
1763 780 1846 806 eodem
1871 781 1957 811 modo,
1978 782 2042 806 sicut

1190 823 1219 848 de
1239 823 1448 854 pusillanimitate
1467 823 1560 848 dictum
1574 823 1623 853 est,
1644 823 1785 848 sortiuntur
1801 824 1923 849 rationem
1940 825 2042 856 peccati.

1190 866 1238 891 Est
1256 867 1339 891 autem
1368 866 1443 891 timor
1461 867 1576 898 servilis,
1605 874 1660 891 cum
1688 867 1744 898 quis
1772 867 1801 892 ut
1823 875 1910 892 servus
1938 867 2043 893 dimittit

1190 910 1284 934 malum
1303 909 1395 940 facere,
1409 917 1458 935 non
1472 910 1576 941 propter
1588 909 1757 940 dilectionem,
1778 910 1820 935 sed
1834 911 1937 942 propter
1950 919 2042 943 poenae

1191 953 1313 978 timorem.
1333 953 1416 978 Timor
1435 953 1518 978 autem
1539 953 1669 978 humanus
1688 953 1792 983 dicitur,
1816 961 1870 978 cum
1894 954 1963 985 quis,
1988 962 2043 986 par—

1191 1004 1248 1022 cens
1267 997 1336 1021 carni
1356 1004 1426 1026 suae,
1446 997 1589 1028 spiritualia
1608 997 1673 1022 bona
1692 997 1798 1028 refugit,
1818 1005 1881 1029 quae
1899 998 1982 1023 carnis
2005 998 2043 1023 de-

1190 1040 1366 1065 lectationibus
1394 1040 1570 1065 adversantur.
1600 1040 1647 1065 Est
1666 1040 1749 1065 autem
1777 1040 1852 1066 timor
1879 1041 2041 1073 mundanus,

1191 1091 1245 1108 cum
1266 1084 1321 1115 quis
1340 1083 1444 1114 propter
1472 1084 1586 1109 timorem
1605 1084 1704 1113 mundi,
1734 1091 1853 1115 personae
1879 1084 1972 1110 scilicet
2000 1085 2043 1110 ali-

1190 1127 1276 1156 cuius,
1304 1126 1410 1151 dimittit
1437 1127 1528 1152 bonum
1553 1127 1633 1152 facere
1644 1126 1662 1151 Β.
1691 1127 1791 1152 Primus
1816 1127 1892 1153 timor
1922 1128 1961 1153 est
1988 1135 2043 1153 cum

1190 1170 1292 1195 mortali
1310 1169 1424 1201 peccato,
1444 1170 1538 1195 scilicet
1550 1177 1606 1195 011111
1619 1170 1674 1202 quis
1693 1170 1822 1202 peccatum
1840 1170 1947 1196 dimittit
1964 1171 2043 1197 facere

1191 1213 1351 1238 solummodo
1370 1213 1470 1237 ratione
1484 1220 1591 1244 poenae.
1611 1213 1737 1238 Secundus
1756 1213 1840 1238 autem
1859 1214 1934 1240 timor
1953 1214 1978 1239 et
1996 1214 2044 1240 ter-

1191 1256 1242 1281 tius
1261 1255 1355 1281 habent
1384 1256 1506 1281 rationem
1534 1255 1664 1286 mortalis,
1692 1263 1746 1281 cum
1772 1256 1876 1288 propter
1902 1257 2043 1283 huiusmodi

1190 1299 1331 1324 necessaria
1350 1299 1380 1323 ad
1402 1299 1509 1323 salutem
1526 1299 1698 1324 dimittuntur.

1261 1342 1304 1368 40.
1325 1342 1396 1367 Circa
1416 1342 1551 1367 secundum
1569 1342 1598 1367 de
1619 1343 1720 1373 torpore
1742 1343 1879 1368 notandum
1900 1344 1952 1374 est,
1978 1344 2043 1376 quod

1191 1385 1252 1410 tunc
1270 1386 1326 1417 quis
1347 1387 1446 1417 torpere
1465 1385 1572 1415 dicitur,
1596 1393 1651 1410 cum
1670 1386 1701 1410 ad
1719 1386 1781 1411 bene
1800 1387 1953 1417 operandum
1977 1387 2042 1413 inve-

1191 1429 1261 1454 nitur
1279 1428 1406 1458 inefficax,
1427 1428 1492 1453 sicut
1510 1436 1576 1460 aqua
1594 1429 1679 1460 tepere
1704 1436 1747 1454 seu
1766 1429 1850 1461 tepida
1872 1437 1925 1455 esse
1944 1430 2042 1461 dicitur,

1191 1480 1246 1497 cum
1265 1479 1315 1497 non
1334 1472 1373 1497 est
1391 1472 1427 1496 ita
1456 1472 1562 1497 efficacis
1589 1473 1693 1502 caloris3
1722 1473 1787 1497 unde
1806 1473 1835 1498 de
1863 1473 1909 1498 tali
1933 1474 1959 1498 in
1978 1474 2043 1505 Apo-

1191 1517 1286 1548 calypsi
1306 1516 1397 1541 dicitur
1410 1515 1432 1540 ⁹:
1456 1516 1562 1542 Utinam
1587 1517 1616 1541 tu
1638 1516 1751 1548 calidus,
1771 1516 1810 1541 vel
1831 1516 1943 1549 frigidus
1966 1524 2043 1550 esses,

1191 1559 1235 1584 sed
1253 1559 1317 1590 quia
1336 1559 1437 1590 tepidas
1456 1566 1493 1590 es,
1513 1559 1638 1589 incipiam
1658 1560 1680 1583 te
1698 1566 1810 1584 evomere
1829 1559 1858 1585 ele
1877 1567 1920 1585 ore
1931 1568 2002 1591 meo;
2019 1553 2048 1586 et*

1191 1602 1251 1627 talis
1270 1602 1357 1633 torpor
1377 1610 1405 1627 ex
1423 1602 1581 1633 displicentia
1606 1602 1664 1627 boni
1686 1602 1785 1627 videtur
1811 1603 1955 1634 procedere,
1981 1611 2044 1635 quae

1192 1646 1265 1670 tanta
1284 1653 1337 1670 esse
1351 1645 1456 1677 poterit,
1475 1646 1540 1677 quod
1553 1645 1602 1670 erit
1620 1653 1675 1671 cum
1689 1645 1789 1677 peccato
1808 1647 1923 1677 mortali,
1943 1647 1972 1672 ut
1988 1655 2044 1673 cum

1192 1689 1248 1720 quis
1268 1689 1382 1720 palatum
1401 1689 1498 1714 animae
1518 1689 1552 1714 010
1571 1689 1717 1720 corruptum
1736 1689 1825 1719 hahet,
1846 1690 1910 1721 quod
1929 1691 1955 1715 in
1974 1691 2044 1717 nullo

1192 1732 1255 1758 bono
1284 1732 1411 1763 spirituali
1439 1732 1646 1763 complacentiam
1674 1733 1784 1763 invenit,
1813 1734 1838 1758 et
1866 1733 1970 1765 propter
1998 1734 2044 1760 1100

1192 1776 1311 1808 quidquid
1339 1776 1396 1801 boni
1415 1775 1476 1801 facit
1498 1776 1580 1807 tepide
1599 1775 1624 1801 et
1642 1776 1756 1801 indevote
1775 1776 1843 1801 facit.
1862 1777 1932 1802 Unde
1952 1785 1981 1802 ex
1998 1777 2044 1803 1100

1192 1826 1262 1844 ramo
1281 1819 1392 1851 procedit
1410 1819 1583 1851 neyliyentia,
1603 1826 1659 1844 cum
1677 1820 1733 1851 quis
1751 1820 1858 1851 negligit
1877 1819 1956 1845 facere
1979 1821 2044 1852 quod

1192 1862 1277 1892 debet,
1297 1862 1337 1887 vel
1357 1863 1378 1887 01
1396 1862 1460 1887 forte
1479 1862 1504 1887 id
1522 1862 1615 1892 fecerit,
1628 1862 1721 1894 absque
1736 1861 1756 1874 ¹⁰
1775 1863 1906 1895 diligentia
1924 1863 1992 1888 facit.
2011 1863 2045 1888 Et

1193 1906 1326 1931 secundum
1346 1905 1392 1931 11οο
1410 1905 1544 1937 dupliciter
1563 1905 1646 1937 potest
1664 1905 1755 1931 habere
1774 1906 1896 1931 rationem
1915 1907 2040 1932 mortalis:

1192 1956 1242 1974 uno
1260 1949 1345 1979 modo,
1366 1949 1387 1974 si
1406 1948 1568 1974 dimittantur
1587 1956 1630 1980 per
1648 1949 1828 1981 negligentiam
1848 1950 1987 1975 necessaria
2011 1950 2043 1975 ad

1193 1992 1313 2023 salutem,
1333 1993 1382 2018 0110
1407 1993 1493 2022 modo,
1513 1992 1542 2017 ut
1561 1993 1582 2017 si
1601 1992 1664 2018 forte
1684 1993 1746 2018 talia
1765 1992 1842 2023 fiant,
1863 1994 1898 2018 sic
1916 2000 1972 2018 cum
1990 2000 2044 2019 0011-

1193 2036 1291 2068 temptu
1304 2036 1383 2066 finnt,
1398 2036 1463 2068 quod
1483 2043 1580 2067 quoquo
1593 2036 1663 2061 modo
1676 2036 1753 2066 fiant,
1773 2043 1822 2061 non
1836 2036 1908 2061 curat
1927 2036 2026 2062 omuino
2038 2046 2043 2066 3

1193 2079 1218 2104 et
1237 2080 1272 2104 sic
1290 2078 1443 2110 intelligitur
1456 2078 1519 2103 illud
1537 2078 1730 2103 Proverbiorum
1741 2077 1774 2103 ¹¹:
1792 2078 1842 2111 Qui
1854 2078 1964 2110 neqliyit
1976 2079 2044 2104 viam

1193 2130 1268 2148 suam
1286 2122 1491 2152 mortificabitur.

1263 2165 1305 2190 41.
1325 2165 1363 2190 Ex
1388 2165 1434 2190 hoc
1452 2165 1536 2190 autem
1564 2172 1634 2190 ramo
1652 2165 1819 2197 negligentiae
1850 2165 1924 2190 multi
1942 2165 2042 2196 fruetus

1193 2208 1322 2238 oriuntur,
1343 2208 1437 2233 scilicet
1462 2208 1581 2239 omissio,
1602 2208 1768 2239 iynorantia,
1795 2208 1897 2233 oblivio.
1916 2223 1952 2226 —
1971 2208 2042 2234 Circa

1193 2251 1356 2277 omissionem
1375 2251 1501 2276 sciendum
1529 2251 1581 2281 est,
1610 2251 1675 2282 quod
1702 2251 1835 2282 multiplex
1863 2251 1901 2276 est
1929 2252 2041 2282 omissio,

1193 2302 1255 2326 quae
1275 2295 1448 2325 multipliciter
1466 2294 1542 2319 habet
1561 2294 1683 2319 rationem
1702 2294 1805 2325 peccati.
1824 2294 1872 2319 Est
1891 2295 1956 2319 enim
1973 2295 2044 2320 omis-

1193 2339 1228 2363 sio
1248 2338 1309 2363 boni
1322 2338 1469 2369 propositi,
1489 2338 1542 2363 voti
1556 2338 1694 2369 promissi,
1713 2338 1868 2369 iuramenti,
1888 2338 2000 2363 iniuncti
2013 2337 2043 2370 ¹⁹,

1193 2382 1280 2411 debiti,
1300 2382 1407 2406 utilium
1425 2381 1514 2406 saluti.
1528 2395 1563 2399 —
1580 2381 1650 2406 Circa
1669 2381 1826 2406 omissionem
1839 2381 1898 2406 boni
1913 2381 2044 2413 propositi

1192 2425 1344 2455 notandum,
1365 2424 1430 2456 quod
1448 2424 1525 2449 habet
1547 2424 1669 2449 rationem
1695 2424 1789 2455 peccati
1814 2424 1948 2449 secundum
1967 2424 2041 2450 ratio-

1192 2476 1249 2493 nem
1276 2468 1373 2493 raclieis
1401 2475 1444 2492 seu
1472 2475 1574 2497 causae,
1594 2475 1639 2492 nec
1663 2468 1728 2492 enim
1755 2467 1784 2492 de
1812 2475 1838 2492 se
1865 2467 1941 2492 habet
1968 2468 2042 2493 ratio-

1192 2519 1248 2536 nem
1268 2512 1394 2541 mortalis,
1423 2512 1472 2536 nisi
1495 2511 1571 2536 fuerit
1596 2510 1752 2542 propositum
1777 2511 1836 2536 boni
1853 2511 1986 2536 necessarii
2010 2511 2042 2536 ad

1194 2556 1309 2580 salutem.

347 2728 354 2739 ¹
375 2729 416 2750 Pro
434 2728 497 2750 Haec
514 2727 595 2750 onznia
620 2726 705 2750 hubent
731 2728 782 2749 Vnt.
807 2726 835 2749 (le
852 2726 937 2756 quibus
955 2726 1065 2750 omnibus
1082 2733 1133 2756 per-

284 2759 458 2782 transennslmn
476 2758 560 2786 italico,
579 2765 634 2781 cum
651 2758 739 2788 absque
756 2758 910 2781 haesitatione
927 2757 1035 2781 Habeant.

346 2790 354 2803 ²¹
372 2791 424 2813 Yat.
451 2791 533 2813 omiuit
555 2790 765 2819 concupiscentiae.
788 2802 819 2806 —
843 2790 900 2812 lurra
923 2789 1012 2813 [lictum
1038 2791 1071 2813 esi
1095 2796 1133 2812 sn-

283 2828 340 2852 pra,
359 2823 382 2844 id
398 2825 432 2844 est
449 2829 471 2844 n.
491 2823 512 2844 1.
529 2822 551 2844 111
569 2822 683 2844 divisione
701 2821 829 2850 principali.

347 2853 356 2865 3
374 2854 423 2875 Vm.
442 2854 471 2875 ita
490 2853 651 2882 prosequitur:
675 2852 806 2876 secundnm
831 2853 912 2875 uelum
927 2852 1038 2882 proprie,
1057 2854 1083 2875 ut
1100 2854 1134 2875 est

286 2884 367 2907 vitium
381 2884 516 2914 principale
534 2886 555 2907 ei
572 2884 679 2914 capilale,
699 2884 804 2907 tristitia.

347 2916 356 2927 ’¹
374 2916 429 2943 Cap.
447 2916 484 2938 i-5.
501 2923 522 2937 n.
542 2916 579 2938 87.

347 2947 356 2959 ⁵
375 2948 449 2969 Potius
467 2947 598 2975 Quaestiou.
612 2947 633 2969 in
646 2947 860 2975 Deuterolnnniinn,
878 2952 897 2969 c.
920 2947 952 2969 16.
970 2953 992 2969 n.
1014 2947 1035 2969 3.
1058 2947 1133 2968 Locus

284 2979 388 3005 Gregorii
406 2981 439 3001 est
455 2979 497 3000 100.
515 2979 551 3001 citv
570 2985 592 3000 n.
611 2979 647 3000 88.

348 3008 356 3021 '³
375 3010 424 3031 Vni.
448 3016 566 3038 personae
591 3016 633 3037 pro
656 3009 781 3039 polentiae.
809 3022 839 3026 —
867 3009 955 3032 Deinde
979 3009 1133 3037 respiciuntur

285 3041 361 3063 Manli.
380 3041 422 3067 2113,
440 3040 519 3063 25-29.
538 3045 560 3062 01
576 3041 630 3062 Luc.
653 3041 686 3069 19„
705 3041 781 3063 20-26,

1255 2725 1263 2738 ⁷
1281 2726 1335 2748 Pars
1353 2726 1368 2747 l.
1386 2731 1406 2747 0.
1424 2725 1446 2747 5.
1459 2737 1489 2741 -
1502 2724 1584 2747 Contra
1602 2724 1713 2752 originale
1725 2727 1746 2746 et
1758 2724 1810 2746 cod.
1830 2724 1880 2745 vat.
1898 2722 2041 2746 venientibus

1190 2757 1222 2780 ad
1238 2763 1262 2780 se
1280 2763 1322 2785 pro
1342 2756 1457 2779 venientes
1474 2755 1506 2779 ad
1520 2755 1650 2785 publicani.

1253 2788 1262 2800 ³
1282 2789 1331 2811 Vat.
1350 2788 1414 2810 addit
1430 2786 1588 2814 solummodo,
1606 2790 1628 2809 et
1645 2787 1668 2809 in
1681 2787 1725 2809 fine
1742 2793 1764 2809 n.
1778 2787 1814 2809 39.
1833 2792 1875 2814 pro
1893 2785 1924 2808 acl
1938 2785 2038 2809 salutem

1190 2819 1343 2843 dimittuntur
1362 2819 1431 2842 1101)οι
1448 2818 1523 2842 saluii
1539 2818 1667 2841 dimittunt.

1253 2850 1262 2863 0
1281 2852 1346 2873 Vers.
1364 2852 1390 2877 3,
1410 2851 1447 2872 Ἰ15.
1464 2857 1512 2879 seq.
1526 2862 1556 2866 —-
1568 2850 1642 2877 Supra
1660 2852 1682 2872 et
1699 2855 1721 2871 n.
1739 2849 1775 2871 37.
1793 2849 1816 2871 in
1833 2849 1878 2871 fine
1890 2855 1933 2876 pro
1946 2850 2041 2878 torpore

1190 2886 1211 2905 ez
1229 2884 1322 2910 torpere
1334 2882 1433 2910 intellige
1451 2883 1529 2911 tepore
1546 2884 1567 2903 01
1585 2882 1661 2910 tepere
1667 2889 1676 2908 ;
1688 2881 1742 2903 dein
1754 2880 1805 2902 Vat.
1816 2886 1940 2908 perperam
1951 2886 2041 2909 aquam

1190 2920 1232 2942 pro
1250 2920 1327 2943 aqua,
1341 2914 1453 2967 ἶο1111110110
1470 2913 1503 2936 ila
1521 2915 1572 2935 ante
1590 2911 1700 2942 efficacis,
1718 2915 1740 2934 et
1756 2912 1822 2940 ponit
1844 2911 1906 2934 1111(Ζο
1931 2910 1973 2934 tibi
1997 2917 2039 2939 pro

1192 2945 1421 3019 undeffdtiygahsmnd
1437 2975 1496 3005 facil
1512 2974 1575 3005 qnod
1591 2974 1679 3004 absque
1695 2981 1738 3002 pro
1756 2973 1779 2997 icl
1795 2974 1886 3004 fecerit,
1903 2973 1998 3003 absque.

1253 3038 1272 3053 ¹¹²
1290 3008 1490 3062 &milatffietlgod
1508 3038 1591 3060 excidit
1608 3036 1722 3065 [niune-ng-
1740 3037 1794 3059 vide
1812 3037 1867 3059 infra
1884 3043 1907 3059 n.
1927 3036 1964 3058 15.

2098 767 2123 782 ῒθί

2060 1342 2087 1361 De
2099 1343 2133 1362 terr
