2133 3317
125 477 210 496 Hortatio
222 476 247 495 ad

128 502 152 519 im
156 501 159 519 i
163 500 238 519 tandum
242 514 246 518 .

131 1095 157 1114 De
168 1095 251 1114 seeundo

118 1123 186 1142 genere
209 1124 251 1142 pro·

118 1143 218 1165 111-1613111111
226 1142 251 1160 vi-

120 1166 143 1184 tis
166 1166 185 1184 in
206 1170 248 1189 spe-

117 1189 167 1207 eiali.

140 1232 209 1253 Primo,
223 1231 247 1250 de

117 1255 196 1274 deformi
208 1260 248 1273 cor-

118 1284 163 1303 pore
177 1279 226 1297 ritis.

266 206 320 234 168

263 284 394 313 extrahat
415 286 443 312 et
456 282 491 311 de
511 288 595 310 cruce
609 280 765 317 depositum
779 279 900 309 sindone
914 279 1040 313 munda,
1055 287 1110 307 non

262 330 361 368 panni,
383 329 431 358 sed
445 328 536 357 cordis
558 327 670 356 inclinet
684 329 711 355 et
732 326 802 355 flens
822 334 886 355 cum
905 326 992 355 beatis
1012 326 1111 354 mulie-

263 377 342 405 ribus
363 375 495 404 flentibus
516 374 550 402 ad
570 373 712 402 tumulum
733 374 952 410 prosequatur¹.

343 424 368 451 5.
386 423 534 450 Exeamus
549 420 634 458 igitur
648 423 675 449 et
689 428 739 448 nos
753 419 907 449 secundum
922 420 1025 448 monita
1039 419 1111 448 beati

264 469 338 498 Pauli
350 469 361 484 2
375 476 438 497 cum
454 469 559 504 Sponso
573 470 678 501 nostro,
693 467 765 495 bono
783 470 810 495 et
824 467 928 503 optimo
942 467 1012 501 16511,
1027 470 1113 495 extra

264 519 382 550 eastra,
402 514 430 543 id
452 517 493 543 est
518 516 600 543 extra
621 513 858 550 concupiscentias
886 513 972 542 huius
993 513 1112 548 saeculi,

267 562 477 600 improperium
501 561 593 590 crucis
611 564 638 589 et
658 560 835 589 vinculorum
856 560 1033 597 asperitatem
1048 568 1112 589 cuin

265 609 311 638 1110
332 612 496 646 portantes,
519 607 584 645 quia
604 619 617 632 «
631 615 686 636 non
707 607 785 636 decet
806 615 865 636 6556
886 607 1043 636 membrum
1065 607 1113 636 de-

262 656 375 685 licatum
397 655 450 684 sub
471 654 560 691 capite
581 653 717 682 crucifixo
731 661 826 688 »,1166
840 653 873 682 ad
895 654 991 691 capitis
1012 661 1114 691 corpus

805 201 1002 231 OPUSCULUM
1022 202 1053 230 X.
1075 201 1162 230 VlTIS
1182 201 1332 230 MYSTICA.
1355 201 1422 229 CAP.
1446 202 1476 229 V.

1168 286 1197 307 se
1218 278 1319 307 indicat
1341 274 1481 315 pertinere
1499 279 1674 313 membrum,
1696 278 1770 316 quod
1785 278 1866 315 capiti
1888 287 1941 308 non
1957 279 2017 308 fue-

1168 325 1205 353 rit
1227 333 1411 362 compassum.
1426 342 1465 346 —
1479 326 1640 354 Vinciamur
1662 333 1728 362 ergo
1742 325 1860 354 vinculis
1881 324 2016 362 passionis

1168 373 1233 402 boni
1254 376 1282 402 et
1302 373 1482 402 amantissimi
1504 374 1580 409 lesu,
1595 377 1627 402 ut
1642 374 1723 403 etiam
1738 373 1856 402 vinculis
1872 373 2016 402 caritatis*⁵

1169 428 1233 449 cum
1248 420 1294 448 illo
1308 420 1407 449 vinciri
1423 421 1568 457 possimus.
1585 420 1707 449 Vinculis
1722 420 1795 450 enim
1817 421 1939 449 caritatis
1960 421 2019 457 ipse

1169 467 1329 501 devinctus,
1351 467 1385 495 ad
1407 467 1580 504 suscipienda
1601 467 1711 496 vincula
1731 467 1866 504 passionis
1888 467 1922 496 de
1943 467 2018 496 caelo

1170 516 1277 542 tractus
1297 513 1350 542 fuit
1370 513 1397 542 in
1415 516 1532 548 terram,
1553 517 1580 542 et
1601 521 1616 542 e
1637 514 1789 548 contrario,
1811 514 1859 551 qui
1881 514 1914 543 de
1936 514 2019 543 terris

1170 561 1243 589 trahi
1265 560 1456 589 desideramus
1477 560 1511 589 ad
1532 560 1640 589 caelum
1656 561 1735 597 prius
1753 561 1887 597 passionis
1901 561 2020 590 vinculis

1170 610 1266 636 nostro
1287 607 1367 644 capiti
1384 607 1562 644 colligemur,
1578 610 1610 636 ut
1623 615 1673 644 per
1687 607 1740 636 hoc
1761 607 1796 636 ad
1816 608 1939 637 caritatis
1959 608 2019 637 vin-

1171 655 1233 683 cula
1255 654 1463 691 pervenientes,
1485 662 1574 682 unum
1595 661 1658 682 cum
1680 654 1739 691 ipso
1761 654 1913 683 efficiamur
1925 655 1945 683 4.

1032 789 1193 818 CAPITULUM
1219 789 1250 818 V.

654 912 693 940 De
713 911 905 940 similitudine
926 912 1021 949 ipsius
1043 911 1110 940 vitis
1130 915 1155 940 et
1174 911 1272 949 primo
1293 912 1391 950 quecui
1412 911 1475 940 eius
1496 920 1604 949 eorpus
1615 912 1635 940 ⁵.

347 1037 368 1064 1.
391 1036 463 1065 Visis
494 1043 528 1064 ex
550 1038 628 1072 parte
659 1035 703 1064 1115
724 1042 796 1072 quae
827 1035 876 1063 viti
907 1034 941 1063 ad
972 1034 1111 1063 culturam

265 1083 392 1112 exterius
412 1082 594 1117 adhibentur,
616 1090 691 1111 111106
712 1082 746 1110 ad
768 1082 855 1118 ipsam
884 1081 967 1110 vitem
988 1081 1112 1110 animum

264 1129 447 1164 divertamus,
469 1132 501 1158 ut
521 1137 571 1166 per
599 1129 732 1166 quasdam
755 1128 948 1157 similitudines
970 1128 1043 1157 illius
1064 1136 1113 1156 no-

265 1179 351 1205 stram
372 1184 469 1205 veram
489 1176 575 1205 vitem
595 1176 743 1204 Dominum
765 1178 894 1204 nostrum
915 1175 1005 1204 16511111
1026 1175 1113 1212 magis

264 1222 398 1259 proprie⁶
421 1225 447 1251 et
472 1222 587 1259 propius
609 1222 837 1258 contemplemur.
855 1237 890 1242 -
906 1222 1006 1250 Totum
1027 1221 1113 1258 igitur

264 1277 367 1306 corpus
388 1269 475 1306 ipsius
495 1269 559 1298 vitis
580 1268 640 1297 aliis
661 1268 810 1297 arboribus
831 1271 858 1297 et
879 1268 1002 1297 arbustis
1022 1267 1113 1297 defor-

1168 1034 1241 1063 mius
1262 1034 1403 1063 invenitur
1425 1037 1453 1063 et
1473 1034 1552 1071 quasi
1575 1034 1685 1071 penitus
1706 1034 1805 1063 inutile
1833 1037 1860 1063 et
1880 1034 2019 1064 abiectum

1169 1081 1279 1110 videtur
1301 1089 1351 1110 nec
1373 1082 1436 1110 usui
1458 1081 1588 1118 cuiquam
1610 1081 1855 1110 accommodatum.
1878 1081 1948 1118 Quid
1970 1089 2020 1110 au-

1169 1131 1225 1157 tem
1256 1128 1301 1157 1116
1328 1128 1453 1157 dicitur?
1474 1128 1581 1165 Corpus
1602 1128 1665 1157 vitis
1693 1131 1821 1157 terrenae
1847 1136 1950 1165 corpus
1970 1136 2019 1157 no-

1169 1177 1243 1204 strae
1264 1175 1327 1203 vitis
1342 1175 1451 1203 Domini
1470 1175 1529 1204 Iesu
1551 1175 1706 1212 significare
1726 1174 1852 1209 deberet,
1873 1175 1926 1204 nisi
1944 1175 2019 1212 quod

1169 1221 1323 1258 plurimum
1350 1221 1509 1250 discordare
1538 1221 1667 1250 videntur
1692 1221 1778 1250 huius
1804 1221 1964 1251 deformitas
1992 1226 2019 1252 et

1169 1267 1259 1296 forma
1273 1267 1361 1302 illius,
1382 1267 1416 1296 de
1431 1276 1487 1304 quo
1508 1268 1643 1305 scriptum
1658 1271 1699 1297 est
1712 1268 1734 1296 ⁷:
1751 1268 1903 1305 speciosus
1917 1267 2019 1306 forma

328 1434 335 1446 ¹
354 1434 394 1457 Ed.
416 1435 420 1456 1
443 1437 465 1457 ct
482 1435 537 1457 Bon.
559 1441 612 1457 611111
635 1436 651 1456 A
662 1435 691 1463 B,
709 1434 879 1462 refragantibus
896 1434 1060 1461 CDEFGH,
1078 1434 1114 1457 1116

264 1473 365 1495 addunt:
382 1473 549 1502 Quaecumque
565 1474 641 1496 anima
659 1473 737 1496 fecerit
754 1474 810 1495 llaec
827 1473 933 1500 assidue,
950 1480 1018 1501 spero
1034 1473 1114 1502 etiam,

264 1513 327 1540 quod
358 1512 480 1535 laetissime
510 1512 685 1535 resurrectionis
715 1512 857 1541 quandoque
886 1516 1001 1535 mereatur
1027 1512 1113 1540 gaudio

266 1550 320 1580 [AB
339 1550 444 1580 qamliis]
466 1551 573 1574 recreari.
597 1551 624 1574 Si
640 1551 703 1574 enim
725 1551 896 1581 compatimur,
920 1552 941 1574 et
958 1550 1112 1580 600160110οί-

265 1596 318 1613 iiius
337 1589 373 1619 [ll.
392 1590 451 1612 Tim.
469 1591 494 1617 2,
518 1590 580 1619 112.];
598 1590 661 1619 quod
684 1590 744 1613 11606
761 1596 846 1618 sponsa
869 1590 890 1612 in
917 1590 1006 1613 cantico
1028 1590 1114 1612 amoris

265 1629 377 1656 ostendit,
400 1630 548 1657 praemittens
566 1629 639 1658 [Cant.
665 1630 682 1657 Ι,
706 1629 761 1658 12.]:
785 1629 925 1652 Fasciculus
948 1629 1063 1658 'nup-rlzae
1080 1628 1114 1651 (Ii-

265 1668 338 1691 lectus
355 1675 421 1691 meus
438 1668 507 1695 milti,
520 1668 582 1691 inter
593 1668 667 1691 ubera
679 1674 731 1691 mua
743 1667 947 1696 conzmorabz'tzoy
965 1671 986 1690 et
1005 1668 1031 1697 [A
1042 1668 1059 1690 D
1077 1668 1114 1690 ad-

265 1708 324 1730 dunt
341 1707 516 1737 cousequenter]
542 1707 661 1735 subiungit
680 1707 711 1736 [v.
734 1707 789 1736 13.]:
807 1707 895 1730 Botrus
917 1706 990 1736 Cypri
1014 1706 1112 1730 dilectus

265 1753 332 1770 meus
350 1746 416 1769 milti.
436 1747 495 1775 Quid
513 1750 547 1769 est
565 1747 590 1776 [A
601 1747 617 1769 B
635 1747 724 1769 addunt
740 1746 806 1776 6100]
823 1746 953 1776 pisciculus
976 1746 1091 1776 myrrhae
1103 1748 1114 1769 7

265 1785 366 1815 Myrrha
384 1792 462 1808 amara
487 1786 666 1808 amaritudinem
692 1785 806 1814 passionis
831 1785 957 1813 significat3
982 1784 1114 1814 fasciculus

265 1831 321 1847 vero
339 1825 532 1848 coadunationem
553 1826 677 1847 multarum
698 1826 834 1852 passionum
858 1824 914 1854 [AB
931 1823 1113 1854 [alversilcttmu]

265 1864 371 1886 ostendit.
395 1864 428 1886 Fit
445 1870 501 1891 ergo
523 1864 628 1891 sponsus
645 1869 745 1891 sponsae
762 1869 818 1886 suae
839 1862 970 1892 fasciculus
987 1862 1113 1892 myrrhae,

266 1902 359 1931 quaudo
377 1902 453 1930 ipsum
470 1902 635 1930 multiplicibus
651 1903 759 1925 affectum
776 1902 865 1924 iniuriis
882 1902 910 1924 ad
930 1904 1030 1924 mentem
1048 1901 1114 1924 redu-

265 1942 307 1968 ‹;·it;
325 1947 424 1970 quarum
441 1941 557 1970 quaedam
574 1941 621 1964 iam
643 1944 804 1968 enumeratae,
821 1941 878 1964 aliae
900 1947 956 1963 vero
978 1946 1115 1963 enumeran-

266 1981 309 2003 dae
326 1983 386 2003 sunt.
404 1981 467 2009 Quae
490 1983 543 2003 sunt
565 1983 642 2003 autem
665 1980 740 2004 ubera
756 1986 869 2010 sponsae,
892 1980 950 2003 inter
967 1986 1028 2009 quae
1051 1980 1113 2002 illum

265 2023 463 2042 commoraturum
476 2020 594 2042 affirmat?
612 2020 662 2042 Duo
680 2019 751 2042 ubera
764 2026 874 2047 sponsae,
890 2020 1031 2047 prosperitas
1043 2022 1065 2042 et
1076 2019 1114 2041 ad-

267 2060 363 2082 versitas
380 2062 440 2082 sunt.
457 2059 496 2081 His
515 2059 567 2088 [AB
585 2059 675 2081 addunt
691 2058 765 2088 enim]
783 2061 893 2087 tanquam
916 2058 1027 2081 uberibus
1044 2058 1113 2080 nutri—

265 2100 313 2125 tur,
331 2098 387 2120 dum
405 2098 556 2126 prosperitate
573 2098 679 2126 lactatur,
697 2103 726 2120 ne
742 2097 765 2119 in
783 2098 849 2120 malis
861 2097 952 2120 deficiat
967 2097 1020 2126 [1106
1032 2103 1057 2119 ex
1070 2097 1112 2119 AB

265 2136 443 2165 supplevimus]
455 2136 594 2159 adversitate
607 2137 704 2164 foretur,
716 2143 745 2159 ne
757 2137 781 2158 in
795 2137 913 2164 prosperis
928 2137 1038 2158 elevetur.
1050 2136 1115 2158 Ponit

267 2176 292 2205 [A
303 2177 319 2198 B
339 2176 420 2205 Tenet]
439 2178 514 2198 autem
533 2176 642 2198 dilectum
655 2182 723 2198 suum
737 2175 797 2198 intei-
815 2175 872 2199 ltaec·
884 2175 968 2204 ubera,
981 2176 1037 2198 dum
1054 2176 1114 2198 illius

266 2218 287 2238 61
298 2215 320 2237 in
333 2215 438 2238 adversis
455 2217 477 2237 et
494 2215 516 2237 in
533 2215 652 2243 prosperis
668 2215 810 2237 recordatur.
828 2215 858 2237 Ex
875 2221 922 2243 quo
939 2215 1028 2241 evenit,
1040 2215 1114 2237 1111116

265 2254 304 2283 qui
323 2254 394 2277 modo
411 2255 485 2277 fuerat
502 2254 624 2276 fasciculus
635 2254 757 2281 myrrhae,
775 2254 798 2276 id
815 2256 859 2282 est,
877 2254 917 2282 qui
935 2257 1036 2276 mentem
1048 2260 1114 2282 spou-

266 2299 305 2315 sae
321 2293 456 2321 passionum
474 2299 568 2315 suarum
587 2293 781 2315 amaritudinibus
794 2293 973 2321 amaricaverat,
991 2292 1068 2315 subito
1086 2293 1115 2315 sit

267 2331 292 2361 [A
303 2332 319 2354 B
335 2331 386 2362 siut]
406 2331 487 2355 botrus
506 2331 591 2362 Cypri,
609 2332 727 2354 continens
745 2332 767 2354 iu
785 2337 810 2354 se
827 2332 908 2354 viuum
921 2332 1069 2355 iucunditatis
1092 2334 1114 2355 et

265 2370 370 2393 laetitiae.
383 2371 451 2399 Quod
468 2370 504 2398 fit,
522 2371 578 2393 dum
593 2371 722 2399 Sponsum,
739 2376 809 2399 quem
828 2373 860 2393 tot
872 2371 962 2393 viderat
973 2377 1113 2399 oppressum

265 2409 353 2431 iniuriis
369 2412 391 2431 et
409 2409 435 2438 [A
447 2409 464 2431 B
481 2409 560 2438 etiam]
579 2412 653 2432 morte
670 2409 802 2437 turpissima
817 2409 1010 2437 condemnatum,
1028 2415 1070 2437 per
1081 2415 1115 2432 re-

265 2448 414 2471 surrectionis
432 2449 576 2476 triumphum
594 2448 666 2476 gloria
683 2448 747 2471 videt
763 2450 786 2470 et
803 2449 890 2471 honore
910 2451 1044 2471 coronatum
1064 2448 1114 2477 [cfr.

265 2487 300 2509 Ps.
319 2488 345 2514 8,
364 2487 394 2516 6.]
412 2490 434 2509 61
459 2493 512 2510 611111
532 2487 686 2514 humanitate,
712 2493 783 2516 quam
808 2490 961 2514 assumserat,
987 2488 1017 2510 ad
1042 2487 1114 2509 Patris

265 2526 383 2549 dexteram
403 2526 541 2553 consedere,
566 2526 687 2549 confidens
706 2526 833 2549 certissime
858 2532 883 2549 se
905 2532 999 2555 quoque
1017 2526 1053 2555 [ex
1070 2527 1113 2548 AB

265 2565 426 2593 supplevimus
437 2565 537 2594 01100116]
550 2571 591 2593 per
603 2565 708 2588 diversas
723 2565 880 2588 tribulationes
897 2565 926 2588 ad
943 2566 1005 2588 idem
1024 2566 1114 2588 Domini

265 2604 300 2627 sui
318 2604 430 2632 gaudium
449 2604 584 2627 intraturam
603 2604 630 2633 [A
652 2604 808 2627 introituram
831 2608 853 2627 et
875 2605 892 2627 Β
913 2611 926 2627 a
948 2605 1050 2628 secunda
1068 2611 1114 2627 ma-

265 2643 313 2672 nu].
330 2643 375 2666 Cfr.
391 2643 517 2671 Bernard.,
534 2644 607 2666 Serui.
627 2644 664 2666 43.
681 2646 703 2666 et
721 2644 758 2666 44.
776 2644 797 2666 in
815 2643 878 2667 Cant.

328 2681 336 2695 ²
354 2682 423 2705 llebr.
445 2683 484 2710 13,
502 2683 539 2705 13.
557 2696 586 2699 -
605 2683 708 2706 Subinde
727 2683 850 2711 respicitur
862 2684 974 2706 sententia
992 2684 1114 2711 Bernard.,

266 2721 339 2743 Serm.
357 2722 377 2744 5.
395 2722 417 2744 in
436 2723 492 2745 festo
510 2722 620 2745 Omnium
644 2723 747 2746 Sanctor.
764 2729 786 2745 n.
804 2723 831 2745 9:
851 2723 938 2745 Pudeat
960 2722 1005 2745 sub
1022 2723 1113 2751 spinato

265 2760 339 2788 capite
357 2760 489 2783 membrum
506 2761 555 2784 fieri
572 2762 703 2784 delicatum.
721 2761 766 2785 Cfr.
785 2768 855 2790 supra
873 2768 928 2790 pag.
953 2763 972 2783 tt
985 2762 1002 2789 1,
1018 2764 1072 2784 nota
1091 2761 1113 2784 4.

264 2811 295 2816 —
313 2799 355 2822 Pro
372 2799 443 2822 ltw'us
459 2800 550 2823 saecuti
566 2800 606 2829 (ita
623 2800 703 2829 CDE)
724 2801 761 2823 ed.
784 2802 788 2823 l
810 2804 833 2823 et
849 2801 906 2823 Bon.
917 2800 1053 2830 proesentis
1064 2807 1114 2824 sue-

265 2837 323 2866 culi,
341 2841 364 2860 et
380 2844 423 2866 pro
439 2845 463 2862 se
480 2839 570 2863 indicat
586 2840 629 2868 (ita
647 2840 684 2863 ed.
706 2841 710 2862 l
732 2846 786 2863 61110
804 2840 884 2869 ABG)
902 2840 957 2862 Bon.
975 2839 1104 2863 iudicatur.

328 2876 337 2889 ³
354 2877 427 2900 Codd.
447 2878 517 2901 CDE
541 2879 632 2907 crucis,
658 2879 698 2908 qui
724 2879 793 2901 etiam
817 2879 917 2902 subinde
934 2885 977 2907 pro
1006 2877 1112 2902 Vinculi-s

265 2915 328 2938 enim
345 2916 452 2939 caritatis
477 2916 618 2940 substituunt
643 2917 749 2940 Vinculis
766 2917 828 2940 enim
846 2917 934 2941 carnis.
956 2917 1052 2940 Inferius
1069 2923 1111 2945 pro

266 2956 287 2977 et
310 2960 321 2977 e
343 2954 465 2978 contrario
488 2955 524 2978 ed.
547 2956 551 2977 1
574 2962 627 2978 cum
645 2957 688 2978 AB
705 2962 748 2979 005
765 2963 777 2979 6
794 2956 928 2984 contrario,
946 2957 1002 2978 Bon.
1022 2955 1053 2979 Et
1071 2961 1114 2979 uos

264 2999 334 3022 erpo,
358 2997 380 3016 et
402 2997 454 3022 post
479 2993 510 3016 ud
535 2994 627 3017 caelum
644 2995 680 3017 ed.
700 2996 707 3017 1
730 3001 783 3017 cum
800 2996 845 3017 AB
865 2995 1029 3024 prosequitur:
1045 2994 1113 3024 prius

1167 1433 1289 1463 passionis
1305 1432 1429 1457 vinculum
1445 1435 1528 1456 nostro
1553 1432 1626 1463 capili
1649 1432 1801 1463 collifflemus,
1820 1434 1848 1457 ut
1859 1440 1904 1463 per
1927 1434 1971 1458 hoo
1987 1434 2020 1458 ad

1171 1473 1278 1496 caritatis
1297 1472 1392 1496 vinculo
1407 1473 1551 1502 pertinentes
1570 1473 1595 1502 [A
1606 1473 1622 1495 B
1639 1473 1819 1502 pertinssentesl,
1841 1480 1916 1497 11111101
1934 1477 1977 1497 616.

1233 1512 1242 1524 ⁵
1260 1512 1333 1535 Codd.
1351 1513 1368 1534 G
1379 1512 1396 1534 ll
1414 1512 1504 1534 addunt
1522 1511 1591 1539 Quod
1607 1511 1655 1541 ipse
1664 1513 1790 1540 proestare
1801 1511 1911 1541 (liquetur
1924 1512 1966 1542 qui
1976 1516 2019 1535 etc.

1171 1551 1210 1574 Ed.
1232 1552 1236 1573 1
1260 1554 1281 1573 61
1298 1551 1354 1573 Bon.
1372 1557 1425 1573 cum
1438 1551 1455 1572 A
1466 1551 1494 1578 Β,
1505 1549 1677 1578 refragantibus
1688 1549 1705 1573 C
1717 1550 1733 1572 D
1743 1551 1759 1572 E
1768 1551 1784 1572 F
1793 1551 1810 1573 G
1820 1551 1852 1579 11,
1865 1550 2019 1574 subnectunt:

1170 1590 1298 1613 secundum
1316 1590 1379 1618 quod
1398 1589 1451 1618 [AB
1468 1589 1557 1612 addunt
1573 1588 1629 1618 ipse]
1648 1589 1723 1611 oravit
1734 1590 1836 1616 Patrem,
1853 1590 1932 1613 dicens
1948 1590 2019 1619 [toan.

1175 1629 1212 1657 17,
1226 1629 1264 1651 24.
1278 1632 1300 1651 et
1317 1628 1376 1657 ⁴21.]:
1394 1629 1469 1658 11000,
1487 1629 1566 1655 Pater,
1584 1630 1611 1651 ut
1627 1634 1686 1658 01105
1704 1627 1788 1651 dedisti
1803 1628 1872 1657 milti,
1890 1630 2019 1652 confirmati

1171 1668 1197 1697 [A
1209 1669 1223 1690 Β
1240 1667 1408 1696 consummati]
1421 1667 1443 1689 in
1455 1667 1549 1690 caritate
1559 1667 1609 1690 sint
1619 1673 1695 1690 unum
1708 1666 1732 1690 in
1744 1667 1823 1696 uobis,
1835 1667 1897 1691 sicut
1907 1670 1933 1691 tu
1944 1669 1966 1691 et
1977 1674 2019 1698 eqo

1170 1713 1247 1730 1101101
1259 1713 1352 1730 sumus.
1365 1707 1427 1735 Quid
1439 1707 1481 1729 liae
1495 1707 1580 1729 unitate
1592 1707 1731 1734 gloriosius?
1750 1707 1809 1735 Quid
1822 1708 1879 1729 ultra
1892 1708 1928 1730 vel
1938 1710 2019 1735 optare

1171 1747 1269 1774 poteris,
1287 1746 1323 1768 vel
1342 1745 1447 1768 babere?
1464 1746 1540 1768 Unum
1558 1752 1611 1768 cum
1629 1746 1719 1774 Sponso
1741 1748 1764 1768 tu
1783 1746 1835 1775 [AB
1858 1746 1907 1775 tuo]
1926 1747 1979 1769 eris.
2001 1747 2019 1770 O

1172 1785 1233 1813 felix,
1251 1785 1347 1812 felicior,
1365 1785 1437 1807 immo
1455 1785 1560 1807 omnium
1579 1784 1631 1813 [AB
1649 1785 1756 1807 omittunt
1773 1785 1844 1808 immo
1857 1785 1972 1815 0011111101]
1991 1787 2019 1808 fe-

1170 1824 1277 1847 licissima
1297 1824 1382 1847 unitas!
1396 1824 1442 1846 lfao
1460 1824 1545 1846 unitate
1557 1829 1582 1846 se
1599 1824 1722 1851 Apostolus
1734 1823 1768 1853 [in
1786 1824 1830 1846 AB
1847 1825 1912 1847 deest
1923 1825 2019 1854 Aposto-

1171 1862 1217 1891 lus]
1236 1862 1325 1885 Christo
1344 1863 1435 1885 unitum
1458 1862 1582 1890 sentiebat,
1599 1868 1653 1884 cum
1671 1862 1726 1885 dixit
1748 1863 1824 1892 [Rom.
1842 1864 1869 1890 8,
1887 1863 1924 1886 35.
1942 1866 1964 1886 et
1982 1864 2018 1886 38.

1171 1908 1219 1931 seq.
1237 1903 1254 1924 A
1265 1903 1280 1924 B
1298 1901 1340 1932 qui
1355 1901 1471 1930 dicebat]:
1491 1900 1548 1929 Quis
1565 1900 1687 1931 separabit
1702 1907 1746 1924 nos
1763 1908 1779 1924 a
1796 1902 1895 1925 caritate
1913 1902 2019 1926 Christi?

1173 1940 1315 1969 Tribulutio,
1336 1947 1369 1963 an
1380 1940 1504 1970 mzyustia,
1522 1946 1554 1963 (10
1569 1940 1657 1970 fames,
1675 1946 1707 1963 αη
1716 1940 1862 1969 persecutio,
1880 1946 1913 1963 cm
1926 1940 2019 1970 pericu-

1171 1980 1233 2008 lum,
1251 1986 1284 2003 an
1300 1979 1407 2007 nuditus,
1424 1986 1456 2002 cm
1468 1978 1581 2009 alodius?
1600 1979 1682 2003 Certus
1694 1985 1761 2006 sum,
1779 1979 1836 2009 quia
1852 1986 1927 2009 060116
1938 1986 2018 2008 mors,

1170 2025 1244 2048 neque
1262 2019 1321 2047 ritu,
1338 2025 1413 2048 neque
1425 2018 1522 2048 Anyeli,
1540 2024 1614 2047 060116
1622 2018 1788 2047 principatus,
1806 2025 1881 2048 neque
1892 2020 2018 2048 potestates

1171 2058 1280 2087 [Vulgata
1298 2057 1423 2087 virtutesL
1440 2064 1514 2087 neque
1531 2057 1645 2086 altitudo,
1662 2064 1737 2087 neque
1756 2057 1919 2087 profundum,
1943 2064 2018 2087 060116

1170 2097 1220 2120 alia
1237 2098 1350 2120 creatura
1358 2096 1447 2126 polerit
1462 2102 1506 2119 nos
1518 2103 1633 2126 separare
1650 2103 1664 2120 α
1682 2096 1781 2120 caritate
1793 2096 1835 2119 Dei
1852 2097 1887 2126 [ex
1905 2098 1948 2119 AB
1965 2103 2019 2125 sup-

1170 2136 1286 2164 plevimus
1304 2135 1373 2164 Dei],
1391 2141 1451 2165 01106
1469 2137 1503 2158 est
1519 2135 1544 2158 in
1562 2135 1654 2158 Cltristo
1673 2136 1733 2158 lesu.
1753 2135 1866 2164 Optemus
1888 2136 1939 2159 totis
1957 2136 2017 2158 desi-

1170 2175 1240 2198 deriis
1257 2175 1326 2197 liuius
1349 2174 1448 2196 caritatis
1470 2174 1568 2197 vinculis
1586 2175 1676 2202 Sponso
1699 2177 1721 2197 et
1742 2175 1841 2197 Domino
1864 2178 1942 2198 nostro
1960 2175 2020 2198 colli-

1170 2214 1233 2242 gari,
1250 2214 1280 2236 ita
1299 2217 1323 2236 ut
1340 2214 1390 2236 eius
1417 2213 1469 2243 [AB
1486 2214 1595 2236 omittunt
1619 2213 1677 2242 eius]
1696 2217 1819 2242 sequentes
1843 2214 1941 2242 vestigia
1966 2214 2018 2237 illue

1171 2253 1197 2282 [A
1208 2253 1224 2275 B
1237 2252 1311 2281 illius]
1324 2253 1446 2280 pervenire
1458 2252 1588 2280 possimus,
1602 2251 1642 2274 ubi
1655 2252 1704 2280 ipse
1715 2255 1760 2280 est,
1777 2252 1816 2281 qui
1829 2253 1885 2275 dixit
1897 2253 1967 2282 [ioan.
1985 2253 2018 2281 17,

1170 2292 1208 2314 24.
1225 2294 1247 2314 et
1269 2293 1307 2320 12,
1325 2291 1385 2320 26.]:
1407 2290 1475 2319 Volo,
1496 2292 1575 2319 Pater,
1594 2293 1622 2314 ut
1637 2290 1679 2314 ubi
1695 2297 1736 2321 esso
1754 2297 1820 2319 sum,
1832 2293 1854 2314 et
1865 2291 1902 2315 illi
1914 2291 2018 2315 51111016-

1171 2337 1232 2359 cum,
1245 2332 1267 2353 et
1277 2329 1319 2353 ubi
1329 2336 1370 2359 600
1382 2336 1445 2358 sum,
1458 2329 1491 2353 ibi
1502 2330 1548 2359 [ed.
1564 2331 1569 2352 1
1587 2333 1609 2353 et
1620 2331 1638 2353 Α
1648 2331 1665 2352 Β
1678 2330 1734 2360 illie]
1746 2330 1777 2353 sit
1788 2332 1809 2354 et
1820 2331 1927 2355 minister
1943 2338 2019 2355 meus.

1234 2369 1243 2382 ⁵
1260 2369 1317 2393 Cod.
1335 2369 1351 2393 C
1369 2370 1401 2392 De
1417 2369 1573 2393 similitudine
1584 2369 1653 2397 vitcs,-
1665 2370 1682 2392 A
1693 2370 1709 2392 B
1724 2370 1757 2393 De
1768 2369 1820 2399 ipsa
1833 2369 1892 2398 vite,-
1904 2370 1922 2392 G
1935 2370 2018 2394 Passio

1171 2408 1260 2433 Christi
1283 2408 1417 2438 multipleoe.
1440 2409 1473 2432 De
1492 2408 1679 2438 proprietatibus
1697 2408 1756 2432 vitis.
1779 2409 1819 2431 Ε(1,
1842 2409 1846 2430 l
1869 2412 1891 2431 et
1908 2410 1963 2432 Bon.
1984 2410 2018 2432 De

1170 2448 1268 2472 cultura
1290 2450 1312 2471 et
1327 2447 1473 2478 speciositate
1489 2449 1587 2471 nostrae
1603 2447 1669 2476 vilis,
1686 2448 1723 2470 ed.
1741 2449 1745 2469 1
1762 2448 1826 2470 addit
1842 2447 1867 2470 iti
1882 2447 2017 2478 6311161101-

1171 2487 1287 2511 critudine
1310 2486 1398 2511 Christi
1419 2487 1514 2510 interna
1530 2488 1551 2509 et
1567 2488 1674 2510 eoeterna.
1691 2499 1723 2503 —
1739 2486 1902 2509 Consideratur
1919 2487 1955 2510 1116
1969 2486 2018 2516 pri·

1170 2533 1237 2549 mum
1255 2532 1329 2554 genus
1346 2527 1513 2554 proprietatum
1531 2526 1584 2548 vitis
1602 2526 1624 2548 in
1641 2526 1730 2554 specie,
1744 2525 1773 2548 de
1784 2532 1831 2555 quo
1845 2526 1953 2554 superius
1964 2532 1983 2548 c.
1998 2527 2018 2549 t.

1170 2572 1192 2588 n.
1211 2567 1233 2588 2.
1250 2565 1385 2593 generatim.

1233 2603 1243 2616 ⁰
1261 2605 1316 2627 Bon.
1329 2610 1417 2634 prope,
1438 2604 1478 2633 qui
1500 2604 1571 2626 etiam
1588 2603 1687 2626 subinde
1708 2610 1751 2632 pro
1774 2603 1879 2627 arbustis
1900 2603 2018 2627 substituit

1170 2643 1318 2672 arbusculis,
1335 2646 1358 2666 et
1376 2646 1427 2671 post
1443 2642 1535 2666 videtur
1553 2643 1713 2671 prosequitur:
1726 2649 1768 2666 uec
1780 2642 1830 2672 ipso
1842 2644 1939 2672 aspecta
1953 2649 2018 2666 ama-

1171 2682 1214 2706 bile
1230 2684 1274 2706 aut
1289 2682 1347 2706 usui
1362 2682 1476 2712 cuiquam
1495 2681 1701 2705 atreovmzodatmn
1719 2682 1837 2711 (convenit
1858 2682 1894 2704 ed.
1914 2683 1934 2709 «t,
1957 2688 2018 2711 quae

1170 2724 1247 2745 tamen
1264 2722 1287 2744 in
1306 2722 1351 2744 fine
1367 2722 1422 2749 legit
1439 2722 1482 2744 [tut
1499 2720 1561 2744 uisui
1576 2720 1777 2745 accommodum).

1234 2760 1242 2773 ⁷
1259 2761 1342 2783 Psalm.
1360 2760 1401 2788 44,
1419 2761 1442 2783 3.
1458 2772 1489 2776 —
1506 2760 1547 2782 Ed.
1568 2761 1576 2782 sl
1599 2760 1668 2788 legit:
1687 2759 1750 2788 Quid
1766 2759 1803 2783 liic
1819 2759 1943 2783 dicemus?
1961 2760 2018 2783 001·-

1167 2805 1215 2829 ptts
1232 2799 1285 2823 vilis
1303 2801 1399 2823 nostrae
1419 2799 1517 2823 Domini
1539 2800 1591 2822 lesu.
1607 2798 1744 2829 siqizificare
1765 2798 1870 2827 deberet,
1889 2798 1936 2822 nisi
1957 2802 1999 2822 etc.
2010 2808 2016 2826 ς

1170 2839 1214 2861 DE
1232 2838 1295 2867 Quid
1311 2840 1391 2862 autem
1408 2839 1446 2862 hic
1463 2838 1568 2862 dicitur?
1587 2838 1678 2868 Corpus
1698 2837 1751 2861 vitis
1768 2839 1865 2861 nostrae
1887 2837 2016 2861 Dominum

1170 2878 1248 2900 Iesum
1265 2877 1401 2907 siqnificare
1418 2876 1495 2905 debet,
1509 2877 1557 2900 nisi
1567 2880 1620 2906 etc.;
1638 2878 1707 2899 Bou:
1728 2885 1739 2897 α
1751 2876 1819 2905 Quod
1831 2879 1907 2899 autem
1925 2876 2016 2905 dicitur,

1169 2922 1255 2944 corpus
1272 2917 1324 2938 vitis
1341 2919 1445 2939 terrenae
1467 2922 1552 2944 corpus
1569 2916 1622 2938 vitis
1640 2919 1730 2938 nostrae
1753 2916 1845 2938 Domini
1862 2917 1910 2938 lesu
1929 2915 2016 2943 signiti-

1170 2955 1250 2982 ficare,
1268 2955 1360 2978 ridetur
1377 2962 1423 2978 non
1445 2956 1582 2982 convenire,
1600 2955 1641 2978 sed
1662 2955 1787 2983 plurimum
1810 2954 1943 2977 discordare
1964 2955 2017 2977 assi-

1171 2997 1239 3022 gnata
1256 2995 1325 3017 liuius
1341 2994 1478 3023 significatio
1496 2995 1593 3023 figurata
1611 2997 1633 3017 et
1649 2994 1782 3017 similitudo.
1799 2994 1854 3016 Nam
1874 2993 1896 3016 in
1919 2999 2016 3022 corpore
