2133 3317
27 860 78 879 nivi-

24 883 77 903 Pati-i

35 982 73 996 um.

486 206 683 235 OPUSCULUM
705 205 744 233 111.
766 205 891 234 LlGNUM
913 204 1018 233 VITAE.
1040 204 1083 232 DE
1106 203 1273 232 MYSTERIO
1295 203 1445 232 ORlGlNlS.

308 286 351 314 DE
373 284 540 314 MYSTERIO
560 283 711 312 ORlGlNlS.

226 372 351 400 Fannius
373 371 391 399 1.
414 370 623 398 PRAECLAanAs
643 370 793 398 oniem151.

321 464 419 497 Iesus,
441 472 476 492 ex
498 464 554 492 Deo
574 462 698 500 genitus.

170 551 194 579 1.
216 550 285 579 Cum
307 550 402 578 Iesum
425 548 504 577 audis
519 556 555 577 ex
571 548 627 577 Deo
648 548 782 585 genitum,
798 555 880 580 cave,
902 555 936 576 ne

89 598 189 627 mentis
210 601 274 626 tuae
295 597 383 626 oculis
405 596 548 624 infirmum
570 595 675 632 aliquid
696 595 815 624 carnalis
836 595 937 632 cogita-

90 644 172 673 tionis
191 646 337 677 occurrat,
363 643 431 680 quin
464 642 557 679 potius
588 641 747 671 columbino
768 645 795 670 et
815 641 938 678 aquilino

90 691 216 720 intuitu2
237 689 398 727 simpliciter
420 689 501 718 crede
526 697 557 717 ac
589 688 785 726 perspicaciter
816 691 938 717 contem-

89 737 182 774 plare,
203 736 279 774 quod
299 736 334 765 ab
355 736 400 764 illa
420 739 532 764 aeterna
554 735 630 768 luce,
653 734 736 763 simul
757 734 890 762 immensa
910 736 937 762 et

89 783 306 820 simplicissima,
327 782 528 820 fulgentissima
549 785 575 810 et
597 789 706 810 summe
727 788 843 814 arcana,
859 788 938 808 coae-

33 838 80 855 aest
92 833 203 865 ternus
235 830 392 867 coaequalis
422 833 449 858 et
470 828 711 858 consubstantialis
732 826 862 864 splendor
882 826 938 855 ori-

90 880 153 912 tur,
173 877 221 914 qui
244 880 285 906 est
306 877 396 905 virtus
417 879 444 905 et
465 876 598 914 sapientia
625 874 803 907 Generantis‚
832 874 860 902 in
882 882 938 911 quo

65 920 170 953 Pater
190 923 282 952 omnia
303 923 448 960 disposuit
468 922 505 951 ab
527 926 660 955 (κίεν-,710
689 929 738 957 per
767 929 850 959 quem
871 919 939 958 fecit

90 974 117 1000 et
135 970 255 999 saecula
285 970 412 1007 factaque
432 969 569 1006 gubernat
590 972 617 997 et
637 968 746 996 ordinat
766 968 800 996 ad
821 967 938 1004 gloriam

90 1026 168 1047 suam
179 1040 186 1053 ,
201 1017 302 1055 partim
317 1025 366 1054 per
381 1020 526 1050 naturam,
542 1016 641 1053 partim
657 1023 707 1052 per
722 1014 855 1052 gratiam,
875 1022 938 1051 par-

91 1065 139 1094 tim
162 1073 211 1102 per
233 1065 381 1098 iustitiam,
413 1063 514 1100 partim
546 1071 595 1100 per
628 1062 861 1095 misericordiam,
884 1060 937 1090 ut3

90 1112 160 1141 nihil
181 1112 209 1141 in
230 1112 282 1140 hoc
303 1110 407 1140 mundo
428 1110 616 1139 inordinatum
638 1109 785 1146 relinquat.

340 1197 437 1230 lesus,
456 1195 691 1233 praefiyuraluan

169 1284 196 1312 2.
218 1283 237 1311 Α
258 1282 394 1319 principio
408 1282 518 1319 quidem
530 1283 543 1298 4
557 1281 721 1310 conditionis
735 1284 867 1314 naturae,
883 1280 938 1309 col—

91 1330 186 1359 locatis
206 1329 234 1358 in
256 1329 384 1366 paradiso
405 1329 567 1365 parentibus
582 1328 694 1365 primis,
710 1327 809 1356 dehinc
824 1330 939 1364 propter

72 1384 169 1419 :esum
191 1376 257 1413 ligni
276 1376 352 1405 vetiti
368 1384 418 1413 per
432 1375 516 1404 divini
532 1375 634 1404 decreti
650 1375 824 1403 severitatem
840 1374 940 1411 expul-

74 1424 144 1458 -sis,
166 1431 287 1460 superna
308 1422 498 1452 misericordia
519 1430 572 1450 non
595 1421 702 1450 distulit
723 1421 863 1450 hominem
895 1429 939 1450 er-

65 1485 73 1490 ·
92 1469 251 1499 rabundum
272 1477 403 1499 revocare
424 1469 457 1498 ad
479 1469 662 1506 poenitentiae
683 1469 773 1502 viam,
795 1476 871 1505 spem
893 1476 940 1497 ve-

92 1517 154 1546 niae
173 1517 263 1546 dando
283 1524 334 1554 per
355 1516 555 1553 repromissum
571 1515 720 1544 Salvatoris
734 1515 892 1544 adventum.
909 1515 940 1543 Et

92 1572 126 1593 ne
146 1564 218 1593 forte
239 1572 288 1600 per
309 1564 491 1600 ignorantiam
513 1566 540 1592 et
561 1562 787 1600 ingratitudinem
802 1565 878 1591 tanta
892 1562 939 1591 Dei

91 1611 212 1648 dignatio
233 1613 344 1640 nostrae
366 1610 446 1639 saluti
468 1610 539 1639 soret
567 1610 732 1643 inefficax⁵,
760 1609 788 1638 in
817 1609 940 1646 quinque

92 1658 194 1687 saeculi
215 1657 301 1686 huius
321 1657 458 1686 aetatibus
479 1665 529 1694 per
551 1656 739 1690 Patriarchas,
760 1655 880 1690 iudices,
902 1664 942 1684 sa-

93 1704 233 1738 cerdotes,
255 1712 335 1741 reges
354 1707 381 1733 et
402 1704 553 1740 Prophetas
573 1703 608 1731 ab
629 1703 695 1732 Abel
716 1703 789 1731 iusto
803 1710 893 1739 usque
907 1701 941 1730 ad

93 1751 221 1780 loannem
242 1750 391 1787 Baptistam
413 1750 471 1779 Filii
494 1750 537 1779 sui
563 1750 712 1778 adventum
732 1749 941 1787 praenuntiare,

93 1798 256 1835 promittere
277 1806 309 1826 ac
329 1797 521 1835 praefigurare
539 1805 594 1826 non
609 1797 729 1831 destitit,
744 1800 777 1825 ut
790 1804 840 1833 per
855 1796 942 1824 multa

94 1845 179 1874 millia
200 1848 357 1882 temporum
379 1848 406 1873 et
426 1852 562 1873 annorum
585 1844 692 1881 magnis
706 1847 732 1872 et
747 1843 825 1872 miris
846 1843 941 1871 multi-

94 1891 202 1929 plicatis
222 1891 343 1920 oraculis
363 1894 390 1919 et
411 1891 606 1927 intelligentias
620 1894 729 1919 nostras
743 1889 777 1918 ad
792 1889 874 1918 fidem
889 1889 942 1918 eri-

95 1941 173 1976 geret
192 1942 219 1968 et
240 1939 355 1967 affectus
376 1946 426 1975 per
447 1938 510 1967 viva
530 1938 666 1966 desideria
688 1937 882 1966 inflammaret.

319 2025 418 2058 lesaii,
440 2024 564 2053 emissus
585 2023 715 2052 caelitus.

175 2110 201 2140 3.
224 2110 363 2147 Denique,
385 2113 531 2147 postquam
557 2110 635 2138 vertit
659 2109 807 2146 plenitudo
839 2114 943 2146 tempo-

97 2157 181 2191 ris⁶,
202 2157 274 2186 sicut
294 2157 379 2186 homo
400 2160 480 2186 sexta
500 2156 544 2185 die
558 2156 686 2185 conditus
700 2159 741 2185 est
755 2156 789 2185 de
804 2159 879 2184 terra
894 2163 943 2192 per

163 2298 169 2312 ¹
187 2298 243 2322 Cod.
261 2299 277 2321 L
294 2298 363 2321 habet
381 2299 438 2321 hanc
450 2298 583 2320 rubricam:
595 2298 692 2321 Primus
703 2304 788 2321 ramus
800 2298 883 2321 eteius
894 2298 945 2328 fru-
971 2298 973 2304 '

98 2339 150 2361 ctus
167 2339 201 2361 est
214 2337 344 2367 praeclara
356 2337 490 2361 Salentini-is
511 2338 579 2367 oriyo
597 2337 719 2367 dulcisque
734 2337 855 2361 nativitas.
872 2337 943 2360 Simili

98 2377 169 2399 modo
180 2377 248 2399 etiam
267 2377 323 2399 alios
339 2377 343 2398 1
355 2378 360 2398 1
378 2378 464 2399 fructus
481 2377 581 2399 denotat.
593 2389 624 2393 —
635 2376 707 2399 Codri*
721 2377 739 2399 Α
748 2377 764 2400 C
774 2377 804 2399 W
817 2377 842 2403 (Z
854 2377 944 2404 deficit,

98 2416 153 2445 qnia
169 2416 230 2438 duae
247 2416 347 2444 paginae
369 2416 510 2444 exciderunt)
537 2419 559 2438 et
575 2416 612 2438 ed.
634 2416 639 2436 1
662 2419 714 2443 post
730 2417 850 2445 pei-[rachi
869 2422 945 2444 prose-

99 2458 218 2484 quuntur:
237 2464 249 2475 a
260 2456 286 2478 Et
303 2457 379 2483 primo
396 2457 440 2478 hoc
456 2455 519 2484 quod
537 2456 613 2483 primo
631 2455 784 2483 proponitur:
802 2456 874 2483 lesus,
889 2461 945 2485 pro-

99 2494 187 2517 missus
201 2493 319 2517 Patribus.
336 2495 402 2517 Pater
419 2494 534 2523 siquidem
553 2494 764 2517 misericordiarum
777 2498 799 2517 et
811 2495 879 2517 totius
893 2501 946 2517 con-

99 2533 216 2556 solationis
227 2539 267 2556 sua
283 2533 472 2561 dignantissimae
489 2533 641 2556 miserationis
657 2533 797 2556 abundantia
815 2537 837 2556 et
852 2534 945 2556 caritate

99 2572 185 2595 infinita
203 2572 310 2595 fidelibus
327 2572 432 2595 Patribus
451 2572 495 2594 sub
516 2573 646 2595 iuramento
669 2573 786 2601 promisit,
806 2573 869 2602 quod
892 2573 946 2595 Ver-

100 2610 157 2633 bum
176 2616 245 2633 suum
265 2611 372 2638 unicum,
389 2611 452 2639 quod
470 2614 518 2633 erat
535 2611 556 2633 in
575 2610 687 2638 principio
706 2611 765 2633 Deus
783 2611 845 2638 apud
864 2611 945 2638 Deum,

101 2653 123 2672 et
134 2655 176 2677 per
187 2649 250 2678 quod
269 2650 325 2672 sactu
343 2653 397 2672 sunt
413 2650 503 2677 omnia,
521 2650 584 2672 carni
602 2650 676 2672 uniret
693 2651 821 2677 humanae,
839 2653 863 2672 ut
880 2650 947 2672 mira-

101 2688 175 2711 biliter
187 2695 213 2711 ex
225 2689 294 2711 Matre
306 2693 437 2712 nasceretur
455 2690 475 2712 in
494 2692 610 2717 tempore,
627 2689 691 2718 quod
704 2689 846 2712 ineffabiliter
857 2696 884 2712 ex
895 2690 946 2717 ipso

102 2727 149 2749 Deo
166 2727 231 2749 Patre
248 2727 351 2755 genitum
368 2731 403 2751 est
418 2729 440 2751 in
458 2729 598 2751 aeternitate.
615 2728 674 2751 Cum
692 2728 761 2756 igitur
772 2729 838 2752 audis
855 2735 880 2751 ex
900 2729 946 2751 Deo

103 2767 219 2796 genitum,
238 2773 308 2795 cave,
325 2773 354 2790 ne
365 2776 377 2787 π
396 2771 438 2790 etc.

165 2805 173 2818 Ξ
192 2805 264 2828 Codd.
281 2807 298 2828 A
309 2805 365 2828 CW
382 2806 501 2834 contuitu,
521 2807 605 2829 deinde
623 2813 664 2835 pro
681 2806 793 2836 splendor
809 2807 889 2830 oritur
904 2807 947 2830 CE

103 2845 118 2867 F
129 2845 159 2867 W
176 2848 198 2867 et
218 2845 224 2866 i
245 2844 358 2874 splendor
374 2845 492 2869 exoritur.
510 2847 568 2868 Ante
586 2845 726 2870 Gemi-antis
749 2846 799 2869 Vat⁴
826 2846 889 2869 addit
905 2847 948 2869 Pa-

103 2883 154 2907 tris.
171 2884 228 2906 turra
245 2883 368 2912 respicitur
384 2884 456 2907 uehr.
475 2885 493 2913 l,
511 2886 532 2907 2.

165 2922 174 2935 ³
191 2922 265 2946 Codd.
282 2922 300 2945 O
311 2923 326 2945 Ρ
342 2929 368 2946 cc
384 2923 473 2946 addunt
488 2923 529 2947 sic.
551 2937 583 2940 —
605 2925 656 2947 Post
672 2924 793 2954 relinquat
809 2926 826 2947 Α
837 2925 892 2948 CW
910 2925 947 2947 ad-

104 2962 200 2990 iungunt
216 2968 271 2985 cum
289 2963 368 2985 tamen
389 2962 453 2985 circu
473 2963 565 2992 qeneris
581 2963 683 2987 humani
697 2963 813 2991 salutem,
830 2963 862 2987 ml
878 2964 947 2987 cuius

103 3000 241 3030 obsequium
253 3007 314 3030 pene
329 3001 393 3031 sacta
410 3002 468 3025 sunt
482 3001 576 3030 omnia,
597 3002 730 3031 specialiter
756 3008 801 3026 sua
824 3002 948 3032 providen-

1804 204 1837 232 71

992 282 1100 311 divinae
1122 289 1221 310 manus
1243 281 1375 309 virtutem
1397 285 1424 310 et
1446 281 1626 318 sapientiam;
1655 281 1694 310 sic
1715 281 1741 309 in
1765 281 1865 329 prin-

1881 287 1987 306 incarnatio

1853 311 1924 330 Verbi
1920 317 1938 329 111
1946 316 1987 330 s-ex

992 329 1063 365 cipio
1084 332 1180 358 sextae
1201 328 1313 361 aetatis,
1336 328 1419 356 misso
1451 328 1618 365 archangelo
1648 327 1774 356 Gabriele
1802 328 1836 356 ad
1853 336 1954 353 manate.

993 376 1150 413 Virginem,
1172 379 1198 404 et
1220 375 1332 412 Viigine
1347 375 1497 411 praebente
1512 375 1549 403 illi
1566 382 1727 408 assensum,
1742 382 1841 411 supel-

992 423 1115 451 venitin
1137 430 1196 451 eam
1218 421 1338 458 Spiritus
1369 424 1496 455 sanctus,
1529 422 1600 450 sicut
1632 421 1702 458 ignis
1730 421 1841 450 divinus

993 473 1112 498 mentem
1128 469 1188 498 eius
1207 469 1382 497 inflammans
1403 476 1571 505 carnemque
1591 468 1679 505 ipsius
1700 468 1841 505 perfectis-

993 518 1061 546 sima
1082 517 1204 554 puritate
1225 516 1407 545 sanctificans.
1431 516 1481 545 Sed
1503 520 1530 545 et
1550 517 1647 545 virtus
1661 525 1726 545 eam
1740 515 1841 545 obum-

994 563 1091 592 bravit
1111 563 1274 597 Altissimi,
1303 567 1335 592 ut
1356 566 1464 592 tantum
1486 563 1559 592 serre
1580 566 1672 600 posset
1693 563 1840 597 ardorem;

993 619 1049 648 qua
1069 613 1201 647 operante
1216 610 1243 638 in
1260 610 1370 639 instanti
1386 618 1488 647 corpus
1502 610 1554 638 fuit
1569 610 1735 643 formatum,
1750 610 1842 638 anima

994 704 1155 737 counitum,
1177 707 1208 732 ut
1229 703 1300 732 idem
1317 707 1389 733 esset
1404 704 1478 732 Deus
1492 707 1519 733 et
1535 704 1633 737 honio,
1649 703 1725 733 salva
1739 703 1842 732 utrius-

994 758 1048 787 que
1070 751 1239 788 proprietate
1260 754 1385 780 naturae

1073 796 1095 825 O
1117 797 1138 825 si
1162 797 1267 826 13111105
1288 801 1442 834 utcumque
1463 797 1581 832 sentire,
1596 797 1677 835 quale
1693 800 1842 835 quantum·
1856 802 1960 825 Undemag
1962 802 1989 820 ni-

994 852 1049 880 que
1070 843 1155 872 fuerit
1176 844 1244 872 illud
1266 852 1280 872 e
1302 844 1377 873 caelo
1398 845 1552 873 immissum
1584 845 1842 879 iuce11diuni,col-

995 890 1082 918 latum
1102 889 1288 927 refrigerium,
1313 891 1437 919 infusum
1462 891 1607 925 solatium,
1632 895 1736 928 quanta
1757 891 1843 920 subli-

995 938 1079 966 matio
1111 938 1231 974 Virginis
1262 938 1372 971 Matris,
1399 941 1503 974 quanta
1531 938 1683 967 nobilitatio
1705 939 1842 967 humaniT

994 985 1103 1021 generis
1124 987 1284 1021 quantaque
1304 984 1498 1013 condescensio
1519 985 1681 1019 Maiestatis;
1710 985 1732 1014 si
1754 986 1844 1022 Virgi-

995 1040 1057 1060 nem
1079 1035 1222 1060 canentem
1243 1039 1306 1060 cum
1329 1032 1415 1060 iubilo
1437 1039 1530 1068 posses
1545 1032 1658 1066 audire,
1673 1032 1694 1061 si
1711 1040 1774 1061 cum
1791 1033 1843 1061 Do-

996 1079 1069 1107 mina
1091 1081 1138 1106 tua
1158 1078 1187 1107 in
1208 1081 1338 1107 montana
1358 1079 1559 1113 conscendere,
1579 1079 1601 1108 si
1624 1079 1726 1108 sterilis
1740 1082 1767 1108 et
1782 1079 1844 1108 Vir-

995 1125 1065 1162 ginis
1086 1133 1200 1154 suavem
1222 1125 1325 1154 intueri
1347 1126 1524 1162 complexum
1556 1130 1583 1154 et
1614 1126 1787 1155 salutationis
1808 1126 1845 1154 of-

995 1170 1106 1205 ficium,
1128 1172 1156 1200 in
1178 1180 1234 1209 quo
1255 1172 1385 1201 servulus
1407 1173 1573 1207 Dominum,
1595 1180 1695 1209 praeco
1711 1173 1843 1208 Iudicem,

995 1227 1051 1248 vox
1072 1218 1195 1247 Verbum
1217 1219 1343 1255 agnovit:
1366 1222 1449 1256 puto,
1471 1219 1545 1256 quod
1565 1219 1703 1248 canticum
1718 1219 1786 1248 illud
1801 1227 1844 1248 sa-

995 1274 1095 1295 crum:
1117 1266 1291 1303 Mayizz‘fiecit
1311 1267 1415 1295 anima
1436 1275 1501 1295 mea
1524 1267 1681 1295 Dominum
1696 1270 1764 1300 etc.,
1780 1274 1844 1295 cum

995 1314 1153 1343 beatissima
1174 1314 1286 1351 Virgine
1307 1314 1383 1342 suavi
1407 1317 1473 1342 tunc
1502 1313 1686 1342 modulatione
1718 1313 1844 1342 concine-

996 1369 1041 1390 res
1069 1361 1229 1398 mirumque
1254 1364 1417 1397 conceptum
1440 1360 1595 1397 virgineum
1617 1368 1673 1389 uua
1694 1368 1757 1389 cum
1780 1361 1845 1389 Pro-

996 1408 1079 1445 pheta
1100 1408 1218 1436 Pari-uio
1238 1408 1383 1436 exsultans
1404 1411 1431 1436 et
1452 1407 1571 1436 jubilans
1591 1407 1740 1436 adorares!

1238 1501 1337 1535 Iesus,
1359 1501 1481 1530 Μανία8
1502 1504 1600 1529 natus.

1076 1595 1103 1623 [ι.
1126 1595 1211 1629 Sane,
1233 1602 1296 1623 cum
1320 1595 1447 1633 quietum
1479 1594 1649 1623 silentium⁹
1681 1595 1845 1624 universalis

999 1642 1073 1679 pacis
1093 1641 1146 1670 sub
1167 1641 1291 1670 Caesaris
1311 1641 1426 1678 Augusti
1447 1641 1564 1678 imperio
1586 1642 1749 1678 perturbata
1768 1642 1846 1679 prius

999 1689 1110 1718 saecula
1130 1692 1285 1718 serenasset
1307 1689 1335 1717 in
1357 1691 1480 1723 tantum,
1502 1692 1534 1717 ut
1555 1697 1605 1726 per
1624 1689 1711 1726 ipsius
1725 1689 1845 1718 edictum

998 1735 1205 1765 describeretur
1236 1735 1385 1764 universus
1416 1735 1507 1770 orbis;
1538 1736 1646 1764 divinae
1674 1735 1776 1765 factum
1806 1739 1847 1765 est

999 1783 1188 1820 providentiae
1209 1791 1293 1817 cura,
1308 1786 1340 1811 ut
1356 1783 1467 1819 loseph,
1482 1783 1603 1820 Virginis
1617 1791 1751 1820 sponsus,
1766 1791 1847 1820 prae—

998 1833 1128 1866 gnantem
1150 1830 1283 1866 puellam,
1298 1829 1332 1858 de
1346 1830 1431 1866 regali
1452 1833 1541 1858 ortam
1563 1830 1690 1866 prosapia
1710 1829 1744 1858 ad
1767 1830 1848 1859 Beth-

1000 1876 1184 1905 lehemiticam
1205 1876 1320 1905 duceret
1341 1876 1450 1905 urbem.
1473 1876 1505 1905 Et
1526 1877 1578 1905 iam
1601 1885 1617 1905 a
1638 1879 1773 1913 conceptu
1794 1884 1844 1905 ex-

1879 816 1963 844 ficandus

1891 849 1948 868 Deus

1875 1602 1968 1621 Nativitas

1883 1626 1959 1645 Christi.

1000 1923 1090 1952 cursis
1105 1923 1248 1952 mensibus
1263 1931 1316 1951 nox
1317 1931 1370 1957 em,
1383 1924 1443 1952 Rex
1458 1923 1503 1952 ille
1514 1923 1659 1961 pacificus
1669 1924 1690 1940 ¹⁰
1716 1926 1846 1961 tanquam
1862 1931 1932 1950 Parin
1944 1931 1988 1949 xii

999 1978 1125 2007 sponsus
1146 1970 1180 1998 de
1211 1969 1340 1999 {kalamo
1368 1970 1502 2007 processit
1533 1970 1566 1999 de
1598 1974 1679 1999 utero
1703 1970 1846 2008 1113111311,

1000 2016 1039 2045 sic
1060 2016 1165 2053 absque
1193 2016 1267 2045 omni
1289 2016 1467 2053 corruptione
1490 2017 1516 2045 in
1539 2017 1629 2046 lucem
1651 2017 1754 2051 editus,
1776 2017 1848 2046 sicut

1000 2062 1090 2091 fuerat
1111 2063 1217 2100 absque
1237 2064 1327 2092 omnis
1348 2064 1468 2093 libidinis
1489 2064 1650 2101 contagione
1678 2068 1846 2101 conceptus3

1001 2109 1065 2146 qui,
1086 2117 1150 2138 cum
1172 2118 1290 2147 magnus
1310 2113 1382 2139 esset
1403 2114 1430 2139 et
1450 2110 1541 2145 dives,
1563 2119 1615 2148 pro
1635 2111 1714 2140 nobis
1733 2111 1847 2140 effectus

1001 2164 1105 2192 parvus
1125 2159 1152 2185 et
1174 2165 1293 2194 pauper,
1315 2159 1396 2186 extra
1417 2157 1530 2186 domum
1552 2157 1579 2186 in
1600 2157 1754 2186 diversorio
1773 2158 1847 2187 nasci

1001 2299 1033 2321 liu
1053 2298 1162 2322 videatur
1180 2299 1277 2322 intenta.
1294 2299 1365 2322 iidem
1383 2305 1452 2328 porro
1470 2300 1507 2322 hic
1524 2303 1546 2322 et
1562 2300 1648 2328 passim
1667 2301 1723 2322 infra
1741 2301 1848 2322 omittunt

1002 2338 1100 2361 titulum.

1063 2377 1073 2389 4
1090 2377 1164 2408 Codd.
1181 2379 1198 2400 Α
1209 2377 1225 2400 C
1236 2378 1265 2399 W
1277 2380 1300 2400 et
1313 2378 1320 2399 1
1337 2384 1452 2407 namque,
1470 2378 1511 2407 qni
1523 2378 1591 2401 etiam
1604 2382 1656 2406 post
1673 2378 1792 2401 collocatis
1809 2378 1848 2401 ad-

1001 2417 1058 2439 dunt
1073 2417 1189 2446 primum.

1065 2455 1074 2468 ⁵
1091 2456 1164 2479 Codd.
1182 2457 1200 2479 Ο
1211 2457 1253 2479 PR
1264 2458 1282 2480 U
1298 2463 1324 2479 cc
1341 2457 1452 2479 adiiciunt
1465 2463 1510 2486 pel·
1528 2456 1603 2479 mulla
1624 2456 1699 2479 millia
1717 2463 1847 2480 urniorum.

1002 2496 1098 2518 inferius
1116 2496 1167 2518 Vat.
1183 2496 1266 2518 omittit
1282 2497 1306 2519 et
1321 2499 1369 2518 tum
1387 2499 1440 2518 ante
1457 2495 1525 2519 mit-is
1537 2499 1586 2518 tnm
1599 2498 1650 2518 ante
1668 2495 1847 2525 intelliyentias,

1002 2538 1024 2557 et
1040 2541 1163 2563 perperam
1181 2534 1260 2557 scrIbit
1275 2535 1347 2565 finem
1365 2541 1406 2562 pro
1423 2534 1499 2565 fidem.

1065 2573 1075 2586 ὅ
1092 2575 1222 2602 Respicitur
1239 2575 1286 2597 Gai.
1305 2574 1330 2601 4,
1350 2574 1371 2597 4.
1389 2575 1420 2597 De
1438 2581 1502 2603 seqq.
1520 2575 1562 2596 cfr.
1578 2574 1654 2596 11131111.
1682 2574 1701 2602 i,
1731 2574 1804 2596 18:23.
1827 2578 1849 2597 et

1003 2613 1058 2635 Luc.
1070 2613 1088 2640 l,
1099 2613 1215 2635 26·38.—
1224 2612 1298 2635 Codd.
1309 2613 1327 2634 Α
1337 2612 1353 2635 C
1363 2613 1393 2634 W
1402 2616 1424 2634 et
1437 2613 1441 2634 1
1458 2613 1544 2635 omisso
1557 2612 1660 2642 Denique
1669 2615 1757 2640 ponunt
1769 2614 1848 2635 aulem

1003 2654 1055 2680 post
1069 2652 1204 2681 postquam.
1222 2652 1278 2674 inira
1297 2658 1339 2679 pro
1357 2651 1479 2674 counitum
1498 2652 1575 2679 plures
1592 2651 1660 2673 codd.
1678 2650 1838 2674 coniunctum.

1067 2689 1075 2702 ⁷
1094 2690 1144 2712 vat.
1161 2690 1244 2712 omittit
1260 2689 1368 2717 humani,
1387 2694 1409 2712 et
1425 2690 1482 2712 infra
1501 2696 1542 2718 pro
1567 2689 1665 2719 agnovit
1682 2689 1750 2712 babet
1766 2696 1849 2720 coquo-

1005 2729 1053 2758 ot't,·
1070 2735 1113 2757 pro
1129 2729 1200 2752 suavi
1216 2731 1272 2752 lunc
1288 2729 1332 2751 LU
1349 2728 1420 2752 suari
1440 2735 1503 2752 cum.
1520 2742 1549 2745 —
1567 2728 1685 2752 Canticum
1710 2729 1850 2760 Muwiifical

1004 2771 1038 2791 est
1054 2769 1109 2790 Luc.
1130 2768 1150 2795 1,
1168 2768 1247 2791 lie-55.

1066 2806 1075 2820 Β
1093 2807 1165 2830 Codd.
1183 2807 1228 2836 FQ
1244 2813 1270 2829 aa
1288 2807 1396 2835 Mariae;
1414 2807 1497 2829 ACW
1515 2807 1623 2830 omittunt
1641 2807 1742 2835 titulum,
1759 2808 1800 2830 sed
1814 2808 1849 2830 in-

1005 2848 1037 2869 fra
1055 2853 1077 2868 n.
1095 2846 1117 2868 5.
1135 2845 1221 2868 liabent
1238 2847 1315 2874 lesus,
1330 2852 1378 2876 pro
1397 2845 1464 2869 vobis
1488 2847 1568 2869 natus.
1594 2847 1616 2869 in
1636 2846 1694 2869 libro
1711 2846 1814 2870 libertini
1836 2854 1850 2870 a

1005 2885 1085 2913 Casali,
1104 2884 1183 2908 Arbor
1200 2884 1261 2908 vitae
1278 2884 1409 2915 crucifi-‘cae
1425 2885 1523 2908 habetur
1535 2886 1602 2908 etiam
1615 2885 1693 2910 Marici
1712 2887 1791 2910 71111173.
1807 2887 1849 2909 Ρ10

1005 2924 1069 2948 Saue
1085 2930 1139 2947 cum
1157 2924 1240 2946 ACW
1258 2927 1281 2946 et
1298 2924 1306 2946 i
1328 2924 1431 2954 Denique
1448 2930 1511 2948 cum.

1068 2962 1077 2975 ⁰
1095 2963 1224 2991 Respicitur
1242 2963 1296 2991 Sap.
1314 2963 1355 2991 48,
1375 2963 1418 2991 Ης
1436 2967 1458 2986 et
1474 2964 1504 2986 de
1521 2970 1587 2993 seqq.
1604 2965 1644 2986 cfr.
1662 2964 1716 2987 Luc.
1735 2965 1761 2992 2,
1783 2965 1841 2987 1-18.

1069 3000 1089 3014 ¹⁰
1104 3002 1234 3030 Respicitur
1251 3003 1266 3025 1.
1283 3003 1380 3031 Paralip.
1396 3003 1439 3030 22,
1456 3003 1485 3029 9;
1503 3006 1525 3026 et
1541 3004 1577 3025 Ps.
1598 3003 1639 3030 is,
1656 3004 1678 3026 6.

1895 1959 1951 1978 gillis.
