2133 3317
495 226 692 255 OPUSCULUM
714 226 731 254 l.
754 225 924 254 SPECULUM
946 224 1153 253 DISCIPLINAE.
1176 225 1254 253 PARS
1276 224 1432 253 SECUNDA.

93 314 151 340 pace
169 306 312 335 honestius,
331 306 390 337 quid
407 305 504 330 unitate
523 304 666 333 iucundiuS,
680 303 725 328 aut
737 304 886 328 commodius
899 310 935 329 so-

93 349 202 376 cialitate
213 348 241 373 ¹?
259 349 323 378 Quid
341 348 446 373 caritate
465 348 567 375 melius,
581 347 626 371 aut
639 347 772 378 pretiosius
790 347 936 371 invenitur?

93 393 302 418 Gloriosissimum
320 391 417 423 quidem
437 391 462 415 et
480 390 638 422 potissimum
665 389 776 414 liberalis
796 390 892 414 animae
910 389 936 414 et

92 435 254 461 conscientiae
281 434 359 459 bonae
386 434 516 462 indicium,
549 440 634 464 pacem
666 433 770 464 proximi
797 432 934 462 custodire,

93 484 201 505 omnem,
221 477 343 507 quantum
361 476 477 507 possibile
495 476 547 505 est,
566 475 686 500 Fratrum
705 475 815 500 scandali
833 475 936 500 occasio-

91 527 146 545 nem
165 519 260 548 vitare,
279 519 452 547 verecundari,
472 519 492 543 si
512 519 604 544 socium
623 519 662 543 vel
681 526 726 550 per
753 518 935 549 surreptionem

92 562 194 588 offendis
204 561 222 586 ².
242 562 267 586 Si
285 569 357 593 quom
376 562 507 586 adversum
526 569 552 586 se
570 561 685 586 Fratrem
704 561 798 586 motum
817 561 856 585 vel
875 561 937 585 levi-

92 606 131 630 ter
149 604 286 634 senserint,
306 605 429 636 quiescere
448 604 574 634 nesciant,
594 611 720 636 quousque
747 605 829 635 ipsum
848 604 936 628 humili

92 647 234 673 studuerint
252 647 421 672 satisfactione
440 647 546 678 placare.

164 690 188 716 8.
207 690 247 715 Ad
264 690 394 715 extraneos
414 691 434 715 si
453 690 551 721 quando
570 690 720 721 procedunt,
737 691 762 715 in
782 697 864 715 eorum
884 697 936 714 ver-

7 737 83 764 puntiau
92 733 143 763 bis,
162 734 259 758 incessu
278 734 303 758 et
321 733 409 758 habitu
428 733 547 758 modestia
566 733 662 765 fulgeat
681 733 838 764 disciplinae,
858 733 936 757 brevi-

92 777 131 802 ter
148 776 173 801 et
191 775 290 807 panca³
309 777 457 808 loquantur,
475 776 551 807 caput
569 776 684 801 decenter
703 777 824 807 operiant,
847 784 936 801 manus

91 819 252 848 abscondant
266 820 377 844 mulieris
390 820 488 844 omnino
501 819 686 850 quantumlibet
699 820 852 850 propinquae
866 826 937 844 oscu-

91 862 143 887 lum
161 862 187 887 et
206 863 285 887 nudae
305 870 393 887 manus
411 862 553 887 contactum
566 862 666 893 penitus
679 862 767 887 vitent.
787 862 836 887 Pro
856 869 936 893 perso-

91 905 142 934 nis,
155 912 218 936 quae
237 906 262 930 in
281 905 351 930 domo
364 905 403 930 vel
416 906 441 929 in
454 905 494 929 via
507 905 625 929 Fratrum
639 912 665 929 se
681 905 834 930 orationibus
847 912 936 929 recom-

91 948 223 978 mendant,
243 948 329 973 statim
349 948 406 979 post
424 955 508 972 earum
528 948 669 973 abscessum
689 948 825 973 orationem
843 947 936 972 faciant

92 991 231 1023 specialem.
250 991 379 1016 Defunctis
404 991 536 1015 Fratribus
551 990 569 1020 ⁴,
592 991 677 1016 audito
702 998 785 1016 eorum
810 991 934 1020 transitu,

92 1041 166 1066 quam
185 1035 260 1059 citius
278 1034 399 1065 possunt,
422 1034 571 1058 subveniant
589 1034 615 1058 et
633 1033 741 1058 debitum
761 1033 850 1058 saltem
870 1033 936 1058 obse-

92 1077 176 1108 quium
196 1077 290 1101 solvere
309 1077 379 1101 nulla
399 1077 523 1101 occasione
542 1076 704 1107 postponant.
723 1075 793 1100 Talia
816 1076 936 1107 siquidem

91 1126 140 1144 non
159 1118 251 1150 absque
270 1117 478 1150 pertimescendae
502 1118 609 1143 offensae
633 1118 741 1149 periculo
763 1118 936 1149 negliguntur.

409 1204 556 1229 CAPI'rULnM
574 1204 620 1229 IV.

369 1291 410 1315 De
428 1291 545 1316 custodia
563 1298 657 1315 rerum.

163 1376 188 1400 1.
206 1376 269 1406 Res,
289 1384 351 1407 quas
370 1376 464 1405 tenent,
483 1377 614 1407 praecipue
632 1376 717 1406 libros,
731 1377 821 1401 munde
834 1377 937 1402 teneant

93 1419 118 1444 et
135 1419 246 1444 honeste.
265 1420 288 1444 A
306 1420 376 1444 tactu
394 1419 452 1444 libri
470 1419 562 1444 nudam
581 1419 712 1444 cohibeant
731 1427 844 1449 manum,
864 1428 935 1451 quae,

67 1463 72 1468 '
91 1462 149 1487 licet
167 1462 273 1491 munda,
298 1463 356 1494 quia
383 1462 467 1487 tamen
495 1469 599 1493 perosa,
624 1463 705 1493 ipsum
724 1462 795 1487 facile
814 1463 893 1488 inficit
911 1463 936 1488 et

92 1505 218 1536 deturpat.
237 1505 319 1536 Turpe
337 1504 376 1530 est
403 1505 482 1530 nudos
510 1505 658 1536 paginarum
678 1506 833 1537 marginibus
852 1507 936 1537 impri-

92 1554 158 1572 mere
176 1547 278 1578 digitos,
298 1547 338 1572 vel
356 1547 438 1578 ipsos,
458 1548 503 1571 aut
522 1547 587 1572 certe
606 1547 730 1572 laternam
750 1555 824 1579 super
843 1548 935 1573 librum

91 1590 194 1621 legendo
212 1590 338 1616 deducere.
357 1590 458 1621 Semper
476 1597 587 1621 pannus,
607 1591 628 1615 si
646 1591 726 1619 adsit,
746 1591 823 1622 digito
843 1599 936 1622 suppo-

91 1632 184 1662 natnr3
203 1633 313 1664 alioquin
332 1633 368 1657 ita
395 1634 467 1658 caute
494 1633 603 1664 tangant
621 1634 646 1658 et
664 1633 766 1663 leviter,
786 1634 815 1658 ut
833 1634 936 1665 tangen-

91 1675 130 1700 tes
148 1676 219 1707 quasi
236 1683 286 1700 non
305 1676 408 1707 tangere
427 1676 568 1701 videantur.
595 1676 698 1701 Librum
724 1677 848 1708 superflue
867 1685 936 1708 aper-

91 1718 145 1743 tum
163 1726 213 1747 non
231 1718 334 1743 teneant
352 1719 392 1743 vel
410 1719 509 1744 incaute
527 1719 678 1750 relinquant.
698 1719 839 1744 Firmacula
850 1719 859 1732 ⁵
872 1720 936 1745 libro

92 1762 221 1793 paululum
240 1762 328 1787 stricto
347 1763 399 1787 sine
417 1762 536 1787 violentia
557 1763 642 1787 laxent
668 1763 693 1787 et
718 1763 827 1794 ponant3
847 1764 936 1788 violen-

91 1805 152 1829 tiam
171 1805 268 1830 sonitus
286 1805 384 1836 probat.
401 1805 524 1837 Indignus
543 1806 582 1830 est
597 1806 661 1831 libro
678 1807 720 1837 qui
734 1806 839 1838 negligit
857 1807 936 1831 custo-

92 1847 152 1872 dire.
170 1847 255 1873 Solent
273 1848 362 1873 incurii
381 1848 480 1879 quidam
492 1847 501 1860 ⁵
520 1849 597 1874 libros
609 1848 709 1880 digitis,
723 1849 748 1873 et
761 1849 854 1879 vestes,
868 1857 936 1880 prae-

91 1891 161 1922 cipue
179 1891 205 1915 in
224 1891 327 1915 manicis
340 1891 429 1916 munde
443 1891 592 1920 servandas,
612 1891 726 1916 sordibus
748 1891 773 1917 et
792 1892 936 1923 pulveribus

92 1934 131 1958 vel
144 1934 229 1962 rebus,
243 1942 305 1965 quas
318 1934 444 1962 tractant,
458 1942 519 1965 pene
538 1934 707 1959 indifferenter
720 1942 853 1966 exponere,
867 1936 936 1966 ipsas

91 1983 149 2001 vero
167 1976 291 2001 extremae
304 1976 446 2008 frequenter
461 1976 555 2001 vilitati
568 1976 693 2008 expositas
705 1977 746 2001 vix
759 1977 845 2001 valent
863 1984 878 2001 a
897 1983 937 2001 so-

91 2019 184 2044 ciorum
202 2019 269 2048 cibo,
288 2020 329 2044 vix
347 2019 379 2044 ab
397 2019 485 2049 altari,
504 2020 545 2044 vix
564 2019 595 2044 ab
618 2020 680 2051 ipsis
705 2020 788 2044 calicis
811 2020 936 2051 mappulis

91 2061 229 2093 prohibere.
243 2062 290 2091 Qui
307 2063 368 2093 ipsis
382 2062 478 2093 placere
497 2062 610 2087 sordibus
623 2063 728 2094 cupiunt
738 2062 746 2075 ⁷
761 2063 885 2088 custodiae
898 2070 937 2087 cu-

91 2111 145 2129 ram
155 2104 308 2130 curiositatis
320 2105 485 2129 condemnant
494 2104 596 2129 infamia
609 2112 715 2136 suaeque
725 2105 814 2129 vitium
827 2105 936 2130 incuriae

91 2146 195 2172 virtutis
213 2148 293 2178 specie
311 2148 420 2173 colorare
438 2147 564 2174 nituntur.
583 2147 676 2172 Gravia
694 2147 754 2172 haec
773 2148 866 2173 homini
884 2155 936 2172 eru-

92 2189 157 2220 dito,
168 2190 209 2221 qui
222 2190 344 2215 munditia
356 2190 449 2222 gaudet
461 2190 600 2215 honestatis
613 2191 780 2222 pulcritudine
790 2190 936 2216 delectatur.

1781 225 1796 252 6
1803 225 1812 252 ‘l
1820 225 1836 252 9

1323 303 1469 327 CAPrrumn
1489 303 1519 327 V.

1199 388 1240 413 De
1258 388 1404 418 differentia
1423 396 1601 413 conversorum
1615 388 1633 412 Β.

1063 473 1086 497 1.
1106 473 1207 498 Accedit
1224 472 1298 498 hinc⁰
1317 474 1497 506 neophytorum
1517 474 1645 499 conversio
1665 473 1784 504 differens
1802 475 1837 498 in-

991 516 1091 541 tuenda.
1111 517 1175 541 Sunt
1194 517 1257 541 enim
1278 517 1377 549 qnidam
1402 517 1561 546 tractabiles,
1581 518 1717 549 simplices,
1743 517 1836 547 devoti,

991 559 1116 589 timorosi,
1136 560 1178 591 qui
1197 560 1259 585 nihil
1278 560 1325 585 sibi
1344 561 1443 585 Christo
1462 561 1544 585 carius
1562 561 1735 590 aestimantes,
1749 561 1838 586 volun-

992 602 1058 626 tates
1076 604 1192 634 proprias
1211 604 1232 627 ei
1254 603 1409 632 sacrificant,
1424 603 1553 628 voluntate
1573 604 1682 635 prompti
1699 604 1730 628 ad
1748 604 1837 629 nutum

991 645 1055 669 nutu
1071 646 1145 670 citius
1158 645 1261 670 obedire.
1276 646 1315 670 Ad
1334 646 1443 671 difficilia
1456 646 1580 677 quaelibet
1594 646 1695 677 propter
1709 646 1836 671 Christum

992 689 1171 718 aequanimiter
1196 689 1341 720 perferenda
1360 689 1456 720 parati,
1483 696 1541 714 suae
1566 696 1661 720 quoque
1683 689 1837 721 integritatis

992 731 1103 760 solliciti,
1123 739 1164 756 cor
1183 739 1255 756 suum
1283 739 1327 763 per
1350 739 1438 763 puram
1457 732 1633 757 confessionem
1658 732 1683 757 et
1710 733 1836 757 assiduam

992 774 1127 798 orationem
1147 774 1266 799 mundare
1284 782 1334 800 non
1353 775 1492 806 negligunt.
1512 775 1575 799 Sunt
1594 776 1619 799 in
1641 775 1756 800 exteriori
1783 783 1836 800 con-

992 817 1131 841 versatione
1150 817 1302 848 disciplinati
1320 818 1345 842 et
1363 817 1482 847 humiles,
1503 817 1605 842 student
1623 825 1648 842 se
1671 818 1696 842 in
1724 818 1837 842 omnibus

992 859 1112 885 officiosos
1131 860 1156 884 et
1174 860 1293 885 amabiles
1311 860 1432 885 exhibere.
1446 861 1568 892 Siquidem
1593 870 1604 882 α
1618 861 1717 885 studere
1735 860 1837 892 propter

992 902 1070 926 Deum
1089 903 1168 927 amari
1180 903 1280 927 caritati
1293 904 1385 927 servire
1404 903 1442 927 est
1454 902 1473 915 ¹⁰
1487 913 1511 929 ».
1525 903 1558 927 Hi
1571 910 1628 928 vero
1641 903 1701 928 sunt
1713 904 1837 928 Altissimi

991 945 1044 975 filii,
1064 945 1148 970 fideles
1167 946 1268 970 sanctae
1287 946 1422 977 Religionis
1442 947 1605 977 propagines,
1629 946 1746 971 Fratrum
1768 946 1837 971 laeti-

992 988 1041 1017 tia,
1067 989 1235 1013 consociorum
1261 989 1391 1017 solatium,
1412 989 1449 1013 sui
1472 989 1553 1019 gloria
1577 989 1745 1013 instructoris.
1771 988 1837 1013 Nam

991 1031 1071 1062 gloria
1090 1031 1171 1062 patris
1189 1031 1227 1055 est
1245 1031 1313 1055 filius
1331 1032 1431 1062 sapiens
1443 1030 1471 1055 ¹¹.

1063 1074 1087 1098 2.
1106 1073 1170 1098 Sunt
1188 1074 1213 1098 et
1232 1074 1275 1098 alii
1294 1074 1370 1098 durae
1392 1074 1504 1103 cervicis,
1524 1074 1669 1105 disciplinae
1688 1074 1837 1105 insuscepti-

991 1116 1065 1146 bileS,
1096 1124 1267 1141 mansuescere
1295 1117 1445 1146 nescientes,
1473 1116 1561 1148 tepidi,
1590 1117 1693 1146 curiosi,
1722 1117 1836 1148 superbi,

992 1160 1047 1190 qui,
1066 1167 1140 1190 quam
1159 1160 1246 1184 suavis
1270 1160 1307 1184 cst
1323 1158 1495 1191 Douziuus¹²,
1515 1167 1563 1184 non
1586 1159 1733 1191 gustantes,
1753 1168 1838 1185 saecu-

992 1203 1040 1227 lari
1058 1203 1189 1227 dumtaxat
1207 1202 1318 1233 deposito
1336 1202 1436 1232 habitu,
1455 1210 1505 1228 non
1524 1202 1627 1232 affectu,
1647 1203 1727 1228 adhuc
1745 1204 1770 1228 in
1789 1211 1837 1229 mo-

992 1246 1073 1275 ribus,
1093 1246 1118 1270 in
1137 1245 1231 1274 verbis,
1250 1246 1276 1270 in
1294 1245 1407 1276 gestibus
1426 1245 1451 1270 ot
1470 1247 1627 1277 propriarum
1642 1246 1778 1277 pertinacia
1798 1254 1836 1272 vo-

991 1289 1118 1313 luntatum
1144 1289 1241 1313 saeculo
1268 1288 1340 1313 fidem
1363 1289 1476 1318 servant,
1506 1289 1535 1313 ut
1560 1289 1670 1314 monstro
1698 1290 1836 1314 mirabilius

992 1332 1038 1356 sub
1057 1332 1173 1363 religiosa
1191 1331 1259 1356 veste
1282 1331 1404 1356 hominem
1425 1332 1508 1356 videas
1532 1333 1690 1357 saecularem.
1717 1333 1750 1358 Hi
1778 1334 1838 1358 sunt

992 1375 1042 1405 filii
1060 1374 1218 1405 diffidentiae
1229 1373 1257 1403 ¹³,
1277 1374 1419 1399 adulterina
1432 1375 1570 1405 plantatio,
1584 1375 1680 1400 fructus
1698 1376 1800 1401 inutiles
1813 1376 1838 1401 et

992 1418 1087 1447 acerbi,
1107 1418 1228 1442 sociorum
1247 1424 1309 1442 onus
1328 1418 1353 1442 et
1371 1418 1529 1447 scandalum,
1550 1419 1588 1443 sui
1613 1419 1713 1443 afflictio
1738 1419 1763 1444 et
1781 1427 1838 1444 con-

992 1461 1055 1486 fusio
1073 1460 1246 1490 instructoris,
1266 1461 1335 1485 iuxta
1353 1461 1414 1485 illud
1427 1460 1460 1485 ¹⁴:
1480 1461 1529 1485 Ira
1545 1462 1634 1492 patris
1646 1462 1718 1492 silius
1730 1462 1837 1493 stulius,

991 1506 1015 1529 et
1033 1503 1149 1533 confusio
1162 1504 1252 1535 patris
1271 1504 1301 1528 de
1318 1503 1373 1534 filio
1394 1503 1595 1535 imiiscfflinato.

1061 1548 1085 1572 3.
1105 1547 1223 1572 Ponenda
1241 1546 1301 1571 sunt
1320 1554 1398 1577 pauca
1412 1547 1515 1578 teporis,
1532 1548 1690 1572 curiositatis
1709 1548 1734 1572 et
1752 1555 1838 1578 super-

992 1591 1048 1615 biae
1061 1590 1242 1621 praedictorum
1258 1590 1362 1618 indicia,
1375 1590 1404 1614 ut
1421 1589 1522 1621 cognita
1537 1590 1687 1615 devitentur.
1711 1600 1723 1612 α
1736 1590 1838 1616 Cautior

991 1634 1016 1658 in
1030 1633 1100 1658 bonis
1113 1633 1240 1661 ambulas,
1255 1633 1275 1657 si
1288 1633 1313 1657 et
1326 1633 1392 1657 mala
1409 1640 1457 1658 non
1474 1633 1572 1658 lateant
1583 1632 1602 1645 ¹⁵
1613 1643 1637 1657 ».
1651 1648 1686 1651 -
1703 1643 1715 1655 κ
1727 1634 1837 1665 Tepidus

991 1677 1016 1701 in
1035 1677 1193 1701 conversione
1213 1676 1292 1701 otiosa
1311 1676 1386 1701 verba
1405 1676 1430 1701 et
1456 1684 1534 1701 vanas
1562 1677 1724 1708 cogitationes
1751 1678 1837 1702 noxias

992 1726 1044 1744 esse
1062 1726 1112 1743 non
1125 1719 1282 1750 conspicit».
1301 1718 1395 1743 Vitatis
1408 1719 1559 1750 grandibus,
1579 1720 1674 1751 reliqua
1696 1721 1778 1745 omnia
1796 1721 1837 1745 vix

991 1761 1093 1792 reputat
1111 1761 1272 1793 imputanda,
1286 1761 1396 1786 hebetati
1416 1762 1496 1786 cordis
1508 1762 1561 1793 ipse
1574 1762 1606 1786 ad
1621 1763 1796 1787 conscientiam
1809 1763 1837 1788 de

992 1804 1106 1834 offensis,
1124 1805 1153 1828 ut
1173 1804 1271 1829 timoris
1289 1805 1375 1829 filialis
1388 1805 1503 1836 ignarus,
1523 1804 1654 1830 timoratos
1673 1806 1698 1830 et
1716 1806 1838 1831 conscien-

992 1847 1041 1872 tiae
1060 1847 1195 1878 puritatem
1214 1847 1327 1871 amantes
1347 1847 1429 1872 fatuos
1448 1847 1473 1872 et
1486 1848 1674 1878 superstitiosos
1693 1847 1837 1873 sententiat.

996 1900 1009 1912 ‹<
1022 1890 1113 1919 Quodsi
1132 1898 1146 1914 a
1165 1890 1264 1921 torpore
1283 1890 1374 1914 mentis
1392 1890 1549 1921 evigilaverit
1570 1898 1598 1916 ea
1617 1898 1679 1922 quae
1700 1891 1764 1916 levia
1789 1892 1839 1916 exi-

993 1932 1125 1961 stimabat,
1148 1933 1219 1964 quasi
1243 1932 1367 1957 horrenda
1393 1933 1468 1964 atque
1493 1933 1587 1958 atrocia
1614 1933 1766 1964 pertimescit
1780 1932 1838 1958 ι6».

992 1975 1091 2001 Vacuus
1110 1976 1194 2007 gratia
1212 1975 1237 2000 et
1250 1975 1362 2006 tepidus,
1382 1976 1447 2007 quod
1463 1976 1502 2001 est
1519 1976 1616 2008 gratiae
1636 1984 1679 2001 seu
1698 1977 1780 2001 minus
1798 1984 1838 2002 ne-

991 2019 1113 2043 cessariae
1133 2018 1265 2048 tentionis‚
1285 2019 1350 2050 quod
1373 2019 1530 2050 disciplinae,
1551 2019 1616 2050 quod
1635 2027 1747 2048 morum,
1773 2019 1837 2051 quod

992 2061 1094 2086 virtutis
1123 2061 1239 2092 perfectio
1264 2061 1379 2087 conciliat
1407 2062 1548 2093 negligens,
1571 2062 1634 2087 illud
1661 2062 1773 2092 difficile,
1798 2063 1838 2087 vel

992 2105 1057 2130 certe
1085 2104 1238 2135 superfluum
1266 2105 1421 2134 arbitratur,
1450 2113 1523 2137 aegre
1553 2105 1689 2130 doctrinam
1717 2106 1749 2130 ad
1776 2105 1838 2130 talia

993 2147 1103 2178 patitur,
1122 2147 1244 2172 doctorem
1272 2148 1346 2172 nimis
1370 2147 1506 2178 perfectum
1526 2149 1618 2173 ironica
1642 2149 1756 2173 irrisione
1784 2155 1838 2180 pro-

992 2191 1120 2215 nuntians.
1140 2190 1235 2222 Nempe
1253 2190 1349 2215 siultus
1366 2191 1408 2216 sai
1422 2191 1509 2222 patris
1528 2191 1693 2222 disciplinam
1707 2191 1798 2216 irridet
1809 2190 1836 2223 ¹⁷,

154 2327 162 2340 ¹
181 2328 261 2350 Psalm.
283 2328 335 2353 132,
357 2329 379 2349 i:
397 2328 467 2354 Ecce,
484 2333 554 2356 quam
572 2327 660 2350 bonum
678 2332 700 2350 et
716 2335 786 2357 quam
807 2329 935 2351 iucundum

93 2358 196 2382 nabitare
213 2360 291 2381 fratres
309 2359 330 2381 in
348 2361 434 2381 unum!
452 2358 496 2380 Csr.
514 2359 587 2380 Serm.
608 2360 629 2380 2.
654 2359 685 2381 ad
705 2360 795 2382 Fratres
817 2360 839 2382 in
857 2366 936 2382 eremo

94 2390 160 2418 (inter
176 2396 246 2417 opera
265 2390 377 2417 August).
397 2391 439 2412 Pro
463 2389 594 2413 socialitate
610 2389 680 2412 CDE
705 2393 726 2412 et
752 2391 789 2413 esi.
807 2392 820 2412 2
837 2390 933 2418 sociali,

93 2421 129 2444 ed.
150 2422 155 2443 1
176 2420 310 2444 εοσίιιῐὶίιιίῖ.
327 2434 357 2437 -
374 2421 486 2448 Superius
510 2427 552 2449 pro
572 2422 593 2443 ei
611 2421 679 2450 pacis
703 2421 774 2444 CDE
790 2423 811 2444 ei
826 2421 935 2451 pietatis,

93 2452 145 2475 Vnt.
163 2459 216 2474 cum
234 2452 270 2474 ed.
292 2453 297 2474 1
321 2453 375 2480 legit
392 2452 450 2475 hono
465 2451 558 2481 pietatis
575 2453 598 2475 ec
613 2451 720 2475 caritatis
737 2454 888 2482 componant.

155 2482 164 2496 ²
181 2484 254 2505 Serui.
271 2484 308 2505 61.
325 2484 346 2506 in
365 2483 497 2511 Appendice
515 2484 612 2511 August.
630 2483 694 2510 (alias
710 2484 758 2506 169.
774 2484 803 2506 de
820 2484 936 2512 Tempore

93 2516 115 2537 et
130 2517 183 2542 post
199 2515 237 2537 57.
253 2515 275 2536 in
292 2515 435 2543 Appendice)
453 2521 474 2536 n.
494 2515 517 2536 i:
535 2515 579 2537 Pax
597 2514 724 2537 dilectionis
741 2518 813 2537 mater
825 2518 867 2542 est,
882 2521 936 2537 con-

94 2546 185 2568 cordiae
201 2546 318 2568 vinculnm
344 2552 370 2568 ac
395 2551 467 2574 purae
494 2546 576 2568 mentis
601 2545 711 2568 indicium
733 2546 888 2568 manifestum.
906 2559 936 2562 —

94 2577 203 2604 Superius
220 2583 263 2605 pro
281 2576 384 2599 liberult's
401 2577 496 2599 animae
512 2577 549 2599 ed.
567 2578 581 2599 2
599 2576 704 2600 liberalis
721 2577 798 2600 animi
812 2580 834 2600 et
851 2583 903 2599 cum
917 2577 934 2599 Α

92 2607 196 2637 fraterni
210 2607 319 2631 scandali
336 2615 377 2636 pio
395 2608 468 2631 Fran-
471 2614 511 2630 um
527 2607 643 2631 scandale.

155 2638 164 2651 ³
182 2639 221 2662 Ed.
239 2640 252 2661 2
270 2638 297 2662 1))
298 2639 369 2662 etue!
386 2640 407 2662 οι
424 2640 499 2662 caute.

154 2668 165 2682 ⁴
181 2670 222 2693 Ed.
239 2671 252 2692 2
271 2671 335 2693 addit
351 2670 431 2694 statim
448 2674 470 2693 et
486 2670 580 2692 inferius
597 2670 680 2693 omittit
696 2670 793 2693 solome.

155 2700 164 2714 ⁵
181 2701 313 2724 Secundum
327 2702 359 2724 Du
372 2701 460 2730 Gange,
473 2702 612 2724 Glossarium
627 2705 680 2724 etc:
695 2701 736 2724 Μ)
738 2701 859 2724 maculam
872 2701 934 2723 idern

94 2733 210 2761 estquod
235 2732 409 2760 lirmuioriam,
436 2739 483 2761 quo
507 2733 564 2761 quid
590 2733 706 2761 firmatur,
731 2732 799 2755 Gallis
825 2732 933 2762 fermaz'l,

94 2762 170 2790 nbula,
187 2763 345 2786 retinaculum.
362 2776 393 2780 —
411 2764 460 2786 Vat.
479 2766 500 2786 et
517 2764 553 2786 ed.
575 2764 597 2785 l:
615 2763 779 2787 Firmacula...
790 2763 812 2787 si
823 2763 934 2787 violentia

94 2793 218 2823 laxentur,
237 2796 366 2824 apponent,
384 2794 521 2818 violentiam
546 2797 588 2817 etc.
614 2795 708 2817 inferius
725 2794 822 2817 vocibus
839 2794 880 2824 qui
896 2801 935 2817 m·-

95 2824 160 2855 [lliyii
177 2826 214 2848 etl.
232 2827 244 2848 2
262 2826 375 2849 interserit
391 2832 453 2849 eum.

155 2855 165 2869 ⁶
181 2857 221 2879 Ed.
239 2858 253 2879 2
270 2857 363 2886 quedem
380 2860 402 2880 et
418 2857 518 2880 subinde
534 2856 618 2879 sallem
631 2863 673 2884 pro
683 2856 811 2886 praecipue
822 2863 849 2879 ac
861 2863 934 2886 quan-

94 2886 168 2917 doque
184 2894 226 2916 pro
242 2888 384 2918 frequentet.
403 2889 445 2910 Pro
462 2888 542 2911 calicis
559 2889 575 2910 B
593 2887 703 2911 calicum.

156 2917 165 2931 ⁷
181 2918 238 2942 Cod.
255 2920 272 2942 B
288 2921 311 2942 et
332 2919 369 2942 ed.
394 2920 407 2942 2
434 2919 481 2947 Qui
504 2925 536 2942 ear
559 2918 616 2949 ipsis
638 2919 736 2948 placere
759 2918 870 2942 sordibus
894 2924 934 2942 cu-

91 2948 234 3004 piemngm.
249 2987 302 3004 cum
320 2981 357 3004 ed
375 2981 383 3004 Ι
410 2981 444 3004 De
460 2981 570 3011 profectu
586 2982 608 3004 et
624 2980 713 3011 detecta
727 2980 872 3005 novitiorum
885 2979 933 3004 sive

95 3009 163 3041 differ
164 3012 226 3035 entia
242 3018 369 3036 contet-301·
372 3018 420 3036 am.

1055 2327 1065 2341 ⁹
1082 2328 1154 2351 Codd.
1173 2328 1189 2350 C
1201 2329 1218 2350 D
1229 2329 1244 2350 E
1261 2331 1283 2350 et
1299 2328 1337 2350 ed.
1349 2329 1362 2350 ἱ).
1380 2327 1425 2351 llic.

992 2359 1113 2382 volumtate
1130 2366 1172 2387 pro
1191 2359 1332 2382 relmzlarie.

1055 2389 1074 2402 ¹⁰
1091 2390 1214 2417 Bermrd„
1233 2390 1300 2418 Epist.
1319 2390 1356 2412 90.
1374 2397 1397 2412 n.
1422 2390 1439 2411 1.
1461 2402 1492 2406 —-
1514 2391 1624 2418 Superius
1642 2397 1684 2418 pro
1700 2390 1795 2414 student
1813 2397 1838 2414 se

992 2421 1017 2444 in
1034 2421 1142 2444 omnibus
1160 2422 1197 2444 ed.
1215 2422 1228 2443 2
1245 2421 1340 2444 student
1356 2428 1380 2443 se
1397 2420 1514 2443 omnum.

1055 2451 1073 2465 ¹¹
1091 2453 1160 2474 Prov.
1180 2453 1219 2479 10,
1240 2453 1263 2474 l:
1281 2452 1349 2474 Filius
1363 2452 1454 2480 sapiens
1471 2453 1575 2475 laetificat
1592 2455 1688 2480 patrum.

1054 2482 1073 2495 ¹²
1091 2484 1173 2506 Psalm.
1191 2484 1231 2511 33,
1250 2484 1278 2505 9:
1295 2485 1388 2506 Gustate
1414 2486 1435 2505 et
1461 2483 1547 2510 ridete,
1572 2484 1681 2512 quonian]
1707 2484 1786 2506 suavis
1803 2486 1837 2506 est

992 2514 1112 2536 Dominus.
1129 2514 1174 2537 cfr.
1191 2516 1245 2542 Sap.
1263 2515 1302 2541 212,
1325 2515 1348 2536 l:
1366 2515 1383 2537 Ο
1405 2521 1475 2543 quam
1497 2515 1571 2536 bonus
1589 2518 1611 2536 et
1627 2515 1706 2537 suavis
1729 2518 1775 2542 est,
1793 2515 1836 2538 Do-

992 2546 1064 2572 mine,
1083 2546 1176 2573 spiritus
1199 2549 1251 2567 tuus
1269 2546 1292 2567 in
1314 2545 1436 2568 omnibus!
1456 2559 1484 2561 —
1503 2546 1614 2574 Superius
1636 2545 1652 2568 C
1664 2546 1706 2568 DE
1728 2549 1751 2568 et
1767 2546 1803 2569 cd.
1820 2547 1834 2568 2

991 2577 1099 2599 omittunt
1115 2576 1309 2605 insusceptibiles.

1054 2607 1073 2620 ¹³
1091 2609 1148 2635 pr.
1166 2609 1193 2634 2,
1211 2609 1231 2630 2.
1250 2611 1272 2630 et
1289 2607 1316 2636 5,
1335 2608 1356 2630 6.
1373 2620 1404 2624 -
1422 2608 1533 2636 Superius
1549 2608 1599 2630 voci
1612 2607 1691 2631 (ulliuc
1703 2608 1753 2630 Vnt.
1766 2611 1787 2631 et
1799 2608 1836 2631 ed.

992 2639 1000 2660 ⁴
1023 2639 1155 2666 praefigunt
1172 2638 1292 2668 quonium..

1054 2669 1073 2682 ¹⁴
1091 2671 1156 2692 Prov.
1180 2671 1217 2698 17,
1235 2670 1277 2697 25,
1295 2673 1346 2697 post
1363 2676 1432 2698 quem
1452 2670 1516 2692 ticeli.

1054 2700 1073 2713 ¹⁵
1090 2701 1211 2728 Bcrnomt,
1231 2702 1254 2723 11.
1270 2701 1300 2723 do
1316 2701 1458 2723 Considerat.
1475 2707 1495 2723 c.
1512 2701 1533 2723 7.
1551 2708 1574 2723 n.
1596 2701 1671 2723 111.-
1684 2702 1736 2730 Seq.
1749 2705 1837 2724 senten-

991 2732 1020 2754 tia
1037 2735 1071 2754 est
1089 2732 1180 2759 isidor„
1201 2733 1224 2754 11.
1243 2733 1304 2754 Sent.
1320 2738 1339 2754 c.
1360 2733 1395 2754 10.
1413 2738 1435 2754 n.
1453 2733 1480 2759 2,
1498 2732 1536 2754 ubi
1559 2738 1600 2760 pro
1624 2732 1774 2755 conversione
1791 2734 1807 2755 Λ
1819 2733 1835 2755 C

991 2763 1009 2785 D
1019 2764 1034 2785 E
1051 2766 1073 2785 et
1089 2763 1142 2785 edd.
1156 2764 1163 2785 i
1177 2781 1182 2791 ,
1195 2764 1208 2785 2
1220 2767 1297 2785 contre
1312 2765 1395 2785 textum
1408 2763 1541 2790 originalem
1554 2766 1576 2786 et
1589 2763 1638 2785 Vat.
1651 2763 1835 2787 comwrsalione.

990 2807 1020 2810 —
1038 2795 1148 2822 Superius
1167 2800 1209 2822 pro
1226 2794 1312 2823 leporis
1330 2794 1368 2822 (ita
1388 2794 1406 2816 D
1422 2797 1444 2816 el
1455 2794 1491 2816 eci.
1504 2795 1527 2823 2)
1542 2795 1592 2817 Vnt.
1603 2798 1625 2817 et
1641 2795 1677 2817 ed.
1692 2795 1699 2816 l
1716 2795 1832 2824 torporis,

991 2826 1006 2847 Ε
1021 2825 1094 2855 [epesi
1110 2826 1131 2854 (a
1143 2825 1183 2848 CE
1195 2831 1221 2847 ea
1233 2832 1293 2854 quae
1305 2831 1326 2847 n.
1339 2825 1378 2848 3-7
1390 2826 1534 2848 continentur
1552 2829 1730 2854 transponuntur
1747 2827 1770 2848 in
1786 2832 1834 2855 seq.

989 2863 1040 2885 cap.
1058 2863 1081 2878 n.
1099 2856 1119 2878 5.
1139 2859 1190 2884 post
1207 2856 1278 2879 verba
1296 2856 1398 2884 Apostoli
1415 2856 1489 2879 Nemo
1506 2856 1629 2885 militans).

1053 2886 1072 2900 ¹⁰
1089 2887 1180 2915 isidor„
1198 2888 1222 2910 ll.
1238 2889 1300 2910 Sent.
1313 2894 1334 2910 c.
1350 2888 1382 2909 ¹0.
1396 2894 1418 2910 n.
1436 2889 1458 2909 2.
1470 2888 1523 2910 Post
1539 2887 1692 2911 existimabat
1708 2891 1781 2911 textus
1792 2888 1835 2911 ori-

990 2919 1071 2946 ginalis
1088 2919 1153 2941 addit
1169 2918 1299 2948 coufieslim.
1314 2932 1346 2935 —
1368 2919 1462 2941 Inferius
1486 2921 1538 2947 post
1558 2919 1652 2943 Vacuus
1669 2919 1749 2949 qratia
1765 2920 1802 2942 ed.
1820 2921 1833 2942 2

989 2950 1073 2972 omittit
1089 2951 1118 2972 et.

1052 2979 1070 2993 ¹⁷
1088 2981 1156 3034 Proiv.
1175 2981 1217 3008 15,
1234 2981 1255 3003 5.
1273 2993 1304 2998 —
1321 2981 1371 3004 Duo
1388 2987 1454 3010 seqq.
1471 2981 1512 3004 loci
1525 2984 1578 3004 sunt
1594 2981 1661 3004 Eccli.
1679 2982 1703 3004 <21
1716 3000 1721 3010 ,
1734 2983 1771 3005 22.
1783 2985 1805 3004 et
1818 2982 1832 3004 Ι.

990 3011 1042 3035 Cor.
1060 3012 1087 3039 2,
1111 3012 1116 3034 1
1140 3029 1145 3034 .

1443 2328 1537 2350 inferius
1550 2328 1594 2350 tide
1615 2328 1630 2350 C
1642 2329 1659 2350 D
1676 2328 1837 2351 substituimus

1535 2671 1616 2692 00¹3

1535 2685 1598 2698 ..-,.

1867 472 1893 490 De
1906 472 1961 499 honis

1860 500 1961 514 cenversrs.

1851 1074 1903 1095 Item,
1913 1074 1937 1093 de
1946 1079 1984 1092 ma·

1899 1097 1930 1116 lis.

1859 1549 1915 1572 Signa
1927 1549 1984 1567 malo-

1854 1577 1895 1590 rum
1908 1577 1984 1591 conver-

1855 1601 1924 1614 sorum.

1857 1635 1918 1662 Signat
1929 1636 1980 1659 tepo-

1903 1663 1936 1677 ΠΕ-
