2133 3317
392 265 447 288 PRO

143 304 255 326 Proficere
272 304 351 326 volens
368 303 481 326 convertit
492 303 521 325 ad
533 303 622 325 lucrum
635 308 704 324 sunm

142 342 237 365 aliorum
256 342 419 365 detrimentum
436 345 458 364 et
475 342 578 364 detectus
589 341 634 363 350
647 340 662 363 b
675 353 703 356 —-

142 381 264 410 spiritualis
282 381 302 403 in
320 381 428 404 omnibus
444 380 540 408 reperiri
561 383 637 408 potest
659 380 704 402 495

143 426 155 442 3
171 432 203 436 -
220 420 364 443 Desiderium
382 420 405 442 in
422 419 483 442 bono
508 419 644 447 proficiendi
670 422 704 442 est

141 465 226 481 munus
243 459 331 486 grande
349 458 392 481 492
409 458 423 480 7
440 471 470 474 —
488 458 612 485 spiritualis
634 464 704 486 saepe

141 498 234 524 crescit,
252 498 308 520 dum
326 503 371 520 non
391 497 500 524 sentitur,
523 500 545 519 et
567 497 702 523 roboratur,

142 542 196 560 cum
213 537 322 559 infirmari
340 538 433 564 putatur
454 536 495 558 140
514 536 542 558 10
559 548 590 553 -
607 536 704 564 exiguus

141 575 286 598 subditorum
299 581 408 603 magnam
421 575 553 603 patientiam
568 575 590 597 in
603 575 704 603 praelato

142 615 212 642 exigit
232 614 273 636 138
292 615 304 636 3

189 653 304 676 Paorizssto
322 653 391 675 -111
416 652 500 675 Ordine
525 653 632 680 religioso
657 653 704 675 duo

141 692 250 720 importat
268 692 306 714 401
333 693 367 714 12.
386 698 419 721 sq.
437 704 467 708 —
478 695 529 714 ante
540 698 626 714 anuum
642 697 704 714 com-

141 732 229 759 pletum
247 730 390 759 probationis
406 734 440 753 est
456 731 555 753 invalida
574 730 602 754 ib.
622 731 650 752 12
673 742 704 747 -

141 770 260 799 quomodo
278 770 379 793 iacienda
397 770 426 792 sit
444 770 483 792 451
505 776 517 792 3
534 782 565 786 -
582 770 599 792 Α
617 770 704 797 protes-

142 809 213 831 sionis
229 809 359 831 excellentia
377 809 436 832 vitae
448 808 592 831 observantia
610 815 654 830 non
667 809 704 831 de-

142 847 180 870 bet
197 848 330 871 discordare
349 848 388 870 471
411 847 424 870 4
441 860 472 865 -
483 848 545 870 Nulla
563 850 638 875 potest
654 853 704 870 esse

141 887 254 915 professio
271 888 364 910 omnino
381 887 543 915 temporalium
560 892 638 909 rerum
663 886 704 908 ab·

142 926 221 948 dicans
239 933 306 949 usum
325 927 368 948 312
387 927 400 948 5
416 938 447 942 -
464 926 620 948 Protessorum
638 925 702 948 habi-

142 967 179 987 tus
195 971 260 987 more
276 965 423 993 antiquorum
441 965 609 992 Religiosorum
628 964 705 986 distin·

143 1003 257 1031 guebatur
274 1003 304 1026 ab
321 1003 399 1026 habitu
417 1003 555 1026 novitiorum
574 1003 617 1025 400
637 1003 660 1025 tt

190 1043 313 1065 Paoatutzut:
341 1055 372 1058 —
399 1042 536 1064 Generaliter
562 1041 703 1070 prohibitum

142 1082 196 1104 nulli
214 1085 248 1104 est
264 1082 376 1104 indultum
395 1081 440 1104 254
457 1082 470 1103 9

189 1121 295 1144 ΡηοΜιεεΑ
314 1133 343 1136 -
360 1121 434 1143 Homo
451 1121 526 1148 magis
542 1120 638 1143 allicitur
655 1126 705 1148 pro-

142 1159 230 1188 missis,
247 1165 317 1188 quam
335 1162 431 1187 cogatur
448 1159 515 1181 minis
533 1159 561 1181 55
583 1160 604 1181 11

190 1199 302 1221 Paouorto
323 1211 353 1215 —
375 1204 530 1226 praepropera
557 1199 626 1221 multa
646 1198 704 1221 mala

143 1238 207 1260 affert
226 1238 268 1260 133
287 1238 299 1259 3

189 1277 343 1299 ΡιιοΜμτιτυῡο
359 1289 390 1293 -
413 1277 506 1304 Propter
524 1276 605 1304 Sponsi
628 1282 706 1304 prom-

142 1315 280 1344 ptitudinem
297 1315 390 1338 sollicite
406 1315 550 1343 vigilandum
570 1315 596 1338 14
614 1316 634 1337 6.
649 1315 678 1337 15
691 1316 703 1337 8

191 1354 319 1376 Puoraeus
345 1367 374 1370 -
398 1354 508 1377 excellunt
525 1354 659 1377 credulitate
683 1357 705 1376 et

143 1393 252 1416 fidelitate
269 1393 395 1415 certissima
412 1394 441 1415 62
462 1394 487 1415 18
506 1406 532 1409 -
546 1394 632 1416 Sumus
648 1393 703 1416 socii

142 1432 308 1460 Prophetarum
326 1438 367 1460 per
384 1432 535 1455 humilitatem
547 1435 569 1455 et
586 1433 638 1455 fidei
650 1439 705 1455 con-

142 1471 260 1493 fidentiam
278 1471 302 1493 5l
329 1471 354 1493 17
367 1483 398 1488 --
410 1472 445 1494 usi
462 1474 514 1494 sunt
530 1477 597 1494 sacco
615 1472 704 1494 cilicino

144 1509 188 1532 405
206 1509 235 1532 24

189 1549 325 1575 Paormouus
336 1561 366 1566 —
377 1549 521 1572 inordinatus
532 1555 598 1572 amor
613 1550 705 1578 propin-

142 1594 242 1616 quorum
260 1588 440 1616 exstinguendus
456 1591 490 1611 est
507 1589 551 1610 200
569 1588 599 1610 77

189 1627 325 1650 Paorosnuu
342 1639 373 1644 —
389 1633 463 1650 novae
485 1627 558 1654 vitae,
583 1628 702 1656 quomodo

143 1666 252 1688 excitetur
270 1666 292 1688 in
309 1666 383 1688 anima
402 1666 431 1688 37
449 1667 485 1688 22.
504 1667 532 1688 88
554 1667 559 1688 1
586 1679 615 1682 -
641 1667 704 1689 Novo

143 1704 237 1727 vivendi
254 1705 373 1733 proposito
391 1705 466 1727 anima
478 1711 490 1727 a
503 1705 550 1727 Deo
562 1705 642 1733 spiritu
656 1712 704 1733 gra-

143 1743 187 1765 tiae
205 1744 339 1766 secundatur
357 1744 385 1766 89
405 1745 412 1766 1
442 1757 472 1760 -
490 1743 576 1766 bonum
602 1745 704 1772 exsurgit

142 1788 155 1804 e
172 1782 250 1805 radice
266 1782 341 1805 bonae
358 1783 500 1811 cogitationis
517 1784 557 1805 198
570 1783 599 1805 69
613 1795 642 1800 -
655 1784 705 1806 Tri-

142 1821 193 1849 plex
203 1824 237 1844 est
247 1822 376 1850 proprietas
388 1821 443 1844 boni
454 1822 566 1850 propositi
578 1821 639 1850 ibid„
652 1829 703 1851 sqq.

142 1872 173 1877 —
189 1861 339 1883 inconstantia
365 1861 386 1882 in
412 1861 531 1889 proposito
556 1864 590 1884 est
611 1861 703 1884 vitanda

147 1899 183 1922 141
206 1900 219 1922 8
236 1912 268 1916 -
293 1900 379 1922 Pravae
395 1900 556 1928 suggestiones
578 1901 705 1923 corrodunt

143 1938 230 1961 bonum
248 1939 394 1967 propositum
423 1939 464 1960 l99
487 1939 516 1961 76
539 1951 569 1956 -
593 1940 703 1962 Remedia

143 1980 221 2000 contra
239 1978 280 2000 has
296 1978 457 2006 suggestiones
474 1979 518 2000 200
536 1978 572 2000 76.
590 1985 642 2008 sqq.

190 2017 326 2039 Pnorntens
350 2029 381 2033 —
405 2017 453 2039 sine
470 2018 547 2040 animo
571 2018 704 2046 acquirendi

143 2055 231 2084 acquiri
248 2062 292 2078 non
311 2059 385 2084 potest
402 2056 446 2078 313
464 2056 478 2078 9
494 2068 526 2072 -
546 2057 578 2078 rei
596 2063 638 2084 per
655 2063 705 2084 pro-

143 2094 218 2122 priam
236 2100 344 2122 manum,
362 2095 397 2117 vel
409 2101 451 2123 per
461 2095 559 2117 alienam
572 2096 644 2123 recipi
657 2099 705 2124 pot-

143 2136 177 2156 est
194 2133 239 2156 314
257 2134 285 2155 12
310 2146 341 2150 -
361 2134 525 2161 Appropriatio
541 2135 661 2157 descendit
678 2141 704 2157 cx

142 2175 237 2200 peccato
254 2172 382 2200 primorum
395 2176 514 2200 parentum
527 2173 572 2195 295
585 2173 598 2195 3
609 2186 640 2190 -
652 2174 705 2196 Pro-

144 2211 191 2239 pria
209 2211 269 2233 licite
285 2211 432 2239 possidentur
448 2211 501 2234 ibid.
518 2224 549 2229 —·
565 2213 704 2240 Appropria-

143 2250 174 2272 tto
191 2256 236 2272 non
253 2253 287 2272 est
303 2250 382 2277 culpa,
399 2250 439 2272 sed
451 2251 541 2273 occasio
557 2251 638 2279 culpae
650 2251 703 2274 ibid.

144 2301 173 2304 —
198 2289 338 2316 Proprietate
354 2295 430 2311 rerum
448 2290 494 2311 vita
519 2290 650 2312 mortalium
667 2296 704 2312 ca-

141 2333 192 2350 rere
205 2330 279 2355 potest
296 2328 340 2350 312
359 2328 372 2350 5
385 2341 414 2344 -
427 2328 582 2350 Possessiones
604 2331 704 2351 terrenas

141 2370 254 2395 quantum
272 2367 301 2389 ad
319 2367 447 2389 dominium
459 2370 481 2389 et
492 2367 656 2395 proprietatem
669 2374 704 2390 re-

140 2405 244 2434 linquere
262 2408 295 2428 est
316 2405 462 2433 evangelicae
487 2406 633 2433 perfectionis
658 2405 704 2429 254

140 2443 155 2451 ,.

145 2452 163 2466 ι.
181 2444 225 2466 273
244 2444 257 2466 3
274 2456 304 2461 -
322 2444 414 2472 Propria
436 2444 511 2472 potius
536 2445 702 2467 contemnenda

191 2715 361 2743 Quinnmzsmi
388 2729 418 2732 —
447 2716 528 2738 hiemis
553 2717 650 2739 retertur
673 2717 703 2739 ad

141 2756 236 2781 peccata
254 2755 374 2782 praeterita
386 2755 507 2783 expianda,
519 2755 701 2784 Quadragesima

141 2793 204 2815 veris
221 2793 250 2815 ad
277 2794 353 2816 futura
379 2794 539 2822 praecavenda
566 2794 610 2816 409
635 2794 649 2816 7
671 2807 700 2811 —

239 3032 265 3056 S.
277 3033 366 3056 Bonav.
378 3045 408 3050 —
420 3034 488 3056 Tom.
500 3034 555 3056 Vttt.

831 225 929 253 INDEX
951 224 1195 253 ALPHABETICUS.

737 305 790 324 sunt
806 308 875 331 quam
894 303 1025 325 communia
1043 302 1088 324 295
1106 302 1118 324 3
1140 314 1170 319 -
1194 308 1241 324 11011
1266 304 1299 324 est

737 341 784 363 sola
797 348 866 364 causa
878 341 1030 364 abdicationis
1042 341 1201 369 temporalium
1220 341 1249 363 ad
1262 346 1298 362 ex-

738 381 875 404 cludendam
892 381 1041 408 cupiditatem
1059 380 1104 402 294
1122 381 1143 402 2.
1170 379 1215 402 295
1232 380 1245 402 3
1269 392 1298 396 —

738 419 840 442 Abiectio
858 419 1009 448 possessionis
1026 419 1191 447 proprietariae
1209 425 1253 441 non
1266 421 1299 441 est

739 459 768 481 de
785 459 930 485 necessitate,
947 458 987 481 sed
1013 458 1042 480 de
1062 458 1206 485 congruitate
1228 460 1300 480 status

739 498 849 520 clericalis
866 497 910 519 279
924 498 952 519 22
965 510 994 513 -
1006 497 1063 520 Nihil
1075 497 1197 525 proprium
1215 496 1300 518 habere

737 539 771 559 est
792 536 938 564 perfectionis
961 536 983 558 in
1008 536 1165 558 ecclesiasticis
1182 536 1299 564 personis,

739 575 836 597 maxime
853 574 980 597 coenobitis
997 574 1042 597 284
1059 575 1088 597 37
1107 587 1136 590 -
1158 574 1300 597 Constitutio-

737 620 778 636 nes
795 614 823 636 de
841 614 998 642 proprietariis
1015 613 1058 636 457
1077 613 1092 636 b

786 653 925 675 Paoratoauu
943 665 972 668 —-
989 653 1115 675 differentia
1132 653 1154 675 in
1168 653 1215 675 Deo
1228 653 1256 674 ’16
1271 653 1294 674 11

785 693 896 714 Pnosmzm
915 704 944 707 —
961 692 984 714 ln
996 692 1114 719 prosperis
1125 692 1193 714 latent
1205 691 1300 714 insidiae

737 730 822 752 inimici
845 731 885 752 198
902 730 916 752 7
934 743 964 747 -
981 730 1043 753 Multi
1061 731 1133 753 Deum
1151 731 1230 753 nolunt
1252 731 1300 752 imi-

738 769 778 791 tari
796 769 818 791 in
837 769 953 797 prosperis
970 769 999 791 55
1021 770 1045 791 12

786 808 935 830 rxoviomm
954 820 981 824 —
1001 808 1094 836 Propter
1111 809 1232 830 caelestem
1250 814 1300 836 pro-

737 847 862 869 videntiam
876 847 951 869 omnis
968 850 1057 869 terrena
1075 847 1204 869 sollicitudo
1222 848 1301 869 exstir-

738 886 812 913 panda
830 889 864 908 est
881 885 925 908 412
944 886 956 907 3
979 898 1009 902 -
1027 886 1067 908 Dei
1092 886 1182 908 animali
1200 886 1299 908 cuicum·

738 931 783 954 que
799 924 876 947 cibum
894 925 1068 947 convenientem
1087 928 1195 953 procurat
1213 925 1256 947 103
1271 926 1299 947 13

738 976 768 980 -
790 963 896 991 providet
920 963 1031 986 Ecclesiae
1048 964 1077 986 (le
1093 964 1232 986 nutrimento
1249 970 1300 986 con-

738 1003 838 1025 venienti
855 1002 910 1025 ibid.

786 1042 896 1064 Paoxtuus
922 1054 953 1057 —
984 1042 1115 1070 diligendus
1142 1044 1177 1064 est
1206 1044 1301 1070 propter

740 1081 811 1103 Deum
834 1082 859 1103 10
882 1082 894 1102 8
917 1093 948 1098 ——
972 1081 1095 1110 Quomodo
1121 1081 1247 1104 exercenda
1272 1081 1300 1103 sit

739 1120 821 1142 caritas
837 1120 866 1142 ad
884 1120 1015 1148 proximum
1035 1121 1078 1142 130
1101 1121 1133 1142 10,
1152 1120 1197 1142 495
1214 1126 1266 1142 3-
1278 1121 1300 1142 111

738 1159 825 1182 cunctis
842 1159 974 1181 hominibus
991 1159 1068 1187 imago
1086 1162 1108 1181 et
1125 1159 1249 1182 similitudo
1262 1160 1300 1181 Dei

738 1198 905 1221 consideranda
923 1201 957 1221 est
975 1198 1020 1221 495
1037 1204 1049 1220 3
1066 1210 1097 1215 -
1115 1198 1219 1221 Proximo
1240 1204 1301 1221 com-

739 1237 895 1260 miserandum
917 1237 941 1259 16
961 1237 989 1259 10
1006 1250 1037 1254 -
1062 1237 1155 1260 Dilectio
1172 1243 1228 1265 erga
1250 1244 1301 1265 pro·

738 1276 825 1298 ximum
843 1275 952 1304 operibus
969 1276 1141 1299 misericordiae
1157 1277 1301 1299 demonstra-

738 1318 774 1338 tur
792 1315 836 1338 214
857 1316 898 1337 116
924 1328 954 1331 -
980 1316 1051 1338 Amor
1067 1316 1165 1344 proximi
1186 1316 1301 1338 desiderat

738 1355 787 1377 eius
804 1355 955 1382 temporalem
977 1356 1110 1383 sospitatem
1136 1357 1158 1377 et
1183 1357 1299 1377 aeternam

738 1394 834 1416 salutem
854 1394 897 1415 133
916 1393 929 1415 5
945 1406 976 1410 —
994 1394 1035 1416 Pro
1053 1394 1125 1415 salute
1142 1394 1299 1421 proximorum

738 1433 796 1455 mori
814 1435 848 1455 est
864 1433 978 1460 perfectae
994 1433 1093 1455 caritatis
1105 1433 1118 1454 9
1137 1433 1149 1454 8
1165 1446 1192 1448 -
1205 1433 1300 1455 Dei-otio

738 1472 856 1499 proximos
873 1471 971 1494 maxime
989 1472 1094 1494 aedificat
1115 1472 1155 1494 148
1174 1473 1187 1494 2
1204 1484 1235 1488 -
1257 1472 1301 1494 Pax

738 1514 772 1533 est
788 1511 861 1533 virtus
878 1511 986 1533 ordinans
1003 1511 1024 1532 111
1043 1511 1174 1539 proximum
1188 1510 1232 1533 440
1244 1511 1257 1532 9
1270 1523 1300 1526 —

739 1549 831 1577 Septem
850 1550 925 1572 modis
943 1550 985 1578 ipsi
1003 1551 1114 1572 honorem
1139 1549 1246 1572 exhibere
1263 1549 1301 1572 de·

738 1588 821 1611 bemus
839 1589 878 1611 371
900 1595 912 1611 3
929 1601 959 1605 —
972 1589 1049 1611 Honor
1067 1589 1226 1611 tantummodo
1244 1592 1301 1611 exte-

738 1628 784 1650 rior
809 1633 853 1650 uon
878 1628 962 1650 sufficit
986 1627 1040 1650 ibid.
1064 1640 1095 1644 —
1123 1627 1301 1650 Constitutiones

739 1667 816 1695 quoad
835 1669 927 1695 peccata
944 1670 1023 1689 contra
1040 1667 1171 1695 proximum
1190 1667 1234 1689 457
1247 1666 1261 1689 1)

785 1707 908 1728 Ρηυυεκτυι
926 1718 956 1723 -
974 1706 1110 1728 Prudentiae
1121 1709 1154 1728 est
1166 1707 1253 1729 cautela
1270 1708 1300 1728 tu-

738 1748 841 1767 turorum
860 1746 904 1767 290
921 1745 948 1767 13
960 1757 991 1761 -
1003 1747 1037 1767 est
1048 1745 1156 1773 magistra
1169 1745 1300 1768 directionis

739 1784 760 1806 111
778 1784 814 1806 via
833 1784 910 1807 salutis
926 1784 970 1806 256
990 1784 1018 1806 16

785 1835 815 1839 ·—
832 1823 960 1845 necessario
977 1826 1011 1845 est
1027 1829 1112 1846 annexa
1131 1823 1239 1846 omnibus
1256 1824 1300 1846 vir-

738 1862 825 1884 tutibus
842 1862 887 1884 256
909 1862 933 1884 17
951 1875 981 1878 -
998 1862 1027 1884 de
1053 1864 1154 1890 perfecto
1179 1869 1225 1885 non
1249 1864 1300 1886 tacit

738 1901 899 1929 imperfectum
917 1900 969 1924 ibid.
982 1914 1012 1917 —
1025 1902 1073 1924 Non
1091 1908 1159 1924 omne
1176 1908 1235 1930 opus
1247 1908 1299 1930 pru·

739 1940 829 1962 dentiae
851 1943 884 1962 est
909 1941 1036 1968 perfectum
1063 1939 1116 1963 ibid.
1133 1953 1164 1957 —
1181 1941 1255 1970 qualis
1271 1941 1300 1964 sit

738 1979 870 2001 adhibenda
898 1979 920 2002 in
948 1979 1088 2002 correctione
1115 1979 1298 2009 delinquentium

743 2018 783 2040 144
802 2019 823 2040 8.
841 2025 892 2047 sqq.
913 2031 944 2035 —
970 2019 1105 2041 Prudentiae
1122 2019 1196 2042 carnis
1214 2020 1300 2047 praese-

738 2057 809 2080 renda
834 2060 868 2080 est
892 2064 947 2080 crux
972 2057 1055 2080 Christi
1077 2058 1106 2080 69
1124 2058 1138 2080 5
1154 2070 1186 2075 -
1206 2057 1261 2081 Vide
1279 2064 1299 2081 υ.

741 2096 860 2119 Βὶεσνείἱα
878 2109 909 2113 -
926 2097 1022 2125 Quando
1043 2097 1203 2124 prudentiores
1220 2103 1299 2120 consu-

738 2135 799 2157 lendi
815 2135 860 2157 sint
881 2135 922 2157 147
940 2136 969 2157 20

785 2174 923 2197 PsAtretuuu
948 2186 978 2191 -
1004 2175 1103 2197 Ecclesia
1129 2176 1231 2197 Romana
1256 2176 1299 2198 3113

739 2213 808 2235 utitur
825 2213 973 2235 translatione
989 2214 1102 2241 psalterii,
1114 2220 1185 2242 quatu
1198 2220 1299 2236 commu-

737 2251 796 2274 niter
813 2251 924 2274 habeatur
943 2252 986 2274 407
1005 2254 1018 2274 2

785 2291 895 2313 PumcrrtA
912 2303 943 2308 —
959 2291 1025 2314 Aliud
1043 2295 1076 2314 est
1092 2292 1197 2315 medium
1214 2293 1300 2320 pudici-

738 2329 781 2351 tiae
798 2329 936 2357 coniugalis,
948 2330 1010 2352 aliud
1022 2331 1185 2353 sanctimoniae
1200 2331 1300 2359 virgina-

737 2368 764 2389 lis
776 2368 820 2389 322
834 2368 861 2389 18
877 2381 907 2384 -
920 2371 1069 2391 conservatur
1080 2369 1215 2391 abstinentia
1228 2370 1272 2392 260
1286 2370 1299 2392 9

786 2407 859 2429 Puooa
876 2420 906 2423 —
923 2407 995 2430 oritur
1012 2414 1038 2430 ex
1064 2408 1209 2436 intelligentia
1228 2409 1299 2431 malo-

737 2451 789 2468 rum
806 2446 960 2473 praesentium
979 2447 992 2467 8
1010 2447 1023 2468 2
1049 2459 1079 2463 -
1103 2449 1136 2469 est
1153 2447 1182 2469 de
1207 2447 1298 2470 miseria

1001 2578 1044 2635 Q

735 2717 758 2739 S.
774 2717 907 2740 Franciscus
924 2718 1040 2741 Fratribus
1062 2719 1109 2741 suis
1132 2719 1220 2741 tertiam
1238 2719 1295 2748 Qua—

736 2755 889 2784 dragesimam
916 2757 986 2780 suasit
1011 2757 1064 2780 ibid.
1092 2771 1120 2774 —
1139 2758 1294 2786 Quadraginta

735 2795 784 2818 dies
802 2801 910 2823 magnum
928 2796 1049 2824 designant
1066 2797 1200 2825 mysterium
1220 2797 1248 2819 82
1266 2796 1295 2819 37

1836 223 1892 252 737

1598 263 1645 291 Qui

1333 305 1428 329 propter
1444 301 1596 330 opprobrium
1609 302 1658 324 sive
1676 301 1821 324 inhonestum
1839 301 1892 324 ibid.

1334 341 1357 362 11
1384 342 1408 363 12
1426 354 1456 357 -
1473 344 1507 363 est
1523 341 1547 363 in
1563 341 1721 363 recordatione
1733 340 1811 368 flagitii
1830 341 1858 363 12
1871 342 1893 363 2.

1335 380 1363 402 15
1381 381 1393 402 8
1411 393 1441 396 —
1459 381 1539 408 flagitii
1555 381 1617 403 ducit
1642 381 1671 403 ad
1695 381 1800 403 timorem
1821 380 1893 403 divini

1334 419 1410 442 iudicii
1429 420 1456 441 12
1475 421 1488 442 2

1380 459 1447 481 Pueat
1463 471 1494 475 —
1512 458 1630 487 baptizati,
1647 465 1694 488 quo
1707 459 1776 481 modo
1789 458 1842 481 boni
1859 459 1893 481 di-

1332 500 1413 520 cantur
1435 498 1475 520 133
1493 499 1506 520 2
1524 510 1554 515 -
1572 498 1697 520 Puerorum
1721 497 1837 520 mentibus
1855 499 1895 520 sre-

1333 539 1429 565 quenter
1446 536 1606 559 inculcandum
1630 540 1663 559 est
1680 537 1815 565 martyrium
1833 537 1895 559 Inno-

1333 576 1404 598 centis
1430 576 1478 598 lesu
1508 576 1549 597 183
1569 577 1576 597 1
1598 589 1629 592 -
1646 578 1723 604 patres
1748 576 1894 598 affectuosius

1333 617 1425 637 orantes
1450 615 1512 642 ipsos
1538 618 1633 643 paterno
1658 615 1750 638 nomine
1778 615 1893 644 appellare

1333 654 1406 676 solent
1424 654 1468 676 173
1490 655 1494 675 l
1517 654 1585 676 —in
1603 654 1693 677 camino
1719 654 1778 682 ignis
1800 654 1894 677 caelitus

1334 692 1426 715 irrorari
1443 696 1576 715 meruerunt
1593 693 1637 715 326
1655 694 1684 715 29

1380 732 1453 754 ΡυῦΝΑ
1470 744 1501 747 -
1518 732 1540 754 111
1558 738 1635 760 pugna
1660 732 1742 754 Christi
1759 732 1835 760 agitur
1851 737 1893 760 pro

1333 770 1467 793 declinanda
1485 773 1558 793 morte
1575 771 1703 793 animarum
1721 771 1766 793 257
1784 771 1813 793 20
1831 771 1895 793 —ln

1333 809 1383 837 ipsa
1400 815 1446 831 non
1462 813 1496 832 est
1518 810 1647 832 timendum
1670 809 1723 832 ibid.
1745 822 1776 826 —
1792 809 1895 832 Christus

1333 848 1396 870 dedit
1412 849 1544 876 exemplum
1562 849 1680 877 pugnandi
1698 851 1775 871 contra
1793 849 1894 871 tentatio-

1333 893 1375 909 nes
1392 888 1436 909 269
1458 888 1479 909 11

1380 927 1517 949 Potcmwno
1533 940 1562 943 —
1580 930 1614 949 est
1631 927 1755 956 aequalitas
1771 933 1894 949 numerosa

1335 965 1363 986 17
1382 965 1410 987 12
1427 977 1458 982 -
1475 965 1561 988 Videre
1578 966 1656 993 pulcra
1674 965 1789 993 appetitur
1811 972 1823 988 a
1840 972 1893 988 con-

1334 1004 1474 1031 cupiscentia
1499 1005 1636 1027 curiositatis
1654 1004 1666 1026 4
1689 1005 1702 1027 5
1727 1016 1758 1020 —-
1783 1004 1893 1027 mirabilis

1333 1045 1368 1065 est
1384 1043 1405 1065 in
1424 1043 1469 1065 Deo
1493 1043 1521 1065 117
1541 1043 1568 1065 12
1585 1055 1616 1060 —
1633 1043 1747 1066 Creatoris
1771 1043 1895 1071 superemi-

1334 1084 1372 1104 net
1396 1081 1605 1110 incomparabiliter
1630 1082 1740 1105 creaturis
1763 1083 1791 1105 33
1813 1083 1846 1104 12.
1864 1083 1893 1104 66

1334 1121 1364 1143 27
1380 1133 1412 1138 -
1428 1120 1594 1149 Contemplatio
1606 1122 1767 1149 pulcritudinis
1783 1121 1895 1144 Creatoris

1335 1160 1387 1182 tacit
1411 1161 1530 1188 despicere
1555 1167 1648 1183 omnem
1673 1161 1740 1183 aliam
1764 1161 1792 1182 66
1818 1161 1847 1183 27
1864 1173 1895 1177 -

1334 1199 1496 1227 appropriatur
1513 1200 1567 1222 Filio
1584 1203 1678 1228 propter
1696 1200 1814 1222 veritatem
1827 1202 1849 1222 et
1860 1206 1894 1222 sa-

1335 1239 1444 1266 pientiam
1470 1238 1498 1260 17
1522 1239 1550 1261 12
1570 1251 1601 1255 -
1623 1239 1718 1267 Propter
1741 1239 1823 1266 Sponsi
1846 1239 1894 1266 pul-

1334 1277 1470 1300 critudinem
1489 1278 1680 1306 complacendum
1699 1277 1728 1300 14
1746 1278 1767 1300 6.
1789 1278 1814 1300 15
1833 1278 1845 1299 8

1381 1317 1460 1339 Patws
1476 1329 1506 1334 —
1523 1317 1566 1345 Qui
1584 1317 1704 1345 pulverem
1721 1317 1819 1345 detergit
1844 1317 1893 1345 ipse

1334 1355 1476 1384 respergitur
1495 1355 1539 1378 1146
1558 1357 1585 1378 16

1381 1395 1462 1417 rumne
1477 1407 1508 1412 —
1526 1395 1647 1423 Quomodo
1665 1395 1775 1423 puniendi
1787 1395 1831 1417 sint
1843 1395 1895 1417 mali

1334 1436 1355 1456 et
1373 1436 1505 1462 peccatores
1526 1434 1567 1456 135
1589 1435 1614 1457 15

1381 1473 1490 1496 Punoxrto
1508 1485 1538 1489 —
1555 1476 1588 1496 est
1606 1476 1670 1495 actus
1687 1473 1828 1496 hierarchiae
1844 1479 1894 1495 cae-

1333 1512 1395 1534 lestis
1419 1512 1463 1534 260
1491 1512 1519 1534 14
1541 1524 1572 1528 -
1590 1512 1717 1534 necessaria
1743 1515 1776 1534 est
1800 1514 1894 1540 propter

1334 1554 1454 1579 peccatum
1479 1551 1507 1573 15
1531 1552 1543 1573 9
1562 1564 1592 1567 —
1609 1553 1632 1574 lu
1649 1554 1754 1579 tempore
1775 1553 1844 1574 homo
1869 1557 1893 1574 se

1334 1596 1435 1618 purgare
1453 1590 1522 1613 debet
1538 1590 1567 1613 ab
1589 1592 1651 1613 omni
1678 1590 1826 1619 negligentia,
1843 1596 1894 1613 con-

1334 1630 1486 1657 cupiscentia,
1509 1630 1609 1658 nequitia
1627 1630 1640 1651 5
1657 1630 1671 1652 7
1690 1643 1718 1645 —
1735 1629 1825 1652 Gradus
1842 1636 1894 1657 put·-

1334 1669 1432 1696 gationis
1451 1669 1478 1690 12
1497 1670 1518 1691 2.
1538 1669 1566 1691 15
1583 1670 1596 1690 8
1613 1682 1643 1684 -
1661 1669 1683 1691 111
1707 1669 1844 1697 purgatione
1861 1671 1894 1691 est

1333 1707 1438 1730 contritio
1456 1708 1562 1730 dolorosa
1580 1710 1685 1736 respectu
1703 1708 1746 1734 sui,
1763 1708 1893 1735 compassio

1335 1747 1442 1769 timorosa
1470 1749 1575 1775 respectu
1604 1746 1697 1774 Christi,
1725 1747 1894 1769 commiseratio

1334 1786 1461 1808 clamorosa
1479 1788 1584 1814 respectu
1602 1786 1699 1814 proximi
1721 1786 1746 1808 16
1765 1787 1793 1808 10
1805 1798 1835 1802 -
1853 1785 1894 1808 Via

1334 1824 1455 1852 purgativa
1475 1825 1554 1853 incipit
1571 1831 1583 1847 a
1601 1825 1693 1847 stimulo
1710 1824 1863 1847 conscientiae
1880 1825 1893 1846 3

1334 1864 1356 1885 2.
1373 1863 1387 1885 5
1404 1864 1417 1886 9
1435 1877 1465 1879 -
1483 1864 1525 1886 Via
1548 1864 1671 1892 purgativa
1696 1864 1797 1886 consistit
1820 1864 1842 1885 in
1860 1870 1894 1886 ex-

1334 1903 1437 1930 pulsione
1459 1903 1546 1931 peccati
1571 1904 1599 1925 12
1618 1904 1626 1925 ·1
1647 1915 1678 1919 -
1695 1903 1719 1925 fit
1742 1909 1784 1931 per
1809 1903 1894 1931 passio-

1333 1948 1386 1964 nem
1403 1942 1573 1965 tribulationum
1593 1943 1621 1965 83
1640 1942 1667 1964 40
1685 1954 1716 1959 —-
1732 1942 1766 1964 Ad
1779 1942 1894 1970 purgatio-

1333 1987 1384 2003 uem
1402 1982 1535 2009 pervenitur
1560 1988 1601 2009 per
1625 1981 1736 2004 ieiunium
1754 1981 1798 2003 270
1818 1981 1846 2003 14
1865 1993 1893 1996 —

1333 2020 1395 2042 Mens
1412 2023 1524 2048 purgatur
1541 2027 1583 2048 per
1600 2021 1742 2043 sanctitatem
1760 2020 1800 2042 271
1823 2020 1851 2042 20
1863 2032 1894 2036 -

1336 2059 1375 2081 Via
1400 2059 1523 2087 purgativa
1549 2062 1667 2082 exercetur
1692 2060 1714 2081 in
1737 2059 1827 2086 dolore,
1852 2059 1893 2081 sed

1333 2101 1506 2121 consummatur
1522 2098 1543 2120 in
1562 2105 1641 2121 amore
1659 2099 1671 2120 6
1685 2099 1698 2120 9
1712 2111 1739 2114 —
1752 2098 1894 2126 Purgationis

1333 2137 1445 2160 terminus
1461 2141 1495 2160 est
1513 2137 1535 2159 in
1554 2138 1642 2160 interna
1660 2138 1743 2160 laetitia
1761 2138 1773 2159 5
1791 2138 1804 2159 9
1822 2149 1853 2154 —
1869 2138 1891 2159 ln

1333 2176 1439 2198 exercitio
1465 2177 1515 2199 viae
1540 2177 1677 2205 purgativae
1694 2176 1780 2199 tamdiu
1802 2180 1835 2199 est
1853 2176 1894 2198 im-

1333 2215 1484 2243 morandum,
1502 2222 1625 2245 quousque
1650 2215 1800 2244 tranquillitas
1824 2218 1846 2237 et
1862 2221 1894 2237 se-

1333 2254 1417 2277 renitas
1434 2255 1573 2283 percipiatur
1589 2254 1643 2277 ibid.
1656 2267 1685 2271 -
1697 2255 1725 2277 ad
1738 2260 1818 2282 pacem
1833 2254 1895 2276 ducit

1334 2294 1347 2315 3
1366 2294 1374 2315 ’1

1380 2333 1482 2355 Puerum
1500 2344 1530 2348 —
1547 2332 1583 2354 bis
1600 2332 1693 2359 tingitur
1712 2332 1755 2354 167
1774 2332 1787 2353 3

1379 2371 1558 2393 Postuminus
1576 2383 1603 2387 -—
1621 2371 1737 2397 aestimat,
1749 2371 1820 2393 Deum
1835 2371 1857 2392 in
1869 2376 1893 2393 se

1333 2408 1479 2437 sperantibus
1507 2416 1547 2432 sua
1575 2409 1685 2432 beneficia
1713 2415 1798 2437 negare
1822 2415 1891 2437 posse

1334 2447 1358 2469 51
1384 2448 1409 2470 19

1375 2719 1477 2747 Quuueus
1488 2731 1519 2736 -—
1531 2719 1599 2747 Apud
1611 2719 1633 2742 S.
1646 2720 1763 2748 Quiricum
1781 2723 1892 2748 apparent

1328 2759 1349 2780 S.
1378 2758 1498 2781 Francisco
1526 2761 1571 2781 tres
1603 2758 1711 2781 mulieres
1738 2758 1891 2786 pauperculae

1327 2797 1372 2819 524
1391 2797 1403 2819 6

1767 3038 1794 3059 93
