<?xml version="1.0" encoding="UTF-8"?>
<!DOCTYPE html PUBLIC "-//W3C//DTD XHTML 1.0 Transitional//EN"
    "http://www.w3.org/TR/xhtml1/DTD/xhtml1-transitional.dtd">
<html xmlns="http://www.w3.org/1999/xhtml" xml:lang="en" lang="en">
 <head>
  <title>
</title>
<meta http-equiv="Content-Type" content="text/html;charset=utf-8" />
  <meta name='ocr-system' content='tesseract 3.04.00' />
  <meta name='ocr-capabilities' content='ocr_page ocr_carea ocr_par ocr_line ocrx_word'/>
</head>
<body>
  <div class='ocr_page' id='page_1' title='image "./doctorisseraphic08bona_0687.png"; bbox 0 0 2133 3317; ppageno 0'>
   <div class='ocr_carea' id='block_1_1' title="bbox 11 0 26 1090">
    <p class='ocr_par' dir='ltr' id='par_1_1' title="bbox 11 0 26 1090">
     <span class='ocr_line' id='line_1_1' title="bbox 11 0 26 1090; baseline 0 0"><span class='ocrx_word' id='word_1_1' title='bbox 11 0 26 1090; x_wconf 95' lang='lat' dir='ltr'> </span> 
     </span>
    </p>
   </div>
   <div class='ocr_carea' id='block_1_2' title="bbox 0 1325 76 1340">
    <p class='ocr_par' dir='ltr' id='par_1_2' title="bbox 0 1325 76 1340">
     <span class='ocr_line' id='line_1_2' title="bbox 0 1325 76 1340; baseline -0.013 0"><span class='ocrx_word' id='word_1_2' title='bbox 0 1331 2 1340; x_wconf 73' lang='lat' dir='ltr'><em>r</em></span> <span class='ocrx_word' id='word_1_3' title='bbox 19 1325 76 1340; x_wconf 67' lang='lat' dir='ltr'>mum.</span> 
     </span>
    </p>
   </div>
   <div class='ocr_carea' id='block_1_3' title="bbox 4 1706 12 1847">
    <p class='ocr_par' dir='ltr' id='par_1_3' title="bbox 4 1706 12 1847">
     <span class='ocr_line' id='line_1_3' title="bbox 4 1706 12 1847; textangle 90"><span class='ocrx_word' id='word_1_4' title='bbox 4 1706 12 1847; x_wconf 40' lang='grc' dir='ltr'>,ο-ῄ-</span> 
     </span>
    </p>
   </div>
   <div class='ocr_carea' id='block_1_4' title="bbox 422 208 1517 246">
    <p class='ocr_par' dir='ltr' id='par_1_4' title="bbox 422 208 1517 246">
     <span class='ocr_line' id='line_1_4' title="bbox 422 208 1517 246; baseline 0.001 -8"><span class='ocrx_word' id='word_1_5' title='bbox 422 209 618 238; x_wconf 84' lang='lat' dir='ltr'>OPUSCULUM</span> <span class='ocrx_word' id='word_1_6' title='bbox 639 209 726 237; x_wconf 89' lang='lat' dir='ltr'>XXIII.</span> <span class='ocrx_word' id='word_1_7' title='bbox 748 208 899 237; x_wconf 74' lang='lat' dir='ltr'>LEGENDA</span> <span class='ocrx_word' id='word_1_8' title='bbox 921 209 1035 237; x_wconf 71' lang='lat' dir='ltr'>SANCTI</span> <span class='ocrx_word' id='word_1_9' title='bbox 1055 209 1230 238; x_wconf 72' lang='lat' dir='ltr'>FRANCISCI.</span> <span class='ocrx_word' id='word_1_10' title='bbox 1252 210 1416 239; x_wconf 76' lang='lat' dir='ltr'>MIRACULA</span> <span class='ocrx_word' id='word_1_11' title='bbox 1437 212 1454 246; x_wconf 53' lang='grc' dir='ltr'>ᾖ</span> <span class='ocrx_word' id='word_1_12' title='bbox 1476 210 1517 239; x_wconf 92' lang='lat' dir='ltr'>IV.</span> 
     </span>
    </p>
   </div>
   <div class='ocr_carea' id='block_1_5' title="bbox 95 286 945 2570">
    <p class='ocr_par' dir='ltr' id='par_1_5' title="bbox 95 286 942 1252">
     <span class='ocr_line' id='line_1_5' title="bbox 97 286 939 325; baseline -0.004 -8"><span class='ocrx_word' id='word_1_13' title='bbox 97 290 303 325; x_wconf 89' lang='lat' dir='ltr'>conquassatus.</span> <span class='ocrx_word' id='word_1_14' title='bbox 326 288 384 324; x_wconf 87' lang='lat' dir='ltr'>lpse</span> <span class='ocrx_word' id='word_1_15' title='bbox 405 295 472 316; x_wconf 88' lang='lat' dir='ltr'>vero</span> <span class='ocrx_word' id='word_1_16' title='bbox 492 289 609 315; x_wconf 88' lang='lat' dir='ltr'>mortem</span> <span class='ocrx_word' id='word_1_17' title='bbox 632 286 681 315; x_wconf 88' lang='lat' dir='ltr'>sibi</span> <span class='ocrx_word' id='word_1_18' title='bbox 704 286 824 315; x_wconf 88' lang='lat' dir='ltr'>sentiens</span> <span class='ocrx_word' id='word_1_19' title='bbox 851 286 939 315; x_wconf 87' lang='lat' dir='ltr'>immi-</span> 
     </span>
     <span class='ocr_line' id='line_1_6' title="bbox 96 333 940 370; baseline -0.004 -6"><span class='ocrx_word' id='word_1_20' title='bbox 96 339 218 368; x_wconf 80' lang='lat' dir='ltr'>nentem,</span> <span class='ocrx_word' id='word_1_21' title='bbox 240 334 279 363; x_wconf 91' lang='lat' dir='ltr'>uti</span> <span class='ocrx_word' id='word_1_22' title='bbox 301 337 361 363; x_wconf 87' lang='lat' dir='ltr'>erat</span> <span class='ocrx_word' id='word_1_23' title='bbox 382 334 424 362; x_wconf 88' lang='lat' dir='ltr'>vir</span> <span class='ocrx_word' id='word_1_24' title='bbox 445 333 533 362; x_wconf 86' lang='lat' dir='ltr'>fidelis</span> <span class='ocrx_word' id='word_1_25' title='bbox 547 336 574 362; x_wconf 87' lang='lat' dir='ltr'>et</span> <span class='ocrx_word' id='word_1_26' title='bbox 588 333 667 370; x_wconf 89' lang='lat' dir='ltr'>pius,</span> <span class='ocrx_word' id='word_1_27' title='bbox 681 341 697 361; x_wconf 87' lang='lat' dir='ltr'>a</span> <span class='ocrx_word' id='word_1_28' title='bbox 711 333 829 370; x_wconf 88' lang='lat' dir='ltr'>quodam</span> <span class='ocrx_word' id='word_1_29' title='bbox 846 334 940 362; x_wconf 81' lang='lat' dir='ltr'>Fratre</span> 
     </span>
     <span class='ocr_line' id='line_1_7' title="bbox 96 379 940 418; baseline -0.004 -7"><span class='ocrx_word' id='word_1_30' title='bbox 96 382 230 411; x_wconf 87' lang='lat' dir='ltr'>Viaticum</span> <span class='ocrx_word' id='word_1_31' title='bbox 251 381 408 418; x_wconf 86' lang='lat' dir='ltr'>postulavit.</span> <span class='ocrx_word' id='word_1_32' title='bbox 435 380 513 417; x_wconf 89' lang='lat' dir='ltr'>Quod</span> <span class='ocrx_word' id='word_1_33' title='bbox 544 381 638 409; x_wconf 79' lang='lat' dir='ltr'>Frater</span> <span class='ocrx_word' id='word_1_34' title='bbox 665 380 710 408; x_wconf 90' lang='lat' dir='ltr'>ille</span> <span class='ocrx_word' id='word_1_35' title='bbox 731 383 787 408; x_wconf 87' lang='lat' dir='ltr'>tam</span> <span class='ocrx_word' id='word_1_36' title='bbox 813 379 940 409; x_wconf 77' lang='lat' dir='ltr'>celeriter</span> 
     </span>
     <span class='ocr_line' id='line_1_8' title="bbox 96 426 939 464; baseline -0.005 -6"><span class='ocrx_word' id='word_1_37' title='bbox 96 430 194 459; x_wconf 86' lang='lat' dir='ltr'>afferre</span> <span class='ocrx_word' id='word_1_38' title='bbox 222 436 275 456; x_wconf 93' lang='lat' dir='ltr'>non</span> <span class='ocrx_word' id='word_1_39' title='bbox 304 428 410 461; x_wconf 82' lang='lat' dir='ltr'>valens,</span> <span class='ocrx_word' id='word_1_40' title='bbox 442 427 508 464; x_wconf 89' lang='lat' dir='ltr'>quia</span> <span class='ocrx_word' id='word_1_41' title='bbox 535 426 604 455; x_wconf 91' lang='lat' dir='ltr'>mori</span> <span class='ocrx_word' id='word_1_42' title='bbox 637 426 729 455; x_wconf 87' lang='lat' dir='ltr'>subito</span> <span class='ocrx_word' id='word_1_43' title='bbox 760 426 939 460; x_wconf 81' lang='lat' dir='ltr'>credebatur,</span> 
     </span>
     <span class='ocr_line' id='line_1_9' title="bbox 95 473 939 512; baseline -0.005 -7"><span class='ocrx_word' id='word_1_44' title='bbox 95 475 166 505; x_wconf 87' lang='lat' dir='ltr'>beati</span> <span class='ocrx_word' id='word_1_45' title='bbox 181 474 323 512; x_wconf 82' lang='lat' dir='ltr'>Augustini</span> <span class='ocrx_word' id='word_1_46' title='bbox 339 474 455 503; x_wconf 90' lang='lat' dir='ltr'>verbum</span> <span class='ocrx_word' id='word_1_47' title='bbox 472 474 481 490; x_wconf 93' lang='lat'>¹</span> <span class='ocrx_word' id='word_1_48' title='bbox 497 473 628 510; x_wconf 86' lang='lat' dir='ltr'>protulit,</span> <span class='ocrx_word' id='word_1_49' title='bbox 643 473 736 502; x_wconf 89' lang='lat' dir='ltr'>dicens</span> <span class='ocrx_word' id='word_1_50' title='bbox 755 473 796 502; x_wconf 92' lang='lat' dir='ltr'>ei:</span> <span class='ocrx_word' id='word_1_51' title='bbox 817 485 830 498; x_wconf 85' lang='lat'>«</span> <span class='ocrx_word' id='word_1_52' title='bbox 844 473 939 507; x_wconf 83' lang='lat' dir='ltr'>Crede,</span> 
     </span>
     <span class='ocr_line' id='line_1_10' title="bbox 95 520 940 558; baseline -0.004 -7"><span class='ocrx_word' id='word_1_53' title='bbox 95 526 122 552; x_wconf 85' lang='lat' dir='ltr'>et</span> <span class='ocrx_word' id='word_1_54' title='bbox 142 521 354 550; x_wconf 82' lang='lat' dir='ltr'>manducasti».</span> <span class='ocrx_word' id='word_1_55' title='bbox 376 520 505 558; x_wconf 82' lang='lat' dir='ltr'>Sequenti</span> <span class='ocrx_word' id='word_1_56' title='bbox 528 528 595 549; x_wconf 87' lang='lat' dir='ltr'>vero</span> <span class='ocrx_word' id='word_1_57' title='bbox 626 524 705 549; x_wconf 90' lang='lat' dir='ltr'>nocte</span> <span class='ocrx_word' id='word_1_58' title='bbox 730 520 827 549; x_wconf 88' lang='lat' dir='ltr'>beatus</span> <span class='ocrx_word' id='word_1_59' title='bbox 857 521 940 548; x_wconf 87' lang='lat' dir='ltr'>Fran-</span> 
     </span>
     <span class='ocr_line' id='line_1_11' title="bbox 96 567 940 604; baseline -0.004 -6"><span class='ocrx_word' id='word_1_60' title='bbox 96 570 185 599; x_wconf 91' lang='lat' dir='ltr'>ciscus</span> <span class='ocrx_word' id='word_1_61' title='bbox 205 576 268 597; x_wconf 91' lang='lat' dir='ltr'>cum</span> <span class='ocrx_word' id='word_1_62' title='bbox 289 567 416 596; x_wconf 83' lang='lat' dir='ltr'>undecim</span> <span class='ocrx_word' id='word_1_63' title='bbox 438 567 582 596; x_wconf 81' lang='lat' dir='ltr'>Fratribus</span> <span class='ocrx_word' id='word_1_64' title='bbox 603 567 641 596; x_wconf 94' lang='lat' dir='ltr'>illi</span> <span class='ocrx_word' id='word_1_65' title='bbox 662 567 806 604; x_wconf 88' lang='lat' dir='ltr'>apparuit,</span> <span class='ocrx_word' id='word_1_66' title='bbox 828 570 855 595; x_wconf 91' lang='lat' dir='ltr'>et</span> <span class='ocrx_word' id='word_1_67' title='bbox 869 567 940 595; x_wconf 90' lang='lat' dir='ltr'>inter</span> 
     </span>
     <span class='ocr_line' id='line_1_12' title="bbox 95 613 942 652; baseline -0.004 -7"><span class='ocrx_word' id='word_1_68' title='bbox 95 616 182 646; x_wconf 87' lang='lat' dir='ltr'>ubera</span> <span class='ocrx_word' id='word_1_69' title='bbox 202 618 316 652; x_wconf 86' lang='lat' dir='ltr'>portans</span> <span class='ocrx_word' id='word_1_70' title='bbox 340 615 517 651; x_wconf 78' lang='lat' dir='ltr'>agniculum,</span> <span class='ocrx_word' id='word_1_71' title='bbox 549 614 583 643; x_wconf 87' lang='lat' dir='ltr'>ad</span> <span class='ocrx_word' id='word_1_72' title='bbox 614 614 714 643; x_wconf 89' lang='lat' dir='ltr'>lectum</span> <span class='ocrx_word' id='word_1_73' title='bbox 740 614 800 642; x_wconf 87' lang='lat' dir='ltr'>eius</span> <span class='ocrx_word' id='word_1_74' title='bbox 826 613 942 642; x_wconf 86' lang='lat' dir='ltr'>accessit</span> 
     </span>
     <span class='ocr_line' id='line_1_13' title="bbox 96 660 940 698; baseline -0.004 -7"><span class='ocrx_word' id='word_1_75' title='bbox 96 661 258 698; x_wconf 85' lang='lat' dir='ltr'>vocavitque</span> <span class='ocrx_word' id='word_1_76' title='bbox 279 661 356 689; x_wconf 90' lang='lat' dir='ltr'>illum</span> <span class='ocrx_word' id='word_1_77' title='bbox 372 669 408 690; x_wconf 80' lang='lat' dir='ltr'>ex</span> <span class='ocrx_word' id='word_1_78' title='bbox 424 661 548 694; x_wconf 86' lang='lat' dir='ltr'>nomine,</span> <span class='ocrx_word' id='word_1_79' title='bbox 563 661 671 689; x_wconf 88' lang='lat' dir='ltr'>dicens:</span> <span class='ocrx_word' id='word_1_80' title='bbox 698 672 711 685; x_wconf 87' lang='lat'>«</span> <span class='ocrx_word' id='word_1_81' title='bbox 724 660 940 694; x_wconf 85' lang='lat' dir='ltr'>Bartholomaee‚</span> 
     </span>
     <span class='ocr_line' id='line_1_14' title="bbox 95 707 940 745; baseline -0.004 -7"><span class='ocrx_word' id='word_1_82' title='bbox 95 709 150 738; x_wconf 89' lang='lat' dir='ltr'>noli</span> <span class='ocrx_word' id='word_1_83' title='bbox 172 709 284 742; x_wconf 87' lang='lat' dir='ltr'>timere,</span> <span class='ocrx_word' id='word_1_84' title='bbox 306 708 372 745; x_wconf 87' lang='lat' dir='ltr'>quia</span> <span class='ocrx_word' id='word_1_85' title='bbox 392 716 446 736; x_wconf 93' lang='lat' dir='ltr'>non</span> <span class='ocrx_word' id='word_1_86' title='bbox 468 708 638 745; x_wconf 75' lang='lat' dir='ltr'>praevalebit</span> <span class='ocrx_word' id='word_1_87' title='bbox 658 708 807 736; x_wconf 88' lang='lat' dir='ltr'>adversum</span> <span class='ocrx_word' id='word_1_88' title='bbox 835 710 861 736; x_wconf 90' lang='lat' dir='ltr'>te</span> <span class='ocrx_word' id='word_1_89' title='bbox 890 707 940 735; x_wconf 94' lang='lat' dir='ltr'>ini-</span> 
     </span>
     <span class='ocr_line' id='line_1_15' title="bbox 95 754 940 792; baseline -0.004 -7"><span class='ocrx_word' id='word_1_90' title='bbox 95 756 199 790; x_wconf 91' lang='lat' dir='ltr'>micus,</span> <span class='ocrx_word' id='word_1_91' title='bbox 221 755 268 792; x_wconf 92' lang='lat' dir='ltr'>qui</span> <span class='ocrx_word' id='word_1_92' title='bbox 291 758 317 784; x_wconf 90' lang='lat' dir='ltr'>te</span> <span class='ocrx_word' id='word_1_93' title='bbox 338 755 365 783; x_wconf 91' lang='lat' dir='ltr'>in</span> <span class='ocrx_word' id='word_1_94' title='bbox 387 763 448 783; x_wconf 89' lang='lat' dir='ltr'>meo</span> <span class='ocrx_word' id='word_1_95' title='bbox 469 754 581 784; x_wconf 90' lang='lat' dir='ltr'>servitio</span> <span class='ocrx_word' id='word_1_96' title='bbox 609 754 696 783; x_wconf 91' lang='lat' dir='ltr'>voluit</span> <span class='ocrx_word' id='word_1_97' title='bbox 724 754 865 791; x_wconf 90' lang='lat' dir='ltr'>impedire.</span> <span class='ocrx_word' id='word_1_98' title='bbox 894 754 940 783; x_wconf 91' lang='lat' dir='ltr'>Hic</span> 
     </span>
     <span class='ocr_line' id='line_1_16' title="bbox 95 801 940 839; baseline -0.004 -8"><span class='ocrx_word' id='word_1_99' title='bbox 95 805 136 832; x_wconf 87' lang='lat' dir='ltr'>est</span> <span class='ocrx_word' id='word_1_100' title='bbox 156 802 263 839; x_wconf 79' lang='lat' dir='ltr'>Agnus,</span> <span class='ocrx_word' id='word_1_101' title='bbox 285 809 368 838; x_wconf 90' lang='lat' dir='ltr'>quem</span> <span class='ocrx_word' id='word_1_102' title='bbox 389 801 438 829; x_wconf 86' lang='lat' dir='ltr'>tibi</span> <span class='ocrx_word' id='word_1_103' title='bbox 460 801 519 829; x_wconf 93' lang='lat' dir='ltr'>dari</span> <span class='ocrx_word' id='word_1_104' title='bbox 541 801 667 837; x_wconf 85' lang='lat' dir='ltr'>petebas,</span> <span class='ocrx_word' id='word_1_105' title='bbox 683 808 767 837; x_wconf 90' lang='lat' dir='ltr'>quem</span> <span class='ocrx_word' id='word_1_106' title='bbox 786 804 812 829; x_wconf 91' lang='lat' dir='ltr'>et</span> <span class='ocrx_word' id='word_1_107' title='bbox 827 803 940 836; x_wconf 88' lang='lat' dir='ltr'>propter</span> 
     </span>
     <span class='ocr_line' id='line_1_17' title="bbox 95 847 941 884; baseline -0.004 -6"><span class='ocrx_word' id='word_1_108' title='bbox 95 850 197 879; x_wconf 89' lang='lat' dir='ltr'>bonum</span> <span class='ocrx_word' id='word_1_109' title='bbox 228 849 395 878; x_wconf 88' lang='lat' dir='ltr'>desiderium</span> <span class='ocrx_word' id='word_1_110' title='bbox 428 848 588 884; x_wconf 79' lang='lat' dir='ltr'>suscepisti,</span> <span class='ocrx_word' id='word_1_111' title='bbox 613 848 694 876; x_wconf 89' lang='lat' dir='ltr'>cuius</span> <span class='ocrx_word' id='word_1_112' title='bbox 724 848 806 876; x_wconf 86' lang='lat' dir='ltr'>etiam</span> <span class='ocrx_word' id='word_1_113' title='bbox 837 847 941 875; x_wconf 88' lang='lat' dir='ltr'>virtute</span> 
     </span>
     <span class='ocr_line' id='line_1_18' title="bbox 95 894 941 933; baseline -0.004 -8"><span class='ocrx_word' id='word_1_114' title='bbox 95 896 273 933; x_wconf 88' lang='lat' dir='ltr'>consequeris</span> <span class='ocrx_word' id='word_1_115' title='bbox 300 895 448 931; x_wconf 88' lang='lat' dir='ltr'>utriusque</span> <span class='ocrx_word' id='word_1_116' title='bbox 476 894 595 923; x_wconf 90' lang='lat' dir='ltr'>hominis</span> <span class='ocrx_word' id='word_1_117' title='bbox 620 894 819 931; x_wconf 84' lang='lat' dir='ltr'>sospitatem».</span> <span class='ocrx_word' id='word_1_118' title='bbox 848 894 878 922; x_wconf 89' lang='lat' dir='ltr'>Et</span> <span class='ocrx_word' id='word_1_119' title='bbox 902 894 941 922; x_wconf 90' lang='lat' dir='ltr'>sic</span> 
     </span>
     <span class='ocr_line' id='line_1_19' title="bbox 95 941 940 980; baseline -0.004 -9"><span class='ocrx_word' id='word_1_120' title='bbox 95 950 145 980; x_wconf 87' lang='lat' dir='ltr'>per</span> <span class='ocrx_word' id='word_1_121' title='bbox 167 942 283 971; x_wconf 86' lang='lat' dir='ltr'>vulnera</span> <span class='ocrx_word' id='word_1_122' title='bbox 297 949 410 970; x_wconf 87' lang='lat' dir='ltr'>manum</span> <span class='ocrx_word' id='word_1_123' title='bbox 424 941 544 974; x_wconf 88' lang='lat' dir='ltr'>ducens,</span> <span class='ocrx_word' id='word_1_124' title='bbox 559 941 592 969; x_wconf 89' lang='lat' dir='ltr'>ad</span> <span class='ocrx_word' id='word_1_125' title='bbox 607 949 692 978; x_wconf 85' lang='lat' dir='ltr'>opus,</span> <span class='ocrx_word' id='word_1_126' title='bbox 708 941 782 978; x_wconf 91' lang='lat' dir='ltr'>quod</span> <span class='ocrx_word' id='word_1_127' title='bbox 797 943 940 977; x_wconf 86' lang='lat' dir='ltr'>coeperat,</span> 
     </span>
     <span class='ocr_line' id='line_1_20' title="bbox 95 988 940 1026; baseline -0.005 -7"><span class='ocrx_word' id='word_1_128' title='bbox 95 997 160 1019; x_wconf 89' lang='lat' dir='ltr'>eum</span> <span class='ocrx_word' id='word_1_129' title='bbox 180 989 271 1018; x_wconf 89' lang='lat' dir='ltr'>redire</span> <span class='ocrx_word' id='word_1_130' title='bbox 291 988 439 1026; x_wconf 82' lang='lat' dir='ltr'>praecepit.</span> <span class='ocrx_word' id='word_1_131' title='bbox 462 988 514 1024; x_wconf 85' lang='lat' dir='ltr'>Qui</span> <span class='ocrx_word' id='word_1_132' title='bbox 544 988 622 1016; x_wconf 89' lang='lat' dir='ltr'>valde</span> <span class='ocrx_word' id='word_1_133' title='bbox 649 995 729 1016; x_wconf 86' lang='lat' dir='ltr'>mane</span> <span class='ocrx_word' id='word_1_134' title='bbox 754 995 940 1024; x_wconf 81' lang='lat' dir='ltr'>consurgens,</span> 
     </span>
     <span class='ocr_line' id='line_1_21' title="bbox 95 1034 941 1073; baseline -0.004 -8"><span class='ocrx_word' id='word_1_135' title='bbox 95 1039 123 1066; x_wconf 88' lang='lat' dir='ltr'>et</span> <span class='ocrx_word' id='word_1_136' title='bbox 142 1036 186 1065; x_wconf 93' lang='lat' dir='ltr'>his</span> <span class='ocrx_word' id='word_1_137' title='bbox 210 1036 257 1073; x_wconf 89' lang='lat' dir='ltr'>qui</span> <span class='ocrx_word' id='word_1_138' title='bbox 279 1043 343 1064; x_wconf 89' lang='lat' dir='ltr'>eum</span> <span class='ocrx_word' id='word_1_139' title='bbox 368 1035 531 1064; x_wconf 84' lang='lat' dir='ltr'>seminecem</span> <span class='ocrx_word' id='word_1_140' title='bbox 548 1035 733 1071; x_wconf 81' lang='lat' dir='ltr'>reliquerant,</span> <span class='ocrx_word' id='word_1_141' title='bbox 755 1034 901 1062; x_wconf 90' lang='lat' dir='ltr'>incolumis</span> <span class='ocrx_word' id='word_1_142' title='bbox 914 1037 941 1062; x_wconf 88' lang='lat' dir='ltr'>et</span> 
     </span>
     <span class='ocr_line' id='line_1_22' title="bbox 95 1081 941 1119; baseline -0.004 -7"><span class='ocrx_word' id='word_1_143' title='bbox 95 1083 184 1112; x_wconf 90' lang='lat' dir='ltr'>laetus</span> <span class='ocrx_word' id='word_1_144' title='bbox 204 1090 355 1119; x_wconf 87' lang='lat' dir='ltr'>apparens,</span> <span class='ocrx_word' id='word_1_145' title='bbox 377 1081 586 1110; x_wconf 80' lang='lat' dir='ltr'>admirationem</span> <span class='ocrx_word' id='word_1_146' title='bbox 609 1081 703 1109; x_wconf 89' lang='lat' dir='ltr'>intulit</span> <span class='ocrx_word' id='word_1_147' title='bbox 723 1084 751 1109; x_wconf 90' lang='lat' dir='ltr'>et</span> <span class='ocrx_word' id='word_1_148' title='bbox 781 1084 941 1117; x_wconf 85' lang='lat' dir='ltr'>stuporem,</span> 
     </span>
     <span class='ocr_line' id='line_1_23' title="bbox 96 1127 940 1166; baseline -0.004 -7"><span class='ocrx_word' id='word_1_149' title='bbox 96 1129 143 1159; x_wconf 84' lang='lat' dir='ltr'>sed</span> <span class='ocrx_word' id='word_1_150' title='bbox 168 1132 195 1158; x_wconf 90' lang='lat' dir='ltr'>et</span> <span class='ocrx_word' id='word_1_151' title='bbox 217 1130 340 1166; x_wconf 89' lang='lat' dir='ltr'>ipsorum</span> <span class='ocrx_word' id='word_1_152' title='bbox 363 1131 469 1157; x_wconf 89' lang='lat' dir='ltr'>mentes</span> <span class='ocrx_word' id='word_1_153' title='bbox 490 1128 523 1157; x_wconf 86' lang='lat' dir='ltr'>ad</span> <span class='ocrx_word' id='word_1_154' title='bbox 545 1128 616 1157; x_wconf 87' lang='lat' dir='ltr'>beati</span> <span class='ocrx_word' id='word_1_155' title='bbox 639 1128 726 1156; x_wconf 86' lang='lat' dir='ltr'>Patris</span> <span class='ocrx_word' id='word_1_156' title='bbox 757 1127 940 1157; x_wconf 88' lang='lat' dir='ltr'>reverentiam</span> 
     </span>
     <span class='ocr_line' id='line_1_24' title="bbox 96 1174 942 1212; baseline -0.004 -7"><span class='ocrx_word' id='word_1_157' title='bbox 96 1180 123 1206; x_wconf 84' lang='lat' dir='ltr'>et</span> <span class='ocrx_word' id='word_1_158' title='bbox 143 1184 267 1205; x_wconf 87' lang='lat' dir='ltr'>amorem</span> <span class='ocrx_word' id='word_1_159' title='bbox 288 1179 344 1204; x_wconf 87' lang='lat' dir='ltr'>tam</span> <span class='ocrx_word' id='word_1_160' title='bbox 366 1175 494 1212; x_wconf 88' lang='lat' dir='ltr'>exemplo</span> <span class='ocrx_word' id='word_1_161' title='bbox 516 1175 558 1204; x_wconf 91' lang='lat' dir='ltr'>sui</span> <span class='ocrx_word' id='word_1_162' title='bbox 580 1183 664 1212; x_wconf 89' lang='lat' dir='ltr'>quam</span> <span class='ocrx_word' id='word_1_163' title='bbox 686 1175 776 1203; x_wconf 81' lang='lat' dir='ltr'>Sancti</span> <span class='ocrx_word' id='word_1_164' title='bbox 808 1174 942 1203; x_wconf 87' lang='lat' dir='ltr'>miraculo</span> 
     </span>
     <span class='ocr_line' id='line_1_25' title="bbox 96 1223 236 1252; baseline -0.007 0"><span class='ocrx_word' id='word_1_165' title='bbox 96 1223 236 1252; x_wconf 85' lang='lat' dir='ltr'>excitavit.</span> 
     </span>
    </p>

    <p class='ocr_par' dir='ltr' id='par_1_6' title="bbox 95 1268 944 2055">
     <span class='ocr_line' id='line_1_26' title="bbox 175 1268 944 1306; baseline -0.001 -8"><span class='ocrx_word' id='word_1_166' title='bbox 175 1270 200 1298; x_wconf 88' lang='lat'>9.</span> <span class='ocrx_word' id='word_1_167' title='bbox 222 1269 339 1306; x_wconf 84' lang='lat' dir='ltr'>Quidam</span> <span class='ocrx_word' id='word_1_168' title='bbox 360 1269 394 1298; x_wconf 91' lang='lat' dir='ltr'>de</span> <span class='ocrx_word' id='word_1_169' title='bbox 421 1272 512 1298; x_wconf 89' lang='lat' dir='ltr'>castro</span> <span class='ocrx_word' id='word_1_170' title='bbox 532 1269 664 1305; x_wconf 85' lang='lat' dir='ltr'>Ceperani</span> <span class='ocrx_word' id='word_1_171' title='bbox 680 1268 700 1303; x_wconf 72' lang='lat'>²,</span> <span class='ocrx_word' id='word_1_172' title='bbox 732 1269 841 1297; x_wconf 89' lang='lat' dir='ltr'>nomine</span> <span class='ocrx_word' id='word_1_173' title='bbox 866 1268 944 1297; x_wconf 89' lang='lat' dir='ltr'>Nico-</span> 
     </span>
     <span class='ocr_line' id='line_1_27' title="bbox 96 1315 943 1351; baseline -0.004 -5"><span class='ocrx_word' id='word_1_174' title='bbox 96 1317 171 1351; x_wconf 82' lang='lat' dir='ltr'>laus,</span> <span class='ocrx_word' id='word_1_175' title='bbox 203 1316 231 1345; x_wconf 86' lang='lat' dir='ltr'>in</span> <span class='ocrx_word' id='word_1_176' title='bbox 261 1324 360 1345; x_wconf 88' lang='lat' dir='ltr'>manus</span> <span class='ocrx_word' id='word_1_177' title='bbox 391 1316 566 1344; x_wconf 80' lang='lat' dir='ltr'>inimIcorum</span> <span class='ocrx_word' id='word_1_178' title='bbox 598 1315 753 1344; x_wconf 83' lang='lat' dir='ltr'>crudelium</span> <span class='ocrx_word' id='word_1_179' title='bbox 782 1315 876 1344; x_wconf 87' lang='lat' dir='ltr'>incidit</span> <span class='ocrx_word' id='word_1_180' title='bbox 900 1315 943 1344; x_wconf 87' lang='lat' dir='ltr'>die</span> 
     </span>
     <span class='ocr_line' id='line_1_28' title="bbox 96 1362 943 1401; baseline -0.002 -9"><span class='ocrx_word' id='word_1_181' title='bbox 96 1363 223 1401; x_wconf 84' lang='lat' dir='ltr'>quadam.</span> <span class='ocrx_word' id='word_1_182' title='bbox 250 1363 303 1399; x_wconf 88' lang='lat' dir='ltr'>Qui</span> <span class='ocrx_word' id='word_1_183' title='bbox 331 1363 493 1391; x_wconf 87' lang='lat' dir='ltr'>crudelitate</span> <span class='ocrx_word' id='word_1_184' title='bbox 515 1362 591 1391; x_wconf 83' lang='lat' dir='ltr'>ferali</span> <span class='ocrx_word' id='word_1_185' title='bbox 620 1362 782 1390; x_wconf 88' lang='lat' dir='ltr'>vulneribus</span> <span class='ocrx_word' id='word_1_186' title='bbox 810 1370 874 1390; x_wconf 88' lang='lat' dir='ltr'>eum</span> <span class='ocrx_word' id='word_1_187' title='bbox 897 1370 943 1390; x_wconf 85' lang='lat' dir='ltr'>su-</span> 
     </span>
     <span class='ocr_line' id='line_1_29' title="bbox 95 1409 944 1448; baseline -0.004 -8"><span class='ocrx_word' id='word_1_188' title='bbox 95 1419 145 1448; x_wconf 86' lang='lat' dir='ltr'>per</span> <span class='ocrx_word' id='word_1_189' title='bbox 170 1411 286 1439; x_wconf 88' lang='lat' dir='ltr'>vulnera</span> <span class='ocrx_word' id='word_1_190' title='bbox 314 1410 502 1443; x_wconf 85' lang='lat' dir='ltr'>concidentes,</span> <span class='ocrx_word' id='word_1_191' title='bbox 533 1417 623 1446; x_wconf 85' lang='lat' dir='ltr'>usque</span> <span class='ocrx_word' id='word_1_192' title='bbox 651 1409 719 1437; x_wconf 91' lang='lat' dir='ltr'>adeo</span> <span class='ocrx_word' id='word_1_193' title='bbox 750 1417 833 1445; x_wconf 85' lang='lat' dir='ltr'>super</span> <span class='ocrx_word' id='word_1_194' title='bbox 862 1409 944 1437; x_wconf 89' lang='lat' dir='ltr'>mise-</span> 
     </span>
     <span class='ocr_line' id='line_1_30' title="bbox 96 1456 943 1490; baseline -0.002 -4"><span class='ocrx_word' id='word_1_195' title='bbox 96 1466 159 1486; x_wconf 90' lang='lat' dir='ltr'>rum</span> <span class='ocrx_word' id='word_1_196' title='bbox 181 1458 355 1490; x_wconf 89' lang='lat' dir='ltr'>saevierunt,</span> <span class='ocrx_word' id='word_1_197' title='bbox 370 1457 456 1485; x_wconf 86' lang='lat' dir='ltr'>donec</span> <span class='ocrx_word' id='word_1_198' title='bbox 478 1457 520 1485; x_wconf 88' lang='lat' dir='ltr'>vel</span> <span class='ocrx_word' id='word_1_199' title='bbox 541 1456 709 1485; x_wconf 85' lang='lat' dir='ltr'>exstinctum</span> <span class='ocrx_word' id='word_1_200' title='bbox 726 1456 885 1489; x_wconf 88' lang='lat' dir='ltr'>crederent,</span> <span class='ocrx_word' id='word_1_201' title='bbox 900 1456 943 1485; x_wconf 87' lang='lat' dir='ltr'>vel</span> 
     </span>
     <span class='ocr_line' id='line_1_31' title="bbox 96 1503 943 1542; baseline -0.002 -9"><span class='ocrx_word' id='word_1_202' title='bbox 96 1504 224 1542; x_wconf 88' lang='lat' dir='ltr'>protinus</span> <span class='ocrx_word' id='word_1_203' title='bbox 244 1504 489 1541; x_wconf 82' lang='lat' dir='ltr'>exstinguendum.</span> <span class='ocrx_word' id='word_1_204' title='bbox 510 1503 682 1532; x_wconf 88' lang='lat' dir='ltr'>Clamaverat</span> <span class='ocrx_word' id='word_1_205' title='bbox 703 1506 795 1531; x_wconf 87' lang='lat' dir='ltr'>autem</span> <span class='ocrx_word' id='word_1_206' title='bbox 817 1503 943 1532; x_wconf 87' lang='lat' dir='ltr'>Nicolaus</span> 
     </span>
     <span class='ocr_line' id='line_1_32' title="bbox 96 1550 942 1588; baseline -0.004 -8"><span class='ocrx_word' id='word_1_207' title='bbox 96 1551 268 1588; x_wconf 88' lang='lat' dir='ltr'>praedictus,</span> <span class='ocrx_word' id='word_1_208' title='bbox 290 1559 353 1579; x_wconf 91' lang='lat' dir='ltr'>cum</span> <span class='ocrx_word' id='word_1_209' title='bbox 381 1550 486 1587; x_wconf 89' lang='lat' dir='ltr'>primos</span> <span class='ocrx_word' id='word_1_210' title='bbox 506 1550 578 1579; x_wconf 90' lang='lat' dir='ltr'>ictus</span> <span class='ocrx_word' id='word_1_211' title='bbox 598 1550 756 1586; x_wconf 81' lang='lat' dir='ltr'>exciperet,</span> <span class='ocrx_word' id='word_1_212' title='bbox 778 1550 833 1578; x_wconf 87' lang='lat' dir='ltr'>alta</span> <span class='ocrx_word' id='word_1_213' title='bbox 860 1557 942 1578; x_wconf 83' lang='lat' dir='ltr'>voce:</span> 
     </span>
     <span class='ocr_line' id='line_1_33' title="bbox 100 1597 942 1631; baseline -0.001 -5"><span class='ocrx_word' id='word_1_214' title='bbox 100 1609 114 1623; x_wconf 69' lang='lat' dir='ltr'>a</span> <span class='ocrx_word' id='word_1_215' title='bbox 129 1598 226 1627; x_wconf 78' lang='lat' dir='ltr'>Sancte</span> <span class='ocrx_word' id='word_1_216' title='bbox 247 1597 405 1631; x_wconf 86' lang='lat' dir='ltr'>Francisce,</span> <span class='ocrx_word' id='word_1_217' title='bbox 426 1605 561 1626; x_wconf 87' lang='lat' dir='ltr'>succurre</span> <span class='ocrx_word' id='word_1_218' title='bbox 577 1597 660 1631; x_wconf 82' lang='lat' dir='ltr'>iuibi;</span> <span class='ocrx_word' id='word_1_219' title='bbox 676 1600 769 1626; x_wconf 85' lang='lat' dir='ltr'>sancte</span> <span class='ocrx_word' id='word_1_220' title='bbox 783 1597 925 1625; x_wconf 86' lang='lat' dir='ltr'>Francisce</span> <span class='ocrx_word' id='word_1_221' title='bbox 935 1619 942 1630; x_wconf 89' lang='lat'><em>‚</em></span> 
     </span>
     <span class='ocr_line' id='line_1_34' title="bbox 96 1644 942 1680; baseline -0.002 -6"><span class='ocrx_word' id='word_1_222' title='bbox 96 1645 195 1674; x_wconf 87' lang='lat' dir='ltr'>adiuva</span> <span class='ocrx_word' id='word_1_223' title='bbox 216 1652 260 1673; x_wconf 88' lang='lat' dir='ltr'>me</span> <span class='ocrx_word' id='word_1_224' title='bbox 274 1657 300 1672; x_wconf 77' lang='grc' dir='ltr'>υ.</span> <span class='ocrx_word' id='word_1_225' title='bbox 323 1645 395 1673; x_wconf 88' lang='lat' dir='ltr'>Hanc</span> <span class='ocrx_word' id='word_1_226' title='bbox 410 1652 505 1673; x_wconf 90' lang='lat' dir='ltr'>vocem</span> <span class='ocrx_word' id='word_1_227' title='bbox 519 1652 534 1672; x_wconf 90' lang='lat' dir='ltr'>a</span> <span class='ocrx_word' id='word_1_228' title='bbox 555 1644 668 1672; x_wconf 88' lang='lat' dir='ltr'>remotis</span> <span class='ocrx_word' id='word_1_229' title='bbox 688 1644 837 1672; x_wconf 86' lang='lat' dir='ltr'>audierunt</span> <span class='ocrx_word' id='word_1_230' title='bbox 859 1652 942 1680; x_wconf 89' lang='lat' dir='ltr'>quam</span> 
     </span>
     <span class='ocr_line' id='line_1_35' title="bbox 95 1690 943 1729; baseline -0.001 -9"><span class='ocrx_word' id='word_1_231' title='bbox 95 1691 220 1729; x_wconf 88' lang='lat' dir='ltr'>plurimi,</span> <span class='ocrx_word' id='word_1_232' title='bbox 243 1691 305 1720; x_wconf 89' lang='lat' dir='ltr'>licet</span> <span class='ocrx_word' id='word_1_233' title='bbox 319 1690 456 1719; x_wconf 85' lang='lat' dir='ltr'>auxilium</span> <span class='ocrx_word' id='word_1_234' title='bbox 478 1691 551 1719; x_wconf 82' lang='lat' dir='ltr'>serre</span> <span class='ocrx_word' id='word_1_235' title='bbox 565 1699 619 1719; x_wconf 91' lang='lat' dir='ltr'>non</span> <span class='ocrx_word' id='word_1_236' title='bbox 635 1693 754 1727; x_wconf 85' lang='lat' dir='ltr'>possent.</span> <span class='ocrx_word' id='word_1_237' title='bbox 776 1691 943 1727; x_wconf 87' lang='lat' dir='ltr'>Deportatus</span> 
     </span>
     <span class='ocr_line' id='line_1_36' title="bbox 96 1737 942 1774; baseline -0.001 -7"><span class='ocrx_word' id='word_1_238' title='bbox 96 1738 204 1767; x_wconf 85' lang='lat' dir='ltr'>tandem</span> <span class='ocrx_word' id='word_1_239' title='bbox 225 1738 352 1772; x_wconf 90' lang='lat' dir='ltr'>domum,</span> <span class='ocrx_word' id='word_1_240' title='bbox 375 1741 450 1767; x_wconf 89' lang='lat' dir='ltr'>totus</span> <span class='ocrx_word' id='word_1_241' title='bbox 470 1746 521 1766; x_wconf 91' lang='lat' dir='ltr'>suo</span> <span class='ocrx_word' id='word_1_242' title='bbox 540 1738 673 1774; x_wconf 88' lang='lat' dir='ltr'>sanguine</span> <span class='ocrx_word' id='word_1_243' title='bbox 693 1738 849 1771; x_wconf 85' lang='lat' dir='ltr'>volutatus,</span> <span class='ocrx_word' id='word_1_244' title='bbox 871 1737 942 1766; x_wconf 91' lang='lat' dir='ltr'>fidu-</span> 
     </span>
     <span class='ocr_line' id='line_1_37' title="bbox 96 1784 941 1818; baseline -0.001 -5"><span class='ocrx_word' id='word_1_245' title='bbox 96 1785 200 1814; x_wconf 82' lang='lat' dir='ltr'>cialiter</span> <span class='ocrx_word' id='word_1_246' title='bbox 214 1785 366 1818; x_wconf 80' lang='lat' dir='ltr'>asserebat,</span> <span class='ocrx_word' id='word_1_247' title='bbox 388 1792 417 1813; x_wconf 91' lang='lat' dir='ltr'>se</span> <span class='ocrx_word' id='word_1_248' title='bbox 433 1787 550 1813; x_wconf 84' lang='lat' dir='ltr'>mortem</span> <span class='ocrx_word' id='word_1_249' title='bbox 569 1792 605 1813; x_wconf 87' lang='lat' dir='ltr'>ex</span> <span class='ocrx_word' id='word_1_250' title='bbox 627 1784 680 1813; x_wconf 92' lang='lat' dir='ltr'>illis</span> <span class='ocrx_word' id='word_1_251' title='bbox 701 1784 866 1813; x_wconf 91' lang='lat' dir='ltr'>vulneribus</span> <span class='ocrx_word' id='word_1_252' title='bbox 887 1792 941 1812; x_wconf 93' lang='lat' dir='ltr'>non</span> 
     </span>
     <span class='ocr_line' id='line_1_38' title="bbox 96 1831 941 1868; baseline -0.001 -8"><span class='ocrx_word' id='word_1_253' title='bbox 96 1831 223 1860; x_wconf 90' lang='lat' dir='ltr'>visurum</span> <span class='ocrx_word' id='word_1_254' title='bbox 245 1839 296 1860; x_wconf 87' lang='lat' dir='ltr'>nec</span> <span class='ocrx_word' id='word_1_255' title='bbox 316 1831 398 1860; x_wconf 89' lang='lat' dir='ltr'>etiam</span> <span class='ocrx_word' id='word_1_256' title='bbox 419 1839 448 1860; x_wconf 91' lang='lat' dir='ltr'>se</span> <span class='ocrx_word' id='word_1_257' title='bbox 467 1833 533 1860; x_wconf 91' lang='lat' dir='ltr'>tunc</span> <span class='ocrx_word' id='word_1_258' title='bbox 548 1831 650 1860; x_wconf 88' lang='lat' dir='ltr'>sentire</span> <span class='ocrx_word' id='word_1_259' title='bbox 671 1831 795 1865; x_wconf 89' lang='lat' dir='ltr'>dolores,</span> <span class='ocrx_word' id='word_1_260' title='bbox 810 1831 941 1868; x_wconf 87' lang='lat' dir='ltr'>quoniam</span> 
     </span>
     <span class='ocr_line' id='line_1_39' title="bbox 97 1877 940 1914; baseline -0.002 -7"><span class='ocrx_word' id='word_1_261' title='bbox 97 1881 207 1907; x_wconf 86' lang='lat' dir='ltr'>sanctus</span> <span class='ocrx_word' id='word_1_262' title='bbox 231 1878 391 1907; x_wconf 81' lang='lat' dir='ltr'>Franciscus</span> <span class='ocrx_word' id='word_1_263' title='bbox 413 1878 463 1907; x_wconf 89' lang='lat' dir='ltr'>sibi</span> <span class='ocrx_word' id='word_1_264' title='bbox 485 1881 676 1912; x_wconf 87' lang='lat' dir='ltr'>succurrerat,</span> <span class='ocrx_word' id='word_1_265' title='bbox 698 1880 726 1906; x_wconf 88' lang='lat' dir='ltr'>et</span> <span class='ocrx_word' id='word_1_266' title='bbox 746 1881 777 1906; x_wconf 88' lang='lat' dir='ltr'>ut</span> <span class='ocrx_word' id='word_1_267' title='bbox 799 1877 940 1914; x_wconf 90' lang='lat' dir='ltr'>poeniten-</span> 
     </span>
     <span class='ocr_line' id='line_1_40' title="bbox 97 1924 942 1961; baseline -0.001 -8"><span class='ocrx_word' id='word_1_268' title='bbox 97 1925 161 1953; x_wconf 84' lang='lat' dir='ltr'>tiam</span> <span class='ocrx_word' id='word_1_269' title='bbox 190 1927 296 1961; x_wconf 83' lang='lat' dir='ltr'>ageret,</span> <span class='ocrx_word' id='word_1_270' title='bbox 324 1933 340 1953; x_wconf 89' lang='lat' dir='ltr'>a</span> <span class='ocrx_word' id='word_1_271' title='bbox 368 1925 484 1953; x_wconf 89' lang='lat' dir='ltr'>Domino</span> <span class='ocrx_word' id='word_1_272' title='bbox 510 1924 672 1961; x_wconf 85' lang='lat' dir='ltr'>impetrarat</span> <span class='ocrx_word' id='word_1_273' title='bbox 687 1924 707 1952; x_wconf 84' lang='lat'>³.</span> <span class='ocrx_word' id='word_1_274' title='bbox 736 1924 815 1960; x_wconf 86' lang='lat' dir='ltr'>Quod</span> <span class='ocrx_word' id='word_1_275' title='bbox 846 1927 873 1953; x_wconf 88' lang='lat' dir='ltr'>et</span> <span class='ocrx_word' id='word_1_276' title='bbox 900 1932 942 1953; x_wconf 89' lang='lat' dir='ltr'>se-</span> 
     </span>
     <span class='ocr_line' id='line_1_41' title="bbox 96 1971 941 2008; baseline -0.001 -8"><span class='ocrx_word' id='word_1_277' title='bbox 96 1978 185 2008; x_wconf 90' lang='lat' dir='ltr'>quens</span> <span class='ocrx_word' id='word_1_278' title='bbox 212 1971 385 2000; x_wconf 79' lang='lat' dir='ltr'>confirmavit</span> <span class='ocrx_word' id='word_1_279' title='bbox 412 1974 536 2005; x_wconf 84' lang='lat' dir='ltr'>eventus,</span> <span class='ocrx_word' id='word_1_280' title='bbox 565 1979 628 1999; x_wconf 87' lang='lat' dir='ltr'>nam</span> <span class='ocrx_word' id='word_1_281' title='bbox 649 1971 722 2000; x_wconf 92' lang='lat' dir='ltr'>lotus</span> <span class='ocrx_word' id='word_1_282' title='bbox 749 1979 766 1999; x_wconf 89' lang='lat' dir='ltr'>a</span> <span class='ocrx_word' id='word_1_283' title='bbox 793 1971 941 2008; x_wconf 85' lang='lat' dir='ltr'>sanguine,</span> 
     </span>
     <span class='ocr_line' id='line_1_42' title="bbox 97 2017 902 2055; baseline -0.001 -8"><span class='ocrx_word' id='word_1_284' title='bbox 97 2018 226 2047; x_wconf 86' lang='lat' dir='ltr'>continuo</span> <span class='ocrx_word' id='word_1_285' title='bbox 247 2021 343 2047; x_wconf 87' lang='lat' dir='ltr'>contra</span> <span class='ocrx_word' id='word_1_286' title='bbox 364 2018 513 2047; x_wconf 81' lang='lat' dir='ltr'>humanam</span> <span class='ocrx_word' id='word_1_287' title='bbox 535 2026 611 2055; x_wconf 89' lang='lat' dir='ltr'>spem</span> <span class='ocrx_word' id='word_1_288' title='bbox 633 2018 740 2047; x_wconf 81' lang='lat' dir='ltr'>exstitit</span> <span class='ocrx_word' id='word_1_289' title='bbox 761 2017 902 2046; x_wconf 86' lang='lat' dir='ltr'>liberatus.</span> 
     </span>
    </p>

    <p class='ocr_par' dir='ltr' id='par_1_7' title="bbox 97 2065 945 2570">
     <span class='ocr_line' id='line_1_43' title="bbox 177 2065 943 2094; baseline 0 -1"><span class='ocrx_word' id='word_1_290' title='bbox 177 2066 220 2093; x_wconf 83' lang='lat'>10.</span> <span class='ocrx_word' id='word_1_291' title='bbox 243 2065 326 2094; x_wconf 88' lang='lat' dir='ltr'>Filius</span> <span class='ocrx_word' id='word_1_292' title='bbox 346 2065 490 2094; x_wconf 88' lang='lat' dir='ltr'>cuiusdam</span> <span class='ocrx_word' id='word_1_293' title='bbox 511 2065 610 2094; x_wconf 91' lang='lat' dir='ltr'>nobilis</span> <span class='ocrx_word' id='word_1_294' title='bbox 631 2065 658 2093; x_wconf 93' lang='lat' dir='ltr'>in</span> <span class='ocrx_word' id='word_1_295' title='bbox 680 2068 771 2094; x_wconf 90' lang='lat' dir='ltr'>castro</span> <span class='ocrx_word' id='word_1_296' title='bbox 786 2065 871 2093; x_wconf 90' lang='lat' dir='ltr'>sancti</span> <span class='ocrx_word' id='word_1_297' title='bbox 892 2065 943 2093; x_wconf 91' lang='lat' dir='ltr'>Ge-</span> 
     </span>
     <span class='ocr_line' id='line_1_44' title="bbox 97 2112 943 2149; baseline -0.001 -8"><span class='ocrx_word' id='word_1_298' title='bbox 97 2112 209 2141; x_wconf 86' lang='lat' dir='ltr'>miniani</span> <span class='ocrx_word' id='word_1_299' title='bbox 223 2113 245 2146; x_wconf 65' lang='grc'>4,</span> <span class='ocrx_word' id='word_1_300' title='bbox 266 2112 356 2141; x_wconf 88' lang='lat' dir='ltr'>valido</span> <span class='ocrx_word' id='word_1_301' title='bbox 377 2112 510 2149; x_wconf 89' lang='lat' dir='ltr'>languore</span> <span class='ocrx_word' id='word_1_302' title='bbox 530 2112 659 2141; x_wconf 90' lang='lat' dir='ltr'>detentus</span> <span class='ocrx_word' id='word_1_303' title='bbox 679 2112 810 2149; x_wconf 88' lang='lat' dir='ltr'>omnique</span> <span class='ocrx_word' id='word_1_304' title='bbox 824 2112 943 2140; x_wconf 89' lang='lat' dir='ltr'>ulterius</span> 
     </span>
     <span class='ocr_line' id='line_1_45' title="bbox 97 2159 942 2196; baseline -0.001 -8"><span class='ocrx_word' id='word_1_305' title='bbox 97 2159 258 2196; x_wconf 87' lang='lat' dir='ltr'>desperatus</span> <span class='ocrx_word' id='word_1_306' title='bbox 273 2159 377 2193; x_wconf 91' lang='lat' dir='ltr'>salute,</span> <span class='ocrx_word' id='word_1_307' title='bbox 398 2159 432 2187; x_wconf 89' lang='lat' dir='ltr'>ad</span> <span class='ocrx_word' id='word_1_308' title='bbox 447 2162 606 2187; x_wconf 82' lang='lat' dir='ltr'>extremum</span> <span class='ocrx_word' id='word_1_309' title='bbox 622 2167 711 2196; x_wconf 88' lang='lat' dir='ltr'>usque</span> <span class='ocrx_word' id='word_1_310' title='bbox 726 2159 877 2195; x_wconf 83' lang='lat' dir='ltr'>perductus</span> <span class='ocrx_word' id='word_1_311' title='bbox 891 2162 942 2188; x_wconf 88' lang='lat' dir='ltr'>est.</span> 
     </span>
     <span class='ocr_line' id='line_1_46' title="bbox 98 2206 943 2243; baseline -0.001 -8"><span class='ocrx_word' id='word_1_312' title='bbox 98 2206 182 2235; x_wconf 89' lang='lat' dir='ltr'>Rivus</span> <span class='ocrx_word' id='word_1_313' title='bbox 202 2206 302 2235; x_wconf 89' lang='lat' dir='ltr'>etenim</span> <span class='ocrx_word' id='word_1_314' title='bbox 324 2206 465 2243; x_wconf 84' lang='lat' dir='ltr'>sanguinis</span> <span class='ocrx_word' id='word_1_315' title='bbox 479 2206 623 2235; x_wconf 81' lang='lat' dir='ltr'>emanabat</span> <span class='ocrx_word' id='word_1_316' title='bbox 637 2206 672 2234; x_wconf 86' lang='lat' dir='ltr'>ab</span> <span class='ocrx_word' id='word_1_317' title='bbox 685 2206 773 2235; x_wconf 89' lang='lat' dir='ltr'>oculis</span> <span class='ocrx_word' id='word_1_318' title='bbox 787 2206 856 2240; x_wconf 87' lang='lat' dir='ltr'>eius,</span> <span class='ocrx_word' id='word_1_319' title='bbox 871 2206 943 2235; x_wconf 89' lang='lat' dir='ltr'>sicut</span> 
     </span>
     <span class='ocr_line' id='line_1_47' title="bbox 99 2252 942 2290; baseline 0 -9"><span class='ocrx_word' id='word_1_320' title='bbox 99 2260 134 2281; x_wconf 83' lang='lat' dir='ltr'>ex</span> <span class='ocrx_word' id='word_1_321' title='bbox 155 2253 249 2281; x_wconf 89' lang='lat' dir='ltr'>vena⁵</span> <span class='ocrx_word' id='word_1_322' title='bbox 274 2253 380 2281; x_wconf 88' lang='lat' dir='ltr'>brachii</span> <span class='ocrx_word' id='word_1_323' title='bbox 408 2253 507 2281; x_wconf 89' lang='lat' dir='ltr'>assolet</span> <span class='ocrx_word' id='word_1_324' title='bbox 534 2252 667 2287; x_wconf 85' lang='lat' dir='ltr'>ebullire,</span> <span class='ocrx_word' id='word_1_325' title='bbox 696 2252 851 2290; x_wconf 88' lang='lat' dir='ltr'>ceterisque</span> <span class='ocrx_word' id='word_1_326' title='bbox 878 2261 942 2290; x_wconf 87' lang='lat' dir='ltr'>pro-</span> 
     </span>
     <span class='ocr_line' id='line_1_48' title="bbox 98 2299 943 2337; baseline 0 -9"><span class='ocrx_word' id='word_1_327' title='bbox 98 2299 218 2337; x_wconf 87' lang='lat' dir='ltr'>pinquae</span> <span class='ocrx_word' id='word_1_328' title='bbox 238 2299 337 2328; x_wconf 89' lang='lat' dir='ltr'>mortis</span> <span class='ocrx_word' id='word_1_329' title='bbox 357 2299 429 2328; x_wconf 91' lang='lat' dir='ltr'>veris</span> <span class='ocrx_word' id='word_1_330' title='bbox 451 2299 557 2328; x_wconf 91' lang='lat' dir='ltr'>indiciis</span> <span class='ocrx_word' id='word_1_331' title='bbox 578 2299 604 2327; x_wconf 95' lang='lat' dir='ltr'>in</span> <span class='ocrx_word' id='word_1_332' title='bbox 626 2299 734 2336; x_wconf 88' lang='lat' dir='ltr'>reliquo</span> <span class='ocrx_word' id='word_1_333' title='bbox 758 2307 875 2336; x_wconf 88' lang='lat' dir='ltr'>corpore</span> <span class='ocrx_word' id='word_1_334' title='bbox 895 2308 943 2336; x_wconf 89' lang='lat' dir='ltr'>ap-</span> 
     </span>
     <span class='ocr_line' id='line_1_49' title="bbox 99 2346 943 2383; baseline 0.001 -9"><span class='ocrx_word' id='word_1_335' title='bbox 99 2346 274 2382; x_wconf 83' lang='lat' dir='ltr'>parentibus,</span> <span class='ocrx_word' id='word_1_336' title='bbox 296 2346 469 2375; x_wconf 87' lang='lat' dir='ltr'>iudicabatur</span> <span class='ocrx_word' id='word_1_337' title='bbox 490 2354 540 2383; x_wconf 89' lang='lat' dir='ltr'>pro</span> <span class='ocrx_word' id='word_1_338' title='bbox 562 2349 689 2380; x_wconf 71' lang='lat' dir='ltr'>mortim,</span> <span class='ocrx_word' id='word_1_339' title='bbox 708 2346 755 2375; x_wconf 88' lang='lat' dir='ltr'>sed</span> <span class='ocrx_word' id='word_1_340' title='bbox 776 2350 802 2375; x_wconf 87' lang='lat' dir='ltr'>et</span> <span class='ocrx_word' id='word_1_341' title='bbox 817 2355 883 2383; x_wconf 86' lang='lat' dir='ltr'>prae</span> <span class='ocrx_word' id='word_1_342' title='bbox 897 2346 943 2375; x_wconf 91' lang='lat' dir='ltr'>de-</span> 
     </span>
     <span class='ocr_line' id='line_1_50' title="bbox 99 2392 944 2432; baseline 0.001 -11"><span class='ocrx_word' id='word_1_343' title='bbox 99 2392 201 2422; x_wconf 89' lang='lat' dir='ltr'>bilitate</span> <span class='ocrx_word' id='word_1_344' title='bbox 216 2393 378 2430; x_wconf 84' lang='lat' dir='ltr'>spirituset</span> <span class='ocrx_word' id='word_1_345' title='bbox 398 2393 510 2421; x_wconf 85' lang='lat' dir='ltr'>virtutis</span> <span class='ocrx_word' id='word_1_346' title='bbox 537 2401 635 2422; x_wconf 91' lang='lat' dir='ltr'>sensus</span> <span class='ocrx_word' id='word_1_347' title='bbox 656 2396 683 2422; x_wconf 87' lang='lat' dir='ltr'>et</span> <span class='ocrx_word' id='word_1_348' title='bbox 701 2396 791 2432; x_wconf 87' lang='lat' dir='ltr'>motus</span> <span class='ocrx_word' id='word_1_349' title='bbox 814 2402 869 2422; x_wconf 89' lang='lat' dir='ltr'>usu</span> <span class='ocrx_word' id='word_1_350' title='bbox 888 2394 944 2430; x_wconf 90' lang='lat' dir='ltr'>pri-</span> 
     </span>
     <span class='ocr_line' id='line_1_51' title="bbox 99 2439 944 2476; baseline 0.001 -9"><span class='ocrx_word' id='word_1_351' title='bbox 99 2442 194 2473; x_wconf 87' lang='lat' dir='ltr'>vatus,</span> <span class='ocrx_word' id='word_1_352' title='bbox 216 2439 292 2468; x_wconf 92' lang='lat' dir='ltr'>visus</span> <span class='ocrx_word' id='word_1_353' title='bbox 310 2442 351 2468; x_wconf 89' lang='lat' dir='ltr'>est</span> <span class='ocrx_word' id='word_1_354' title='bbox 366 2439 475 2476; x_wconf 87' lang='lat' dir='ltr'>penitus</span> <span class='ocrx_word' id='word_1_355' title='bbox 490 2439 646 2476; x_wconf 85' lang='lat' dir='ltr'>emigrasse.</span> <span class='ocrx_word' id='word_1_356' title='bbox 662 2439 838 2476; x_wconf 83' lang='lat' dir='ltr'>Congregatis</span> <span class='ocrx_word' id='word_1_357' title='bbox 852 2443 944 2469; x_wconf 84' lang='lat' dir='ltr'>autem</span> 
     </span>
     <span class='ocr_line' id='line_1_52' title="bbox 101 2487 945 2523; baseline 0 -8"><span class='ocrx_word' id='word_1_358' title='bbox 101 2493 136 2514; x_wconf 90' lang='lat' dir='ltr'>ex</span> <span class='ocrx_word' id='word_1_359' title='bbox 156 2494 233 2515; x_wconf 90' lang='lat' dir='ltr'>more</span> <span class='ocrx_word' id='word_1_360' title='bbox 254 2487 288 2515; x_wconf 87' lang='lat' dir='ltr'>ad</span> <span class='ocrx_word' id='word_1_361' title='bbox 309 2487 449 2523; x_wconf 87' lang='lat' dir='ltr'>planctum</span> <span class='ocrx_word' id='word_1_362' title='bbox 471 2487 632 2523; x_wconf 86' lang='lat' dir='ltr'>parentibus</span> <span class='ocrx_word' id='word_1_363' title='bbox 663 2490 690 2515; x_wconf 88' lang='lat' dir='ltr'>et</span> <span class='ocrx_word' id='word_1_364' title='bbox 717 2487 824 2520; x_wconf 87' lang='lat' dir='ltr'>amicis,</span> <span class='ocrx_word' id='word_1_365' title='bbox 853 2495 884 2515; x_wconf 90' lang='lat' dir='ltr'>ac</span> <span class='ocrx_word' id='word_1_366' title='bbox 911 2487 945 2516; x_wconf 91' lang='lat' dir='ltr'>de</span> 
     </span>
     <span class='ocr_line' id='line_1_53' title="bbox 101 2532 945 2570; baseline 0.001 -9"><span class='ocrx_word' id='word_1_367' title='bbox 101 2532 158 2561; x_wconf 88' lang='lat' dir='ltr'>sola</span> <span class='ocrx_word' id='word_1_368' title='bbox 179 2533 323 2570; x_wconf 86' lang='lat' dir='ltr'>agentibus</span> <span class='ocrx_word' id='word_1_369' title='bbox 344 2533 503 2570; x_wconf 81' lang='lat' dir='ltr'>sepultura,</span> <span class='ocrx_word' id='word_1_370' title='bbox 526 2536 604 2570; x_wconf 88' lang='lat' dir='ltr'>pater</span> <span class='ocrx_word' id='word_1_371' title='bbox 625 2533 728 2570; x_wconf 90' lang='lat' dir='ltr'>ipsius,</span> <span class='ocrx_word' id='word_1_372' title='bbox 748 2533 878 2562; x_wconf 84' lang='lat' dir='ltr'>fiduciam</span> <span class='ocrx_word' id='word_1_373' title='bbox 897 2534 945 2562; x_wconf 90' lang='lat' dir='ltr'>ha-</span> 
     </span>
    </p>
   </div>
   <div class='ocr_carea' id='block_1_6' title="bbox 969 296 975 2535">
    <p class='ocr_par' dir='ltr' id='par_1_8' title="bbox 969 296 975 2535">
     <span class='ocr_line' id='line_1_54' title="bbox 969 296 975 2535; baseline 0 0"><span class='ocrx_word' id='word_1_374' title='bbox 969 296 975 2535; x_wconf 95' lang='lat' dir='ltr'> </span> 
     </span>
    </p>
   </div>
   <div class='ocr_carea' id='block_1_7' title="bbox 1788 213 1842 240">
    <p class='ocr_par' dir='ltr' id='par_1_9' title="bbox 1788 213 1842 240">
     <span class='ocr_line' id='line_1_55' title="bbox 1788 213 1842 240; baseline 0 0"><span class='ocrx_word' id='word_1_375' title='bbox 1788 213 1842 240; x_wconf 80' lang='lat'>555</span> 
     </span>
    </p>
   </div>
   <div class='ocr_carea' id='block_1_8' title="bbox 997 286 1847 1494">
    <p class='ocr_par' dir='ltr' id='par_1_10' title="bbox 997 286 1844 688">
     <span class='ocr_line' id='line_1_56' title="bbox 999 286 1844 325; baseline 0.002 -10"><span class='ocrx_word' id='word_1_376' title='bbox 999 286 1067 316; x_wconf 91' lang='lat' dir='ltr'>bens</span> <span class='ocrx_word' id='word_1_377' title='bbox 1088 287 1115 315; x_wconf 92' lang='lat' dir='ltr'>in</span> <span class='ocrx_word' id='word_1_378' title='bbox 1129 287 1260 321; x_wconf 91' lang='lat' dir='ltr'>Domino,</span> <span class='ocrx_word' id='word_1_379' title='bbox 1279 288 1386 317; x_wconf 84' lang='lat' dir='ltr'>concito</span> <span class='ocrx_word' id='word_1_380' title='bbox 1400 296 1497 325; x_wconf 83' lang='lat' dir='ltr'>gressu</span> <span class='ocrx_word' id='word_1_381' title='bbox 1513 288 1547 317; x_wconf 86' lang='lat' dir='ltr'>ad</span> <span class='ocrx_word' id='word_1_382' title='bbox 1561 289 1702 317; x_wconf 87' lang='lat' dir='ltr'>ecclesiam</span> <span class='ocrx_word' id='word_1_383' title='bbox 1717 289 1844 318; x_wconf 86' lang='lat' dir='ltr'>cucurrit</span> 
     </span>
     <span class='ocr_line' id='line_1_57' title="bbox 998 333 1843 371; baseline 0.004 -10"><span class='ocrx_word' id='word_1_384' title='bbox 998 333 1069 362; x_wconf 89' lang='lat' dir='ltr'>beati</span> <span class='ocrx_word' id='word_1_385' title='bbox 1086 334 1234 367; x_wconf 86' lang='lat' dir='ltr'>Francisci,</span> <span class='ocrx_word' id='word_1_386' title='bbox 1250 342 1321 371; x_wconf 87' lang='lat' dir='ltr'>quae</span> <span class='ocrx_word' id='word_1_387' title='bbox 1336 334 1363 362; x_wconf 90' lang='lat' dir='ltr'>in</span> <span class='ocrx_word' id='word_1_388' title='bbox 1379 335 1473 363; x_wconf 88' lang='lat' dir='ltr'>eodem</span> <span class='ocrx_word' id='word_1_389' title='bbox 1489 338 1549 364; x_wconf 90' lang='lat' dir='ltr'>erat</span> <span class='ocrx_word' id='word_1_390' title='bbox 1563 338 1654 364; x_wconf 89' lang='lat' dir='ltr'>castro</span> <span class='ocrx_word' id='word_1_391' title='bbox 1672 338 1843 369; x_wconf 88' lang='lat' dir='ltr'>constructa,</span> 
     </span>
     <span class='ocr_line' id='line_1_58' title="bbox 998 380 1844 417; baseline 0.002 -9"><span class='ocrx_word' id='word_1_392' title='bbox 998 383 1025 408; x_wconf 88' lang='lat' dir='ltr'>et</span> <span class='ocrx_word' id='word_1_393' title='bbox 1045 380 1155 416; x_wconf 81' lang='lat' dir='ltr'>cingulo</span> <span class='ocrx_word' id='word_1_394' title='bbox 1176 388 1310 417; x_wconf 89' lang='lat' dir='ltr'>suspenso</span> <span class='ocrx_word' id='word_1_395' title='bbox 1324 381 1357 409; x_wconf 93' lang='lat' dir='ltr'>ad</span> <span class='ocrx_word' id='word_1_396' title='bbox 1376 384 1489 417; x_wconf 86' lang='lat' dir='ltr'>guttur,</span> <span class='ocrx_word' id='word_1_397' title='bbox 1511 389 1575 410; x_wconf 88' lang='lat' dir='ltr'>cum</span> <span class='ocrx_word' id='word_1_398' title='bbox 1597 382 1670 410; x_wconf 89' lang='lat' dir='ltr'>omni</span> <span class='ocrx_word' id='word_1_399' title='bbox 1690 382 1844 411; x_wconf 83' lang='lat' dir='ltr'>humilitate</span> 
     </span>
     <span class='ocr_line' id='line_1_59' title="bbox 998 427 1844 465; baseline 0.002 -10"><span class='ocrx_word' id='word_1_400' title='bbox 998 434 1027 455; x_wconf 88' lang='lat' dir='ltr'>se</span> <span class='ocrx_word' id='word_1_401' title='bbox 1048 427 1198 463; x_wconf 83' lang='lat' dir='ltr'>prostravit</span> <span class='ocrx_word' id='word_1_402' title='bbox 1219 427 1247 455; x_wconf 93' lang='lat' dir='ltr'>in</span> <span class='ocrx_word' id='word_1_403' title='bbox 1268 431 1387 460; x_wconf 86' lang='lat' dir='ltr'>terram;</span> <span class='ocrx_word' id='word_1_404' title='bbox 1409 428 1504 465; x_wconf 89' lang='lat' dir='ltr'>sicque</span> <span class='ocrx_word' id='word_1_405' title='bbox 1525 432 1589 457; x_wconf 90' lang='lat' dir='ltr'>vota</span> <span class='ocrx_word' id='word_1_406' title='bbox 1609 436 1711 457; x_wconf 87' lang='lat' dir='ltr'>vovens</span> <span class='ocrx_word' id='word_1_407' title='bbox 1732 432 1759 457; x_wconf 85' lang='lat' dir='ltr'>et</span> <span class='ocrx_word' id='word_1_408' title='bbox 1774 429 1844 457; x_wconf 80' lang='lat' dir='ltr'>niul-</span> 
     </span>
     <span class='ocr_line' id='line_1_60' title="bbox 999 473 1843 512; baseline 0.002 -11"><span class='ocrx_word' id='word_1_409' title='bbox 999 473 1123 510; x_wconf 86' lang='lat' dir='ltr'>tiplicans</span> <span class='ocrx_word' id='word_1_410' title='bbox 1144 481 1255 509; x_wconf 79' lang='lat' dir='ltr'>preces,</span> <span class='ocrx_word' id='word_1_411' title='bbox 1278 474 1404 511; x_wconf 88' lang='lat' dir='ltr'>suspiriis</span> <span class='ocrx_word' id='word_1_412' title='bbox 1425 477 1451 503; x_wconf 80' lang='lat' dir='ltr'>et</span> <span class='ocrx_word' id='word_1_413' title='bbox 1472 475 1620 511; x_wconf 86' lang='lat' dir='ltr'>gemitibus</span> <span class='ocrx_word' id='word_1_414' title='bbox 1641 475 1743 503; x_wconf 89' lang='lat' dir='ltr'>meruit</span> <span class='ocrx_word' id='word_1_415' title='bbox 1770 475 1843 512; x_wconf 90' lang='lat' dir='ltr'>apud</span> 
     </span>
     <span class='ocr_line' id='line_1_61' title="bbox 997 519 1842 558; baseline 0.002 -10"><span class='ocrx_word' id='word_1_416' title='bbox 997 519 1139 548; x_wconf 87' lang='lat' dir='ltr'>Christum</span> <span class='ocrx_word' id='word_1_417' title='bbox 1177 523 1302 549; x_wconf 80' lang='lat' dir='ltr'>sanctuni</span> <span class='ocrx_word' id='word_1_418' title='bbox 1335 521 1510 550; x_wconf 88' lang='lat' dir='ltr'>Franciscum</span> <span class='ocrx_word' id='word_1_419' title='bbox 1548 522 1650 551; x_wconf 81' lang='lat' dir='ltr'>habere</span> <span class='ocrx_word' id='word_1_420' title='bbox 1686 525 1842 558; x_wconf 84' lang='lat' dir='ltr'>patronum.</span> 
     </span>
     <span class='ocr_line' id='line_1_62' title="bbox 999 567 1843 604; baseline 0.002 -10"><span class='ocrx_word' id='word_1_421' title='bbox 999 567 1135 595; x_wconf 84' lang='lat' dir='ltr'>Reversus</span> <span class='ocrx_word' id='word_1_422' title='bbox 1162 567 1255 604; x_wconf 86' lang='lat' dir='ltr'>itaque</span> <span class='ocrx_word' id='word_1_423' title='bbox 1283 567 1375 595; x_wconf 86' lang='lat' dir='ltr'>statim</span> <span class='ocrx_word' id='word_1_424' title='bbox 1403 571 1481 604; x_wconf 87' lang='lat' dir='ltr'>pater</span> <span class='ocrx_word' id='word_1_425' title='bbox 1509 568 1543 597; x_wconf 90' lang='lat' dir='ltr'>ad</span> <span class='ocrx_word' id='word_1_426' title='bbox 1570 568 1657 597; x_wconf 86' lang='lat' dir='ltr'>silium</span> <span class='ocrx_word' id='word_1_427' title='bbox 1687 571 1713 597; x_wconf 88' lang='lat' dir='ltr'>et</span> <span class='ocrx_word' id='word_1_428' title='bbox 1735 568 1843 597; x_wconf 84' lang='lat' dir='ltr'>sanitati</span> 
     </span>
     <span class='ocr_line' id='line_1_63' title="bbox 998 613 1844 652; baseline 0.002 -10"><span class='ocrx_word' id='word_1_429' title='bbox 998 613 1159 642; x_wconf 87' lang='lat' dir='ltr'>restitutum</span> <span class='ocrx_word' id='word_1_430' title='bbox 1188 614 1342 648; x_wconf 90' lang='lat' dir='ltr'>inveniens,</span> <span class='ocrx_word' id='word_1_431' title='bbox 1371 615 1476 643; x_wconf 90' lang='lat' dir='ltr'>luctum</span> <span class='ocrx_word' id='word_1_432' title='bbox 1504 615 1532 644; x_wconf 91' lang='lat' dir='ltr'>in</span> <span class='ocrx_word' id='word_1_433' title='bbox 1559 615 1690 652; x_wconf 90' lang='lat' dir='ltr'>gaudium</span> <span class='ocrx_word' id='word_1_434' title='bbox 1719 624 1844 644; x_wconf 89' lang='lat' dir='ltr'>commu-</span> 
     </span>
     <span class='ocr_line' id='line_1_64' title="bbox 999 659 1073 688; baseline 0 0"><span class='ocrx_word' id='word_1_435' title='bbox 999 659 1073 688; x_wconf 85' lang='lat' dir='ltr'>tavit.</span> 
     </span>
    </p>

    <p class='ocr_par' dir='ltr' id='par_1_11' title="bbox 997 707 1845 978">
     <span class='ocr_line' id='line_1_65' title="bbox 1078 707 1845 745; baseline 0.003 -10"><span class='ocrx_word' id='word_1_436' title='bbox 1078 708 1122 735; x_wconf 85' lang='lat'>11.</span> <span class='ocrx_word' id='word_1_437' title='bbox 1145 707 1238 735; x_wconf 85' lang='lat' dir='ltr'>Simile</span> <span class='ocrx_word' id='word_1_438' title='bbox 1259 707 1389 744; x_wconf 89' lang='lat' dir='ltr'>quiddam</span> <span class='ocrx_word' id='word_1_439' title='bbox 1412 708 1517 736; x_wconf 87' lang='lat' dir='ltr'>meritis</span> <span class='ocrx_word' id='word_1_440' title='bbox 1538 709 1627 737; x_wconf 84' lang='lat' dir='ltr'>Sancti</span> <span class='ocrx_word' id='word_1_441' title='bbox 1649 711 1780 745; x_wconf 86' lang='lat' dir='ltr'>operatus</span> <span class='ocrx_word' id='word_1_442' title='bbox 1804 711 1845 738; x_wconf 86' lang='lat' dir='ltr'>est</span> 
     </span>
     <span class='ocr_line' id='line_1_66' title="bbox 997 753 1843 791; baseline 0.002 -9"><span class='ocrx_word' id='word_1_443' title='bbox 997 754 1131 783; x_wconf 90' lang='lat' dir='ltr'>Dominus</span> <span class='ocrx_word' id='word_1_444' title='bbox 1141 753 1214 783; x_wconf 87' lang='lat' dir='ltr'>circa</span> <span class='ocrx_word' id='word_1_445' title='bbox 1226 754 1346 790; x_wconf 86' lang='lat' dir='ltr'>puellam</span> <span class='ocrx_word' id='word_1_446' title='bbox 1360 754 1498 791; x_wconf 88' lang='lat' dir='ltr'>quandam</span> <span class='ocrx_word' id='word_1_447' title='bbox 1513 755 1539 783; x_wconf 91' lang='lat' dir='ltr'>in</span> <span class='ocrx_word' id='word_1_448' title='bbox 1554 755 1711 784; x_wconf 88' lang='lat' dir='ltr'>Catalaunia</span> <span class='ocrx_word' id='word_1_449' title='bbox 1726 755 1759 784; x_wconf 90' lang='lat' dir='ltr'>de</span> <span class='ocrx_word' id='word_1_450' title='bbox 1771 756 1843 790; x_wconf 86' lang='lat' dir='ltr'>villa,</span> 
     </span>
     <span class='ocr_line' id='line_1_67' title="bbox 997 800 1843 839; baseline 0.002 -10"><span class='ocrx_word' id='word_1_451' title='bbox 997 801 1107 829; x_wconf 88' lang='lat' dir='ltr'>nomine</span> <span class='ocrx_word' id='word_1_452' title='bbox 1128 800 1303 834; x_wconf 79' lang='lat' dir='ltr'>Thamarit⁶,</span> <span class='ocrx_word' id='word_1_453' title='bbox 1325 804 1352 829; x_wconf 90' lang='lat' dir='ltr'>et</span> <span class='ocrx_word' id='word_1_454' title='bbox 1372 801 1445 829; x_wconf 88' lang='lat' dir='ltr'>circa</span> <span class='ocrx_word' id='word_1_455' title='bbox 1466 801 1545 829; x_wconf 89' lang='lat' dir='ltr'>aliam</span> <span class='ocrx_word' id='word_1_456' title='bbox 1567 802 1600 830; x_wconf 87' lang='lat' dir='ltr'>de</span> <span class='ocrx_word' id='word_1_457' title='bbox 1616 802 1736 835; x_wconf 73' lang='lat' dir='ltr'>Ancona,</span> <span class='ocrx_word' id='word_1_458' title='bbox 1758 811 1843 839; x_wconf 86' lang='lat' dir='ltr'>quas,</span> 
     </span>
     <span class='ocr_line' id='line_1_68' title="bbox 997 847 1845 886; baseline 0.001 -10"><span class='ocrx_word' id='word_1_459' title='bbox 997 855 1061 876; x_wconf 87' lang='lat' dir='ltr'>cum</span> <span class='ocrx_word' id='word_1_460' title='bbox 1082 850 1173 876; x_wconf 85' lang='lat' dir='ltr'>essent</span> <span class='ocrx_word' id='word_1_461' title='bbox 1194 855 1260 884; x_wconf 86' lang='lat' dir='ltr'>prae</span> <span class='ocrx_word' id='word_1_462' title='bbox 1281 847 1421 876; x_wconf 84' lang='lat' dir='ltr'>nimietate</span> <span class='ocrx_word' id='word_1_463' title='bbox 1435 848 1616 884; x_wconf 82' lang='lat' dir='ltr'>aegritudinis</span> <span class='ocrx_word' id='word_1_464' title='bbox 1631 849 1657 876; x_wconf 90' lang='lat' dir='ltr'>in</span> <span class='ocrx_word' id='word_1_465' title='bbox 1675 849 1771 877; x_wconf 86' lang='lat' dir='ltr'>ultimo</span> <span class='ocrx_word' id='word_1_466' title='bbox 1790 850 1845 886; x_wconf 86' lang='lat' dir='ltr'>spi-</span> 
     </span>
     <span class='ocr_line' id='line_1_69' title="bbox 998 894 1845 932; baseline 0.002 -10"><span class='ocrx_word' id='word_1_467' title='bbox 998 894 1055 922; x_wconf 90' lang='lat' dir='ltr'>ritu</span> <span class='ocrx_word' id='word_1_468' title='bbox 1075 894 1256 927; x_wconf 86' lang='lat' dir='ltr'>constitutae,</span> <span class='ocrx_word' id='word_1_469' title='bbox 1277 894 1375 922; x_wconf 89' lang='lat' dir='ltr'>beatus</span> <span class='ocrx_word' id='word_1_470' title='bbox 1390 894 1563 929; x_wconf 85' lang='lat' dir='ltr'>Franciscus,</span> <span class='ocrx_word' id='word_1_471' title='bbox 1585 895 1702 924; x_wconf 83' lang='lat' dir='ltr'>fideliter</span> <span class='ocrx_word' id='word_1_472' title='bbox 1716 904 1732 924; x_wconf 87' lang='lat' dir='ltr'>a</span> <span class='ocrx_word' id='word_1_473' title='bbox 1747 904 1845 932; x_wconf 88' lang='lat' dir='ltr'>pareu-</span> 
     </span>
     <span class='ocr_line' id='line_1_70' title="bbox 998 941 1843 978; baseline 0.002 -9"><span class='ocrx_word' id='word_1_474' title='bbox 998 941 1073 970; x_wconf 88' lang='lat' dir='ltr'>tibus</span> <span class='ocrx_word' id='word_1_475' title='bbox 1094 941 1251 975; x_wconf 85' lang='lat' dir='ltr'>invocatus,</span> <span class='ocrx_word' id='word_1_476' title='bbox 1274 941 1410 978; x_wconf 83' lang='lat' dir='ltr'>perfectae</span> <span class='ocrx_word' id='word_1_477' title='bbox 1431 942 1562 970; x_wconf 91' lang='lat' dir='ltr'>continuo</span> <span class='ocrx_word' id='word_1_478' title='bbox 1582 942 1704 971; x_wconf 85' lang='lat' dir='ltr'>restituit</span> <span class='ocrx_word' id='word_1_479' title='bbox 1725 943 1843 971; x_wconf 86' lang='lat' dir='ltr'>sanitati.</span> 
     </span>
    </p>

    <p class='ocr_par' dir='ltr' id='par_1_12' title="bbox 999 987 1847 1494">
     <span class='ocr_line' id='line_1_71' title="bbox 1080 987 1845 1024; baseline 0.003 -8"><span class='ocrx_word' id='word_1_480' title='bbox 1080 989 1123 1016; x_wconf 70' lang='lat'>12.</span> <span class='ocrx_word' id='word_1_481' title='bbox 1139 988 1262 1016; x_wconf 87' lang='lat' dir='ltr'>Clericus</span> <span class='ocrx_word' id='word_1_482' title='bbox 1276 987 1387 1024; x_wconf 87' lang='lat' dir='ltr'>quidam</span> <span class='ocrx_word' id='word_1_483' title='bbox 1403 988 1436 1016; x_wconf 89' lang='lat' dir='ltr'>de</span> <span class='ocrx_word' id='word_1_484' title='bbox 1452 988 1516 1017; x_wconf 88' lang='lat' dir='ltr'>Vico</span> <span class='ocrx_word' id='word_1_485' title='bbox 1531 989 1597 1017; x_wconf 80' lang='lat' dir='ltr'>Albo</span> <span class='ocrx_word' id='word_1_486' title='bbox 1612 989 1632 1023; x_wconf 85' lang='lat'>⁷,</span> <span class='ocrx_word' id='word_1_487' title='bbox 1655 989 1764 1017; x_wconf 84' lang='lat' dir='ltr'>nomine</span> <span class='ocrx_word' id='word_1_488' title='bbox 1779 990 1845 1018; x_wconf 85' lang='lat' dir='ltr'>Mat-</span> 
     </span>
     <span class='ocr_line' id='line_1_72' title="bbox 999 1034 1845 1073; baseline 0.002 -10"><span class='ocrx_word' id='word_1_489' title='bbox 999 1036 1112 1069; x_wconf 86' lang='lat' dir='ltr'>thaeus,</span> <span class='ocrx_word' id='word_1_490' title='bbox 1134 1043 1240 1064; x_wconf 86' lang='lat' dir='ltr'>veneno</span> <span class='ocrx_word' id='word_1_491' title='bbox 1260 1034 1403 1063; x_wconf 87' lang='lat' dir='ltr'>mortifero</span> <span class='ocrx_word' id='word_1_492' title='bbox 1424 1035 1519 1069; x_wconf 91' lang='lat' dir='ltr'>bibito,</span> <span class='ocrx_word' id='word_1_493' title='bbox 1535 1036 1562 1064; x_wconf 88' lang='lat' dir='ltr'>in</span> <span class='ocrx_word' id='word_1_494' title='bbox 1581 1038 1689 1064; x_wconf 90' lang='lat' dir='ltr'>tantum</span> <span class='ocrx_word' id='word_1_495' title='bbox 1710 1036 1762 1064; x_wconf 86' lang='lat' dir='ltr'>fuit</span> <span class='ocrx_word' id='word_1_496' title='bbox 1783 1045 1845 1073; x_wconf 85' lang='lat' dir='ltr'>gra-</span> 
     </span>
     <span class='ocr_line' id='line_1_73' title="bbox 999 1081 1844 1118; baseline 0.001 -8"><span class='ocrx_word' id='word_1_497' title='bbox 999 1085 1095 1115; x_wconf 83' lang='lat' dir='ltr'>vatus,</span> <span class='ocrx_word' id='word_1_498' title='bbox 1116 1081 1191 1118; x_wconf 87' lang='lat' dir='ltr'>quod</span> <span class='ocrx_word' id='word_1_499' title='bbox 1212 1081 1287 1118; x_wconf 89' lang='lat' dir='ltr'>loqui</span> <span class='ocrx_word' id='word_1_500' title='bbox 1315 1081 1409 1118; x_wconf 89' lang='lat' dir='ltr'>aliquo</span> <span class='ocrx_word' id='word_1_501' title='bbox 1430 1082 1510 1110; x_wconf 92' lang='lat' dir='ltr'>modo</span> <span class='ocrx_word' id='word_1_502' title='bbox 1539 1090 1592 1110; x_wconf 94' lang='lat' dir='ltr'>non</span> <span class='ocrx_word' id='word_1_503' title='bbox 1618 1083 1727 1115; x_wconf 84' lang='lat' dir='ltr'>valens,</span> <span class='ocrx_word' id='word_1_504' title='bbox 1755 1083 1844 1112; x_wconf 88' lang='lat' dir='ltr'>solum</span> 
     </span>
     <span class='ocr_line' id='line_1_74' title="bbox 999 1129 1846 1166; baseline 0.001 -9"><span class='ocrx_word' id='word_1_505' title='bbox 999 1129 1108 1157; x_wconf 84' lang='lat' dir='ltr'>finalem</span> <span class='ocrx_word' id='word_1_506' title='bbox 1130 1129 1237 1157; x_wconf 85' lang='lat' dir='ltr'>exitum</span> <span class='ocrx_word' id='word_1_507' title='bbox 1259 1129 1445 1165; x_wconf 85' lang='lat' dir='ltr'>exspectabat.</span> <span class='ocrx_word' id='word_1_508' title='bbox 1462 1129 1593 1158; x_wconf 87' lang='lat' dir='ltr'>Sacerdos</span> <span class='ocrx_word' id='word_1_509' title='bbox 1608 1129 1733 1166; x_wconf 87' lang='lat' dir='ltr'>quidam,</span> <span class='ocrx_word' id='word_1_510' title='bbox 1749 1133 1780 1158; x_wconf 90' lang='lat' dir='ltr'>ut</span> <span class='ocrx_word' id='word_1_511' title='bbox 1795 1130 1846 1159; x_wconf 86' lang='lat' dir='ltr'>sibi</span> 
     </span>
     <span class='ocr_line' id='line_1_75' title="bbox 999 1175 1846 1210; baseline 0.001 -6"><span class='ocrx_word' id='word_1_512' title='bbox 999 1176 1195 1210; x_wconf 83' lang='lat' dir='ltr'>confiteretur,</span> <span class='ocrx_word' id='word_1_513' title='bbox 1216 1175 1359 1204; x_wconf 84' lang='lat' dir='ltr'>admonuit</span> <span class='ocrx_word' id='word_1_514' title='bbox 1381 1179 1407 1204; x_wconf 90' lang='lat' dir='ltr'>et</span> <span class='ocrx_word' id='word_1_515' title='bbox 1422 1176 1539 1204; x_wconf 87' lang='lat' dir='ltr'>verbum</span> <span class='ocrx_word' id='word_1_516' title='bbox 1555 1184 1641 1205; x_wconf 91' lang='lat' dir='ltr'>unum</span> <span class='ocrx_word' id='word_1_517' title='bbox 1657 1176 1691 1204; x_wconf 89' lang='lat' dir='ltr'>ab</span> <span class='ocrx_word' id='word_1_518' title='bbox 1706 1184 1738 1205; x_wconf 87' lang='lat' dir='ltr'>eo</span> <span class='ocrx_word' id='word_1_519' title='bbox 1752 1179 1846 1205; x_wconf 88' lang='lat' dir='ltr'>extor-</span> 
     </span>
     <span class='ocr_line' id='line_1_76' title="bbox 1000 1223 1846 1259; baseline 0.001 -8"><span class='ocrx_word' id='word_1_520' title='bbox 1000 1230 1086 1259; x_wconf 88' lang='lat' dir='ltr'>quere</span> <span class='ocrx_word' id='word_1_521' title='bbox 1108 1231 1162 1251; x_wconf 90' lang='lat' dir='ltr'>non</span> <span class='ocrx_word' id='word_1_522' title='bbox 1184 1223 1278 1251; x_wconf 87' lang='lat' dir='ltr'>valuit.</span> <span class='ocrx_word' id='word_1_523' title='bbox 1301 1223 1360 1259; x_wconf 89' lang='lat' dir='ltr'>Ipse</span> <span class='ocrx_word' id='word_1_524' title='bbox 1380 1231 1447 1251; x_wconf 89' lang='lat' dir='ltr'>vero</span> <span class='ocrx_word' id='word_1_525' title='bbox 1468 1223 1494 1251; x_wconf 92' lang='lat' dir='ltr'>in</span> <span class='ocrx_word' id='word_1_526' title='bbox 1516 1223 1598 1252; x_wconf 89' lang='lat' dir='ltr'>corde</span> <span class='ocrx_word' id='word_1_527' title='bbox 1625 1231 1676 1252; x_wconf 90' lang='lat' dir='ltr'>suo</span> <span class='ocrx_word' id='word_1_528' title='bbox 1704 1223 1846 1252; x_wconf 84' lang='lat' dir='ltr'>humiliter</span> 
     </span>
     <span class='ocr_line' id='line_1_77' title="bbox 1000 1269 1846 1306; baseline 0.001 -9"><span class='ocrx_word' id='word_1_529' title='bbox 1000 1269 1140 1298; x_wconf 85' lang='lat' dir='ltr'>Christum</span> <span class='ocrx_word' id='word_1_530' title='bbox 1172 1269 1281 1301; x_wconf 84' lang='lat' dir='ltr'>orabat,</span> <span class='ocrx_word' id='word_1_531' title='bbox 1309 1272 1341 1298; x_wconf 89' lang='lat' dir='ltr'>ut</span> <span class='ocrx_word' id='word_1_532' title='bbox 1369 1277 1418 1306; x_wconf 89' lang='lat' dir='ltr'>per</span> <span class='ocrx_word' id='word_1_533' title='bbox 1446 1270 1517 1298; x_wconf 88' lang='lat' dir='ltr'>beati</span> <span class='ocrx_word' id='word_1_534' title='bbox 1543 1270 1677 1298; x_wconf 80' lang='lat' dir='ltr'>Francisci</span> <span class='ocrx_word' id='word_1_535' title='bbox 1705 1270 1803 1298; x_wconf 89' lang='lat' dir='ltr'>merita</span> <span class='ocrx_word' id='word_1_536' title='bbox 1830 1278 1846 1298; x_wconf 85' lang='lat' dir='ltr'>a</span> 
     </span>
     <span class='ocr_line' id='line_1_78' title="bbox 999 1316 1847 1353; baseline 0.001 -9"><span class='ocrx_word' id='word_1_537' title='bbox 999 1316 1097 1345; x_wconf 90' lang='lat' dir='ltr'>mortis</span> <span class='ocrx_word' id='word_1_538' title='bbox 1118 1324 1182 1345; x_wconf 90' lang='lat' dir='ltr'>eum</span> <span class='ocrx_word' id='word_1_539' title='bbox 1202 1316 1329 1344; x_wconf 78' lang='lat' dir='ltr'>saucibus</span> <span class='ocrx_word' id='word_1_540' title='bbox 1344 1317 1452 1353; x_wconf 88' lang='lat' dir='ltr'>eripere</span> <span class='ocrx_word' id='word_1_541' title='bbox 1465 1316 1643 1353; x_wconf 75' lang='lat' dir='ltr'>dignaretur3</span> <span class='ocrx_word' id='word_1_542' title='bbox 1665 1324 1800 1353; x_wconf 85' lang='lat' dir='ltr'>moxque,</span> <span class='ocrx_word' id='word_1_543' title='bbox 1814 1319 1847 1345; x_wconf 86' lang='lat' dir='ltr'>ut</span> 
     </span>
     <span class='ocr_line' id='line_1_79' title="bbox 1000 1363 1845 1395; baseline 0 -4"><span class='ocrx_word' id='word_1_544' title='bbox 1000 1363 1170 1391; x_wconf 82' lang='lat' dir='ltr'>confortatus</span> <span class='ocrx_word' id='word_1_545' title='bbox 1191 1371 1207 1391; x_wconf 89' lang='lat' dir='ltr'>a</span> <span class='ocrx_word' id='word_1_546' title='bbox 1227 1363 1359 1395; x_wconf 85' lang='lat' dir='ltr'>Domino,</span> <span class='ocrx_word' id='word_1_547' title='bbox 1385 1363 1456 1392; x_wconf 90' lang='lat' dir='ltr'>beati</span> <span class='ocrx_word' id='word_1_548' title='bbox 1485 1363 1621 1392; x_wconf 87' lang='lat' dir='ltr'>Francisci</span> <span class='ocrx_word' id='word_1_549' title='bbox 1646 1371 1745 1392; x_wconf 90' lang='lat' dir='ltr'>nomen</span> <span class='ocrx_word' id='word_1_550' title='bbox 1773 1363 1845 1392; x_wconf 84' lang='lat' dir='ltr'>fideli</span> 
     </span>
     <span class='ocr_line' id='line_1_80' title="bbox 1000 1409 1847 1447; baseline 0 -9"><span class='ocrx_word' id='word_1_551' title='bbox 1000 1409 1144 1438; x_wconf 87' lang='lat' dir='ltr'>devotione</span> <span class='ocrx_word' id='word_1_552' title='bbox 1164 1409 1335 1446; x_wconf 85' lang='lat' dir='ltr'>deprompsit</span> <span class='ocrx_word' id='word_1_553' title='bbox 1357 1410 1488 1444; x_wconf 86' lang='lat' dir='ltr'>testibus,</span> <span class='ocrx_word' id='word_1_554' title='bbox 1510 1410 1558 1447; x_wconf 94' lang='lat' dir='ltr'>qui</span> <span class='ocrx_word' id='word_1_555' title='bbox 1590 1410 1716 1444; x_wconf 86' lang='lat' dir='ltr'>aderant,</span> <span class='ocrx_word' id='word_1_556' title='bbox 1743 1418 1847 1439; x_wconf 90' lang='lat' dir='ltr'>veneno</span> 
     </span>
     <span class='ocr_line' id='line_1_81' title="bbox 1000 1457 1577 1494; baseline 0 -9"><span class='ocrx_word' id='word_1_557' title='bbox 1000 1457 1135 1491; x_wconf 86' lang='lat' dir='ltr'>evomito,</span> <span class='ocrx_word' id='word_1_558' title='bbox 1156 1457 1296 1485; x_wconf 89' lang='lat' dir='ltr'>liberatori</span> <span class='ocrx_word' id='word_1_559' title='bbox 1320 1465 1371 1485; x_wconf 89' lang='lat' dir='ltr'>suo</span> <span class='ocrx_word' id='word_1_560' title='bbox 1392 1457 1494 1494; x_wconf 84' lang='lat' dir='ltr'>gratias</span> <span class='ocrx_word' id='word_1_561' title='bbox 1514 1457 1577 1494; x_wconf 85' lang='lat' dir='ltr'>egit.</span> 
     </span>
    </p>
   </div>
   <div class='ocr_carea' id='block_1_9' title="bbox 1168 1550 1679 1589">
    <p class='ocr_par' dir='ltr' id='par_1_13' title="bbox 1168 1550 1679 1589">
     <span class='ocr_line' id='line_1_82' title="bbox 1168 1550 1679 1589; baseline 0 -10"><span class='ocrx_word' id='word_1_562' title='bbox 1168 1552 1185 1586; x_wconf 58' lang='grc' dir='ltr'><strong>ξ</strong></span> <span class='ocrx_word' id='word_1_563' title='bbox 1206 1551 1248 1579; x_wconf 91' lang='lat' dir='ltr'>IV.</span> <span class='ocrx_word' id='word_1_564' title='bbox 1273 1551 1311 1579; x_wconf 84' lang='lat' dir='ltr'>De</span> <span class='ocrx_word' id='word_1_565' title='bbox 1330 1550 1494 1589; x_wconf 68' lang='lat' dir='ltr'>uaufrayis</span> <span class='ocrx_word' id='word_1_566' title='bbox 1515 1550 1645 1580; x_wconf 72' lang='lat' dir='ltr'>liberatis</span> <span class='ocrx_word' id='word_1_567' title='bbox 1659 1551 1679 1579; x_wconf 79' lang='lat'>⁸.</span> 
     </span>
    </p>
   </div>
   <div class='ocr_carea' id='block_1_10' title="bbox 999 1644 1847 2572">
    <p class='ocr_par' dir='ltr' id='par_1_14' title="bbox 999 1644 1847 2572">
     <span class='ocr_line' id='line_1_83' title="bbox 1081 1644 1846 1682; baseline 0.001 -10"><span class='ocrx_word' id='word_1_568' title='bbox 1081 1645 1105 1672; x_wconf 82' lang='lat'>1.</span> <span class='ocrx_word' id='word_1_569' title='bbox 1127 1644 1155 1672; x_wconf 93' lang='lat' dir='ltr'>In</span> <span class='ocrx_word' id='word_1_570' title='bbox 1178 1652 1276 1681; x_wconf 86' lang='lat' dir='ltr'>magno</span> <span class='ocrx_word' id='word_1_571' title='bbox 1298 1645 1384 1673; x_wconf 86' lang='lat' dir='ltr'>maris</span> <span class='ocrx_word' id='word_1_572' title='bbox 1404 1645 1528 1681; x_wconf 86' lang='lat' dir='ltr'>periculo</span> <span class='ocrx_word' id='word_1_573' title='bbox 1550 1645 1628 1681; x_wconf 90' lang='lat' dir='ltr'>positi</span> <span class='ocrx_word' id='word_1_574' title='bbox 1652 1645 1762 1682; x_wconf 89' lang='lat' dir='ltr'>quidam</span> <span class='ocrx_word' id='word_1_575' title='bbox 1778 1653 1846 1674; x_wconf 90' lang='lat' dir='ltr'>nau-</span> 
     </span>
     <span class='ocr_line' id='line_1_84' title="bbox 999 1691 1846 1728; baseline 0.001 -9"><span class='ocrx_word' id='word_1_576' title='bbox 999 1694 1058 1725; x_wconf 88' lang='lat' dir='ltr'>tae,</span> <span class='ocrx_word' id='word_1_577' title='bbox 1073 1699 1137 1720; x_wconf 88' lang='lat' dir='ltr'>cum</span> <span class='ocrx_word' id='word_1_578' title='bbox 1165 1699 1214 1728; x_wconf 89' lang='lat' dir='ltr'>per</span> <span class='ocrx_word' id='word_1_579' title='bbox 1241 1691 1369 1719; x_wconf 84' lang='lat' dir='ltr'>milliaria</span> <span class='ocrx_word' id='word_1_580' title='bbox 1393 1691 1487 1720; x_wconf 88' lang='lat' dir='ltr'>decem</span> <span class='ocrx_word' id='word_1_581' title='bbox 1516 1700 1532 1720; x_wconf 91' lang='lat' dir='ltr'>a</span> <span class='ocrx_word' id='word_1_582' title='bbox 1554 1694 1636 1728; x_wconf 89' lang='lat' dir='ltr'>portu</span> <span class='ocrx_word' id='word_1_583' title='bbox 1664 1691 1846 1720; x_wconf 77' lang='lat' dir='ltr'>Barulitano⁰</span> 
     </span>
     <span class='ocr_line' id='line_1_85' title="bbox 999 1738 1847 1775; baseline 0.001 -9"><span class='ocrx_word' id='word_1_584' title='bbox 999 1738 1145 1772; x_wconf 88' lang='lat' dir='ltr'>distarent,</span> <span class='ocrx_word' id='word_1_585' title='bbox 1167 1738 1375 1775; x_wconf 86' lang='lat' dir='ltr'>ingravescente</span> <span class='ocrx_word' id='word_1_586' title='bbox 1396 1738 1511 1767; x_wconf 89' lang='lat' dir='ltr'>nimium</span> <span class='ocrx_word' id='word_1_587' title='bbox 1533 1741 1710 1775; x_wconf 84' lang='lat' dir='ltr'>tempestate,</span> <span class='ocrx_word' id='word_1_588' title='bbox 1739 1739 1792 1767; x_wconf 91' lang='lat' dir='ltr'>iam</span> <span class='ocrx_word' id='word_1_589' title='bbox 1813 1738 1847 1768; x_wconf 90' lang='lat' dir='ltr'>de</span> 
     </span>
     <span class='ocr_line' id='line_1_86' title="bbox 999 1785 1847 1822; baseline 0.001 -9"><span class='ocrx_word' id='word_1_590' title='bbox 999 1785 1055 1814; x_wconf 89' lang='lat' dir='ltr'>vita</span> <span class='ocrx_word' id='word_1_591' title='bbox 1075 1785 1151 1813; x_wconf 91' lang='lat' dir='ltr'>dubii</span> <span class='ocrx_word' id='word_1_592' title='bbox 1173 1793 1289 1813; x_wconf 87' lang='lat' dir='ltr'>ancoras</span> <span class='ocrx_word' id='word_1_593' title='bbox 1309 1785 1507 1814; x_wconf 89' lang='lat' dir='ltr'>submiserunt.</span> <span class='ocrx_word' id='word_1_594' title='bbox 1531 1786 1634 1815; x_wconf 89' lang='lat' dir='ltr'>Verum</span> <span class='ocrx_word' id='word_1_595' title='bbox 1659 1786 1759 1822; x_wconf 87' lang='lat' dir='ltr'>spiritu</span> <span class='ocrx_word' id='word_1_596' title='bbox 1783 1794 1847 1822; x_wconf 89' lang='lat' dir='ltr'>pro-</span> 
     </span>
     <span class='ocr_line' id='line_1_87' title="bbox 999 1831 1846 1866; baseline 0.001 -6"><span class='ocrx_word' id='word_1_597' title='bbox 999 1832 1132 1860; x_wconf 87' lang='lat' dir='ltr'>cellarum</span> <span class='ocrx_word' id='word_1_598' title='bbox 1153 1831 1223 1860; x_wconf 88' lang='lat' dir='ltr'>mari</span> <span class='ocrx_word' id='word_1_599' title='bbox 1244 1832 1396 1861; x_wconf 87' lang='lat' dir='ltr'>ferventius</span> <span class='ocrx_word' id='word_1_600' title='bbox 1417 1835 1603 1866; x_wconf 85' lang='lat' dir='ltr'>tumescente,</span> <span class='ocrx_word' id='word_1_601' title='bbox 1625 1832 1719 1861; x_wconf 87' lang='lat' dir='ltr'>fractis</span> <span class='ocrx_word' id='word_1_602' title='bbox 1733 1832 1846 1861; x_wconf 86' lang='lat' dir='ltr'>funibus</span> 
     </span>
     <span class='ocr_line' id='line_1_88' title="bbox 999 1879 1846 1916; baseline 0.001 -9"><span class='ocrx_word' id='word_1_603' title='bbox 999 1882 1026 1907; x_wconf 92' lang='lat' dir='ltr'>et</span> <span class='ocrx_word' id='word_1_604' title='bbox 1054 1879 1157 1907; x_wconf 87' lang='lat' dir='ltr'>relictis</span> <span class='ocrx_word' id='word_1_605' title='bbox 1185 1879 1308 1912; x_wconf 90' lang='lat' dir='ltr'>ancoris,</span> <span class='ocrx_word' id='word_1_606' title='bbox 1337 1879 1443 1907; x_wconf 89' lang='lat' dir='ltr'>incerto</span> <span class='ocrx_word' id='word_1_607' title='bbox 1464 1882 1491 1908; x_wconf 87' lang='lat' dir='ltr'>et</span> <span class='ocrx_word' id='word_1_608' title='bbox 1518 1879 1655 1916; x_wconf 87' lang='lat' dir='ltr'>inaequali</span> <span class='ocrx_word' id='word_1_609' title='bbox 1683 1887 1768 1908; x_wconf 86' lang='lat' dir='ltr'>cursu</span> <span class='ocrx_word' id='word_1_610' title='bbox 1798 1888 1846 1916; x_wconf 90' lang='lat' dir='ltr'>per</span> 
     </span>
     <span class='ocr_line' id='line_1_89' title="bbox 999 1926 1846 1963; baseline 0.001 -9"><span class='ocrx_word' id='word_1_611' title='bbox 999 1934 1121 1963; x_wconf 89' lang='lat' dir='ltr'>aequora</span> <span class='ocrx_word' id='word_1_612' title='bbox 1142 1926 1322 1963; x_wconf 82' lang='lat' dir='ltr'>vagabantur.</span> <span class='ocrx_word' id='word_1_613' title='bbox 1345 1926 1464 1955; x_wconf 88' lang='lat' dir='ltr'>Tandem</span> <span class='ocrx_word' id='word_1_614' title='bbox 1486 1929 1557 1955; x_wconf 92' lang='lat' dir='ltr'>nutu</span> <span class='ocrx_word' id='word_1_615' title='bbox 1578 1926 1671 1955; x_wconf 90' lang='lat' dir='ltr'>divino</span> <span class='ocrx_word' id='word_1_616' title='bbox 1691 1927 1760 1955; x_wconf 89' lang='lat' dir='ltr'>mari</span> <span class='ocrx_word' id='word_1_617' title='bbox 1790 1927 1846 1963; x_wconf 89' lang='lat' dir='ltr'>pla-</span> 
     </span>
     <span class='ocr_line' id='line_1_90' title="bbox 999 1973 1845 2010; baseline 0.001 -9"><span class='ocrx_word' id='word_1_618' title='bbox 999 1976 1075 2007; x_wconf 89' lang='lat' dir='ltr'>cato,</span> <span class='ocrx_word' id='word_1_619' title='bbox 1097 1973 1129 2001; x_wconf 81' lang='lat' dir='ltr'>ad</span> <span class='ocrx_word' id='word_1_620' title='bbox 1152 1973 1331 2002; x_wconf 84' lang='lat' dir='ltr'>resumendas</span> <span class='ocrx_word' id='word_1_621' title='bbox 1352 1973 1503 2007; x_wconf 86' lang='lat' dir='ltr'>anchoras,</span> <span class='ocrx_word' id='word_1_622' title='bbox 1525 1981 1645 2010; x_wconf 87' lang='lat' dir='ltr'>quarum</span> <span class='ocrx_word' id='word_1_623' title='bbox 1663 1974 1743 2002; x_wconf 82' lang='lat' dir='ltr'>funes</span> <span class='ocrx_word' id='word_1_624' title='bbox 1764 1982 1845 2010; x_wconf 90' lang='lat' dir='ltr'>supe-</span> 
     </span>
     <span class='ocr_line' id='line_1_91' title="bbox 1000 2020 1845 2057; baseline 0.001 -9"><span class='ocrx_word' id='word_1_625' title='bbox 1000 2020 1059 2048; x_wconf 91' lang='lat' dir='ltr'>rius</span> <span class='ocrx_word' id='word_1_626' title='bbox 1080 2020 1240 2053; x_wconf 89' lang='lat' dir='ltr'>enatabant,</span> <span class='ocrx_word' id='word_1_627' title='bbox 1256 2023 1312 2048; x_wconf 91' lang='lat' dir='ltr'>toto</span> <span class='ocrx_word' id='word_1_628' title='bbox 1327 2028 1356 2048; x_wconf 89' lang='lat' dir='ltr'>se</span> <span class='ocrx_word' id='word_1_629' title='bbox 1370 2020 1512 2049; x_wconf 86' lang='lat' dir='ltr'>conamine</span> <span class='ocrx_word' id='word_1_630' title='bbox 1526 2024 1704 2057; x_wconf 84' lang='lat' dir='ltr'>paraverunt.</span> <span class='ocrx_word' id='word_1_631' title='bbox 1720 2021 1845 2057; x_wconf 87' lang='lat' dir='ltr'>Cumque</span> 
     </span>
     <span class='ocr_line' id='line_1_92' title="bbox 999 2066 1845 2104; baseline 0.001 -9"><span class='ocrx_word' id='word_1_632' title='bbox 999 2066 1025 2095; x_wconf 90' lang='lat' dir='ltr'>id</span> <span class='ocrx_word' id='word_1_633' title='bbox 1048 2066 1181 2103; x_wconf 85' lang='lat' dir='ltr'>perficere</span> <span class='ocrx_word' id='word_1_634' title='bbox 1202 2066 1324 2103; x_wconf 86' lang='lat' dir='ltr'>propriis</span> <span class='ocrx_word' id='word_1_635' title='bbox 1344 2067 1451 2095; x_wconf 89' lang='lat' dir='ltr'>viribus</span> <span class='ocrx_word' id='word_1_636' title='bbox 1472 2075 1527 2095; x_wconf 87' lang='lat' dir='ltr'>non</span> <span class='ocrx_word' id='word_1_637' title='bbox 1548 2067 1684 2101; x_wconf 87' lang='lat' dir='ltr'>valerent,</span> <span class='ocrx_word' id='word_1_638' title='bbox 1710 2067 1845 2104; x_wconf 88' lang='lat' dir='ltr'>plurimo-</span> 
     </span>
     <span class='ocr_line' id='line_1_93' title="bbox 1000 2113 1846 2151; baseline 0.001 -9"><span class='ocrx_word' id='word_1_639' title='bbox 1000 2121 1062 2142; x_wconf 94' lang='lat' dir='ltr'>rum</span> <span class='ocrx_word' id='word_1_640' title='bbox 1085 2114 1247 2142; x_wconf 82' lang='lat' dir='ltr'>Sanctorum</span> <span class='ocrx_word' id='word_1_641' title='bbox 1270 2114 1395 2142; x_wconf 87' lang='lat' dir='ltr'>invocato</span> <span class='ocrx_word' id='word_1_642' title='bbox 1416 2113 1539 2143; x_wconf 89' lang='lat' dir='ltr'>subsidio</span> <span class='ocrx_word' id='word_1_643' title='bbox 1559 2114 1709 2151; x_wconf 88' lang='lat' dir='ltr'>multisque</span> <span class='ocrx_word' id='word_1_644' title='bbox 1731 2114 1785 2143; x_wconf 89' lang='lat' dir='ltr'>iam</span> <span class='ocrx_word' id='word_1_645' title='bbox 1800 2122 1846 2143; x_wconf 90' lang='lat' dir='ltr'>su-</span> 
     </span>
     <span class='ocr_line' id='line_1_94' title="bbox 999 2160 1847 2198; baseline 0.002 -10"><span class='ocrx_word' id='word_1_646' title='bbox 999 2160 1113 2189; x_wconf 87' lang='lat' dir='ltr'>doribus</span> <span class='ocrx_word' id='word_1_647' title='bbox 1138 2160 1335 2197; x_wconf 86' lang='lat' dir='ltr'>liquescentes,</span> <span class='ocrx_word' id='word_1_648' title='bbox 1358 2168 1408 2189; x_wconf 88' lang='lat' dir='ltr'>nec</span> <span class='ocrx_word' id='word_1_649' title='bbox 1429 2169 1513 2189; x_wconf 89' lang='lat' dir='ltr'>unam</span> <span class='ocrx_word' id='word_1_650' title='bbox 1534 2169 1583 2198; x_wconf 90' lang='lat' dir='ltr'>per</span> <span class='ocrx_word' id='word_1_651' title='bbox 1604 2164 1689 2189; x_wconf 90' lang='lat' dir='ltr'>totam</span> <span class='ocrx_word' id='word_1_652' title='bbox 1710 2161 1782 2190; x_wconf 89' lang='lat' dir='ltr'>diem</span> <span class='ocrx_word' id='word_1_653' title='bbox 1803 2169 1847 2190; x_wconf 90' lang='lat' dir='ltr'>re-</span> 
     </span>
     <span class='ocr_line' id='line_1_95' title="bbox 999 2207 1845 2245; baseline 0.001 -10"><span class='ocrx_word' id='word_1_654' title='bbox 999 2215 1109 2236; x_wconf 86' lang='lat' dir='ltr'>sumere</span> <span class='ocrx_word' id='word_1_655' title='bbox 1130 2210 1290 2244; x_wconf 84' lang='lat' dir='ltr'>potuerunt.</span> <span class='ocrx_word' id='word_1_656' title='bbox 1313 2207 1411 2236; x_wconf 86' lang='lat' dir='ltr'>Aderat</span> <span class='ocrx_word' id='word_1_657' title='bbox 1432 2210 1524 2236; x_wconf 89' lang='lat' dir='ltr'>autem</span> <span class='ocrx_word' id='word_1_658' title='bbox 1540 2211 1623 2236; x_wconf 87' lang='lat' dir='ltr'>nauta</span> <span class='ocrx_word' id='word_1_659' title='bbox 1638 2208 1767 2245; x_wconf 87' lang='lat' dir='ltr'>quidam,</span> <span class='ocrx_word' id='word_1_660' title='bbox 1783 2209 1845 2237; x_wconf 84' lang='lat' dir='ltr'>Per-</span> 
     </span>
     <span class='ocr_line' id='line_1_96' title="bbox 999 2254 1845 2292; baseline 0.001 -10"><span class='ocrx_word' id='word_1_661' title='bbox 999 2254 1088 2283; x_wconf 81' lang='lat' dir='ltr'>fectus</span> <span class='ocrx_word' id='word_1_662' title='bbox 1104 2254 1127 2271; x_wconf 92' lang='lat'>¹⁰</span> <span class='ocrx_word' id='word_1_663' title='bbox 1148 2254 1274 2289; x_wconf 86' lang='lat' dir='ltr'>nomine,</span> <span class='ocrx_word' id='word_1_664' title='bbox 1297 2255 1343 2283; x_wconf 89' lang='lat' dir='ltr'>sed</span> <span class='ocrx_word' id='word_1_665' title='bbox 1364 2255 1489 2284; x_wconf 86' lang='lat' dir='ltr'>moribus</span> <span class='ocrx_word' id='word_1_666' title='bbox 1510 2254 1703 2292; x_wconf 77' lang='lat' dir='ltr'>imperfectus,</span> <span class='ocrx_word' id='word_1_667' title='bbox 1718 2255 1765 2292; x_wconf 89' lang='lat' dir='ltr'>qui</span> <span class='ocrx_word' id='word_1_668' title='bbox 1782 2263 1845 2283; x_wconf 89' lang='lat' dir='ltr'>cum</span> 
     </span>
     <span class='ocr_line' id='line_1_97' title="bbox 999 2301 1846 2338; baseline 0.001 -9"><span class='ocrx_word' id='word_1_669' title='bbox 999 2301 1127 2330; x_wconf 85' lang='lat' dir='ltr'>irrisione</span> <span class='ocrx_word' id='word_1_670' title='bbox 1148 2301 1266 2338; x_wconf 90' lang='lat' dir='ltr'>quadam</span> <span class='ocrx_word' id='word_1_671' title='bbox 1288 2301 1359 2330; x_wconf 91' lang='lat' dir='ltr'>dixit</span> <span class='ocrx_word' id='word_1_672' title='bbox 1379 2301 1412 2330; x_wconf 91' lang='lat' dir='ltr'>ad</span> <span class='ocrx_word' id='word_1_673' title='bbox 1427 2302 1529 2330; x_wconf 89' lang='lat' dir='ltr'>socios:</span> <span class='ocrx_word' id='word_1_674' title='bbox 1556 2313 1569 2326; x_wconf 86' lang='lat'>«</span> <span class='ocrx_word' id='word_1_675' title='bbox 1585 2302 1668 2335; x_wconf 86' lang='lat' dir='ltr'>Ecce,</span> <span class='ocrx_word' id='word_1_676' title='bbox 1683 2302 1846 2330; x_wconf 88' lang='lat' dir='ltr'>Sanctorum</span> 
     </span>
     <span class='ocr_line' id='line_1_98' title="bbox 999 2347 1846 2382; baseline 0.001 -7"><span class='ocrx_word' id='word_1_677' title='bbox 999 2347 1123 2376; x_wconf 90' lang='lat' dir='ltr'>omnium</span> <span class='ocrx_word' id='word_1_678' title='bbox 1134 2348 1280 2376; x_wconf 88' lang='lat' dir='ltr'>invocastis</span> <span class='ocrx_word' id='word_1_679' title='bbox 1293 2348 1445 2382; x_wconf 86' lang='lat' dir='ltr'>auxilium,</span> <span class='ocrx_word' id='word_1_680' title='bbox 1461 2351 1496 2382; x_wconf 92' lang='lat' dir='ltr'>et,</span> <span class='ocrx_word' id='word_1_681' title='bbox 1512 2351 1543 2377; x_wconf 91' lang='lat' dir='ltr'>ut</span> <span class='ocrx_word' id='word_1_682' title='bbox 1559 2348 1664 2382; x_wconf 90' lang='lat' dir='ltr'>videtis,</span> <span class='ocrx_word' id='word_1_683' title='bbox 1682 2348 1776 2377; x_wconf 91' lang='lat' dir='ltr'>nullus</span> <span class='ocrx_word' id='word_1_684' title='bbox 1790 2352 1846 2382; x_wconf 94' lang='lat' dir='ltr'>est,</span> 
     </span>
     <span class='ocr_line' id='line_1_99' title="bbox 1000 2394 1846 2432; baseline 0.001 -10"><span class='ocrx_word' id='word_1_685' title='bbox 1000 2394 1047 2430; x_wconf 91' lang='lat' dir='ltr'>qui</span> <span class='ocrx_word' id='word_1_686' title='bbox 1069 2397 1223 2423; x_wconf 88' lang='lat' dir='ltr'>succurrat.</span> <span class='ocrx_word' id='word_1_687' title='bbox 1246 2395 1407 2424; x_wconf 87' lang='lat' dir='ltr'>Invocemus</span> <span class='ocrx_word' id='word_1_688' title='bbox 1420 2395 1503 2423; x_wconf 90' lang='lat' dir='ltr'>istum</span> <span class='ocrx_word' id='word_1_689' title='bbox 1518 2395 1710 2429; x_wconf 86' lang='lat' dir='ltr'>Franciscum,</span> <span class='ocrx_word' id='word_1_690' title='bbox 1732 2395 1778 2432; x_wconf 88' lang='lat' dir='ltr'>qui</span> <span class='ocrx_word' id='word_1_691' title='bbox 1798 2403 1846 2424; x_wconf 91' lang='lat' dir='ltr'>no-</span> 
     </span>
     <span class='ocr_line' id='line_1_100' title="bbox 1000 2440 1845 2479; baseline 0.001 -10"><span class='ocrx_word' id='word_1_692' title='bbox 1000 2440 1089 2469; x_wconf 86' lang='lat' dir='ltr'>vellus</span> <span class='ocrx_word' id='word_1_693' title='bbox 1109 2443 1151 2469; x_wconf 90' lang='lat' dir='ltr'>est</span> <span class='ocrx_word' id='word_1_694' title='bbox 1172 2441 1300 2475; x_wconf 87' lang='lat' dir='ltr'>Sanctus,</span> <span class='ocrx_word' id='word_1_695' title='bbox 1316 2441 1337 2469; x_wconf 90' lang='lat' dir='ltr'>si</span> <span class='ocrx_word' id='word_1_696' title='bbox 1352 2450 1407 2478; x_wconf 90' lang='lat' dir='ltr'>quo</span> <span class='ocrx_word' id='word_1_697' title='bbox 1422 2442 1502 2470; x_wconf 86' lang='lat' dir='ltr'>modo</span> <span class='ocrx_word' id='word_1_698' title='bbox 1524 2441 1550 2469; x_wconf 94' lang='lat' dir='ltr'>in</span> <span class='ocrx_word' id='word_1_699' title='bbox 1567 2449 1642 2470; x_wconf 86' lang='lat' dir='ltr'>mare</span> <span class='ocrx_word' id='word_1_700' title='bbox 1657 2450 1685 2470; x_wconf 89' lang='lat' dir='ltr'>se</span> <span class='ocrx_word' id='word_1_701' title='bbox 1704 2445 1811 2479; x_wconf 79' lang='lat' dir='ltr'>mergat</span> <span class='ocrx_word' id='word_1_702' title='bbox 1824 2443 1845 2459; x_wconf 87' lang='lat'>¹¹</span> 
     </span>
     <span class='ocr_line' id='line_1_101' title="bbox 1001 2487 1845 2524; baseline 0.002 -9"><span class='ocrx_word' id='word_1_703' title='bbox 1001 2489 1028 2515; x_wconf 86' lang='lat' dir='ltr'>et</span> <span class='ocrx_word' id='word_1_704' title='bbox 1055 2495 1170 2515; x_wconf 84' lang='lat' dir='ltr'>ancoras</span> <span class='ocrx_word' id='word_1_705' title='bbox 1197 2487 1318 2524; x_wconf 87' lang='lat' dir='ltr'>perditas</span> <span class='ocrx_word' id='word_1_706' title='bbox 1347 2488 1482 2516; x_wconf 80' lang='lat' dir='ltr'>reddat».</span> <span class='ocrx_word' id='word_1_707' title='bbox 1512 2488 1717 2517; x_wconf 88' lang='lat' dir='ltr'>Consenserunt</span> <span class='ocrx_word' id='word_1_708' title='bbox 1745 2489 1845 2522; x_wconf 85' lang='lat' dir='ltr'>ceteri,</span> 
     </span>
     <span class='ocr_line' id='line_1_102' title="bbox 1002 2534 1845 2572; baseline 0.002 -10"><span class='ocrx_word' id='word_1_709' title='bbox 1002 2542 1056 2563; x_wconf 94' lang='lat' dir='ltr'>non</span> <span class='ocrx_word' id='word_1_710' title='bbox 1070 2534 1210 2569; x_wconf 80' lang='lat' dir='ltr'>irriSorie,</span> <span class='ocrx_word' id='word_1_711' title='bbox 1226 2534 1273 2563; x_wconf 87' lang='lat' dir='ltr'>sed</span> <span class='ocrx_word' id='word_1_712' title='bbox 1287 2535 1422 2564; x_wconf 87' lang='lat' dir='ltr'>veraciter</span> <span class='ocrx_word' id='word_1_713' title='bbox 1437 2535 1556 2564; x_wconf 87' lang='lat' dir='ltr'>suasioni</span> <span class='ocrx_word' id='word_1_714' title='bbox 1574 2535 1702 2570; x_wconf 84' lang='lat' dir='ltr'>Perfecti,</span> <span class='ocrx_word' id='word_1_715' title='bbox 1718 2539 1745 2564; x_wconf 88' lang='lat' dir='ltr'>et</span> <span class='ocrx_word' id='word_1_716' title='bbox 1759 2536 1845 2572; x_wconf 86' lang='lat' dir='ltr'>ipsius</span> 
     </span>
    </p>
   </div>
   <div class='ocr_carea' id='block_1_11' title="bbox 721 2646 1235 2651">
    <p class='ocr_par' dir='ltr' id='par_1_15' title="bbox 721 2646 1235 2651">
     <span class='ocr_line' id='line_1_103' title="bbox 721 2646 1235 2651; baseline 0 0"><span class='ocrx_word' id='word_1_717' title='bbox 721 2646 1235 2651; x_wconf 95' lang='lat' dir='ltr'> </span> 
     </span>
    </p>
   </div>
   <div class='ocr_carea' id='block_1_12' title="bbox 101 2724 946 3022">
    <p class='ocr_par' dir='ltr' id='par_1_16' title="bbox 165 2724 593 2754">
     <span class='ocr_line' id='line_1_104' title="bbox 165 2724 593 2754; baseline 0.005 -7"><span class='ocrx_word' id='word_1_718' title='bbox 165 2724 172 2738; x_wconf 89' lang='lat'>¹</span> <span class='ocrx_word' id='word_1_719' title='bbox 192 2726 212 2748; x_wconf 94' lang='lat' dir='ltr'>ln</span> <span class='ocrx_word' id='word_1_720' title='bbox 233 2726 291 2748; x_wconf 89' lang='lat' dir='ltr'>loan.</span> <span class='ocrx_word' id='word_1_721' title='bbox 310 2727 398 2754; x_wconf 79' lang='lat' dir='ltr'>Evang.</span> <span class='ocrx_word' id='word_1_722' title='bbox 415 2730 441 2748; x_wconf 77' lang='lat' dir='ltr'>tr.</span> <span class='ocrx_word' id='word_1_723' title='bbox 460 2726 496 2749; x_wconf 76' lang='lat'>25.</span> <span class='ocrx_word' id='word_1_724' title='bbox 514 2733 536 2748; x_wconf 92' lang='lat' dir='ltr'>n.</span> <span class='ocrx_word' id='word_1_725' title='bbox 556 2727 593 2749; x_wconf 61' lang='lat' dir='ltr'>slss.</span> 
     </span>
    </p>

    <p class='ocr_par' dir='ltr' id='par_1_17' title="bbox 164 2764 733 2793">
     <span class='ocr_line' id='line_1_105' title="bbox 164 2764 733 2793; baseline 0.002 -6"><span class='ocrx_word' id='word_1_726' title='bbox 164 2764 173 2779; x_wconf 59' lang='grc' dir='ltr'>ἵ</span> <span class='ocrx_word' id='word_1_727' title='bbox 191 2766 214 2787; x_wconf 90' lang='lat' dir='ltr'>ln</span> <span class='ocrx_word' id='word_1_728' title='bbox 231 2765 355 2793; x_wconf 82' lang='lat' dir='ltr'>Campania</span> <span class='ocrx_word' id='word_1_729' title='bbox 374 2766 476 2788; x_wconf 81' lang='lat' dir='ltr'>Romana</span> <span class='ocrx_word' id='word_1_730' title='bbox 493 2766 522 2788; x_wconf 79' lang='lat' dir='ltr'>ad</span> <span class='ocrx_word' id='word_1_731' title='bbox 541 2767 638 2788; x_wconf 83' lang='lat' dir='ltr'>fluvium</span> <span class='ocrx_word' id='word_1_732' title='bbox 656 2767 733 2789; x_wconf 87' lang='lat' dir='ltr'>Lirim.</span> 
     </span>
    </p>

    <p class='ocr_par' dir='ltr' id='par_1_18' title="bbox 165 2803 743 2835">
     <span class='ocr_line' id='line_1_106' title="bbox 165 2803 743 2835; baseline 0.003 -9"><span class='ocrx_word' id='word_1_733' title='bbox 165 2803 173 2816; x_wconf 79' lang='lat'>³</span> <span class='ocrx_word' id='word_1_734' title='bbox 191 2804 248 2827; x_wconf 85' lang='lat' dir='ltr'>Edd.</span> <span class='ocrx_word' id='word_1_735' title='bbox 263 2810 317 2827; x_wconf 87' lang='lat' dir='ltr'>cum</span> <span class='ocrx_word' id='word_1_736' title='bbox 336 2811 381 2827; x_wconf 86' lang='lat' dir='ltr'>uno</span> <span class='ocrx_word' id='word_1_737' title='bbox 397 2805 515 2834; x_wconf 80' lang='lat' dir='ltr'>alteroque</span> <span class='ocrx_word' id='word_1_738' title='bbox 532 2805 583 2828; x_wconf 86' lang='lat' dir='ltr'>cod.</span> <span class='ocrx_word' id='word_1_739' title='bbox 601 2805 743 2835; x_wconf 75' lang='lat' dir='ltr'>impetrarit.</span> 
     </span>
    </p>

    <p class='ocr_par' dir='ltr' id='par_1_19' title="bbox 166 2842 326 2866">
     <span class='ocr_line' id='line_1_107' title="bbox 166 2842 326 2866; baseline 0 -1"><span class='ocrx_word' id='word_1_740' title='bbox 166 2842 175 2855; x_wconf 82' lang='lat'><strong>⁴</strong></span> <span class='ocrx_word' id='word_1_741' title='bbox 192 2843 214 2865; x_wconf 89' lang='lat' dir='ltr'>ln</span> <span class='ocrx_word' id='word_1_742' title='bbox 233 2843 326 2866; x_wconf 83' lang='lat' dir='ltr'>Tuscia.</span> 
     </span>
    </p>

    <p class='ocr_par' dir='ltr' id='par_1_20' title="bbox 101 2881 942 2948">
     <span class='ocr_line' id='line_1_108' title="bbox 166 2881 942 2912; baseline 0.003 -8"><span class='ocrx_word' id='word_1_743' title='bbox 166 2881 175 2894; x_wconf 83' lang='lat'>⁵</span> <span class='ocrx_word' id='word_1_744' title='bbox 192 2882 279 2910; x_wconf 75' lang='lat' dir='ltr'>supple</span> <span class='ocrx_word' id='word_1_745' title='bbox 294 2884 365 2906; x_wconf 76' lang='lat' dir='ltr'>secla.</span> <span class='ocrx_word' id='word_1_746' title='bbox 383 2883 478 2905; x_wconf 82' lang='lat' dir='ltr'>lnserius</span> <span class='ocrx_word' id='word_1_747' title='bbox 495 2889 537 2911; x_wconf 90' lang='lat' dir='ltr'>pro</span> <span class='ocrx_word' id='word_1_748' title='bbox 551 2889 613 2912; x_wconf 79' lang='lat' dir='ltr'>prae</span> <span class='ocrx_word' id='word_1_749' title='bbox 629 2882 745 2906; x_wconf 76' lang='lat' dir='ltr'>debilitate</span> <span class='ocrx_word' id='word_1_750' title='bbox 759 2883 807 2906; x_wconf 84' lang='lat' dir='ltr'>Vat.</span> <span class='ocrx_word' id='word_1_751' title='bbox 820 2890 873 2906; x_wconf 90' lang='lat' dir='ltr'>cum</span> <span class='ocrx_word' id='word_1_752' title='bbox 886 2884 942 2906; x_wconf 59' lang='lat' dir='ltr'>cal</span> 
     </span>
     <span class='ocr_line' id='line_1_109' title="bbox 101 2919 287 2948; baseline 0.011 -7"><span class='ocrx_word' id='word_1_753' title='bbox 101 2925 147 2948; x_wconf 77' lang='lat' dir='ltr'>pro</span> <span class='ocrx_word' id='word_1_754' title='bbox 164 2919 287 2944; x_wconf 76' lang='lat' dir='ltr'>debilitate.</span> 
     </span>
    </p>

    <p class='ocr_par' dir='ltr' id='par_1_21' title="bbox 166 2957 946 2990">
     <span class='ocr_line' id='line_1_110' title="bbox 166 2957 946 2990; baseline 0.004 -10"><span class='ocrx_word' id='word_1_755' title='bbox 166 2957 176 2971; x_wconf 67' lang='grc' dir='ltr'><strong>θ</strong></span> <span class='ocrx_word' id='word_1_756' title='bbox 192 2959 226 2981; x_wconf 79' lang='lat' dir='ltr'>Ad</span> <span class='ocrx_word' id='word_1_757' title='bbox 244 2965 308 2981; x_wconf 84' lang='lat' dir='ltr'>oram</span> <span class='ocrx_word' id='word_1_758' title='bbox 326 2960 396 2982; x_wconf 83' lang='lat' dir='ltr'>maris</span> <span class='ocrx_word' id='word_1_759' title='bbox 413 2959 502 2982; x_wconf 85' lang='lat' dir='ltr'>lbcrici.</span> <span class='ocrx_word' id='word_1_760' title='bbox 517 2972 548 2977; x_wconf 93' lang='lat'>—</span> <span class='ocrx_word' id='word_1_761' title='bbox 564 2960 660 2983; x_wconf 81' lang='lat' dir='ltr'>Inferius</span> <span class='ocrx_word' id='word_1_762' title='bbox 676 2966 718 2988; x_wconf 87' lang='lat' dir='ltr'>pro</span> <span class='ocrx_word' id='word_1_763' title='bbox 736 2966 795 2990; x_wconf 76' lang='lat' dir='ltr'>quas</span> <span class='ocrx_word' id='word_1_764' title='bbox 812 2960 946 2990; x_wconf 77' lang='lat' dir='ltr'>edd.11u(1e.</span> 
     </span>
    </p>

    <p class='ocr_par' dir='ltr' id='par_1_22' title="bbox 172 2996 504 3022">
     <span class='ocr_line' id='line_1_111' title="bbox 172 2996 504 3022; baseline 0.006 -2"><span class='ocrx_word' id='word_1_765' title='bbox 172 2996 179 3009; x_wconf 97' lang='lat'>⁷</span> <span class='ocrx_word' id='word_1_766' title='bbox 197 2998 250 3020; x_wconf 73' lang='lat' dir='ltr'>Acta</span> <span class='ocrx_word' id='word_1_767' title='bbox 269 2999 307 3020; x_wconf 83' lang='lat' dir='ltr'>SS.</span> <span class='ocrx_word' id='word_1_768' title='bbox 326 2998 353 3021; x_wconf 81' lang='lat' dir='ltr'>de</span> <span class='ocrx_word' id='word_1_769' title='bbox 370 2998 419 3022; x_wconf 79' lang='lat' dir='ltr'>vico</span> <span class='ocrx_word' id='word_1_770' title='bbox 437 2998 504 3022; x_wconf 52' lang='lat' dir='ltr'>Albo·</span> 
     </span>
    </p>
   </div>
   <div class='ocr_carea' id='block_1_13' title="bbox 972 2867 977 3029">
    <p class='ocr_par' dir='ltr' id='par_1_23' title="bbox 972 2867 977 3029">
     <span class='ocr_line' id='line_1_112' title="bbox 972 2867 977 3029; baseline 0 0"><span class='ocrx_word' id='word_1_771' title='bbox 972 2867 977 3029; x_wconf 95' lang='lat' dir='ltr'> </span> 
     </span>
    </p>
   </div>
   <div class='ocr_carea' id='block_1_14' title="bbox 1003 2727 1845 2990">
    <p class='ocr_par' dir='ltr' id='par_1_24' title="bbox 1004 2727 1845 2790">
     <span class='ocr_line' id='line_1_113' title="bbox 1065 2727 1845 2757; baseline 0 -7"><span class='ocrx_word' id='word_1_772' title='bbox 1065 2727 1075 2740; x_wconf 74' lang='lat'>³</span> <span class='ocrx_word' id='word_1_773' title='bbox 1093 2728 1149 2750; x_wconf 84' lang='lat' dir='ltr'>Edd.</span> <span class='ocrx_word' id='word_1_774' title='bbox 1168 2729 1199 2751; x_wconf 78' lang='lat' dir='ltr'>De</span> <span class='ocrx_word' id='word_1_775' title='bbox 1217 2727 1321 2751; x_wconf 62' lang='lat' dir='ltr'>liberans</span> <span class='ocrx_word' id='word_1_776' title='bbox 1338 2735 1352 2751; x_wconf 81' lang='lat' dir='ltr'>a</span> <span class='ocrx_word' id='word_1_777' title='bbox 1370 2728 1506 2757; x_wconf 70' lang='lat' dir='ltr'>nauli-ayla.</span> <span class='ocrx_word' id='word_1_778' title='bbox 1524 2728 1597 2750; x_wconf 74' lang='lat' dir='ltr'>Cosld.</span> <span class='ocrx_word' id='word_1_779' title='bbox 1615 2729 1683 2750; x_wconf 83' lang='lat' dir='ltr'>DEF</span> <span class='ocrx_word' id='word_1_780' title='bbox 1701 2730 1759 2751; x_wconf 86' lang='lat' dir='ltr'>hauc</span> <span class='ocrx_word' id='word_1_781' title='bbox 1774 2728 1845 2752; x_wconf 82' lang='lat' dir='ltr'>rubri-</span> 
     </span>
     <span class='ocr_line' id='line_1_114' title="bbox 1004 2768 1187 2790; baseline 0 -1"><span class='ocrx_word' id='word_1_782' title='bbox 1004 2773 1054 2789; x_wconf 86' lang='lat' dir='ltr'>cam</span> <span class='ocrx_word' id='word_1_783' title='bbox 1072 2768 1187 2790; x_wconf 82' lang='lat' dir='ltr'>omittunt.</span> 
     </span>
    </p>

    <p class='ocr_par' dir='ltr' id='par_1_25' title="bbox 1003 2805 1844 2872">
     <span class='ocr_line' id='line_1_115' title="bbox 1065 2805 1844 2836; baseline 0.001 -8"><span class='ocrx_word' id='word_1_784' title='bbox 1065 2805 1075 2818; x_wconf 83' lang='lat'>⁹</span> <span class='ocrx_word' id='word_1_785' title='bbox 1092 2807 1129 2828; x_wconf 85' lang='lat' dir='ltr'>Est</span> <span class='ocrx_word' id='word_1_786' title='bbox 1145 2809 1226 2834; x_wconf 83' lang='lat' dir='ltr'>portus</span> <span class='ocrx_word' id='word_1_787' title='bbox 1243 2807 1319 2828; x_wconf 80' lang='lat' dir='ltr'>Bnruli</span> <span class='ocrx_word' id='word_1_788' title='bbox 1336 2807 1385 2828; x_wconf 77' lang='lat' dir='ltr'>sive</span> <span class='ocrx_word' id='word_1_789' title='bbox 1402 2807 1474 2828; x_wconf 87' lang='lat' dir='ltr'>Baroli</span> <span class='ocrx_word' id='word_1_790' title='bbox 1494 2807 1608 2835; x_wconf 81' lang='lat' dir='ltr'>(Bai-letto)</span> <span class='ocrx_word' id='word_1_791' title='bbox 1627 2807 1648 2829; x_wconf 79' lang='lat' dir='ltr'>iii</span> <span class='ocrx_word' id='word_1_792' title='bbox 1666 2813 1737 2835; x_wconf 79' lang='lat' dir='ltr'>regno</span> <span class='ocrx_word' id='word_1_793' title='bbox 1758 2808 1844 2836; x_wconf 77' lang='lat' dir='ltr'>Neapo-</span> 
     </span>
     <span class='ocr_line' id='line_1_116' title="bbox 1003 2844 1548 2872; baseline 0.004 -6"><span class='ocrx_word' id='word_1_794' title='bbox 1003 2844 1082 2872; x_wconf 68' lang='lat' dir='ltr'>litano,</span> <span class='ocrx_word' id='word_1_795' title='bbox 1101 2850 1168 2872; x_wconf 78' lang='lat' dir='ltr'>prov.</span> <span class='ocrx_word' id='word_1_796' title='bbox 1184 2845 1242 2866; x_wconf 84' lang='lat' dir='ltr'>Bari.</span> <span class='ocrx_word' id='word_1_797' title='bbox 1260 2845 1332 2867; x_wconf 87' lang='lat' dir='ltr'>Codd.</span> <span class='ocrx_word' id='word_1_798' title='bbox 1351 2846 1382 2867; x_wconf 73' lang='lat' dir='ltr'>lil</span> <span class='ocrx_word' id='word_1_799' title='bbox 1401 2844 1548 2868; x_wconf 67' lang='lat' dir='ltr'>Bai-olitano.</span> 
     </span>
    </p>

    <p class='ocr_par' dir='ltr' id='par_1_26' title="bbox 1066 2881 1354 2906">
     <span class='ocr_line' id='line_1_117' title="bbox 1066 2881 1354 2906; baseline 0 -1"><span class='ocrx_word' id='word_1_800' title='bbox 1066 2881 1085 2896; x_wconf 89' lang='lat'>¹⁰</span> <span class='ocrx_word' id='word_1_801' title='bbox 1103 2883 1143 2905; x_wconf 91' lang='lat' dir='ltr'>llic</span> <span class='ocrx_word' id='word_1_802' title='bbox 1160 2883 1242 2906; x_wconf 84' lang='lat' dir='ltr'>desiuit</span> <span class='ocrx_word' id='word_1_803' title='bbox 1259 2883 1309 2905; x_wconf 78' lang='lat' dir='ltr'>rod.</span> <span class='ocrx_word' id='word_1_804' title='bbox 1328 2885 1354 2905; x_wconf 69' lang='lat' dir='ltr'>A.</span> 
     </span>
    </p>

    <p class='ocr_par' dir='ltr' id='par_1_27' title="bbox 1004 2921 1845 2990">
     <span class='ocr_line' id='line_1_118' title="bbox 1066 2921 1845 2953; baseline 0.004 -9"><span class='ocrx_word' id='word_1_805' title='bbox 1066 2921 1083 2936; x_wconf 88' lang='lat'>¹¹</span> <span class='ocrx_word' id='word_1_806' title='bbox 1102 2922 1153 2944; x_wconf 72' lang='lat' dir='ltr'>Vat.</span> <span class='ocrx_word' id='word_1_807' title='bbox 1170 2928 1223 2944; x_wconf 84' lang='lat' dir='ltr'>cum</span> <span class='ocrx_word' id='word_1_808' title='bbox 1241 2922 1278 2944; x_wconf 83' lang='lat' dir='ltr'>ed.</span> <span class='ocrx_word' id='word_1_809' title='bbox 1299 2923 1304 2944; x_wconf 87' lang='lat' dir='ltr'>l</span> <span class='ocrx_word' id='word_1_810' title='bbox 1327 2924 1440 2951; x_wconf 73' lang='lat' dir='ltr'>evzcrydt.</span> <span class='ocrx_word' id='word_1_811' title='bbox 1458 2923 1551 2945; x_wconf 79' lang='lat' dir='ltr'>inseritis</span> <span class='ocrx_word' id='word_1_812' title='bbox 1569 2929 1610 2951; x_wconf 86' lang='lat' dir='ltr'>pro</span> <span class='ocrx_word' id='word_1_813' title='bbox 1626 2923 1735 2946; x_wconf 69' lang='lat' dir='ltr'>suasioni</span> <span class='ocrx_word' id='word_1_814' title='bbox 1747 2924 1845 2953; x_wconf 74' lang='lat' dir='ltr'>Pet-secli</span> 
     </span>
     <span class='ocr_line' id='line_1_119' title="bbox 1004 2960 1349 2990; baseline 0.003 -7"><span class='ocrx_word' id='word_1_815' title='bbox 1004 2961 1021 2983; x_wconf 89' lang='lat' dir='ltr'>B</span> <span class='ocrx_word' id='word_1_816' title='bbox 1037 2960 1145 2984; x_wconf 79' lang='lat' dir='ltr'>suasioni</span> <span class='ocrx_word' id='word_1_817' title='bbox 1161 2967 1208 2984; x_wconf 77' lang='lat' dir='ltr'>non</span> <span class='ocrx_word' id='word_1_818' title='bbox 1222 2961 1349 2990; x_wconf 62' lang='lat' dir='ltr'>pet-fictae.</span> 
     </span>
    </p>
   </div>
   <div class='ocr_carea' id='block_1_15' title="bbox 1866 716 1989 781">
    <p class='ocr_par' dir='ltr' id='par_1_28' title="bbox 1866 716 1989 781">
     <span class='ocr_line' id='line_1_120' title="bbox 1866 716 1988 734; baseline 0 0"><span class='ocrx_word' id='word_1_819' title='bbox 1866 716 1988 734; x_wconf 86' lang='lat' dir='ltr'>Undecimum</span> 
     </span>
     <span class='ocr_line' id='line_1_121' title="bbox 1867 739 1989 758; baseline 0.008 -1"><span class='ocrx_word' id='word_1_820' title='bbox 1867 741 1886 758; x_wconf 83' lang='lat' dir='ltr'>et</span> <span class='ocrx_word' id='word_1_821' title='bbox 1899 739 1989 758; x_wconf 78' lang='lat' dir='ltr'>duodeci-</span> 
     </span>
     <span class='ocr_line' id='line_1_122' title="bbox 1867 768 1928 781; baseline 0 0"><span class='ocrx_word' id='word_1_822' title='bbox 1867 768 1916 781; x_wconf 85' lang='lat' dir='ltr'>mum</span> <span class='ocrx_word' id='word_1_823' title='bbox 1924 777 1928 781; x_wconf 91' lang='lat'>.</span> 
     </span>
    </p>
   </div>
   <div class='ocr_carea' id='block_1_16' title="bbox 1872 996 1968 1039">
    <p class='ocr_par' dir='ltr' id='par_1_29' title="bbox 1872 996 1968 1039">
     <span class='ocr_line' id='line_1_123' title="bbox 1872 996 1968 1023; baseline 0 -8"><span class='ocrx_word' id='word_1_824' title='bbox 1872 996 1968 1023; x_wconf 75' lang='lat' dir='ltr'>Decimum</span> 
     </span>
     <span class='ocr_line' id='line_1_124' title="bbox 1878 1022 1961 1039; baseline 0 -1"><span class='ocrx_word' id='word_1_825' title='bbox 1878 1022 1961 1039; x_wconf 74' lang='lat' dir='ltr'>tertium.</span> 
     </span>
    </p>
   </div>
   <div class='ocr_carea' id='block_1_17' title="bbox 1867 1652 1976 1700">
    <p class='ocr_par' dir='ltr' id='par_1_30' title="bbox 1867 1652 1976 1700">
     <span class='ocr_line' id='line_1_125' title="bbox 1867 1652 1976 1679; baseline 0 -9"><span class='ocrx_word' id='word_1_826' title='bbox 1867 1652 1976 1679; x_wconf 72' lang='lat' dir='ltr'>Miraculum</span> 
     </span>
     <span class='ocr_line' id='line_1_126' title="bbox 1878 1681 1966 1700; baseline -0.011 -6"><span class='ocrx_word' id='word_1_827' title='bbox 1878 1681 1966 1700; x_wconf 84' lang='lat' dir='ltr'>primum.</span> 
     </span>
    </p>
   </div>
  </div>
 </body>
</html>
