2133 3317
244 217 301 245 704

497 255 556 278 nAu

244 295 429 318 111010111105146
443 296 470 316 18
487 307 516 311 --
532 295 612 317 fortius
630 294 774 317 machinatur
791 294 814 316 in

244 335 360 357 studiosos
378 334 525 362 perfectionis
543 333 587 356 426
606 334 619 355 2
632 346 661 349 ——
673 333 718 356 sub
737 333 814 361 specie

244 373 299 396 boni
316 380 341 396 se
359 374 442 401 ingerit
461 373 505 395 146
524 373 552 394 18
570 385 601 389 -
619 379 645 395 ex
662 373 733 395 nimia
750 379 813 395 secu-

244 414 309 436 ritate
327 413 404 435 minus
421 414 517 435 cavetur
534 412 579 435 517
597 413 611 435 5
634 424 666 429 —-
687 412 707 434 si
724 412 754 435 de
771 418 814 435 suo

244 453 352 480 capillum
375 452 456 480 habet,
482 452 527 475 cito
552 458 686 474 excrescere
712 451 765 474 facit
790 452 813 474 in

244 491 333 513 trabem
351 490 404 514 ibid.
422 504 453 507 —
470 493 550 513 causat
571 491 742 513 instabilitatem
769 490 809 513 441

246 531 274 552 12
291 543 322 547 —-
340 531 392 553 Eius
410 530 490 558 iugum
509 530 681 553 amarissimum
700 532 734 552 est
752 530 782 552 95
800 530 813 552 3

244 582 276 586 —
293 570 421 598 Sequentes
437 569 557 592 diabolum
575 572 654 592 amant
675 569 767 592 divitias
793 572 816 592 et

245 609 338 631 delicias
355 612 377 631 et
394 608 460 631 ibunt
477 609 500 631 in
525 612 646 631 aeternum
672 609 813 637 supplicium

246 648 275 670 47
293 649 305 670 6
325 661 353 664 ——
365 649 479 671 Dominus
491 648 606 670 maiorum
619 648 761 671 daemonum
773 648 816 670 eie—

246 688 345 710 ctionem
362 688 406 710 sibi
423 688 552 710 reservavit
568 688 613 710 426
638 689 651 710 2
677 700 708 704 -
730 688 814 710 Εο111111

245 728 368 750 crudelitas
385 727 543 750 manifestatur
569 728 590 750 in
607 727 716 755 passione
733 727 816 750 Christi

246 767 275 789 13
293 766 306 789 4
324 779 354 783 -
372 767 484 795 deceptus
501 769 535 789 est
553 767 575 789 in
601 767 708 795 passione
731 766 815 789 Christi

245 806 301 829 ibid.
321 819 351 822 —
369 806 517 835 aestimabat,
535 812 560 829 se
577 806 606 829 de
618 805 708 829 Christo
726 812 816 829 assecu-

246 849 295 868 tum
313 852 363 868 esse
380 846 502 868 victoriam
526 846 554 867 80
580 846 609 868 33
634 857 666 862 -—
691 852 704 868 a
726 845 816 868 Christo

246 886 328 912 victus,
347 886 453 913 alligatus
469 888 492 907 ct
515 885 656 913 exspoliatus
673 888 707 908 est
733 886 758 907 81
787 886 815 908 33

246 937 276 941 —-
294 931 306 947 a
324 924 414 947 Chusto
432 927 560 953 prostratus
578 927 612 947 est
629 924 659 948 ib.
677 925 706 947 34-
723 937 754 941 —
766 931 816 953 per-

247 964 304 987 didit
322 964 357 987 ius
375 964 396 986 in
415 964 549 987 hominibus
572 963 602 987 ib.
628 964 656 986 33
674 976 706 981 —-
722 968 815 987 sanctae

246 1004 360 1027 Ecclesiae
377 1004 453 1032 partui
471 1004 566 1026 insidias
591 1007 657 1032 parat
675 1004 720 1026 316
745 1005 753 1026 1
783 1017 814 1020 „-

246 1044 302 1066 nihil
336 1046 433 1071 possunt
459 1044 508 1065 sine
533 1043 687 1071 permissione
712 1050 812 1072 superna

246 1084 292 1105 522
310 1083 338 1104 10
356 1095 388 1099 --
406 1084 514 1110 fugantur
530 1083 552 1105 in
572 1083 659 1111 peccati
680 1083 816 1105 dimissione

247 1122 275 1144 92
297 1123 309 1144 3
333 1135 363 1139 -
388 1123 411 1144 Εἰ
438 1122 606 1150 resistendum,
623 1123 765 1145 recurrendo
786 1123 815 1145 ad

246 1161 361 1184 Christum
383 1161 426 1184 486
446 1162 467 1183 t.
484 1168 535 1190 sqq.
561 1174 592 1178 —-
613 1162 728 1189 effugatur
746 1162 815 1184 medi-

246 1201 332 1223 tatione
352 1201 466 1229 passionis
483 1200 565 1224 Christi
583 1201 627 1223 483
647 1202 655 1223 1
682 1213 714 1217 -
737 1202 816 1229 fugan-

246 1243 282 1263 tur
300 1247 341 1268 per
358 1241 506 1263 devotionem
527 1241 534 1261 l
542 1240 570 1262 48
589 1241 602 1262 2
619 1253 650 1257 -
668 1241 759 1268 fugiunt
770 1241 815 1263 vir·

246 1282 305 1303 tutes
323 1280 445 1302 humilium
463 1280 507 1302 522
527 1280 556 1302 10
575 1293 605 1295 -
622 1280 745 1308 asperitate
772 1283 813 1302 ter-

245 1322 337 1346 rentur,
355 1319 469 1342 deliciosis
481 1322 503 1341 et
514 1319 622 1342 mollibus
634 1320 664 1342 ad
677 1320 812 1342 tentandum

247 1359 327 1381 fortius
344 1359 477 1381 animantur
495 1359 540 1381 517
558 1360 571 1381 2
594 1372 625 1375 -
650 1359 757 1381 atrociter
784 1359 815 1381 in-

246 1401 345 1426 surgunt
361 1398 384 1420 in
402 1399 424 1420 S.
441 1398 588 1421 Franciscum
606 1398 651 1421 517
670 1399 691 1421 2.
710 1399 755 1421 522
778 1399 815 1420 10.

246 1438 292 1460 533
310 1438 331 1460 3.
350 1438 394 1460 538
414 1438 451 1459 11.
469 1438 509 1460 571
532 1437 547 1460 b
564 1450 595 1454 —
612 1438 672 1460 stetit
689 1444 760 1466 super
772 1438 816 1460 001-

246 1477 293 1499 lum
311 1477 395 1499 Fratris
413 1477 566 1500 inobedientis
584 1478 629 1500 538
648 1478 672 1499 11

295 1517 409 1539 biamus
427 1530 455 1532 -—
473 1517 573 1539 Ecclesia
585 1518 608 1539 S.
620 1517 724 1539 Damiani
742 1517 816 1539 mina-

246 1555 314 1578 batur
332 1556 421 1578 ruinam
440 1557 485 1579 507
504 1557 512 1578 1
543 1569 572 1572 —-
599 1557 621 1578 ln
641 1556 690 1584 ipsa
709 1557 731 1579 S.
749 1557 816 1578 Fran-

247 1596 322 1618 ciseus
331 1596 395 1618 audit
405 1599 555 1624 praeceptum
565 1596 593 1618 de
602 1596 736 1618 renovanda
745 1596 816 1618 domo

246 1636 286 1658 Dei
304 1636 349 1658 508
363 1636 370 1657 «l
394 1648 423 1651 --
441 1636 464 1657 S.
481 1635 616 1658 Franciseus
633 1635 721 1658 ibidem
740 1642 816 1658 mora-

246 1678 283 1698 tur
300 1674 363 1703 ibid„
381 1681 416 1703 sq.
434 1688 464 1690 —
476 1675 537 1697 Haec
554 1675 650 1697 ecclesia
668 1678 789 1702 reparatur
804 1681 816 1697 a

246 1715 269 1737 S.
287 1714 408 1737 Francisco
426 1714 470 1736 509
489 1714 503 1736 7
528 1726 558 1731 -
584 1713 616 1736 lbi
634 1713 770 1736 morabatur
793 1715 816 1736 S.

246 1753 312 1777 Clara
330 1754 374 1776 548
393 1754 407 1776 3

294 1793 396 1816 DitiuATA
422 1806 453 1810 —
478 1794 579 1816 Eventus
599 1799 693 1821 pugnae
718 1793 748 1815 ad
776 1793 816 1815 Da·

248 1832 341 1855 miatam
359 1833 501 1861 praedicitur
518 1839 530 1855 a
549 1834 571 1856 S.
588 1833 710 1855 Francisco
736 1832 781 1855 536
803 1833 816 1855 3

296 1872 412 1895 Danuuio
430 1885 461 1889 —
478 1873 633 1895 comminatur
648 1872 773 1895 incredulis
788 1872 811 1894 81

248 1912 276 1934 36
295 1924 324 1927 -
342 1912 415 1935 finalis
432 1915 466 1935 est
484 1912 595 1935 iudicium
612 1912 742 1935 timendum
765 1912 790 1934 12
803 1912 816 1933 2

247 1963 278 1967 ——
296 1952 401 1974 Damnati
419 1952 441 1974 in
459 1952 544 1974 iudicio
562 1951 592 1974 ab
609 1951 718 1974 omnibus
745 1957 817 1979 expu-

247 1990 381 2018 gnabuntur
399 1992 427 2013 83
446 1991 475 2014 42
492 2004 523 2008 -
545 1991 649 2013 Damnati
675 1992 745 2013 latere
770 1996 817 2012 non

247 2033 355 2058 poterunt
377 2030 430 2053 ibid.
457 2043 488 2047 —
513 2031 619 2053 Damnati
637 2034 763 2059 perpetuae
780 2036 817 2052 ex-

247 2073 362 2097 ponentur
379 2071 498 2093 voracitati
515 2071 663 2094 flammarum
683 2072 711 2094 84
730 2072 758 2094 43
785 2085 817 2089 -

247 2109 352 2132 0011111011
371 2110 392 2132 111
411 2110 464 2138 igne
484 2117 603 2140 nunquam
629 2111 747 2139 deficient,
774 2112 816 2135 sed

248 2151 343 2171 urentur
362 2149 383 2171 in
401 2152 519 2172 aeternum
532 2149 586 2173 ibid.
599 2163 629 2167 —
646 2151 752 2173 Damnati
771 2154 816 2173 tra-

248 2188 332 2210 dentur
349 2188 503 2211 daemonibus
519 2188 574 2212 ibid.
585 2202 616 2206 —
632 2190 738 2212 Damnati
757 2191 816 2213 iuste

248 2228 365 2256 patiuntuz¹
384 2229 412 2250 13
433 2228 445 2250 4
471 2241 502 2245 -
523 2228 625 2257 Corpora
651 2229 816 2252 damnatorum

248 2270 301 2290 sunt
318 2270 408 2290 mortua
427 2270 500 2290 morte
518 2274 608 2296 poenae
626 2268 655 2290 84
674 2268 702 2290 43

296 2307 392 2329 Danaum
410 2320 439 2323 —
458 2308 506 2330 Non
518 2307 623 2335 deplorat
639 2308 759 2337 damnum,
773 2308 817 2330 nisi

248 2347 288 2375 qui
306 2346 369 2368 timet
386 2346 492 2369 divinum
510 2347 622 2369 iudicium
645 2348 669 2369 12
687 2348 700 2369 2
720 2360 748 2363 -
774 2348 816 2370 00-

246 2386 343 2414 ploratio
361 2386 440 2408 damni
458 2386 561 2414 disponit
585 2386 615 2409 ad
639 2387 812 2415 implorandum

247 2425 379 2448 subsidium
397 2425 451 2448 ibid.
471 2438 501 2441 —
519 2426 594 2448 Poena
612 2426 689 2448 damni
708 2426 737 2448 55
755 2426 767 2448 9

296 2465 378 2487 Damni.
394 2477 426 2482 -
442 2471 489 2487 11011
506 2471 548 2487 sua
566 2465 670 2488 vendidit
688 2466 733 2488 295
751 2466 764 2488 5
786 2478 816 2482 -

248 2504 293 2532 Ipsi
309 2504 383 2526 oranti
400 2505 502 2532 Angelus
518 2505 600 2527 restitit
617 2504 657 2527 351
680 2504 695 2526 b

296 2544 359 2566 Daue
376 2556 407 2560 —
424 2546 446 2566 et
463 2544 568 2572 accipere
584 2547 735 2572 opponuntur
761 2544 817 2566 rela-

249 2583 295 2605 uve
313 2582 357 2605 417
380 2584 405 2605 16
423 2596 453 2600 -
470 2583 564 2612 respicit
581 2584 752 2606 translationem
776 2583 817 2606 do-

248 2622 313 2644 minii
330 2625 352 2645 et
363 2623 518 2651 privationem
529 2623 604 2646 dantis
616 2622 670 2646 ibid.
683 2635 714 2639 —
725 2629 817 2645 summe

249 2662 402 2685 honorificum
420 2666 454 2685 est
467 2662 511 2685 423
525 2662 549 2684 21
566 2675 596 2679 --
609 2663 704 2685 Summa
717 2662 816 2690 privatio

249 2702 343 2724 honoris
360 2704 394 2724 est
411 2702 549 2724 constituere
566 2708 591 2724 se
607 2702 631 2724 in
648 2702 720 2724 dandi
733 2702 817 2730 impos-

249 2740 354 2763 sibilitate
372 2740 425 2764 ibid.
443 2754 473 2758 —
490 2747 517 2764 ex
529 2747 615 2769 genere
627 2741 705 2769 operis
717 2744 752 2763 est
765 2747 818 2769 per-

250 2780 330 2802 tectius
342 2787 412 2809 quam
425 2781 543 2808 accipere,
554 2780 595 2803 sed
608 2786 634 2803 ex
643 2780 815 2803 circumstantia

249 2819 325 2841 minus
343 2821 471 2847 perfectum
489 2819 535 2842 327
552 2820 589 2842 33.
609 2819 652 2842 424
671 2819 700 2842 24

297 2859 369 2881 Dnvm
387 2872 417 2875 —
434 2861 483 2882 erat
499 2865 537 2881 rex
554 2858 638 2882 nobilis
650 2859 695 2881 307
710 2860 722 2881 8
740 2871 771 2875 —
783 2865 816 2881 se-

250 2897 352 2920 cundum
369 2904 409 2920 cor
426 2898 466 2920 Dei
490 2899 575 2921 electus
601 2901 649 2921 erat
676 2898 720 2921 Ἰ140
747 2899 759 2920 9
785 2911 816 2915 -

249 2939 298 2958 erat
314 2942 353 2959 rex
370 2937 528 2960 sanctissimus
545 2938 574 2960 38
593 2937 620 2959 27
644 2950 675 2953 —
697 2940 746 2960 erat
763 2940 816 2960 stre-

250 2982 310 2997 nuus
326 2979 442 3003 pugnator
459 2977 499 2998 321
518 2977 545 2998 Ἰ16
559 2990 589 2992 -
601 2979 635 2999 051
646 2977 815 3005 Prophetarum

249 3014 347 3037 eximius
364 3014 408 3036 538
428 3014 456 3037 14
474 3028 504 3031 —
522 3016 594 3038 faetus
611 3018 645 3038 est
656 3018 734 3044 pastor
746 3017 816 3044 Syna-

943 214 1044 244 lNDEX
1066 214 1315 244 ALPHABETICUS.

848 300 925 322 gegae
942 293 996 317 ibid.
1013 307 1044 310 --
1069 295 1142 316 factus
1159 296 1194 316 cst
1211 294 1234 316 S.
1251 293 1349 321 Spiritus
1366 299 1416 316 eru—

848 333 935 356 ditione
952 333 1044 356 illustris
1061 332 1113 356 ibid.
1136 345 1167 349 —
1184 333 1206 355 in
1224 332 1329 355 adversis
1347 333 1416 355 devo-

848 373 951 395 tissimus
969 372 1017 400 fuit,
1035 372 1057 394 in
1069 372 1188 400 prosperis
1199 371 1279 394 incidit
1290 372 1312 393 in
1324 372 1417 399 culpam

849 411 893 434 140
912 412 925 434 9
942 424 973 428 -
990 411 1102 434 adulterio
1120 414 1142 433 et
1160 410 1285 433 homicidio
1311 411 1418 438 peccavit

848 451 877 473 38
895 451 925 473 27
942 464 973 467 -
989 457 1031 479 per
1048 451 1214 479 poenitentiam
1228 450 1309 472 melior
1323 450 1418 473 effectus

849 492 883 513 est
899 496 946 513 non
964 490 1034 519 lapsis
1052 490 1097 512 348
1115 489 1130 511 b
1148 502 1178 505 —-
1204 491 1238 512 est
1264 489 1418 518 poenitentiae

848 532 871 552 et
893 530 1028 552 humilitatis
1045 529 1162 557 exemplar
1179 529 1224 551 307
1246 529 1258 551 8
1276 542 1307 544 —
1325 535 1371 551 non
1393 535 1418 552 se

849 569 1006 597 expropriavit
1024 568 1069 591 295
1087 568 1101 590 5

898 608 991 631 05111115
1007 620 1039 624 -
1056 607 1175 630 Debilibus
1193 610 1227 630 est
1243 608 1319 630 omnis
1336 609 1419 630 huma-

849 648 908 670 nitas
926 647 1056 670 exhibenda
1074 648 1118 670 136
1138 648 1150 669 3
1168 647 1315 675 -indigent
1329 648 1418 675 duplici

849 687 974 710 refectIOne
992 687 1036 709 137
1055 687 1069 709 5
1086 699 1117 703 -
1129 686 1243 709 Omnibus
1256 686 1371 709 debilibus
1382 693 1420 709 ae-

850 727 947 756 qualiter
964 729 999 749 est
1015 725 1203 748 subveniendum
1225 725 1281 749 ibid.
1307 739 1339 742 —
1364 733 1419 755 quo-

850 767 920 789 modo
938 766 960 788 in
977 766 1063 788 Ordine
1080 766 1189 793 religioso
1216 766 1316 788 debeant
1343 766 1419 788 curari

851 806 894 828 343
914 812 933 834 a,
951 805 966 828 b
992 818 1022 821 —-
1048 806 1092 827 Eos
1109 812 1154 827 non
1177 805 1272 828 reticere
1289 808 1324 828 est
1340 808 1419 828 contra

851 845 1043 872 misericordiam,
1052 845 1179 872 caritatem,
1188 845 1352 867 discretionem
1365 844 1393 867 ib.
1405 844 1419 867 b

849 898 880 901 -—
897 890 968 913 saepe
986 884 1093 911 consilio,
1111 884 1158 906 zelo
1176 887 1198 906 et
1211 884 1302 912 pietatis
1314 884 1419 912 exemplo

850 926 977 947 sustentant
994 923 1104 946 Ordinem
1122 923 1176 946 ibid.
1194 936 1225 939 -—
1241 924 1338 951 Propter
1357 923 1420 951 ipsos

851 964 911 986 Deus
936 963 1082 986 administrat
1105 963 1277 990 eleemosynam
1300 963 1421 985 abundan-

850 1006 895 1026 tem
914 1003 960 1025 344
978 1009 990 1025 a

896 1043 1013 1065 DEfflTorus
1030 1055 1061 1058 —-
1078 1044 1214 1070 procurator
1232 1042 1278 1064 314
1296 1042 1324 1064 13

897 1082 998 1104 01501οΑ15
1023 1094 1054 1098 -
1079 1082 1178 1104 Domino
1197 1081 1312 1104 debentur
1330 1084 1353 1104 et
1370 1081 1421 1104 iure

850 1121 929 1144 divino
947 1121 1090 1149 deputantur
1108 1121 1222 1143 Ecclesiae
1239 1121 1283 1143 308
1303 1121 1327 1143 11

898 1161 973 1183 Decea
989 1173 1021 1177 —
1038 1161 1157 1188 religionis
1174 1160 1313 1183 christianae
1332 1166 1421 1183 conser-

848 1203 916 1223 vatur
935 1206 975 1228 per
993 1200 1100 1222 Officium
1118 1200 1224 1222 divinum
1246 1200 1286 1222 149
1305 1200 1319 1222 9

896 1240 1013 1262 Dmcrus
1030 1252 1061 1256 —
1078 1240 1177 1262 aliorum
1200 1240 1300 1267 benigne
1320 1246 1421 1268 suppor-

848 1279 890 1302 tari
909 1279 994 1302 debent
1016 1280 1055 1301 137
1074 1280 1087 1301 9
1109 1292 1138 1295 —
1164 1279 1275 1308 Spiritum
1294 1282 1334 1302 aut
1354 1280 1422 1307 profi-

849 1325 901 1342 cere
918 1322 957 1342 aut
974 1319 1074 1341 delicere
1091 1325 1186 1341 necesse
1204 1321 1237 1341 est
1255 1320 1300 1341 260
1319 1320 1332 1341 9

896 1359 1017 1381 0151110100
1034 1371 1065 1375 --
1082 1358 1260 1381 Constitutiones
1278 1359 1355 1388 quoad
1378 1359 1419 1381 De·

849 1399 951 1421 finitores
968 1399 1088 1426 generales
1106 1398 1150 1420 463
1168 1404 1180 1420 0
1200 1410 1232 1414 —-
1254 1399 1332 1427 quoad
1361 1398 1421 1421 Defi-

849 1438 935 1461 nitores
951 1438 1106 1466 provinciales
1125 1437 1164 1459 461
1187 1437 1210 1460 b.
1229 1437 1273 1459 462
1292 1444 1304 1460 0

897 1478 1027 1500 0151011οκ115
1043 1489 1074 1494 —
1097 1477 1179 1499 Ultima
1206 1478 1314 1500 voluntas
1340 1477 1421 1499 defun-

850 1519 940 1539 ctorum
958 1519 992 1539 est
1009 1516 1135 1539 immobilis
1154 1516 1198 1539 418
1217 1517 1245 1538 18
1263 1529 1294 1533 -
1307 1517 1421 1544 Suffragia

850 1557 1012 1579 defunctorum
1030 1556 1074 1578 404
1092 1562 1105 1578 a

897 1596 1003 1619 Denaris
1015 1609 1045 1612 -κ
1057 1597 1131 1618 forma
1143 1595 1210 1618 nobis
1223 1596 1335 1624 impressa
1348 1596 1391 1617 189
1408 1596 1420 1617 3

898 1636 1036 1658 0011001110
1053 1648 1084 1652 -
1101 1638 1135 1658 051
1153 1638 1248 1663 propter
1267 1635 1352 1663 Sponsi
1373 1635 1421 1663 ple-

850 1675 977 1698 nitudinem
1001 1675 1025 1697 l4
1044 1675 1057 1696 6
1076 1687 1105 1690 ——
1123 1677 1158 1697 est
1174 1680 1243 1697 causa
1256 1674 1345 1702 peccati
1366 1674 1394 1696 15
1408 1675 1421 1696 9

850 1728 880 1731 —
898 1718 1057 1737 creaturarum
1079 1714 1171 1736 modica
1188 1714 1356 1736 demonstratio
1381 1714 1422 1736 de-

850 1754 976 1777 lectationis
992 1754 1034 1776 Dei
1053 1754 1081 1775 33
1101 1754 1129 1775 13

898 1794 1045 1816 05110501110
1062 1805 1094 1809 -
1120 1793 1231 1815 Voluntas
1254 1792 1421 1820 praeeligendo

850 1833 924 1855 defert
941 1833 1080 1855 solutionem
1098 1832 1119 1854 111
1137 1832 1303 1855 deliberatione
1320 1832 1335 1854 7
1354 1832 1383 1854 ¹l9

898 1872 1025 1895 Dmcnrun
1031 1885 1062 1888 —
1069 1873 1165 1900 Propter
1172 1871 1312 1894 debilitatem
1320 1871 1422 1894 delicatis

850 1911 944 1935 cibariis
957 1912 988 1934 uti
1001 1918 1046 1934 non
1058 1915 1093 1935 est
1110 1912 1271 1940 imperfectum
1284 1911 1329 1933 250
1348 1911 1369 1933 4.
1387 1917 1423 1940 sq.

898 1952 1001 1974 Demens
1017 1964 1048 1968 —
1066 1952 1183 1980 Quaerere
1200 1952 1338 1974 vestimenta
1366 1951 1422 1974 deli-

851 1992 913 2014 ciosa
931 1994 952 2013 et
969 1991 1137 2014 oblectamenta
1153 1991 1269 2014 luxuriosa
1287 1994 1321 2014 est
1339 1996 1422 2014 concu-

851 2031 962 2059 piscentia
980 2031 1105 2058 voluptatis
1124 2031 1136 2053 4
1154 2031 1208 2052 5-
1226 2031 1306 2053 mundi
1325 2037 1372 2053 non
1389 2037 1422 2053 sa-

851 2071 907 2093 tiant
923 2071 1025 2092 animam
1051 2070 1079 2092 34
1107 2071 1135 2092 13
1161 2083 1192 2087 —
1218 2071 1322 2093 carnales
1339 2071 1422 2099 plenae

851 2112 904 2133 sunt
922 2111 1022 2132 vanitate
1039 2113 1061 2132 et
1078 2110 1186 2137 periculis
1205 2109 1233 2132 46
1247 2110 1259 2132 6
1275 2123 1306 2126 —
1318 2110 1422 2133 Christus

851 2155 896 2171 non
914 2150 993 2172 docuit
1010 2149 1103 2171 delicias
1120 2149 1263 2177 appe„endas
1282 2149 1327 2171 285
1345 2149 1374 2171 40

897 2189 1067 2214 DEL1NQUENT135
1077 2200 1108 2205 —
1120 2189 1173 2210 Tria
1185 2191 1238 2211 sunt
1249 2194 1335 2216 genera
1350 2188 1421 2211 delin-

851 2228 972 2256 quentium
991 2227 1035 2249 r144
1054 2227 1075 2249 9.
1098 2234 1149 2256 sqq.
1173 2240 1203 2243 —
1228 2227 1420 2256 Delinquentibus

851 2268 917 2289 caute
934 2266 1011 2289 caveri
1028 2266 1097 2289 debet
1113 2266 1143 2289 ab
1160 2267 1282 2290 occasione
1306 2267 1420 2295 peccandi

850 2309 872 2329 et
890 2306 1000 2328 monendi
1017 2309 1082 2333 sunt,
1100 2309 1124 2329 ut
1141 2307 1277 2334 resipiscant
1295 2306 1339 2329 Ἰ144
1358 2307 1370 2328 9
1390 2319 1421 2323 —

851 2345 1029 2368 Constitutioncs
1045 2346 1075 2368 de
1091 2345 1274 2368 correctionibus
1286 2346 1421 2375 delinquen-

850 2384 908 2407 tium
926 2384 971 2406 457
989 2390 1002 2406 a

898 2424 1066 2447 Dcnfflcrioms
1087 2436 1118 2440 —
1139 2424 1233 2447 divinae
1255 2424 1316 2447 duae
1338 2430 1421 2447 000500

851 2463 876 2486 61
899 2464 928 2485 17

899 2503 1037 2526 0551011000
1060 2516 1089 2519 ——
1115 2504 1207 2532 Triplex
1224 2506 1259 2526 est
1275 2504 1346 2527 ardor
1363 2505 1422 2527 desi-

851 2542 908 2565 derii
931 2543 970 2565 129
989 2543 1003 2565 7
1020 2555 1051 2559 -
1070 2543 1091 2565 111
1104 2542 1165 2566 110110
1178 2544 1314 2571 proficiendi
1327 2546 1361 2566 est
1373 2550 1422 2566 mu-

850 2588 894 2604 nus
912 2583 1001 2610 grande
1028 2583 1072 2605 492
1090 2583 1104 2605 7
1127 2596 1158 2600 -
1183 2583 1306 2611 Quomodo
1326 2583 1421 2611 spiritus

851 2623 960 2646 desiderii
977 2625 1083 2645 servetur
1110 2623 1151 2644 130
1178 2623 1190 2644 8
1215 2635 1247 2639 -
1273 2623 1420 2645 Affluentiam

851 2663 961 2685 desiderii
978 2662 1092 2684 habemus
1109 2668 1121 2684 a
1148 2662 1235 2690 Spiritu
1261 2662 1282 2684 S.
1310 2662 1323 2683 8
1351 2662 1363 2684 3
1389 2675 1421 2679 —

851 2702 960 2724 Omnium
986 2701 1155 2724 desideriorum
1176 2701 1279 2729 impletio
1306 2702 1420 2729 promissa

850 2740 999 2764 credentibus
1017 2743 1038 2763 et
1055 2740 1204 2768 diligentibus
1228 2740 1243 2762 7
1271 2740 1297 2763 14
1329 2740 1382 2764 Vide
1399 2747 1421 2764 r.

850 2780 964 2804 Aviditas.

898 2820 988 2842 Destnm
1005 2832 1036 2836 —
1059 2822 1094 2842 est
1111 2820 1185 2841 fornes
1202 2819 1313 2842 ariditatis
1336 2819 1419 2841 exstin-

851 2859 943 2887 guenda
961 2859 1039 2886 rigore
1057 2859 1085 2880 12
1104 2859 1117 2880 2
1134 2870 1166 2874 -
1183 2859 1260 2881 10011111
1277 2864 1324 2880 11011
1343 2857 1420 2885 habet,

851 2897 891 2920 ubi
908 2901 942 2921 est
960 2904 1026 2920 amor
1040 2897 1085 2920 545
1104 2898 1112 2919 1

897 2938 1023 2960 0155150105
1046 2950 1076 2953 —
1099 2939 1151 2959 octo
1168 2937 1276 2959 utilitates
1293 2937 1357 2959 affert
1374 2937 1419 2959 352

850 2976 865 2999 b
882 2989 914 2993 —
930 2976 1012 2999 mundi
1030 2977 1077 2998 Deo
1095 2976 1164 2998 efficit
1180 2977 1308 3004 pretiosum
1328 2975 1372 2998 405
1391 2976 1419 2998 24

850 3028 879 3032 —
896 3015 1028 3038 Humilibus
1045 3015 1152 3038 solatium
1170 3018 1204 3038 est
1221 3015 1308 3043 despici
1326 3015 1371 3037 326
1390 3015 1419 3037 28

1711 255 1766 277 DEU

1498 293 1635 317 Dcsecnnio
1652 306 1683 311 -
1701 294 1724 316 111
1740 301 1787 323 quo
1805 295 1914 318 consistat
1930 295 1975 319 324
1988 297 2017 319 23

1450 344 1480 348 -
1497 332 1543 355 Cur
1561 339 1606 355 non
1623 333 1652 356 sit
1671 333 1845 362 desperandum
1870 335 1914 357 203
1937 336 1966 357 86
1988 348 2018 352 —

1450 372 1589 401 reprobatur
1605 379 1633 395 ex
1650 372 1783 395 liberalitate
1796 373 1836 396 Dei
1851 374 1875 396 51
1897 375 1922 396 19
1934 387 1965 391 -
1979 375 2018 397 00-

1451 412 1548 440 speratis
1557 412 1652 435 molesta
1664 415 1699 435 est
1711 413 1807 435 elevatio
1817 413 1900 436 mentis
1910 414 1931 436 in
1943 414 2018 436 Deum

1452 451 1496 473 326
1516 452 1544 473 28
1562 463 1593 468 -
1610 452 1680 474 Indae
1696 452 1726 474 76
1745 452 1774 474 20

1499 491 1649 513 Desronsnm
1661 504 1691 507 —
1703 491 1785 514 Christi
1797 498 1851 514 curn
1860 492 1937 514 anima
1948 492 1992 514 167
2004 493 2017 515 3

1500 531 1627 553 Damam-10
1644 542 1675 547 —
1696 531 1801 553 inchoata
1819 533 1853 554 est
1870 531 1892 553 in
1911 531 2020 559 paradiso

1453 570 1497 592 203
1517 570 1545 592 86
1563 582 1594 586 -
1610 570 1729 592 Detractor
1746 574 1780 593 est
1799 571 1838 600 qui
1856 570 1930 593 verbo
1950 571 2019 593 laedit

1453 609 1535 638 alium,
1553 609 1678 638 praecipue
1702 609 1725 632 in
1752 609 1855 632 absentia
1882 610 1926 632 433
1953 610 1966 632 8
1988 622 2021 626 —

1454 649 1516 671 Talis
1533 652 1572 671 aut
1589 649 1699 671 mentitur
1716 651 1755 671 0111
1772 649 1826 671 dicit
1850 655 1946 676 verum,
1969 649 2022 672 licet

1453 688 1553 715 malum,
1571 690 1594 711 et
1610 689 1655 710 1100
1672 688 1696 710 fit
1713 688 1832 716 tripliciter
1845 687 1900 711 ibid.
1911 700 1942 705 —
1954 694 2021 716 prae-

1453 728 1522 756 cipue
1539 728 1611 750 oritur
1628 734 1655 750 ex
1672 728 1759 750 invidia
1776 730 1798 750 et
1823 728 1876 750 odio
1902 727 1932 750 ib.
1951 728 1964 750 6
1989 741 2021 744 —

1453 767 1559 790 oriuntur
1576 773 1602 789 ex
1621 767 1709 789 accidia
1726 767 1740 789 5
1758 768 1770 789 6
1796 779 1827 783 -
1851 767 1873 789 111
1899 769 2021 795 peccatum

1453 806 1560 834 perducit
1577 806 1621 828 203
1641 806 1669 828 86
1686 818 1718 822 —-
1742 806 1855 828 contraria
1878 808 1912 828 est
1935 805 2022 828 caritati

1454 846 1509 869 ibid.
1529 859 1558 862 —
1576 846 1668 868 inimica
1686 848 1721 868 est
1737 845 1816 874 pietati
1833 848 1855 867 et
1872 846 1960 873 gratiae
1975 845 2021 868 527

1455 885 1467 908 4
1486 899 1515 901 -
1534 886 1652 908 Detractor
1669 886 1799 908 animarum
1818 885 1932 913 sangiune
1950 885 2022 913 pasci-

1455 928 1491 948 tur
1503 924 1558 948 ibid.
1572 938 1600 940 —
1613 925 1797 947 excaecationem
1811 924 1898 947 inducit
1910 925 1955 946 236
1968 924 2022 946 5-

1454 965 1569 987 inducunt
1585 964 1727 992 praelatum,
1751 966 1776 986 ut
1799 963 1939 992 suspicando
1962 964 2022 986 male

1455 1004 1537 1027 sentiat
1552 1006 1575 1026 et
1591 1004 1726 1026 innocentes
1738 1003 1876 1026 condemnet
1893 1003 1937 1025 147
1950 1003 1979 1025 20
1991 1015 2023 1019 -

1456 1044 1555 1066 multum
1572 1043 1636 1066 virus
1652 1043 1753 1065 infundit
1769 1042 1891 1070 Religiosis
1908 1042 1953 1065 639
1966 1043 1979 1064 6
1991 1054 2024 1059 -

1454 1084 1473 1105 Α
1491 1083 1621 1106 detractore
1637 1082 1768 1105 cavendum
1786 1084 1820 1105 est
1837 1081 1881 1104 147
1895 1082 1924 1104 20
1936 1093 1967 1098 ·-·
1978 1082 2022 1104 Pro

1456 1122 1625 1145 detractoribus
1641 1122 1755 1144 orandum
1767 1124 1802 1144 est
1814 1121 1857 1144 173
1876 1122 1890 1143 2
1902 1134 1933 1137 -
1947 1121 2023 1148 magis

1455 1161 1590 1184 calumniari
1608 1161 1740 1184 desiderant
1756 1167 1827 1190 quam
1839 1166 1967 1189 agnoscere
1983 1165 2023 1182 ve-

1455 1201 1545 1223 ritatem
1564 1201 1609 1223 343
1628 1207 1640 1223 0
1656 1213 1688 1217 -
1706 1200 1795 1228 dolent,
1813 1200 1831 1222 si
1849 1199 1945 1222 materia
1968 1199 2024 1222 sub-

1456 1241 1553 1263 trahitur
1570 1240 1706 1263 detrahendi
1723 1239 1777 1263 ibid.
1795 1252 1826 1256 —
1842 1240 1891 1262 Hoc
1902 1239 1985 1261 vitium
1998 1238 2021 1261 S.

1455 1280 1591 1303 Franciseus
1607 1280 1707 1302 maxime
1723 1278 1864 1302 abhorrebat
1888 1278 1933 1301 527
1960 1278 1973 1300 4
1993 1291 2024 1294 -

1456 1320 1547 1342 Dictum
1565 1319 1666 1342 notabile
1683 1319 1705 1341 S.
1722 1319 1836 1341 Francisci
1854 1319 1883 1341 de
1901 1319 1944 1341 hoc
1966 1317 2023 1340 vitio

1456 1359 1510 1382 ibid.

1503 1400 1563 1422 Deus
1586 1411 1618 1415 —
1642 1400 1677 1421 est
1702 1398 1799 1421 essentia
1826 1397 1914 1426 prima,
1939 1398 2022 1419 natura

1456 1440 1571 1467 perfecta,
1588 1438 1634 1460 vita
1652 1437 1719 1460 beata
1738 1438 1767 1459 16
1789 1438 1809 1459 ll
1838 1449 1867 1453 -
1893 1439 1927 1459 est
1952 1438 2022 1458 aeter-

1456 1478 1514 1500 nitas
1532 1484 1654 1506 praesens,
1672 1477 1806 1505 simplicitas
1822 1476 1927 1504 replens⁷
1953 1475 2023 1498 stabi-

1457 1517 1531 1540 bilitas
1548 1523 1646 1539 movens
1663 1516 1716 1539 ibid.
1741 1528 1773 1533 —
1798 1518 1832 1538 est
1849 1516 1887 1538 lux
1904 1515 2023 1537 inaccessi-

1456 1556 1519 1585 bilis,
1533 1563 1598 1579 mens
1615 1555 1767 1583 invariabilis,
1785 1562 1829 1584 pax
1851 1555 2025 1583 incomprehen-

1456 1596 1541 1623 sibilis,
1568 1596 1681 1619 essentiae
1707 1596 1781 1618 unitas
1807 1597 1829 1617 et
1857 1594 2022 1622 perfectissima

1457 1635 1557 1658 Trinitas
1569 1635 1597 1657 17
1617 1635 1624 1657 Ἰ1
1636 1636 1641 1657 1
1662 1648 1693 1652 -
1704 1640 1760 1657 vere
1777 1635 1815 1656 lux
1827 1636 1874 1661 est,
1892 1634 2025 1662 producens

1456 1674 1605 1702 splendorem
1623 1676 1645 1696 et
1659 1674 1770 1700 calorem,
1782 1673 1822 1702 qui
1834 1675 1887 1695 sunt
1897 1671 2024 1695 substantia

1456 1716 1478 1736 01
1495 1713 1626 1742 hypostasis
1642 1713 1690 1735 Filii
1708 1715 1730 1735 et
1747 1713 1845 1740 Spiritus
1867 1712 1890 1734 S.
1916 1710 1970 1734 ibid.
1993 1724 2025 1727 —

1457 1754 1479 1775 ln
1505 1753 1584 1776 divino
1608 1759 1658 1775 esse
1683 1755 1717 1775 est
1741 1752 1881 1780 principium
1907 1751 2024 1779 primum,

1456 1792 1562 1815 Verbum
1580 1794 1713 1819 aeternum,
1726 1792 1817 1814 Donum
1829 1792 1958 1819 perfectum
1970 1789 2024 1813 ibid.

1455 1845 1487 1848 —
1504 1833 1527 1854 ln
1544 1832 1630 1854 divinis
1641 1834 1675 1854 est
1686 1837 1741 1854 vera
1753 1837 1796 1859 pax
1814 1833 1836 1852 et
1853 1836 1936 1857 nexus,
1949 1829 2024 1858 prima

1456 1872 1534 1900 origo,
1547 1871 1597 1894 eius
1608 1871 1699 1899 imago,
1712 1870 1833 1899 utriusque
1845 1869 1956 1892 connexio
1967 1867 2021 1891 ibid.

1458 1924 1485 1928 —-
1504 1912 1527 1934 ln
1545 1911 1630 1933 divinis
1646 1917 1693 1933 non
1711 1913 1808 1938 possunt
1826 1910 1873 1932 duo
1890 1914 1941 1931 esse
1958 1914 1971 1930 a
1983 1911 2024 1930 ter-

1456 1951 1486 1973 tio
1505 1951 1588 1973 eodem
1606 1950 1676 1973 modo
1694 1949 1749 1973 ibid.
1765 1962 1796 1966 —
1814 1951 1837 1972 ln
1862 1949 1947 1972 divinis
1973 1951 2025 1971 sunt

1456 1991 1574 2019 quaedam
1601 1989 1744 2018 communia,
1776 1989 1892 2018 quaedam
1916 1988 2023 2016 propria,

1456 2030 1573 2059 quaedam
1590 2029 1740 2058 appropriata
1761 2029 1786 2050 16
1800 2029 1824 2050 11

1503 2082 1534 2085 ——
1561 2069 1621 2091 Deus
1644 2068 1757 2091 inhabitat
1785 2068 1807 2090 in
1834 2067 1917 2095 triplici
1943 2066 2024 2089 ordine

1455 2115 1580 2137 supremae
1602 2108 1745 2131 hierarchiae
1767 2109 1792 2129 12
1810 2108 1818 2129 -l

1504 2161 1533 2163 —
1550 2149 1598 2170 Deo
1615 2148 1670 2169 nihil
1688 2150 1722 2169 est
1747 2147 1835 2174 maius,
1861 2146 1917 2168 nihil
1942 2145 2025 2172 ditius,

1455 2187 1671 2209 11111111011105182
1695 2187 1703 2208 1
1733 2199 1764 2203 -
1789 2188 1823 2208 051
1848 2186 1977 2207 immensus
2002 2187 2024 2207 et

1454 2226 1556 2249 infinitus
1574 2226 1618 2248 438
1644 2227 1658 2248 2
1675 2239 1706 2242 —
1731 2228 1765 2248 est
1789 2231 1829 2248 rex
1855 2224 2023 2253 magnitudinis

1455 2265 1598 2288 admirabilis
1615 2266 1639 2287 31
1662 2265 1676 2287 5
1698 2277 1728 2282 -
1746 2264 1849 2287 Potentia
1875 2264 1915 2286 Dei
1933 2265 1967 2286 est
1984 2263 2023 2285 im-

1455 2311 1534 2327 mensa
1554 2305 1597 2327 128
1616 2305 1630 2326 2
1647 2317 1678 2321 -
1696 2305 1719 2326 111
1737 2304 1784 2326 000
1796 2306 1830 2326 051
1847 2303 1942 2326 altitudo
1959 2302 2024 2325 terri-

1455 2343 1519 2372 bilis,
1536 2344 1669 2372 pulcritudo
1694 2343 1817 2370 mirabilis,
1843 2342 1942 2365 dulcedo
1967 2341 2024 2365 desi-

1454 2383 1563 2406 derabilis
1582 2383 1611 2406 17
1630 2384 1658 2405 12
1679 2396 1710 2399 -
1736 2383 1797 2405 0005
1822 2385 1856 2404 051
1873 2387 1966 2404 summa
1991 2387 2025 2403 sa-

1455 2424 1552 2452 pientia,
1570 2423 1654 2446 iustitia
1680 2425 1702 2445 et
1724 2421 1883 2444 misericordia
1902 2421 1930 2443 13
1954 2420 1968 2442 4
1993 2432 2024 2435 -—

1456 2463 1567 2486 immensa
1585 2462 1688 2491 potentia
1704 2465 1785 2484 cuncta
1803 2461 1832 2483 de
1849 2460 1919 2483 nihilo
1936 2459 2024 2482 creavit

1456 2506 1477 2525 et
1494 2504 1616 2531 supportat
1634 2502 1677 2524 128
1697 2503 1710 2524 2
1727 2514 1758 2518 --
1775 2501 1852 2524 01111110
1871 2502 1945 2528 potest
1970 2505 2023 2527 ope-

1455 2543 1500 2565 rari
1518 2542 1563 2565 377
1581 2543 1593 2565 8
1612 2555 1642 2558 -—
1659 2542 1768 2569 dignatur
1786 2541 1808 2563 in
1825 2540 1968 2569 quibusdam
1985 2541 2023 2562 ha-

1456 2582 1511 2604 bere
1528 2581 1674 2605 coadiutores
1691 2580 1745 2603 ibid.
1757 2593 1788 2597 —
1800 2581 1823 2603 ln
1841 2581 1884 2603 hoe
1896 2579 1936 2602 dat
1947 2585 2023 2602 exem-

1456 2623 1521 2650 plum
1537 2621 1652 2644 Ecclesiae
1668 2620 1797 2643 rectoribus
1814 2619 1868 2642 ibid.

1501 2673 1532 2677 —
1549 2660 1661 2683 Sanctitas
1677 2660 1727 2682 eius
1745 2662 1779 2682 est
1795 2658 1960 2687 inexplicabilis
1978 2658 2022 2680 128

1455 2701 1468 2723 2
1486 2713 1517 2717 -
1534 2700 1579 2723 Cur
1598 2702 1630 2722 ter
1648 2701 1745 2722 Sanctus
1762 2699 1894 2721 nominetur
1910 2699 1954 2720 129
1966 2699 1980 2720 2
1992 2710 2022 2715 —

1455 2740 1529 2768 diligit
1546 2739 1688 2762 sanctitatem
1706 2742 1728 2761 et
1744 2738 1853 2761 abhorret
1878 2738 1928 2760 eius
1951 2743 2022 2766 oppo-

1455 2779 1525 2801 situm
1543 2778 1597 2802 ibid.
1613 2791 1645 2795 —
1661 2780 1754 2807 peccata
1772 2777 1882 2806 reprobat
1907 2780 1929 2800 01
1955 2777 2022 2805 punit

1454 2817 1508 2841 ibid.
1525 2831 1556 2835 —
1576 2818 1719 2841 interminata
1738 2817 1821 2840 iustitia
1838 2819 1920 2839 cuncta
1937 2816 2023 2839 iudicat

1454 2861 1476 2880 et
1493 2857 1598 2880 retribuit
1615 2858 1659 2879 128
1678 2858 1691 2879 2
1709 2870 1739 2873 —
1751 2857 1862 2879 colendus
1874 2856 1935 2878 cultu
1944 2856 2022 2878 latriae

1455 2897 1500 2920 105
1518 2897 1547 2919 16
1565 2909 1595 2912 -
1612 2897 1660 2919 000
1685 2895 1783 2919 debetur
1808 2896 1937 2918 reverentia
1964 2895 2022 2917 sicut

1454 2936 1525 2963 Patri,
1542 2936 1653 2963 Domino,
1671 2935 1742 2958 ludici
1759 2935 1772 2956 9
1786 2935 1798 2957 6
1811 2947 1842 2951 -
1854 2934 1924 2957 debet
1939 2933 2021 2960 timeri,

1455 2976 1563 2998 honorari
1588 2978 1610 2998 et
1632 2975 1704 2997 amari
1730 2975 1812 3002 triplici
1838 2973 2021 2997 consideratione

1455 3014 1500 3037 105
1523 3015 1548 3037 17
1565 3027 1596 3031 -
1613 3014 1729 3037 timendus
1746 3016 1792 3041 est,
1810 3019 1863 3036 cum
1881 3012 1985 3035 irascitur
1999 3014 2021 3034 et
