2133 3317
148 564 191 582 Alia
200 563 281 582 vitanda.

147 956 244 975 Interdum
253 961 282 975 va-

154 980 199 998 riari
211 982 278 1004 potest.

158 1298 200 1317 Nou
214 1299 233 1317 in
246 1304 279 1322 pu·

190 1322 246 1341 blico.

152 2083 179 2101 De
188 2082 243 2101 modo
256 2082 282 2101 la-

149 2106 205 2125 vandi
222 2107 281 2129 pedes

190 2129 240 2148 aliis.

299 225 355 253 608

295 310 346 328 non
364 310 449 334 regere
469 302 614 326 defluentes.
633 301 667 325 Et
686 301 798 332 quidem,
818 308 873 325 cum
892 301 998 325 interius
1017 308 1032 325 a
1051 307 1097 325 5110
1109 307 1148 324 cu-

296 346 376 371 stodia
396 345 503 370 solvitur
521 352 605 374 mens,
625 345 651 369 et
669 344 780 369 membra
799 343 860 369 foris
888 344 920 368 ad
947 351 1044 369 omnem
1063 343 1146 368 actum

295 389 435 413 inordinate
455 388 599 417 moventur,
619 387 644 412 et
663 388 715 412 tam
740 387 766 411 in
794 387 906 411 vestibus
935 394 1010 418 quam
1038 387 1064 410 in
1091 386 1147 411 aliis

295 431 440 462 disciplinae
460 438 519 455 cura
545 431 697 462 negligitur3
716 431 888 461 incompositio
911 430 1023 461 corporis
1042 429 1148 461 qualita-

295 475 345 500 tem
364 474 458 499 indicat
477 474 575 498 mentis.

366 517 392 541 4.
412 517 476 541 Sunt
495 517 520 541 et
538 517 588 541 alia
608 517 673 541 circa
692 516 791 541 modum
812 516 929 547 portandi
943 516 1078 541 secundum
1096 515 1147 540 Hu-

295 568 384 592 gonem
396 559 403 572 ¹
424 560 535 585 vitanda.
561 560 658 590 «Sunt,
678 560 774 591 inquit,
794 560 894 591 quidam
914 560 1000 589 stulti,
1021 559 1063 591 qui
1091 566 1148 591 quo-

295 604 351 628 dam
371 603 477 629 artificio
496 604 647 628 vestimenta
666 610 711 628 sua
731 603 795 628 circa
815 611 840 628 se
865 603 1026 634 componunt.
1046 603 1096 627 Alii
1115 603 1148 627 ia-

295 646 384 672 ctando
404 647 429 671 et
448 646 592 671 ventilando
612 653 708 677 pannos
734 653 792 671 suos
815 646 945 670 levitatem
973 646 1064 671 mentis
1090 653 1148 671 suae

295 698 324 715 ex
342 691 398 721 ipsa
420 690 459 714 sui
477 690 579 714 habitus
599 689 737 714 mobilitate
756 689 900 714 ostendunt.
921 689 984 719 Alii,
1008 689 1148 714 incedentes

295 734 395 759 sinuoso
409 733 518 765 syrmate
529 732 547 762 ²,
561 733 655 757 terram
668 733 785 762 verrunt,
800 732 824 757 et
839 733 923 757 limbis
940 733 1147 764 dependentibus,

294 777 369 801 11111110
388 777 456 801 retro
474 776 682 807 consequentibus
706 776 804 805 caudis,
830 776 856 800 in
879 776 1066 800 similitudinem
1093 776 1149 800 1111-

295 820 363 850 pium
387 820 493 851 vestigia
518 827 564 845 sua
592 819 730 849 obducunt,
754 820 779 844 et
801 826 953 850 quocumque
979 819 1148 850 perrexerint,

294 863 365 894 quasi
385 863 459 888 turbo
478 863 636 894 tempestatis
655 863 783 894 pulverem
802 863 963 888 concitant».

367 906 390 932 5.
412 906 548 937 Dispositio
571 906 672 931 habitus
701 906 834 938 aliquando
862 906 959 931 ratione
987 906 1083 937 operis,
1106 906 1149 930 ali-

296 949 394 981 quando
421 950 516 975 ratione
536 950 661 975 consortii
685 950 811 979 variatur,
837 950 952 981 respectu
977 957 1083 981 quorum
1107 949 1150 974 ha-

296 993 376 1018 benda
397 994 435 1018 est
460 993 624 1018 consideratio
650 993 804 1024 disciplinae.
829 993 869 1018 Ad
897 993 1039 1018 exercitium
1065 994 1149 1024 operis

295 1037 347 1061 tam
367 1037 470 1068 propter
489 1037 668 1068 expeditionem
694 1044 769 1068 quam
789 1036 892 1068 propter
916 1036 1054 1061 custodiam
1077 1044 1150 1061 mun-

295 1080 370 1105 ditiae
401 1080 518 1109 honesta,
543 1080 618 1111 prout
646 1088 686 1105 res
709 1081 799 1112 exigit,
824 1080 983 1111 praeparatio
1008 1080 1086 1105 vestis
1114 1088 1149 1105 re-

295 1123 415 1155 quiritur,
435 1124 464 1148 ut
483 1124 589 1153 scilicet,
609 1124 731 1155 quantum
750 1131 848 1148 necesse
867 1123 955 1153 fuerit,
980 1123 1149 1154 succingatur.

295 1167 407 1191 Manicae
426 1174 484 1191 vero
504 1166 679 1196 retrahantur,
699 1166 724 1191 et
743 1167 818 1197 prout
831 1166 979 1198 expedierit,
999 1173 1150 1197 componan-

296 1209 350 1241 tur,
370 1217 401 1234 110
421 1217 496 1241 5111)οΓ
514 1217 617 1239 111011115,
638 1210 677 1234 vel
697 1217 772 1240 super
791 1217 843 1234 rem
856 1210 951 1240 ipsam,
972 1217 1035 1241 quae
1057 1210 1149 1234 tracta-

296 1254 350 1283 tur,
370 1253 482 1278 recidant
509 1253 667 1283 indecenter,
696 1254 828 1284 praecipue
856 1253 887 1277 ad
907 1252 1041 1284 privatas³
1070 1253 1149 1278 custo—

296 1296 399 1321 diendae
418 1296 477 1321 sunt
497 1297 607 1321 manicae
632 1296 773 1328 diligenter.
793 1311 828 1314 —
847 1296 984 1328 Dispositio
1008 1296 1149 1321 huiusmodi

295 1339 448 1370 tolerabilis,
462 1341 537 1365 immo
550 1340 752 1365 commendabilis
765 1340 804 1364 est
816 1340 841 1364 in
857 1340 975 1371 privato,
990 1347 1052 1371 quae
1065 1340 1149 1364 tamen

296 1384 321 1408 in
331 1383 444 1415 publico,
458 1384 563 1408 maxime
575 1391 658 1408 coram
672 1384 808 1413 extraneis,
822 1391 872 1408 non
885 1384 924 1408 est
939 1383 1035 1408 decens.
1047 1383 1149 1413 Quando

296 1434 355 1458 ergo
374 1434 457 1452 coram
471 1427 596 1451 extraneis
609 1426 653 1451 aut
666 1434 748 1451 coram
762 1427 885 1451 conventu
899 1426 1055 1458 proceditur,
1074 1434 1150 1457 (111011-

296 1470 350 1495 tum
370 1477 410 1494 res
430 1470 527 1501 patitur
542 1469 563 1499 ¹¹,
589 1470 620 1494 ad
642 1470 830 1501 dispositionem
854 1477 1008 1495 communem
1026 1470 1064 1494 est
1082 1469 1150 1494 habi-

297 1514 339 1538 tus
363 1514 415 1538 tam
435 1514 461 1538 in
489 1514 592 1538 manicis
612 1521 685 1545 quam
705 1513 731 1538 in
754 1513 810 1537 aliis
830 1513 992 1538 revocandus.
1013 1513 1102 1544 Caput,
1130 1513 1151 1537 si

296 1557 391 1582 nudum
413 1557 502 1586 fuerit,
522 1558 622 1588 caputio
642 1557 757 1588 congruit
770 1557 873 1581 amiciri.
894 1556 924 1581 In
944 1557 1011 1581 omni
1030 1556 1149 1587 siquidem

296 1600 394 1632 publico
413 1600 479 1629 1000,
500 1600 551 1624 sive
570 1600 674 1629 chorus,
695 1600 747 1624 sive
760 1599 931 1627 refectorium,
952 1600 1003 1624 sive
1022 1600 1087 1624 alius
1100 1599 1151 1624 fue-

296 1644 331 1668 rit
349 1644 430 1675 100115,
450 1644 569 1668 Fratrum
589 1644 781 1675 congregatione
802 1643 944 1674 praesente,
965 1644 990 1668 et
1009 1643 1088 1668 multo
1101 1650 1150 1667 ma-

296 1689 335 1719 gis
354 1688 421 1712 inter
440 1688 585 1717 extraneos,
606 1688 692 1718 operto
711 1687 825 1712 decenter
853 1687 933 1718 capite
956 1687 1097 1718 Religiosus
1116 1687 1151 1711 in—

296 1731 367 1756 cedat
377 1731 395 1762 5,
409 1732 457 1756 11151
477 1731 507 1756 ob
521 1731 685 1756 reverentiam
704 1731 809 1755 alicuius
822 1731 954 1755 ministerii
973 1730 1013 1755 vel
1030 1737 1151 1761 personae

296 1774 370 1799 aliter
390 1774 423 1799 sit
442 1774 573 1806 agendum.
595 1774 652 1799 Non
671 1774 710 1798 est
728 1774 813 1798 tamen
833 1773 977 1805 caputium,
997 1773 1048 1798 sive
1068 1780 1151 1798 coram

296 1817 430 1842 Fratribus
450 1818 501 1842 sive
520 1824 603 1842 coram
629 1817 766 1846 extraneis,
789 1817 864 1841 nimis
883 1816 908 1841 in
934 1816 1015 1847 capite
1038 1816 1091 1840 sine
1110 1823 1151 1840 ra-

296 1861 411 1886 tionabili
430 1868 505 1885 causa
528 1859 738 1892 profundandum.
765 1859 859 1891 Operta
879 1860 924 1884 sub
951 1860 1051 1891 caputio
1076 1859 1151 1884 facies

297 1905 421 1936 quandam
442 1904 580 1936 hypocrisis
599 1904 684 1929 notam
703 1903 781 1928 infert
805 1903 831 1928 01
848 1903 954 1928 aliorum
974 1904 999 1928 in
1022 1910 1048 1927 se
1068 1903 1151 1928 oculos

297 1956 343 1973 sua
362 1948 539 1980 singularitate
558 1947 690 1973 convertit.
709 1947 786 1972 Decet
805 1954 871 1978 ergo,
891 1947 968 1978 caput
986 1947 1012 1971 in
1038 1946 1150 1978 publico,

298 1999 348 2017 non
367 1992 453 2017 faciem
473 1992 573 2022 operiri.

369 2035 393 2059 6.
422 2035 453 2059 In
476 2035 569 2060 lotione
597 2042 693 2066 quoque
715 2034 819 2066 pedum,
839 2034 881 2058 ille
909 2034 949 2058 cui
978 2041 1022 2065 pro
1051 2033 1150 2058 Christo

298 2078 348 2103 tale
363 2077 373 2090 ⁵
392 2078 558 2103 ministerium
583 2078 724 2107 exhibetur,
745 2077 843 2109 operto,
864 2078 885 2102 si
904 2077 1029 2102 commode
1053 2077 1150 2108 potest,

297 2122 390 2153 capite,
410 2121 538 2146 humiliter
555 2121 580 2146 et
599 2122 651 2146 sine
668 2121 825 2152 multiloquio
844 2120 916 2145 debet
944 2128 997 2145 esse
1020 2121 1045 2145 et
1063 2120 1151 2145 carita-

298 2165 331 2190 tis
350 2165 495 2196 obsequium
514 2172 569 2189 cum
587 2165 676 2189 timore
695 2171 724 2189 00
742 2163 871 2189 devotione
890 2164 1024 2195 suscipere.
1043 2163 1096 2189 Nec
1112 2163 1151 2188 de-

297 2208 340 2233 bet
363 2208 418 2239 quis
436 2207 471 2232 ibi
495 2207 534 2232 vel
559 2207 619 2232 alibi
644 2207 720 2231 tibias
744 2207 819 2231 nimis
844 2213 977 2237 exponere,
1003 2206 1045 2231 sed
1070 2206 1151 2237 magis

297 2252 382 2277 tunica
400 2251 592 2282 circumcingere
610 2250 751 2282 diligenter.
774 2250 857 2281 Turpe
876 2250 914 2274 est
939 2250 1004 2274 enim
1027 2249 1150 2281 religiosis

361 2442 369 2454 ¹
387 2442 440 2464 Loc.
458 2442 494 2463 cil.
514 2447 533 2463 c.
558 2442 590 2463 ll.
609 2441 695 2463 Textus
712 2441 830 2469 originalis
848 2441 900 2463 111110
923 2440 976 2463 111άο
1000 2440 1064 2468 plura
1083 2440 1149 2462 iuter-

297 2474 359 2497 serit.
379 2474 429 2495 Vat.
446 2479 499 2495 cum
517 2473 554 2495 etl.
573 2473 580 2493 «l
603 2473 686 2495 omittit
703 2471 836 2495 sat-mulum
852 2472 985 2501 Hugyonem.
1004 2472 1099 2494 Inferius
1111 2478 1150 2494 vo-

298 2506 365 2528 cibus
383 2504 487 2534 quodam
504 2504 605 2534 artifieio
624 2504 675 2526 Vat.
694 2508 715 2526 01
733 2504 770 2526 ed.
789 2504 796 2525 =l
819 2504 957 2526 interserunt
974 2502 1084 2533 officioso.

363 2536 371 2548 ²
390 2537 423 2559 Du
442 2536 530 2564 Gange,
548 2536 690 2558 Glossarium
702 2538 757 2557 etc:
776 2535 866 2564 Syrma
878 2541 890 2557 a
908 2535 995 2557 Graeco
1007 2533 1098 2564 Σῦρμα,
1110 2541 1150 2562 ge-

299 2575 342 2591 nus
359 2568 429 2590 vestis
442 2568 597 2595 tragicorum,
615 2567 652 2588 vnl
665 2567 739 2589 cauda
757 2573 796 2588 sen
811 2569 896 2589 tractus
914 2568 985 2589 vestis
1004 2567 1150 2589 seminarum.

299 2613 329 2616 —
347 2600 390 2622 Pro
409 2599 486 2622 limbis
504 2600 554 2621 Vat.
573 2598 671 2625 lumbis,
690 2598 727 2621 ed.
747 2599 760 2620 2
778 2598 801 2620 in
820 2597 914 2620 lumbis.

362 2630 371 2643 ³
390 2631 423 2653 Du
441 2631 532 2658 cange,
550 2630 691 2652 Glossarium
709 2633 763 2652 etc:
782 2628 893 2657 micam,
911 2636 1025 2652 secessus.

362 2662 371 2674 ⁴
389 2662 444 2685 Cod.
457 2663 474 2684 Β
491 2665 513 2684 et
525 2662 561 2684 ed.
574 2663 587 2684 ⁴2
606 2664 760 2689 transponunt
779 2660 851 2683 verba
867 2662 984 2690 quantum
1004 2666 1041 2683 res
1056 2659 1149 2689 patitur

300 2694 394 2716 inferius
412 2697 464 2721 post
481 2699 554 2723 qnam
572 2693 596 2715 in
613 2692 675 2716 aliis.
693 2692 796 2715 Subinde
819 2692 865 2715 fide
887 2692 957 2715 CDE
975 2695 997 2714 et
1019 2692 1072 2714 edd.
1096 2692 1117 2718 -l,
1136 2692 1149 2713 2

299 2725 461 2748 substituimus
477 2724 574 2747 mniciri
589 2731 631 2752 pro
649 2724 745 2753 operiri.

363 2756 372 2769 ⁵
390 2756 463 2779 Codd.
481 2756 522 2779 BC
534 2757 576 2778 DE
594 2759 616 2778 et
626 2756 680 2778 edd.
702 2756 725 2783 1,
743 2756 756 2777 2
775 2754 905 2784 Reliyiosas
917 2756 952 2778 est
965 2754 1095 2777 admodum
1112 2753 1150 2777 vir

300 2788 420 2811 honestus.

363 2818 372 2831 ⁶
389 2819 446 2842 Cod.
463 2818 505 2842 BC
516 2819 560 2841 DE
577 2822 599 2841 et
615 2819 652 2841 ed.
671 2820 684 2840 2
707 2817 852 2841 huiusmodi.
870 2818 965 2840 Inferius
988 2817 1086 2840 vocibus
1107 2816 1150 2839 cir-

301 2850 450 2880 cimzcinqere
467 2850 590 2880 diligsenter
608 2851 652 2872 AB
670 2852 692 2872 et
708 2850 745 2872 ed.
763 2851 776 2872 2
800 2850 932 2877 praefigunt
949 2855 1004 2874 cum
1021 2847 1150 2876 manibus,-

300 2882 385 2905 ‹leinde
403 2883 550 2911 prosequitur
567 2882 604 2904 ed.
622 2883 635 2904 ‘2
653 2881 765 2910 turpique
776 2880 894 2911 reliqiosis
907 2880 1017 2910 personis
1040 2879 1151 2903 crurium

300 2913 404 2936 uwlilati
420 2919 553 2936 occurrere.

364 2944 372 2956 ⁷
391 2945 458 2972 Apud
477 2946 597 2972 Amanus,
622 2945 672 2966 Vita
698 2945 719 2967 S.
738 2943 828 2966 Antonii
858 2944 943 2972 (llligne
966 2944 1048 2965 patrol.
1071 2943 1151 2965 Graec.

301 2978 356 2998 tom.
374 2977 412 2998 26.
429 2976 471 2998 col.
489 2977 543 3004 930>
555 2993 560 3003 ,
583 2982 606 2997 n.
629 2976 666 2998 60.
684 2978 706 2998 et
722 2976 738 2997 1.
755 2975 784 2998 de
801 2975 860 2997 Vitis
877 2976 982 3001 Petrum,
1005 2980 1025 2996 c.
1043 2975 1079 2996 32.
1103 2973 1151 3002 (Pa-

302 3007 351 3029 trol.
369 3008 416 3029 Lat.
435 3010 490 3029 tom.
511 3007 547 3029 73.
566 3008 608 3029 001.
631 3007 694 3036 153).
707 3007 788 3029 Socius
810 3006 939 3029 vocabatur
961 3006 1106 3032 Theodorus,
1130 3007 1152 3027 et

302 3038 389 3061 fluvius
406 3037 570 3060 nominabatur
588 3039 668 3065 Lycus.
687 3037 760 3061 Codd.
778 3037 822 3061 CD
833 3039 848 3060 F.
866 3043 888 3060 01
904 3038 958 3060 edd.
980 3039 998 3065 1,
1016 3038 1029 3059 2
1044 3037 1152 3059 omittunt

733 221 930 251 OPUSCULUM
952 221 970 249 l.
992 221 1164 250 SPECULUM
1185 221 1395 250 DISCIPLlNAE.
1416 222 1496 251 PARS
1517 222 1624 250 PRIMA.

1204 301 1317 331 personis
1330 301 1441 326 carnium
1460 301 1574 326 nuditate
1588 307 1722 325 occurrere.
1742 300 1819 325 Cavet
1834 302 1914 326 omnis
1925 301 2053 332 honestus,

1203 350 1234 368 ne
1253 344 1305 368 01115
1324 351 1434 375 unquam
1453 344 1576 375 appareat
1599 351 1656 369 caro
1675 344 1756 373 nuda,
1775 343 1824 368 nisi
1843 345 1965 375 quantum
1990 352 2055 370 com-

1204 386 1297 417 pulerit
1315 387 1450 412 necessitas
1469 386 1611 412 manifesta.
1630 387 1666 412 De
1690 388 1776 412 sancto
1796 387 1905 412 Antonio
1930 388 2022 419 legitur
2036 387 2053 418 ⁷,

1204 429 1269 461 quod
1292 440 1303 451 «
1316 437 1372 454 cum
1391 437 1489 455 necesse
1508 430 1612 455 haberet
1636 430 1740 455 fiuvium
1759 431 1936 460 transvadare,
1956 432 2055 463 rogavit

1205 473 1297 497 socium
1317 480 1403 501 suum,
1423 472 1452 497 ut
1465 472 1596 503 paululum
1615 480 1630 497 a
1649 480 1693 498 suo
1711 473 1872 504 separaretur
1891 474 2005 504 aspectu,
2025 481 2055 499 ne

1205 522 1276 540 suam
1295 515 1399 540 invicem
1419 516 1529 546 corporis
1547 516 1688 541 nuditatem
1710 517 1814 548 uterque
1834 517 1994 548 conspiceret.
2012 517 2056 542 Re-

1204 559 1279 584 cessit
1298 559 1392 589 socius3
1411 559 1573 584 nihilominus
1591 559 1675 584 tamen
1688 560 1743 589 ille,
1765 561 1886 592 seipsum
1900 568 1955 585 cum
1975 568 2000 585 se
2013 568 2056 585 nu-

1205 603 1263 627 dare
1286 603 1375 632 vellet,
1405 602 1512 627 erubuit.
1540 603 1629 634 Ipsum
1658 603 1741 627 tamen
1763 603 1824 628 haec
1851 604 2002 635 cogitantem
2030 604 2056 629 in

1205 646 1311 671 alteram
1329 646 1400 671 fluvii
1418 647 1500 677 ripam
1515 646 1597 671 virtus
1616 646 1701 671 divina
1719 646 1905 678 transportavit
1917 657 1942 671 ».
1963 647 2035 672 Hanc
2046 646 2056 660 ⁸

1205 689 1273 714 haud
1291 689 1393 714 dubium
1411 689 1568 714 honestatem
1588 689 1709 714 Dominus
1722 690 1868 721 acceptavit.
1887 690 1987 716 Pannos
2000 698 2057 722 quo-

1206 740 1252 764 que
1270 732 1402 757 interiores
1430 732 1455 757 et
1483 739 1545 763 quae
1573 732 1642 757 ultra
1666 739 1819 757 communem
1848 740 1891 758 seu
1916 734 2057 765 regularem

1206 775 1325 805 formam,
1355 776 1406 800 sive
1438 776 1463 800 in
1491 775 1616 805 vestibus,
1646 776 1698 800 sive
1724 776 1751 800 in
1782 776 1852 806 aliis,
1881 776 2056 808 indulgentur,

1206 819 1329 850 quantum
1347 819 1483 843 necessitas
1507 819 1618 850 patitur,
1644 819 1763 844 occultari
1786 820 1891 851 oportet.
1918 819 1989 845 Unde
2013 828 2058 846 nec

1206 862 1312 887 almutia
1326 860 1335 873 ⁹
1354 862 1439 893 palam
1458 862 1529 887 extra
1547 862 1675 893 caputium
1694 863 1808 894 religiose
1827 863 1970 894 portantur.

2071 394 2132 420 Exemfl

1279 905 1302 930 7.
1322 905 1412 930 Restat
1430 906 1459 930 de
1483 913 1547 931 usus
1571 906 1673 931 habitus
1698 907 1888 931 continuatione
1913 907 1938 931 et
1955 907 2133 934 ouandi-Circam

1207 949 1257 974 tiae
1275 949 1301 973 in
1321 956 1348 974 00
1367 949 1559 973 conservatione
1578 949 1668 974 videre.
1694 949 1761 975 Usus
1779 949 1894 979 habitus,
1919 950 1995 981 prout
2013 950 2056 975 ha·
2079 935 2133 985 232¹}

1206 992 1274 1016 bitus
1294 999 1339 1023 pro
1359 992 1461 1023 speciali
1480 992 1551 1023 signo
1564 992 1700 1024 Religionis
1719 993 1854 1024 accipitur,
1874 994 2007 1018 continuus
2019 994 2058 1019 de—

1206 1036 1249 1060 bet
1267 1043 1334 1065 esse,
1354 1036 1383 1060 ut
1411 1036 1542 1067 religiosus
1565 1036 1655 1060 Frater
1679 1043 1729 1061 non
1748 1036 1782 1060 sit
1807 1036 1846 1061 vel
1865 1036 1987 1061 modicum
2006 1037 2059 1062 sine

1206 1079 1272 1110 ipso,
1293 1079 1341 1103 nisi
1360 1079 1496 1104 necessitas
1516 1079 1616 1104 evidens
1636 1086 1691 1104 eum
1710 1079 1791 1111 cogat.
1810 1080 1950 1104 Saecularis
1976 1087 2058 1111 perso-

1207 1129 1281 1147 sonae
1300 1122 1402 1146 nuditas
1425 1122 1450 1147 et
1468 1122 1609 1153 Religiosus
1637 1122 1689 1147 sine
1708 1122 1797 1147 habitu
1815 1123 2001 1154 comparantur.
2016 1123 2059 1148 Ca-

1206 1165 1314 1190 vendum
1334 1166 1422 1195 etiam,
1442 1173 1473 1190 ne
1498 1165 1613 1195 habitus,
1633 1166 1691 1190 dum
1711 1166 1822 1196 sedetur,
1848 1166 1894 1191 aut
1917 1166 2059 1198 genuflecti-

1206 1208 1260 1238 tur,
1290 1209 1407 1240 aliquam
1434 1209 1625 1240 inquinamenti
1654 1209 1786 1234 maculam
1813 1209 1960 1240 contrahat3
1991 1210 2016 1235 et
2038 1211 2060 1235 si

1207 1259 1281 1283 quam
1301 1252 1404 1283 propter
1428 1252 1538 1283 aliquam
1563 1259 1663 1277 causam
1682 1252 1816 1284 aliquando
1844 1253 1997 1278 contraxerit
2019 1254 2059 1279 vel

1207 1295 1310 1327 propter
1330 1295 1458 1325 sudorem,
1480 1295 1635 1320 mundificari
1654 1295 1727 1320 citius
1752 1295 1837 1325 debet,
1862 1296 1967 1321 maxime
1987 1297 2008 1321 si
2032 1297 2058 1322 in

1206 1339 1259 1364 loco
1272 1338 1348 1363 tuerit
1361 1338 1502 1370 apparenti.
1522 1338 1630 1370 Propter
1642 1338 1688 1364 hoc
1705 1339 1863 1364 immunditia
1881 1339 1938 1369 illa,
1957 1347 2020 1371 quae
2033 1340 2059 1365 in

1208 1382 1257 1407 oris
1276 1382 1370 1413 caputii
1383 1383 1448 1407 circa
1466 1389 1544 1413 genas
1568 1382 1727 1407 contrahitur
1745 1390 1774 1406 ex
1793 1382 1893 1412 sudore,
1913 1383 1985 1408 debet
2003 1390 2059 1408 cum

1207 1425 1337 1457 diligentia
1350 1426 1479 1450 removeri.
1498 1425 1580 1450 Foeda
1598 1425 1637 1450 est
1655 1425 1762 1457 Religio,
1777 1433 1839 1457 quae
1851 1426 1969 1451 innititur
1987 1426 2060 1452 foedi-

1207 1469 1269 1499 tati,
1288 1469 1406 1500 culpatur
1424 1469 1523 1500 quidem
1541 1469 1567 1493 et
1584 1469 1667 1494 cultus
1680 1468 1816 1493 munditiae
1835 1469 1926 1494 nimius
1938 1468 1958 1481 ¹⁰
1978 1469 2003 1494 et
2020 1477 2060 1494 ne-

1207 1512 1311 1544 glectus.

1505 1598 1654 1623 CAPITULUM
1673 1598 1764 1625 XXVI.

1426 1685 1467 1710 De
1486 1685 1626 1716 disciplina
1646 1686 1673 1710 in
1692 1684 1845 1717 officz'm'sfl.

1280 1771 1304 1797 1.
1324 1772 1435 1804 Denique
1453 1772 1479 1797 in
1503 1771 1618 1801 officinis,
1643 1772 1748 1797 maxime
1772 1772 1799 1796 in
1824 1772 1952 1804 oratorio,
1975 1773 2002 1797 in
2020 1779 2060 1798 re-

1208 1814 1330 1847 fectorio,
1354 1816 1507 1841 dormitorio
1523 1815 1667 1847 ceterisque,
1687 1823 1749 1847 quas
1761 1814 1780 1827 ¹²
1800 1816 1929 1841 consuevit
1948 1815 2060 1847 frequen-

1208 1860 1263 1884 tare
1283 1859 1435 1891 conventus,
1455 1859 1530 1884 etiam
1549 1859 1580 1883 ad
1600 1859 1712 1884 latrinas
1729 1858 1886 1890 disciplinate
1906 1866 1931 1884 se
1950 1859 2060 1884 habeant

1209 1903 1234 1928 et
1253 1903 1344 1934 quiete.
1361 1902 1497 1934 Nunquam
1517 1909 1561 1933 per
1580 1902 1720 1927 susurrium
1734 1902 1759 1927 et
1776 1902 1914 1927 tumultum
1934 1903 2059 1928 occasione

1209 1947 1291 1978 operis
1309 1946 1414 1971 alicuius
1433 1946 1536 1970 Fratres
1555 1946 1667 1975 orantes,
1688 1945 1816 1970 studentes
1835 1945 1880 1970 aut
1905 1946 2060 1977 quiescentes

1208 1990 1353 2021 impediant.
1372 2004 1407 2007 —
1424 1999 1436 2011 «
1449 1989 1481 2014 In
1512 1989 1627 2014 oratorio
1644 1995 1716 2014 nemo
1741 1988 1835 2020 aliquid
1857 1988 1931 2020 agat,
1955 1989 2004 2014 nisi
2028 1988 2060 2014 ad

1208 2033 1273 2065 quod
1291 2033 1386 2058 factum
1406 2033 1458 2062 est,
1477 2032 1542 2057 unde
1561 2032 1586 2057 01
1604 2039 1694 2057 nomen
1712 2032 1817 2063 accepit3
1837 2032 1866 2056 ut
1885 2032 1906 2057 si
1925 2031 1989 2057 forte
2014 2032 2060 2057 ali-

1208 2077 1250 2109 qui
1269 2077 1345 2101 etiam
1364 2076 1464 2108 praeter
1482 2076 1558 2101 horas
1581 2076 1705 2105 statutas,
1726 2076 1747 2100 si
1766 2076 1801 2100 eis
1820 2075 1906 2105 vacat,
1930 2083 2001 2100 orare
2020 2082 2060 2101 vo-

1207 2120 1315 2150 luerint;
1334 2127 1384 2145 non
1400 2120 1435 2144 eis
1449 2119 1500 2144 51111
1518 2118 1701 2150 impedimento,
1715 2119 1757 2150 qui
1770 2118 1806 2143 ibi
1822 2119 1916 2150 aliquid
1935 2119 2059 2150 agendum

1208 2162 1355 2194 putaverint
1366 2161 1386 2174 ¹³
1399 2172 1424 2186 ».
1438 2176 1473 2179 ——
1486 2161 1547 2186 Cum
1566 2169 1611 2192 per
1635 2161 1831 2193 dormitoriam,
1850 2161 1983 2187 Fratribus
2008 2163 2059 2194 qui-

1207 2205 1361 2235 escentibus,
1380 2204 1489 2235 vadunt,
1510 2205 1584 2236 plane
1595 2203 1624 2234 ²⁴,
1643 2205 1718 2230 immo
1736 2205 1808 2236 quasi
1823 2204 1916 2230 furtive
1934 2205 2058 2231 incedant.

1207 2248 1323 2273 Parando
1341 2248 1434 2273 lectum
1452 2248 1492 2273 vel
1506 2247 1555 2273 0110
1573 2248 1661 2279 quovis
1682 2247 1753 2273 modo
1778 2248 1932 2279 quiescentes
1951 2248 2060 2280 strepitu

1206 2439 1321 2467 Antonio,
1340 2442 1361 2474 et
1380 2439 1426 2461 fide
1448 2439 1492 2460 AB
1514 2441 1536 2461 et
1554 2438 1590 2461 ed.
1609 2439 1621 2460 2
1644 2438 1806 2460 substituimus
1823 2437 1999 2467 transportauit
2016 2444 2058 2466 pro

1207 2472 1362 2525 ‘mn-{piscia}
1374 2503 1394 2528 11,
1413 2503 1426 2523 ‘2
1444 2501 1552 2523 omittunt
1569 2501 1644 2524 Hanc.

1269 2532 1278 2545 ⁹
1296 2533 1429 2556 Secundum
1447 2533 1481 2555 Du
1494 2532 1584 2560 Gange,
1602 2533 1741 2555 Glossarium
1754 2535 1808 2554 etc:
1822 2531 1957 2555 Almutium
1975 2531 2058 2561 (almu-

1207 2565 1278 2592 cium)
1296 2568 1343 2587 orat
1362 2565 1487 2587 amiculum
1505 2571 1545 2587 seu
1566 2564 1675 2591 amictus,
1697 2570 1744 2593 quo
1765 2566 1835 2591 caput
1856 2563 1987 2592 collumque
2009 2564 2058 2586 sive

1207 2597 1298 2619 numeri
1313 2596 1459 2625 tegebantur.

1271 2628 1291 2640 ¹⁰
1308 2628 1359 2650 Vat.
1377 2627 1456 2650 nimis.

1271 2659 1289 2672 ¹¹
1308 2660 1359 2681 Vat.
1377 2665 1430 2682 cum
1448 2658 1518 2682 CDE
1535 2661 1557 2681 et
1573 2658 1610 2681 ed.
1633 2659 1637 2679 l
1659 2658 1724 2680 addit
1740 2657 1801 2681 iuter
1818 2657 1925 2681 Fratres.

1270 2690 1289 2703 ¹²
1307 2691 1359 2713 Vat.
1376 2697 1444 2713 (uae.

1271 2721 1290 2736 ¹⁸
1307 2697 1416 2750 Augugt„
1434 2722 1516 2749 Regni.
1533 2721 1562 2743 ad
1580 2727 1661 2744 servos
1679 2721 1729 2748 Dei,
1755 2727 1777 2743 n.
1802 2721 1823 2742 3.
1841 2719 1885 2743 Csr.
1911 2720 1980 2748 Epist.
2004 2720 2058 2742 211.

1208 2753 1273 2782 (alias
1294 2754 1353 2783 109.)
1372 2760 1394 2776 n.
1413 2753 1434 2775 7.
1449 2754 1491 2775 Pro
1508 2754 1536 2776 ut
1550 2752 1573 2775 si
1587 2753 1649 2782 forte
1661 2751 1737 2781 aliqui
1753 2752 1804 2774 Vat.
1825 2751 1886 2774 uncle
1901 2751 1923 2774 si
1938 2751 1999 2781 forte
2015 2750 2057 2774 ali-

1208 2784 1277 2815 quid,
1294 2788 1316 2807 et
1332 2791 1375 2813 pro
1394 2784 1466 2807 horas
1488 2785 1590 2807 statutas
1613 2784 1629 2805 B
1647 2786 1669 2806 et
1689 2783 1726 2806 ed.
1749 2784 1762 2805 2
1780 2783 1853 2806 horas
1875 2782 2002 2806 canonicas
2022 2781 2058 2805 vel

1208 2816 1361 2844 constitutas,
1379 2817 1398 2838 D
1415 2815 1488 2839 horas
1506 2817 1644 2843 consuetas,
1665 2818 1738 2837 textus
1754 2814 1872 2842 originalis
1888 2814 1962 2837 horas
1974 2812 2057 2837 consii-

1208 2849 1279 2871 lucas.

1271 2879 1291 2891 Μ
1309 2880 1342 2901 Du
1361 2878 1451 2906 Gange,
1468 2878 1609 2901 Glossarium
1626 2880 1682 2900 etc.:
1706 2877 1791 2904 Plane,
1810 2878 1880 2905 lente,
1903 2876 2056 2904 pedetentim,

1208 2911 1266 2933 italis
1280 2910 1361 2940 piano.
1379 2922 1411 2926 —
1428 2911 1478 2932 Vat.
1496 2915 1545 2932 uon
1561 2909 1639 2938 plane.
1652 2909 1745 2931 Inferius
1763 2915 1805 2937 pro
1816 2907 1916 2937 strepitu
1933 2906 2056 2937 reprehen-

1207 2941 1271 2965 sibili
1288 2942 1327 2971 (ita
1344 2942 1375 2968 D,
1394 2941 1532 2963 conveniunt
1550 2941 1603 2968 CE,
1622 2941 1707 2963 omisso
1723 2939 1834 2969 strepitu)
1847 2940 1902 2962 alias
1913 2937 2056 2968 reprehensi-

1209 2972 1299 3001 bililei·,·
1310 2973 1347 2995 ed.
1362 2974 1375 2995 2
1389 2976 1465 2995 tamen
1478 2973 1542 3000 legit:
1559 2978 1588 2995 ne
1596 2971 1708 3001 parando
1722 2971 1831 2994 lectum...
1843 2969 2056 3000 reprehensibiliter

1208 3004 1352 3034 inquietenl;
1364 3005 1381 3026 B
1393 3007 1415 3027 et
1427 3004 1464 3027 ed.
1479 3005 1485 3025 l
1497 3011 1502 3026 :
1517 3004 1583 3027 Tunc
1594 3002 1703 3033 parando
1721 3002 1830 3026 lectum...
1842 3000 2055 3032 reprehensibiliter

1208 3035 1348 3065 inquietant.

2075 2158 2108 2177 In·

2122 1082 2126 1102 l
