2133 3317
451 214 645 243 OPUSCULUM
668 214 707 242 111.
729 214 852 243 LIGNUM
874 214 979 243 VITAE.
1001 215 1045 243 DE
1066 215 1232 243 MYSTERIO
1253 215 1540 244 GLORlFlCATIONlS.

359 292 449 326 Iesus,
471 291 579 320 taxans
599 292 731 320 reatus-¹.

202 401 248 430 [ιθ.
271 401 299 429 ln
320 401 371 429 hac
391 400 526 437 siquidem
548 403 641 429 sancta
661 400 780 429 Ecclesia
801 408 850 437 per
871 400 966 429 orbem

124 448 302 482 universum,
324 447 428 484 Spiritu
449 449 543 475 sancto
564 446 727 475 mirabiliter
742 450 883 483 operante,
898 446 968 474 mul-

125 494 270 523 tiformiter
300 494 428 523 distincta
454 497 481 522 et
512 493 688 522 uniformiter
719 493 865 522 coniuncta
893 501 968 521 unus

32 549 114 578 qni-istus
123 540 260 578 praesidet
281 540 405 569 Pontifex
426 540 570 575 Christus,
592 543 722 577 tanquam
745 547 872 568 summus
893 539 967 568 hier-

9 572 114 617 ³s⁹13¹3⁰m⁹
123 588 220 621 archa,
243 587 290 624 qui
313 587 383 615 miro
404 587 501 615 ordine
522 587 609 615 instar
630 586 748 615 civitatis
779 594 917 623 supernae
939 586 967 614 in

123 642 154 663 ea
174 634 314 671 dispensat
334 633 498 670 dignitatum
520 633 625 667 officia,
640 633 832 662 distribuendo
853 632 967 661 citaris-

122 685 237 710 matum
264 681 350 709 dona.
380 679 457 708 Nam
478 680 621 718 quosdam
642 680 674 708 in
694 688 728 708 ea
747 679 825 708 dedit
846 681 967 717 Aposto—

123 727 180 761 los,
211 727 353 765 quosdam
370 726 546 764 prophetas,
568 726 642 755 alios
672 735 739 755 vero
760 726 966 764 compensius,

123 774 197 802 alios
214 777 348 811 pastores
362 777 386 802 et
400 773 529 802 doctores
544 774 584 802 ad
598 773 876 802 consummationem
892 773 967 802 San-

123 824 236 849 ctorum
267 824 292 848 et
322 820 552 857 aedificationem
580 820 712 857 eorporis
741 818 850 848 Christi
861 820 880 848 ².
912 819 966 856 Qui

7 870 108 915 disjuga·
123 867 204 896 etiam
226 866 378 896 secundum
400 867 516 904 gratiam
538 866 657 903 Spiritus
677 866 763 894 sancti
779 866 965 903 septiformem

89 906 95 912 ⁶
123 916 227 950 septem
248 913 322 942 dedit
343 914 520 941 Sacramenta
540 913 618 950 quasi
640 916 744 949 septem
766 912 966 941 medicamenta

123 959 302 994 morborum,
324 967 373 996 per
404 967 525 996 quorum
556 959 822 988 administrationem
848 963 875 988 et
902 967 966 996 gra-

122 1007 189 1035 tiam
210 1007 425 1036 sanctificantem
448 1006 546 1034 tribuit
564 1009 591 1035 et
612 1009 723 1043 peccata
743 1006 872 1040 dimittit,
893 1014 965 1043 quae

122 1062 266 1091 nunquam
286 1053 338 1082 nisi
360 1053 387 1082 in
408 1053 462 1082 fide
482 1055 510 1082 et
524 1053 629 1081 unitate
644 1052 767 1081 eiusdem
782 1055 891 1082 sanctae
908 1061 966 1081 ma-

123 1100 174 1129 tris
195 1100 329 1129 Ecclesiae
355 1100 527 1128 relaxantur.
557 1100 588 1128 Et
608 1099 739 1136 quoniam
763 1100 789 1128 in
811 1100 894 1137 igne³
916 1100 966 1128 tri-

28 1173 34 1178 .
56 1147 271 1192 u{Ag-bulationis
292 1149 403 1184 peccata
424 1149 596 1183 purgantur,
622 1146 698 1180 ideo,
720 1146 792 1175 sicut
813 1149 896 1184 caput
918 1146 966 1175 Ec-

9 1178 98 1239 ⁸131}an-
121 1193 219 1222 clesiae
240 1193 381 1222 Christum
402 1193 533 1230 exposuit
554 1193 628 1221 Deus
649 1193 781 1221 fluctibus
796 1193 965 1229 passionum,

63 1233 68 1238 ’
122 1240 161 1269 sic
182 1243 209 1269 et
229 1248 331 1277 corpus
359 1239 432 1274 eius,
461 1239 562 1268 scilicet
592 1239 739 1268 Ecclesiam
761 1247 854 1273 suam,
876 1247 966 1276 usque

121 1287 149 1315 in
170 1287 253 1316 finem
275 1286 376 1315 saeculi
398 1286 432 1314 ad
452 1286 642 1323 probationem
664 1289 692 1315 et
706 1286 897 1323 purgationem
916 1286 966 1314 tri-

121 1333 211 1362 bulari
234 1333 377 1370 permittit.
400 1333 442 1361 Sic
464 1332 651 1367 Patriarchae,
674 1333 712 1361 sic
737 1333 905 1369 Prophetae,
927 1333 965 1361 sic

122 1379 257 1416 Apostoli,
286 1379 324 1408 sic
355 1379 504 1415 Martyres,
526 1378 701 1407 Consessores
722 1382 749 1407 et
780 1379 907 1415 Virgines
938 1381 965 1407 et

121 1429 258 1464 quotquot
288 1426 454 1463 placuerunt
474 1426 546 1459 Deo,
567 1433 616 1462 per
641 1426 743 1454 multas
774 1426 966 1454 tribulationes

121 1473 256 1501 transiere
276 1472 386 1506 fideles;
407 1471 446 1500 sic
477 1471 558 1500 etiam
590 1472 682 1500 omnia
712 1472 838 1500 membra
863 1472 964 1500 Christi

121 1519 207 1548 electa
228 1527 318 1556 usque
338 1519 371 1547 ad
383 1519 395 1535 4
415 1519 486 1547 diem
508 1518 601 1547 iudicii
622 1518 840 1555 pertransibunt.

306 1628 431 1656 Fnucrus
451 1627 493 1656 XI.
516 1628 651 1660 AEQurrAs
672 1636 773 1656 lumen.

358 1729 451 1763 Iesus,
474 1729 551 1758 testis
571 1729 727 1758 veridicus.

199 1831 245 1859 41.
269 1831 354 1859 Porro
374 1830 462 1859 futuri
485 1830 577 1859 iudicii
593 1833 730 1867 tempore,
745 1839 801 1868 quo
816 1831 889 1860 Deus
904 1839 965 1860 cor-

0 1878 104 1923 gffissigss·
121 1877 198 1906 dium
224 1877 356 1906 iudicabit
385 1877 506 1911 occulta,
530 1878 683 1914 praecedet
713 1877 791 1915 ignis
822 1881 888 1906 ante
917 1877 964 1915 fa-

121 1924 192 1953 ciem
213 1924 321 1953 iudicis
332 1924 353 1958 ⁵,
377 1923 481 1961 Anqeli
510 1932 578 1952 enm
609 1923 679 1952 taba
705 1924 870 1958 mittentur,
898 1933 964 1953 con-

119 1971 324 2009 yreyabuntur
344 1971 423 2000 electi
442 1979 462 2000 a
486 1974 615 2009 quatuor
646 1972 737 2000 ventis
756 1971 843 2005 caeli,
869 1980 964 2001 omnes

121 2026 247 2055 quoque,
269 2018 316 2055 qui
338 2018 365 2046 in
386 2018 572 2047 monumentis
593 2021 672 2052 sunt,
697 2018 805 2047 divinae
836 2018 965 2047 iussionis

120 2065 223 2094 virtute
258 2067 405 2102 resurgent
439 2072 590 2102 omnesque
621 2064 761 2093 astabant
791 2069 858 2093 ante
893 2065 965 2094 iliud

184 2297 192 2310 ¹
211 2297 301 2320 Omisso
318 2298 390 2325 titulo,
407 2298 515 2321 ACWZ
532 2301 666 2327 sequentem
685 2300 856 2327 paragraphum
874 2300 965 2322 coniun-

122 2339 179 2364 gunt
195 2342 249 2359 cum
266 2336 422 2358 antecedente.
447 2337 470 2359 ln
495 2338 511 2359 Z
529 2339 605 2359 lamen
631 2338 743 2360 recentior
761 2344 844 2361 manus
861 2339 917 2361 inira
935 2339 964 2361 ad

121 2374 193 2396 verba
210 2374 395 2404 aedificationem
411 2375 518 2404 corporis
536 2375 623 2398 Christi
644 2376 666 2398 in
684 2377 788 2404 margine
800 2376 878 2399 scribit
890 2378 964 2405 lesus,

121 2413 237 2437 remmam
254 2415 342 2437 reatus.

186 2452 195 2465 ²
212 2454 271 2481 Eph.
289 2453 315 2482 4,
337 2454 370 2475 11.
393 2455 426 2476 12.
443 2466 473 2470 -
491 2454 564 2481 Supra
583 2460 625 2482 pro
637 2453 778 2477 mirabiliter
790 2457 901 2484 operante
915 2456 964 2478 Vat.

123 2491 264 2515 mirabiliter
281 2494 427 2521 cooperante.

184 2530 193 2543 ³
211 2531 263 2553 Vat.
277 2537 321 2560 per
344 2531 421 2559 ionem
447 2538 489 2559 pro
512 2531 535 2554 in
559 2531 627 2561 ἕψῃς·
650 2532 737 2554 lOPR
762 2532 833 2555 etiam
855 2532 921 2562 iqne,
946 2533 963 2555 L

123 2569 193 2594 eliam
214 2570 238 2593 in
256 2569 315 2599 iqne.
334 2570 445 2598 Superius
466 2577 509 2598 pro
530 2570 634 2599 qratiam
659 2570 845 2601 sanctificantem
868 2572 886 2593 D
911 2578 965 2600 yra-

122 2608 179 2632 tiam
196 2610 219 2632 et
233 2608 450 2639 sanctificationem,
468 2610 486 2638 Q
504 2609 558 2637 legit
569 2609 673 2638 qratiam
691 2608 773 2632 tribuit
789 2609 920 2633 sanctitatis
936 2611 965 2632 et.

183 2647 192 2659 ‘¹
209 2647 283 2670 Codd.
300 2648 315 2670 N
327 2648 410 2676 sz
426 2650 449 2670 et
470 2649 474 2669 Ι
496 2648 529 2671 in.
553 2649 604 2670 Post
623 2647 805 2677 pertransibunt
828 2649 845 2671 Α
856 2648 872 2671 C
882 2649 897 2670 F
907 2649 923 2671 N
935 2649 964 2671 W

121 2689 144 2709 et
159 2687 168 2708 t
190 2690 373 2715 prosequuntur:
391 2688 416 2710 ut
432 2686 539 2710 emliibeat
556 2686 687 2716 qloriosam
707 2686 837 2710 Ecclesiam
855 2690 964 2716 tanquam

122 2731 232 2753 sponsam
245 2726 373 2753 speciosam
385 2731 434 2749 non
445 2725 567 2749 habentem
579 2726 699 2749 maculam
711 2732 785 2756 neque
795 2732 883 2755 ruyam
895 2726 965 2756 [Eph.

122 2764 144 2792 5,
161 2763 218 2793 27.].
235 2764 294 2786 Felix
306 2765 393 2792 anima,
405 2771 466 2793 quae
478 2765 542 2787 istius
558 2771 656 2792 sponsae
668 2765 798 2793 praevaleat
815 2765 964 2793 contemplari

121 2802 230 2825 decorem
247 2806 269 2825 et
285 2809 339 2825 cum
357 2803 392 2825 illo
410 2803 484 2826 amico
501 2803 583 2831 Sponsi
595 2803 707 2826 veraciter
717 2804 804 2826 dicere:
822 2803 874 2826 Vidi
885 2803 964 2827 civita-

122 2843 168 2865 tem
182 2843 299 2870 sanctam,
311 2842 440 2865 Ierusalem
451 2848 551 2871 novam,
568 2842 743 2866 descendentem
755 2842 782 2866 de
793 2843 857 2866 caelo
875 2849 889 2866 a
902 2844 961 2871 Deo,

120 2882 234 2910 paratam
250 2880 312 2904 sicat
326 2887 439 2910 sponsam
456 2883 568 2905 ornatam
582 2881 633 2905 viro
652 2888 696 2905 suo
709 2882 790 2910 [Apoc.
803 2883 839 2910 21,
852 2883 893 2911 2.].
909 2883 965 2905 Bea-

123 2922 171 2942 tum
187 2921 289 2948 protecto
302 2926 339 2942 me
350 2921 475 2948 reputabo,
490 2921 508 2944 si
520 2921 609 2950 suerint
625 2921 741 2951 reliquiae
757 2921 854 2945 seminis
870 2921 918 2944 mei
933 2921 965 2944 ad

122 2958 246 2982 videndam
264 2965 362 2987 sponsae
382 2960 514 2982 huiusmodi
538 2959 676 2988 praenobilis
693 2960 853 2983 admirabilem
870 2960 964 2984 clarita·

122 2998 175 3020 tem.
192 2997 262 3027 [Tob.
281 2998 322 3025 13,
340 2997 396 3027 20.].

1830 217 1866 246 83

1024 292 1162 322 iudiciale
1183 293 1322 322 tribunal.
1337 294 1414 322 Tunc
1429 293 1677 322 illuminabantur
1697 293 1868 323 abscondita

1025 339 1227 374 tenebrarum,
1250 343 1315 369 tunc
1336 340 1544 369 revelabuntur
1571 340 1694 369 consilia
1715 341 1866 375 cordiam,

1024 388 1090 414 tuuc
1111 385 1181 414 libri
1201 386 1356 423 pandentur
1387 387 1633 421 conscientiarum,
1655 390 1683 416 et
1713 387 1771 424 ipse
1797 387 1867 416 liber

1024 432 1178 468 aperietur,
1199 433 1246 469 qui
1268 433 1370 462 dicitur
1391 433 1461 462 liber
1481 434 1566 462 vitae.
1582 434 1642 471 Quo
1663 434 1719 468 fiet,
1734 437 1767 462 ut
1784 434 1867 463 simul

1024 481 1051 506 et
1072 478 1099 506 in
1121 479 1232 507 instanti
1254 480 1377 508 omnium
1399 480 1490 509 omnia
1515 484 1622 510 secreta
1642 481 1771 510 omnibus
1792 484 1868 509 tanta

1024 525 1197 554 certitudinis
1228 526 1352 555 claritate
1383 530 1539 563 patescant,
1568 530 1600 556 ut
1628 531 1724 556 contra
1746 527 1868 556 testimo-

1024 570 1101 599 nium
1131 571 1254 600 veritatis
1285 572 1424 609 loquentis
1451 573 1478 601 in
1507 573 1617 603 Christo
1638 576 1665 602 et
1686 573 1868 603 conscientiae

1024 617 1193 646 cuiuslibet³
1215 619 1319 655 pariter
1347 620 1525 648 contestantis
1556 620 1632 649 nulla
1660 628 1776 657 prorsus
1806 620 1868 649 infi-

1024 663 1125 697 tiandi,
1146 664 1307 693 defendendi
1329 666 1373 694 vel
1394 666 1546 695 excusandi
1568 675 1616 695 seu
1648 666 1868 704 subterfugiendi

1024 712 1116 747 pateat
1136 711 1246 746 semita,
1268 712 1336 749 quin
1358 713 1472 749 recipiat
1494 713 1687 750 unusquisque
1708 714 1867 742 secundum

1024 765 1113 794 opera
1133 766 1199 786 sna.

1107 815 1121 828 «
1132 804 1227 841 Magna
1242 804 1326 841 igitur
1342 805 1442 834 indicta
1457 808 1498 834 est
1513 806 1591 835 nobis
1606 807 1754 835 necessitas
1775 807 1868 844 probi·
1883 810 2014 830 eorouauum.

1025 851 1102 884 tatis,
1125 859 1188 879 cum
1211 852 1302 880 omnia
1323 860 1438 889 agamus
1460 853 1486 881 in
1508 857 1657 890 conspectu
1680 854 1778 883 Iudicis
1799 862 1867 883 cun-

1023 900 1067 926 cta
1088 898 1226 926 cernentis
1238 899 1248 915 ⁷
1266 911 1290 926 n.

1283 993 1374 1026 Iesus,
1396 993 1484 1021 iitdeae
1505 993 1611 1022 iratas.

1101 1085 1147 1113 42.
1169 1086 1323 1122 Apparente
1344 1086 1503 1123 siquidem⁸
1524 1087 1719 1124 omnipotentis
1741 1088 1798 1116 Filii
1818 1088 1866 1116 Dei

1022 1131 1100 1168 signo
1121 1131 1148 1160 iu
1171 1131 1307 1166 nubum,
1330 1132 1537 1170 virtutibusque
1558 1134 1699 1162 caelorum
1714 1134 1866 1168 commotis,

1022 1178 1069 1206 sed
1090 1181 1117 1206 et
1138 1178 1172 1206 ad
1192 1178 1267 1207 orbis
1289 1179 1532 1216 conflagrationem
1548 1180 1736 1209 mundialibus
1750 1189 1867 1210 concur-

1022 1224 1149 1253 rentibus
1164 1225 1286 1262 ignibus,
1302 1226 1497 1263 collocatisque
1512 1227 1641 1256 omnibus
1656 1227 1736 1256 iustis
1750 1228 1783 1256 ad
1798 1227 1867 1256 dex-

1023 1273 1125 1305 teram,
1148 1271 1239 1308 impiis
1260 1271 1293 1299 ad
1315 1272 1468 1306 sinistram;
1483 1272 1551 1301 adeo
1568 1273 1652 1301 Iudex
1668 1273 1864 1302 universorum
1877 1276 2013 1324 coffialpgrcgff

1022 1318 1148 1354 reprobis
1169 1318 1257 1346 iratus
1278 1318 1433 1353 videbitur,
1455 1321 1487 1347 ut
1506 1319 1606 1348 dicant
1620 1319 1766 1348 montibus
1781 1324 1805 1348 et
1816 1329 1865 1357 pe-
1878 1324 1918 1343 1³⁰⁸-

1022 1365 1092 1393 tris:
1117 1365 1216 1393 Cadite
1236 1374 1325 1402 super
1345 1374 1398 1393 nos
1429 1369 1453 1394 et
1484 1366 1649 1395 abscondite
1675 1376 1727 1395 nos
1749 1376 1768 1396 a
1789 1367 1867 1404 facie

1021 1411 1144 1439 sedentis
1163 1420 1252 1448 saper
1274 1411 1411 1440 thronum
1433 1416 1459 1441 et
1486 1412 1523 1441 ab
1548 1413 1597 1441 ira
1626 1414 1706 1450 Ayni
1717 1414 1736 1442 ⁹.
1765 1414 1868 1443 Incidet

1021 1458 1094 1486 enim
1114 1467 1170 1495 pro
1192 1457 1308 1487 tltorace
1328 1459 1475 1487 iustitiam
1495 1464 1520 1488 et
1551 1460 1673 1497 accipiet
1694 1469 1751 1497 pro
1781 1461 1868 1498 galea

1021 1504 1166 1533 iudicium
1187 1509 1306 1534 certam.
1323 1506 1421 1534 Samet
1441 1509 1557 1534 scutum
1575 1506 1799 1545 inexpugnabile
1820 1517 1867 1537 ae-

1021 1552 1177 1590 quitatem,
1200 1556 1283 1581 aeitet
1304 1556 1401 1581 autem
1429 1553 1530 1582 diram
1559 1554 1640 1582 iram
1665 1554 1696 1582 in
1717 1554 1867 1590 lanceam,

1021 1602 1045 1627 et
1057 1599 1203 1636 puynahit
1216 1607 1283 1627 cum
1298 1599 1345 1628 illo
1359 1599 1438 1628 orbis
1452 1603 1604 1629 terrarum
1619 1606 1722 1630 contra
1737 1602 1867 1631 insensa-

1022 1649 1082 1679 tos;
1103 1649 1134 1674 ut
1155 1646 1203 1683 qui
1225 1649 1322 1675 contra
1343 1647 1489 1676 Auctorem
1510 1648 1634 1677 omnium
1650 1649 1803 1685 procaciter
1817 1657 1868 1686 pu-

1020 1695 1192 1729 gnaverunt,
1214 1693 1286 1721 iusto
1307 1696 1374 1722 tunc
1395 1693 1442 1722 Dei
1465 1694 1565 1723 iudicio
1579 1694 1614 1723 ab
1629 1695 1758 1724 omnibus
1779 1703 1868 1732 expu-

1021 1742 1150 1776 gnentur.
1174 1751 1187 1764 «
1202 1740 1278 1768 Tunc
1293 1740 1423 1776 superius
1445 1740 1530 1769 ludex
1551 1741 1695 1778 apparebit
1709 1742 1811 1776 iratus,
1827 1742 1868 1771 in-

1020 1785 1108 1814 ferius
1129 1786 1301 1814 horrendum
1323 1787 1422 1821 chaos,
1443 1790 1540 1823 patens
1561 1788 1693 1817 infernus.
1716 1789 1735 1816 A
1759 1789 1867 1818 dextris

1021 1835 1132 1869 peccata
1152 1833 1322 1867 accusantia,
1337 1841 1354 1861 a
1368 1833 1487 1862 sinistris
1507 1834 1614 1863 infinita
1628 1834 1780 1864 daemonia.
1802 1836 1866 1864 Pec-

1021 1882 1097 1907 cator
1119 1879 1158 1907 sic
1189 1880 1422 1916 comprehensus,
1444 1888 1499 1917 quo
1524 1881 1657 1918 effugiet?
1678 1881 1758 1910 Certe
1779 1882 1866 1911 latere

1021 1925 1074 1954 erit
1094 1925 1262 1962 impossibile
1276 1928 1304 1955 et
1318 1934 1463 1963 apparere
1478 1927 1659 1956 intolerabile.
1676 1928 1709 1957 Si
1725 1928 1802 1957 enim
1816 1929 1867 1957 vix

1021 1972 1118 2001 iustus
1145 1972 1327 2007 salvabitur,
1356 1973 1466 2011 impias
1493 1977 1518 2002 et
1542 1978 1678 2011 peccator
1706 1974 1758 2003 ubi
1778 1984 1867 2012 pare—

1021 2018 1091 2047 bunt
1104 2019 1127 2035 ¹⁰
1141 2019 1174 2047 n?
1196 2019 1261 2047 Non
1282 2028 1351 2057 erqo
1366 2020 1456 2049 intres
1477 2021 1508 2049 in
1529 2021 1673 2051 iudicium
1695 2031 1762 2051 cum
1783 2031 1866 2051 servo

1022 2068 1086 2100 tito,
1110 2066 1237 2094 Domine.

1084 2299 1094 2312 ⁵
1112 2301 1193 2323 l‘salm.
1206 2301 1248 2327 96,
1261 2301 1287 2328 33
1299 2301 1352 2323 dein
1365 2301 1387 2323 11.
1402 2301 1482 2324 Thess.
1497 2302 1517 2328 l,
1530 2302 1557 2329 ὃς
1569 2302 1598 2324 de
1607 2308 1655 2330 seq.
1668 2302 1717 2325 loco
1727 2302 1781 2324 vide
1790 2303 1866 2325 Matth.

1021 2339 1063 2368 24,
1082 2340 1119 2362 29.
1137 2346 1201 2369 seqq.
1221 2340 1329 2369 Sequitur
1351 2341 1417 2363 Rom.
1441 2341 1483 2368 44,
1511 2341 1550 2363 10:
1574 2341 1658 2364 Omnes
1675 2342 1736 2364 enim
1753 2341 1866 2364 stabimus

1021 2381 1075 2400 ante
1091 2378 1191 2400 tribunal
1208 2378 1303 2406 Christi;
1320 2379 1405 2401 deiude
1430 2380 1445 2402 l.
1470 2379 1523 2402 cor.
1541 2380 1567 2405 4,
1585 2380 1612 2402 5:
1629 2380 1672 2408 Qui
1689 2383 1712 2403 et
1729 2380 1866 2403 illuminabit

1021 2417 1155 2440 abscondita
1173 2417 1321 2440 tenebrarum
1334 2420 1388 2445 etc.;
1401 2418 1430 2440 de
1442 2418 1534 2441 duobus
1549 2418 1615 2442 libris
1628 2419 1681 2441 vide
1694 2420 1765 2447 Apoc.
1777 2420 1814 2446 20,
1831 2421 1865 2442 12.

1084 2455 1093 2468 ‘⁵
1106 2457 1135 2478 lta
1148 2457 1165 2478 Α
1176 2457 1192 2478 Β
1201 2456 1218 2479 C
1228 2457 1243 2478 E
1252 2457 1291 2479 FN
1302 2457 1331 2479 W
1341 2458 1357 2479 Z
1369 2460 1391 2479 et
1407 2458 1428 2484 l;
1441 2458 1491 2480 Vat.
1504 2457 1681 2487 cuiuscumque.
1694 2470 1724 2474 —
1736 2458 1865 2486 Respicitur

1021 2495 1092 2523 Apoc.
1110 2496 1137 2522 2,
1154 2496 1196 2517 23:
1214 2495 1279 2517 Dabo
1297 2496 1421 2524 unicuique
1438 2498 1541 2518 vestrum
1564 2496 1692 2518 secuudum
1718 2502 1789 2524 opera
1815 2503 1865 2519 sua.

1085 2533 1093 2546 ⁷
1111 2534 1189 2556 Boeth.
1209 2535 1235 2556 V.
1253 2534 1282 2556 de
1299 2534 1413 2557 Cousolat.
1430 2541 1498 2562 prosa
1517 2535 1538 2557 6.
1556 2535 1599 2557 Pro
1624 2540 1679 2558 cam
1704 2535 1785 2558 omnia
1809 2542 1866 2565 aya—

1020 2578 1075 2595 mzts
1092 2573 1144 2595 Vnt.
1161 2579 1214 2595 cum
1230 2579 1276 2595 non
1297 2574 1377 2601 paucis
1394 2574 1462 2596 codd.
1480 2573 1537 2596 dani
1554 2573 1635 2596 omnia
1652 2573 1755 2603 aqimus.

1083 2610 1092 2623 Β
1109 2611 1199 2634 Omisso
1218 2612 1294 2639 titulo,
1311 2612 1354 2634 AC
1365 2612 1394 2634 W
1405 2613 1421 2634 Z
1438 2615 1460 2635 et
1490 2613 1495 2634 l
1520 2618 1618 2642 quoque.
1636 2625 1666 2630 —
1684 2613 1716 2635 De
1733 2613 1801 2642 siyno
1824 2614 1866 2637 Dei

1021 2651 1076 2673 vide
1092 2651 1169 2673 Matth.
1188 2651 1224 2678 24,
1243 2652 1284 2679 303
1303 2653 1343 2674 cfr.
1361 2652 1415 2674 Luc.
1433 2652 1470 2678 21,
1489 2652 1528 2674 25.
1544 2658 1608 2680 seqq.

1083 2688 1093 2701 ⁰
1110 2690 1180 2717 Apoc.
1198 2690 1223 2716 6,
1242 2690 1283 2716 116,
1295 2696 1344 2718 seq.
1357 2690 1421 2712 lorus
1433 2693 1467 2713 est
1479 2691 1531 2718 Sap.
1544 2691 1570 2719 5,
1586 2692 1620 2714 19.
1632 2697 1698 2720 seqq.
1709 2704 1740 2708 —
1754 2691 1810 2714 lnsra
1823 2698 1865 2720 pro

1018 2728 1102 2756 patens
1120 2727 1227 2757 infernus
1245 2728 1283 2756 (ita
1302 2730 1349 2750 sere
1373 2735 1455 2751 omnes
1480 2729 1557 2758 codd.)
1578 2730 1627 2752 Vat.
1649 2730 1752 2759 patentis
1777 2730 1866 2760 inferni

1022 2766 1060 2793 (de
1077 2770 1171 2789 auctore
1188 2767 1255 2789 liuius
1272 2767 1396 2789 sententiae
1414 2767 1467 2790 vide
1484 2774 1553 2796 supra
1572 2774 1627 2796 pag.
1648 2769 1690 2796 53,
1711 2772 1788 2792 notam
1811 2770 1864 2798 Ἰ12.).

1021 2805 1073 2827 Post
1092 2805 1216 2828 daemonia
1235 2806 1284 2828 Vat.
1302 2806 1365 2829 addit
1384 2806 1416 2829 ad
1438 2806 1559 2836 infernam
1582 2807 1700 2831 trahentia
1722 2809 1744 2831 et
1765 2808 1865 2832 interius

1020 2844 1131 2867 mordens
1148 2844 1301 2873 conscientia,
1320 2851 1362 2873 pro
1379 2852 1426 2874 quo
1442 2846 1461 2868 R
1478 2845 1510 2869 ad
1525 2845 1643 2876 supplicia
1659 2847 1791 2875 trahentia,
1805 2847 1865 2877 soris

1020 2883 1124 2906 mandas
1142 2883 1242 2912 ardens,
1260 2883 1325 2907 intus
1341 2884 1483 2908 conscientia
1499 2892 1580 2909 arens.

1084 2922 1103 2935 ¹⁰
1121 2923 1189 2950 Epist.
1208 2923 1223 2945 l.
1240 2923 1298 2945 Petr.
1316 2923 1341 2950 4,
1360 2924 1396 2946 18.
1416 2924 1477 2952 (Vat.
1494 2924 1644 2954 apparebant
1660 2931 1702 2953 pro
1717 2925 1864 2955 parebunt),-

1020 2962 1123 2990 sequitur
1140 2962 1175 2984 Ps.
1194 2961 1252 2988 lm,
1270 2963 1295 2989 2,
1313 2962 1352 2984 ubi
1371 2963 1393 2985 in
1410 2964 1455 2985 line
1466 2964 1485 2992 Q
1497 2970 1591 2986 versum
1604 2964 1736 2987 continuat:
1749 2964 1864 2994 quianon

1020 3000 1187 3031 iustificabitur
1205 3000 1228 3024 in
1246 3003 1369 3031 conspectu
1387 3003 1427 3025 tuo
1444 3002 1521 3026 omnis
1538 3003 1624 3027 vicens.
