2133 3317
129 1723 233 1746 Explicatio

144 1748 212 1765 textus.

135 1863 163 1882 De
177 1865 219 1881 ortu

112 1887 199 1913 mentalis
212 1892 242 1913 ex-

116 1912 239 1929 etaltatlonis.

952 361 1260 399 OPUSOULUM
1284 362 1335 398 Π.

808 487 1475 565 ΞΟΙᾸΙΑΟΩῊΞΠΜ

657 643 721 685 DE
752 643 976 686 QUATUOR
1005 645 1318 688 MENTALIBUS
1346 645 1619 689 EXEROITHS

1048 1057 1230 1087 PROLOGUS.

343 1153 366 1180 1.
386 1152 479 1181 Fleeto
492 1161 590 1190 [senua
605 1161 669 1181 mea
690 1152 731 1180 url
746 1152 865 1180 Putrem
881 1151 1002 1180 Domini
1014 1152 1110 1180 nostri

260 1199 327 1227 Iesu
350 1197 473 1233 Christi,
494 1207 514 1227 α
535 1207 591 1236 quo
613 1199 708 1227 omnis
734 1198 901 1235 paternitas
923 1198 953 1226 ιή
981 1198 1058 1226 caelo
1083 1201 1109 1226 et

261 1245 395 1273 interra
415 1245 602 1279 nominatur,
624 1248 657 1273 ut
677 1245 723 1273 (let
749 1244 830 1273 'uobis
850 1244 1012 1273 secundum
1033 1244 1107 1272 (liui-

261 1292 319 1321 tias
339 1292 452 1330 9loriae
465 1301 538 1321 suae
559 1292 666 1320 virtute
681 1291 874 1320 corroborari
891 1300 945 1328 per
966 1291 1108 1328 spirituaii

259 1339 323 1368 eius
337 1339 368 1368 in
390 1339 526 1368 interiori
540 1338 667 1373 homine,
685 1338 835 1367 Christum
853 1347 907 1375 per
921 1338 1007 1375 sidem
1026 1337 1108 1366 liabi-

260 1389 323 1414 tctre
344 1387 375 1415 in
404 1386 543 1415 cordibus
563 1386 685 1419 vem-is,-
716 1386 746 1414 in
769 1386 893 1414 caritate
924 1385 1056 1413 radicati
1083 1388 1108 1413 et

259 1432 397 1470 fundati,
420 1436 453 1461 ut
479 1433 597 1469 possitis
618 1431 856 1469 comprehendere
880 1440 948 1460 cum
973 1431 1108 1459 ominibus

261 1480 390 1513 Sanctis,
406 1488 481 1518 quae
495 1480 534 1508 sit
555 1480 719 1517 longitudo,
741 1479 879 1512 latitudo,
901 1478 1069 1507 sublimitas
1083 1482 1109 1507 et

256 1525 457 1563 profundum,
483 1526 558 1555 seire
576 1526 664 1555 etiam
688 1525 945 1562 snpereminentem
970 1524 1107 1553 scientiae

259 1573 412 1601 caritatem
437 1572 560 1606 Cltristi,
584 1577 616 1601 ut
643 1572 826 1609 impleamini
856 1572 886 1600 in
912 1579 1025 1600 onmem
1047 1570 1107 1608 ple-

258 1619 422 1648 nitudinem
444 1620 515 1653 Dei,
537 1620 571 1648 ad
594 1619 724 1656 Ephesios
746 1619 858 1647 terti01.

337 1667 438 1695 Paulus
459 1667 612 1703 apostolus,
628 1674 675 1695 vas
696 1669 825 1695 aeternae
839 1665 993 1700 electionis,
1015 1673 1106 1694 sacra-

258 1713 332 1742 rium
355 1714 463 1742 divinae
485 1713 724 1747 sanctificationis,
747 1713 891 1749 speculum
913 1715 941 1741 et
961 1712 1105 1749 exemplar

258 1768 396 1797 supernae
411 1760 662 1797 contemplationis,
684 1760 710 1788 in
727 1760 820 1788 verbis
841 1759 1000 1796 praemissis
1014 1763 1106 1788 osten-

257 1807 297 1835 dit
318 1807 398 1836 nobis
412 1807 539 1835 mentalis
562 1807 770 1836 exercitationis
791 1810 901 1840 ortum,
921 1806 1061 1835 obiectum
1080 1810 1106 1835 et

256 1853 400 1891 fructum.
416 1871 454 1874 —
468 1854 592 1882 Mcntalis
613 1854 686 1882 enim
708 1854 884 1888 exercitatio,
907 1853 929 1882 si
950 1853 1032 1882 debet
1046 1861 1105 1882 esse

256 1901 301 1937 pia
322 1903 349 1929 et
370 1900 525 1935 salutifera,
547 1903 668 1937 oportet,
684 1900 757 1937 quod
773 1900 873 1929 habeat
888 1900 1037 1936 potentiam
1059 1908 1105 1928 su-

256 1947 495 1983 pernaturaliter2
517 1946 730 1980 confortantem,
751 1947 911 1983 sapientiam
932 1947 1106 1983 regulantem

257 1996 284 2022 et
305 1994 477 2022 clementiam
499 1994 694 2022 consolantem.
716 1994 818 2022 Flectat
838 1994 924 2030 igitur
945 1993 1037 2022 anima
1057 1993 1104 2022 de-

257 2043 332 2074 vota,
354 2041 462 2069 divinae
477 2040 716 2076 contemplationis
737 2048 830 2069 amore
845 2048 960 2069 accensa
972 2040 992 2073 ³,
1014 2048 1105 2076 genua

256 2088 357 2116 mentis
371 2090 434 2116 ante
455 2087 588 2115 thronum
604 2087 778 2115 beatissimae
799 2090 826 2115 et
841 2086 1105 2123 incomprehensibi-

257 2133 290 2162 lis
311 2134 466 2167 Trinitatis,
487 2134 578 2170 pulset
599 2133 743 2161 humiliter
771 2135 798 2161 et
818 2133 939 2169 postulet
967 2132 1105 2169 sapienter

256 2180 304 2209 Dei
327 2180 414 2209 Patris
443 2180 665 2209 confortatricem
687 2179 852 2216 potentiam,
874 2187 909 2207 ne
936 2179 1031 2207 labore
1058 2178 1105 2206 de-

257 2235 352 2264 pressa
373 2227 551 2261 succumbat;
574 2227 621 2255 Dei
641 2226 698 2255 Filii
715 2226 910 2263 regulatricem
928 2225 1103 2262 sapientiam,

257 2282 292 2303 ne
312 2282 409 2303 errore
440 2274 553 2303 seducta
574 2282 589 2302 a
620 2274 736 2302 veritate
766 2273 875 2307 deviet,
904 2273 953 2301 Dei
985 2272 1104 2309 Spiritus

256 2321 342 2350 sancti
364 2321 572 2350 consolatricem
587 2320 717 2357 pietatem
738 2322 764 2348 et
780 2319 969 2353 clementiam,
991 2327 1026 2347 ne
1048 2322 1104 2347 tae-

255 2367 300 2396 dio
321 2367 428 2396 devicta
448 2367 564 2396 deficiat.
589 2367 677 2395 Omne
698 2366 771 2395 enim
792 2366 895 2394 (latiam
917 2365 1058 2403 optimum
1079 2368 1105 2393 et

255 2423 337 2442 omne
358 2414 468 2443 donum
494 2405 657 2451 perfectum
678 2413 834 2442 desursum
856 2416 909 2447 est,
931 2412 1102 2441 descendeus

1166 1160 1184 1180 α
1201 1153 1292 1181 Patre
1312 1153 1473 1187 lmninum,
1489 1154 1576 1182 lacobi
1592 1154 1682 1191 primo
1693 1155 1720 1189 43
1742 1157 1769 1183 et
1787 1155 1940 1184 secundum
1961 1156 2014 1184 Au-

1165 1199 1321 1235 gustinum,
1342 1208 1447 1228 «omne
1462 1200 1567 1228 bonum
1588 1204 1715 1230 nostrum
1736 1205 1785 1230 aut
1800 1202 1874 1230 Deus
1894 1205 1947 1237 est,
1966 1205 2015 1232 aut

1165 1252 1181 1272 a
1201 1245 1257 1273 Deo
1272 1248 1354 1273 est».
1377 1245 1453 1274 Unde
1467 1254 1522 1274 non
1544 1246 1682 1275 immerito
1697 1247 1724 1275 in
1746 1248 1821 1276 omni
1843 1247 1905 1276 boni
1922 1248 2014 1285 operis

1165 1290 1243 1319 initio
1264 1291 1309 1320 ille
1330 1294 1372 1320 est
1392 1292 1575 1328 invocandus,
1597 1302 1613 1321 a
1634 1302 1690 1330 quo
1710 1302 1791 1322 omne
1812 1294 1915 1323 bonum
1931 1295 2014 1332 origi-

1165 1337 1264 1366 naliter
1284 1338 1472 1375 progreditur,
1486 1347 1535 1376 per
1550 1348 1633 1376 quem
1648 1348 1729 1369 omne
1746 1341 1851 1369 bonum
1874 1342 2014 1378 exempla-

1165 1384 1233 1413 riter
1256 1385 1432 1421 producitur,
1454 1389 1482 1414 et
1501 1386 1535 1414 ad
1557 1394 1639 1423 quein
1661 1395 1743 1416 omne
1764 1387 1868 1416 bonum
1894 1388 2014 1417 finaliter

1165 1431 1317 1460 reducitur.
1331 1433 1399 1461 Haec
1414 1436 1455 1461 est
1469 1433 1516 1461 illa
1529 1433 1674 1462 ineflabilis
1688 1434 1816 1469 Trinitas,
1828 1435 1916 1470 Pater,
1931 1435 2014 1464 Filius

1165 1481 1192 1507 et
1213 1479 1333 1515 Spiritus
1354 1483 1478 1514 sanctus,
1500 1488 1583 1517 quam
1605 1481 1692 1517 tangit
1710 1481 1867 1518 Apostolus,
1889 1490 1952 1511 cum
1973 1482 2014 1511 di-

1164 1525 1200 1554 cit
1212 1525 1238 1553 ⁵:
1261 1525 1353 1554 Flecte
1373 1535 1472 1563 gyenuu
1491 1535 1557 1555 meet
1578 1529 1646 1561 eto,
1661 1536 1751 1565 usque
1766 1528 1821 1557 ibi:
1837 1532 1870 1557 ut
1881 1529 2010 1565 possitis.

1244 1573 1269 1600 Q.
1293 1573 1418 1601 Secundo
1450 1573 1568 1602 ostendit
1596 1573 1676 1602 istius
1697 1574 1855 1603 salutiferae
1885 1575 2012 1604 mentalis

1164 1619 1371 1648 exercitationis
1386 1619 1534 1648 obiectum.
1557 1620 1702 1649 Obiectum
1719 1629 1784 1649 vero
1805 1622 2012 1651 exercitationis

1163 1665 1278 1694 devotae
1300 1666 1400 1694 mentis
1418 1666 1540 1695 debent⁶
1560 1675 1619 1696 esse
1637 1667 1781 1696 interiora
1805 1671 1832 1696 et
1852 1669 2009 1703 exteriora,

1164 1710 1311 1749 inferiora
1333 1715 1360 1741 et
1380 1713 1546 1750 superiora.
1559 1730 1598 1734 —
1613 1714 1699 1742 Debet
1713 1714 1786 1742 enim
1801 1715 1893 1743 anima
1913 1715 2012 1744 devota

1163 1766 1213 1795 per
1234 1759 1353 1787 mentale
1367 1760 1533 1788 exercitium
1555 1761 1792 1797 contemplationis
1806 1761 1915 1790 radium
1931 1762 2012 1791 refle-

1163 1807 1238 1834 ctere
1266 1806 1355 1842 primo
1383 1806 1417 1834 ad
1439 1806 1582 1836 interiora
1603 1816 1673 1842 sttct,
1700 1811 1731 1836 ut
1759 1808 1862 1843 videat,
1892 1809 2011 1846 qualiter

1163 1853 1199 1881 sit
1219 1853 1337 1881 formata
1357 1861 1407 1890 per
1426 1857 1569 1888 naturam,
1591 1854 1744 1883 deformata
1758 1863 1807 1892 per
1828 1855 1951 1892 culpam,
1967 1863 2011 1884 re-

1162 1900 1281 1928 formata
1301 1908 1351 1937 per
1373 1901 1498 1937 granam.
1529 1918 1560 1921 —
1587 1901 1713 1930 Secundo
1740 1901 1822 1931 debet
1849 1905 2011 1931 convertere

1162 1946 1272 1975 radium
1294 1947 1533 1984 contemplationis
1554 1948 1587 1976 ad
1613 1948 1773 1983 exteriora,
1795 1952 1828 1977 ut
1848 1952 2009 1986 cognoscat,

1163 2001 1247 2030 qnam
1269 1993 1404 2022 instabilis
1425 1994 1461 2022 sit
1481 1994 1643 2023 mundana⁷
1665 1995 1819 2032 opulentia,
1842 2004 1924 2032 quam
1948 2004 2010 2024 mu-

1162 2040 1253 2068 tabilis
1267 2040 1408 2068 mundana
1422 2041 1595 2075 excellentia,
1610 2044 1638 2070 et
1648 2050 1732 2078 quam
1749 2042 1914 2071 miserabilis
1928 2051 2010 2071 mun-

1162 2087 1233 2115 dana
1247 2087 1458 2123 magnificentia.
1474 2104 1512 2107 —
1524 2088 1612 2116 Debet
1626 2089 1708 2117 etiam
1723 2089 1805 2117 tertio
1820 2089 1929 2117 radium
1945 2097 2009 2118 con-

1163 2133 1347 2169 templationis
1368 2136 1531 2162 convertere
1561 2134 1595 2162 ad
1626 2134 1787 2172 inferiora,
1820 2138 1852 2164 ut
1876 2136 2010 2173 intelligat

1161 2180 1299 2208 humanae
1327 2180 1425 2209 mortis
1457 2181 1642 2210 inevitabilem
1674 2182 1882 2216 necessitatem,
1914 2183 2008 2212 iudicii

1161 2226 1251 2255 finalis
1278 2227 1479 2255 formidabilem
1507 2228 1713 2263 austeritatem,
1739 2237 1843 2265 poenae
1867 2229 2008 2258 infernalis

1161 2273 1361 2301 intolerabilem
1385 2274 1585 2310 poenalitatem.
1609 2292 1646 2295 —
1664 2275 1751 2304 Debet
1772 2280 1872 2312 quarto
1893 2284 2008 2305 conver-

1161 2322 1219 2348 tere
1241 2319 1349 2348 radium
1378 2321 1615 2357 contemplationis
1643 2321 1677 2350 ad
1703 2323 1874 2359 superiora,
1903 2326 1935 2351 ut
1963 2331 2008 2352 co-

1160 2369 1273 2402 gnoscat
1294 2369 1320 2394 et
1342 2367 1429 2403 sapiat
1450 2368 1574 2396 caelestis
1589 2368 1681 2405 gaudii
1702 2369 1930 2399 inaestimabilem
1944 2378 2007 2407 pre-

1159 2412 1320 2447 tiositatem,
1336 2413 1500 2442 ineffabilem
1516 2414 1718 2444 delitiositatem
1734 2418 1761 2444 et
1774 2416 2006 2445 interminabilem

316 2623 323 2636 ¹
342 2624 410 2646 Vors.
427 2624 435 2645 .1
444 2623 506 2645 4-19.
524 2624 566 2646 Pro
584 2623 608 2645 in
625 2622 735 2646 interiori
750 2622 844 2646 homine
862 2623 960 2651 Vulgata
973 2621 998 2645 in
1010 2621 1103 2645 interio-

253 2668 304 2685 rem
322 2662 455 2691 hominent‚·
474 2664 512 2685 cfr.
530 2665 587 2685 tom.
603 2663 650 2685 Ytt.
668 2668 722 2690 pag.
740 2662 798 2689 430,
810 2665 862 2684 nota
876 2663 897 2684 3.
908 2674 940 2678 —
952 2661 1055 2684 Subinde
1066 2667 1102 2683 re-

253 2702 349 2729 spicitur
365 2703 414 2724 Act.
433 2703 459 2729 9,
477 2702 518 2723 -15ι
537 2702 651 2730 Quoniam
667 2708 710 2724 cus
727 2700 845 2724 electionis
862 2703 896 2723 est
913 2701 970 2723 milii
987 2701 1037 2723 iste.

317 2739 326 2752 ²
343 2740 417 2763 Codd.
435 2741 506 2763 ADF
523 2740 743 2770 supernaturalem.

317 2778 326 2791 ³
343 2778 418 2802 Codd.
435 2780 450 2801 F
460 2780 503 2801 GL
520 2785 642 2802 succensa.
659 2778 763 2801 Subinde
780 2781 832 2807 post
847 2784 925 2808 (senua
936 2778 1021 2801 mentis
1033 2778 1051 2800 G
1063 2778 1101 2800 ad-

253 2817 286 2840 dit
302 2819 357 2841 ante
374 2818 449 2841 Deum
466 2819 502 2846 et,-
520 2825 562 2846 pro
580 2818 773 2848 confortatricem
791 2819 809 2840 D
826 2817 943 2840 substituit
964 2817 1100 2846 confortan-

253 2858 311 2885 tem,
329 2863 372 2885 pro
389 2857 557 2887 reqnlatricem
576 2861 598 2880 et
614 2857 796 2881 consolatricem
813 2858 829 2879 E
847 2857 938 2880 exhibet
949 2856 1099 2886 reqnlantem

253 2898 275 2918 et
291 2895 460 2919 consolantem.

315 2934 325 2947 4
343 2935 409 2957 Vers.
429 2934 464 2957 Π.
481 2947 512 2952 —
529 2935 643 2958 Sententia
666 2936 787 2963 Augustini
810 2935 908 2958 liabetur
930 2936 944 2958 I.
968 2935 998 2958 de
1020 2935 1096 2958 Doctr.

252 2973 388 3001 christiana,
405 2980 425 2996 c.
443 2974 480 2996 31.
498 2980 521 2996 n.
540 2974 581 3003 34;
600 2975 629 2997 de
646 2975 706 2997 Vera
724 2975 796 3002 Relig.
814 2981 835 2997 c.
853 2975 890 2997 r18.
906 2981 928 2997 n.
946 2974 989 3002 355
1007 2975 1048 2997 cfr.
1068 2974 1098 2997 de

1159 2622 1242 2644 Natura
1260 2622 1327 2649 boni,
1345 2629 1365 2645 c.
1384 2624 1404 2645 l.
1421 2636 1452 2640 —
1469 2624 1565 2647 Inferius
1582 2631 1624 2653 pro
1642 2624 1666 2647 in
1683 2624 1750 2647 omni
1766 2624 1821 2648 boni
1838 2625 1916 2654 operis
1939 2624 2005 2648 initio

1159 2660 1175 2683 C
1187 2661 1203 2682 F
1220 2660 1245 2683 in.
1262 2661 1338 2685 omnis
1356 2661 1412 2685 boni
1427 2662 1504 2692 operis
1522 2663 1596 2686 initio.

1221 2699 1231 2712 ⁵
1248 2701 1331 2728 Ephes.
1349 2702 1375 2730 3,
1395 2701 1473 2724 rit-ts.
1497 2714 1528 2718 —
1549 2702 1622 2725 Codd.
1645 2703 1690 2725 DE
1708 2705 1760 2730 post
1781 2702 1886 2732 Spiritus
1907 2704 2004 2727 sanctus

1158 2743 1342 2768 prosequuntur:
1359 2746 1424 2763 nnus
1441 2741 1516 2769 Deus,
1529 2747 1602 2771 quam
1614 2741 1640 2771 [E
1657 2741 1736 2771 quem]
1754 2742 1831 2771 {anyti
1842 2741 1967 2771 Apostolus
1980 2741 2004 2765 in

1153 2777 1286 2807 principio,
1304 2785 1359 2801 cnm
1375 2779 1438 2803 dicit.

1220 2816 1229 2829 ὃ
1246 2818 1276 2839 lta
1294 2818 1342 2845 1L;
1360 2819 1397 2840 alii
1413 2819 1483 2842 codd.
1500 2821 1522 2842 et
1539 2820 1591 2842 Vat.
1612 2819 1732 2843 dictentur.
1754 2821 1850 2843 Inferius
1872 2827 1914 2848 pro
1936 2819 2004 2849 refle-

1156 2857 1218 2879 ctere
1235 2858 1252 2878 Α
1263 2857 1331 2879 DEF
1348 2857 1481 2886 deflectere,
1499 2861 1521 2881 et
1538 2865 1580 2887 pro
1596 2859 1702 2888 formata
1719 2858 1814 2882 ACEL
1832 2861 1920 2882 creata.

1219 2894 1228 2907 ⁷
1246 2896 1287 2918 Pro
1304 2896 1429 2919 mundana
1446 2897 1483 2919 liic
1500 2900 1522 2919 et
1542 2898 1636 2920 inferius
1652 2899 1668 2920 F
1685 2901 1719 2920 ter
1741 2897 1858 2921 substituit
1879 2898 1998 2926 humana,

1155 2934 1219 2963 quod
1236 2935 1254 2956 Α
1267 2934 1283 2957 C
1300 2934 1336 2957 bis
1358 2938 1446 2958 tantum
1469 2936 1576 2959 exhibent
1582 2945 1588 2964 ς
1607 2937 1625 2959 D
1637 2938 1653 2959 E
1670 2937 1750 2965 legunt
1771 2936 1879 2960 ltumcma
1901 2936 2001 2960 conditio

1155 2975 1177 2997 et
1192 2973 1324 3002 opulentia,
1342 2980 1415 3004 quam
1432 2974 1507 2998 brevis
1524 2977 1547 2998 et
1563 2975 1660 2999 inermis
1677 2975 1784 2999 ltumwza
1801 2975 1947 2999 ezcetlentta.

2043 1583 2070 1602 De
2083 1584 2122 1604 ohie

1990 1622 1995 1626 .
2023 1607 2121 1632 eiusdemi]
2129 1619 2132 1624 -

2023 1631 2110 1655 druplici.
2128 1634 2129 1639 ¹

2029 1724 2056 1743 De
2069 1724 2122 1748 prim·

2027 1912 2055 1931 De
2064 1917 2131 1931 secunv¹

2027 2099 2054 2118 De
2066 2099 2125 2118 tertio.

2024 2285 2054 2305 De
2065 2287 2127 2310 quartu
