2133 3317
174 284 265 303 Testimo-

129 308 181 326 nium
187 308 265 327 11110130-

129 332 225 355 plisni-me.

135 1665 200 1684 Pietas
207 1670 269 1684 exem-

148 1689 205 1711 plaris
213 1690 231 1707 et
238 1694 268 1707 ex-

147 1712 234 1735 eniplata.

148 1736 210 1754 Prima
224 1737 253 1754 est

159 1759 236 1782 duplex.

134 1782 219 1801 increata
226 1787 269 1801 con-

147 1806 197 1824 sistit
208 1806 227 1824 in
236 1806 268 1824 tri-

147 1829 189 1848 bus.

143 2263 212 2283 Creata
225 2264 261 2283 fuit

151 2288 171 2306 in
185 2288 251 2306 tribus.

277 201 313 229 22
883 199 1079 228 OPUSCULUM
1101 199 1119 227 1.
1141 199 1184 228 DE
1207 200 1344 228 TRIPLlCl
1366 200 1428 229 VIA.

270 279 394 310 pietatem
412 280 449 304 est
466 278 565 309 fidelem
583 285 731 303 sermonem.
751 277 835 302 Habet
853 284 959 308 namque
977 277 1039 302 fides
1060 277 1129 302 testi-

276 322 385 347 monium
414 321 570 353 septiforme,
592 321 685 345 scilicet
713 328 728 345 a
753 320 938 351 Prophetarum
963 320 1084 349 oraculis,
1113 328 1128 345 a

277 365 367 390 divinis
392 365 531 394 miraculis,
551 372 566 389 a
586 364 711 395 perpessis
738 364 881 395 martyriis,
910 371 925 388 a
951 363 1127 388 sacratissimis

277 408 385 437 meritis,
406 415 421 432 a
439 407 593 432 documentis
612 407 700 436 claris,
720 406 799 431 firmis
819 406 843 431 et
862 406 1004 436 catholicis,
1025 414 1040 430 a
1053 406 1128 431 dicta-

276 451 385 475 minibus
403 450 486 475 iudicii
505 451 560 481 piae
579 450 684 479 mentis,
704 457 718 474 a
744 449 918 480 spiritualibus
943 449 1126 480 experimentis.

277 493 323 517 Sed
342 493 402 517 haec
421 493 503 517 onmia
521 492 552 516 ab
571 492 654 523 impiis
673 492 698 516 et
716 492 849 517 haereticis
862 491 953 517 frivola
966 492 1126 523 reputantur,

277 543 292 560 a
311 536 358 566 piis
377 536 460 559 autem
479 534 604 559 mentibus
624 535 773 560 solidissima
791 535 817 559 et
841 534 922 559 firma.
947 534 985 559 Ex
1010 541 1057 566 quo
1082 542 1127 566 ap-

277 578 362 609 paret,
382 577 447 608 quod
465 577 526 601 fides
544 577 633 602 nostra
650 578 676 602 in
696 577 789 608 pietate
807 577 936 607 fundatur,
959 577 985 601 et
1008 578 1064 608 ipsa
1089 577 1128 602 est

278 621 398 652 primaria
416 620 469 644 eius
488 620 582 651 proles,
602 628 646 651 per
659 627 733 651 quam
752 620 855 645 colimus
874 619 954 644 Deum
973 619 998 644 et
1017 620 1127 651 piissime

278 664 302 689 et
321 664 442 688 altissime
455 663 480 688 et
498 663 635 688 rectissime
648 663 677 688 de
693 663 736 688 illo
750 663 866 694 originali
884 663 1006 694 principio
1025 663 1127 688 cuncta-

277 714 333 731 rum
357 706 518 736 naturarum,
545 706 745 737 seripturarum,
773 706 929 737 gratiarum,
958 706 1126 736 iustitiarum,

277 750 474 775 hierarchiarum
504 749 529 774 et
557 750 717 774 aeternarum
744 749 871 774 rationum
899 749 923 774 et
942 749 1127 774 emanationum

278 793 343 818 recte
362 793 454 818 sentire
474 792 499 818 et
518 793 631 824 profiteri
648 793 762 818 docemur
776 792 801 817 et
813 793 971 817 inclinamur.
990 793 1049 818 Non
1063 794 1126 818 enim

277 837 303 861 in
323 836 480 867 Scriptura,
500 843 550 861 non
569 837 597 861 ia
616 836 756 867 creaturis,
772 843 822 861 non
835 837 861 860 in
873 836 1010 861 miraculis
1022 836 1128 861 fundata

278 880 316 904 est
335 879 407 909 fides,
428 879 470 904 sed
489 880 515 904 in
539 878 661 911 pietate¹.
681 879 748 904 Nam
767 880 788 903 si
806 880 832 903 in
852 878 996 910 Seriptaris
1021 879 1127 904 fundata

278 923 357 951 esset,
377 923 437 947 tunc
456 923 515 948 ante
540 923 693 948 eductionem
716 923 904 953 Scripturarum
923 922 984 947 fides
1003 930 1052 947 non
1071 922 1128 947 fuis-

279 968 328 995 set,
342 967 367 991 et
380 966 554 997 multiplicatis
570 967 718 997 Scripturis,
736 966 885 991 excrevisset
899 966 924 991 et
942 966 1015 995 fides,
1035 966 1060 990 et
1073 973 1129 997 per-

278 1010 357 1034 versis
373 1009 510 1040 Scripturis
523 1009 554 1034 ab
573 1009 716 1038 haereticis,
737 1016 854 1040 perversa
868 1008 934 1034 esset
952 1009 1013 1034 fides
1032 1009 1129 1033 creden—

279 1053 350 1078 tium.
370 1053 458 1077 Potius
477 1053 542 1077 enim
555 1052 699 1084 Scripturae
715 1060 730 1077 a
749 1052 796 1077 fide
810 1052 928 1077 fundatae
949 1052 1009 1077 sunt
1027 1059 1101 1083 quam
1117 1059 1129 1076 e

279 1103 404 1121 converso.
424 1096 456 1120 111
475 1096 601 1120 creaturis
620 1095 696 1120 etiam
714 1095 775 1120 fides
801 1095 907 1120 fundata
925 1102 975 1120 11011
994 1095 1045 1124 est,
1072 1096 1130 1126 quia

278 1139 337 1164 licet
365 1138 507 1163 invisibilia
534 1138 586 1163 Dei
600 1145 649 1169 per
677 1145 706 1163 ea
726 1145 789 1169 qaae
817 1137 887 1167 faeta
911 1139 974 1163 snat
1002 1138 1131 1162 intellecta

280 1182 474 1212 conspicicmtm·
488 1180 506 1212 ²,
526 1181 610 1206 tamen
629 1181 709 1205 multa
729 1181 788 1205 sunt
807 1182 833 1205 in
852 1181 913 1210 fide,
933 1188 996 1212 quae
1015 1182 1040 1205 in
1059 1181 1130 1206 nobis

279 1224 379 1249 fundari
398 1231 447 1248 11011
468 1223 574 1254 possunt
602 1231 646 1254 per
665 1223 788 1248 rationem
813 1223 956 1253 creaturae,
985 1224 1043 1254 quia
1072 1223 1131 1248 sunt

281 1274 358 1298 supra
376 1267 498 1292 rationem
518 1266 543 1291 et
561 1266 717 1291 intellectum
739 1267 856 1298 cuiusque
876 1267 1012 1291 creaturae.
1032 1267 1063 1291 111
1082 1267 1131 1291 mi-

280 1310 376 1335 raealis
396 1317 491 1341 quoque
505 1309 562 1334 fidei
578 1309 768 1334 fundamentum
787 1316 837 1334 non
851 1310 889 1334 est
908 1309 1061 1340 ponendum,
1076 1317 1131 1335 cnm

280 1353 401 1377 miracula
420 1353 495 1377 etiam
515 1352 546 1377 ab
564 1352 706 1377 infidelibus
725 1352 789 1376 fiant
808 1352 833 1377 et
856 1352 943 1376 futura
962 1352 1027 1382 sint,
1046 1352 1076 1377 ut
1100 1352 1131 1377 ab

281 1395 429 1420 antichristo
449 1396 474 1420 et
493 1395 702 1420 antichristianis.
721 1395 753 1420 In
772 1395 866 1426 pietate
885 1402 943 1426 ergo
962 1395 1023 1419 fides
1042 1395 1132 1420 funda-

281 1440 335 1469 tur,
355 1439 424 1470 (111111,
444 1438 615 1463 deficientibus
633 1438 761 1463 miraculis
780 1438 805 1463 et
824 1438 963 1463 rationibus
982 1446 997 1462 a
1016 1438 1132 1463 creatura

282 1482 384 1511 sumtis,
405 1482 430 1506 et
448 1482 572 1513 perversis
585 1482 699 1507 omnibus
715 1481 851 1513 Scripturis
865 1481 945 1512 pietas
958 1481 1131 1506 rectitudinem

281 1525 337 1550 fidei
356 1525 503 1556 inviolatam
531 1524 614 1554 tenet3
643 1525 708 1549 unde
727 1525 752 1549 in
782 1525 862 1555 prima
887 1524 919 1548 ad
938 1523 1130 1549 Timotheum³2

281 1569 371 1594 Pietas
391 1569 426 1593 ad
444 1569 532 1593 omnia
550 1568 626 1593 valet.

354 1611 396 1635 11.
415 1610 565 1636 Sciendum⁴
584 1611 682 1641 autem,
702 1611 767 1642 quod
784 1611 822 1635 est
842 1611 922 1642 pietas
941 1611 1094 1642 exemplaris
1107 1611 1132 1635 et

282 1656 362 1687 pietas
375 1655 533 1686 erethlata:
553 1654 706 1685 exemplaris
725 1655 816 1685 duplex
829 1654 875 1683 est,
896 1655 989 1679 scilicet
1007 1656 1094 1679 ereata
1108 1654 1132 1679 et

282 1699 416 1727 inereata;
436 1699 550 1722 increata
566 1697 604 1722 est
623 1698 648 1722 111
661 1697 738 1722 Patre
758 1697 782 1721 et
801 1697 864 1722 Filio
878 1697 902 1722 et
922 1697 1017 1728 Spiritu
1036 1698 1131 1722 sancto.

281 1742 349 1766 Haec
368 1741 483 1766 consistit
506 1741 531 1765 111
551 1740 646 1765 tribus:
666 1741 691 1765 in
710 1740 874 1771 suscipiendo
894 1740 929 1764 ad
951 1741 1081 1771 qratiam,
1106 1741 1132 1765 in

282 1784 424 1809 relaoeando
435 1783 560 1813 offenscoa
573 1784 633 1808 etin
642 1783 806 1814 perducendo
821 1783 856 1808 ad
866 1783 988 1815 yloriam.
1002 1784 1038 1809 De
1052 1785 1132 1815 primo

282 1827 388 1852 secundo
415 1825 659 1858 Paralipomenon5:
679 1826 747 1851 Pius
770 1828 794 1851 et
816 1826 923 1852 clemens
942 1828 979 1852 est
1002 1827 1133 1852 Dominus

281 1871 354 1895 Deas
371 1871 457 1895 noster
480 1871 504 1894 et
528 1877 580 1894 non
603 1870 695 1894 avertit
713 1869 806 1899 faeiem
824 1877 908 1895 samri.
928 1870 964 1895 De
983 1870 1088 1895 secundo
1107 1871 1133 1895 111

282 1913 469 1939 EcclesiastIco:
489 1913 557 1938 Pius
576 1914 600 1937 et-
618 1913 764 1938 misericors
784 1914 821 1938 est
839 1913 911 1938 Deus
930 1915 953 1938 et
972 1913 1000 1938 ia
1022 1915 1133 1944 tempore

283 1956 460 1981 tribulationis
474 1957 583 1987 peccata
602 1956 717 1981 dimittit.
730 1956 767 1981 De
780 1956 854 1981 tertio
868 1956 1047 1988 Apocalypsis:
1065 1957 1133 1981 Pius

282 2007 319 2031 es,
338 2000 451 2024 Domine
464 1999 536 2024 Deas
553 2000 652 2030 noster,
673 2000 697 2024 et
714 1998 813 2024 iudicia
827 2002 872 2024 laa
884 2006 946 2024 vera
957 2001 1026 2024 sant.
1039 2014 1074 2016 —
1087 2000 1133 2024 Sed

282 2044 340 2074 (111111
358 2043 454 2074 primus
472 2043 545 2068 homo
569 2043 662 2067 abusus
682 2042 720 2067 est
744 2042 795 2067 ista
814 2042 919 2074 pietate,
946 2042 1057 2068 faciendo
1076 2050 1133 2067 con-

282 2086 323 2111 tra
343 2085 503 2117 praeceptum
528 2085 587 2115 Dei,
606 2093 637 2110 ne
657 2085 819 2110 contristaret
838 2085 938 2110 delicias
956 2085 1040 2109 uxoris
1059 2092 1132 2114 suae,

282 2129 307 2153 et
326 2128 407 2153 factus
426 2128 465 2153 est
483 2129 592 2159 impius:
613 2128 716 2159 propter
734 2128 780 2153 hoc
800 2128 927 2159 piissimus
946 2127 1026 2157 Deus,
1046 2128 1133 2152 nolens

282 2172 423 2197 creaturam
442 2179 513 2196 suam
538 2171 632 2202 perire,
663 2170 793 2196 renovavit
811 2171 886 2195 istam
915 2170 1033 2202 pietatem
1057 2178 1133 2195 exem-

283 2215 377 2246 plarem
396 2215 423 2239 111
441 2214 577 2239 Mediatore
597 2213 642 2238 Dei
661 2214 686 2239 et
698 2214 826 2239 hominum
845 2213 950 2238 Domino
969 2213 1056 2238 nostro
1075 2213 1133 2238 Iesu

283 2258 396 2287 Christo,
416 2258 441 2282 et
459 2257 519 2282 haec
532 2257 570 2282 est
589 2256 670 2288 pietas
690 2257 838 2288 exemplaris
852 2257 948 2281 creata.
967 2256 1035 2281 Haec
1048 2256 1133 2281 autem

281 2300 329 2325 filit
347 2301 373 2325 in
393 2300 491 2325 tribus:
511 2300 537 2324 in
555 2301 638 2324 mente
645 2319 652 2331 ,
672 2300 730 2331 quia
749 2299 798 2324 fuit
811 2299 900 2330 plenus
919 2299 950 2323 ab
972 2299 1028 2330 ipsa
1053 2306 1133 2323 conce-

282 2344 365 2375 ptione
388 2342 581 2368 charismatibus
599 2342 754 2374 gratiarum;
773 2343 799 2367 in
818 2349 951 2373 sermone,
970 2343 1028 2373 quja
1051 2342 1134 2367 docuit

282 2395 326 2418 per
344 2387 540 2412 illuminationes
559 2386 709 2415 veritatum,
729 2386 755 2410 111
773 2387 855 2410 morte
874 2392 918 2416 per
931 2385 1043 2416 exempla
1056 2385 1134 2410 virtu-

282 2431 344 2455 tum.
358 2430 394 2455 De
408 2431 487 2461 primo
500 2429 582 2454 Isaias
592 2428 613 2454 ⁶:
634 2429 752 2460 Replet-it
763 2436 821 2453 eain
833 2429 929 2460 spirita
948 2429 1075 2459 scientiae,
1095 2436 1133 2453 sa-

277 2474 394 2504 pientiae
406 2475 430 2498 et
437 2473 545 2505 pietatis
557 2474 603 2498 etc.
624 2472 743 2502 Quamvis
763 2472 878 2497 Christus
891 2472 980 2503 plenus
993 2472 1069 2497 fuerit
1086 2473 1133 2503 spi-

1185 278 1237 302 ritu
1250 278 1400 309 septiformi,
1415 278 1498 304 tamen
1518 279 1608 304 dicitur
1621 279 1725 304 maxime
1739 279 1828 310 plenus
1843 280 1939 310 spirita
1953 280 2034 311 pieta-

1186 321 1219 345 tis
1231 320 1256 345 et
1270 321 1384 352 timoris,
1398 322 1455 352 quia
1468 322 1572 347 maxime
1591 322 1746 346 manifestati
1766 322 1825 346 sunt
1837 323 1863 347 in
1881 323 2034 354 reverentia,

1185 369 1260 393 quam
1278 362 1368 387 habuit
1386 363 1417 388 ad
1436 363 1527 395 Deum,
1548 364 1573 389 et
1591 364 1631 389 hic
1649 364 1688 389 est
1707 364 1811 395 spiritus
1834 364 1944 395 timoris,
1965 365 1990 389 et
2008 365 2034 389 in

1184 406 1370 437 compassione,
1391 413 1465 437 quam
1489 406 1578 431 habuit
1597 407 1629 431 ad
1652 407 1776 437 homines,
1799 407 1824 432 et
1849 407 1889 432 hic
1906 407 1945 432 est
1963 408 2034 439 spiri·
2115 389 2118 432 1

1185 447 1227 472 tus
1246 448 1357 479 pietatis.
1377 448 1412 473 De
1432 449 1537 474 secundo
1556 450 1651 480 primae
1669 450 1701 474 ad
1720 450 1889 475 Timotheum:
1913 450 1963 482 Qai
1981 458 2034 475 aon

1185 491 1322 522 acquiescit
1340 491 1412 517 sanis
1436 492 1597 517 sermonibus
1616 493 1726 518 Domini
1749 494 1833 518 nostri
1852 493 1912 518 lesa
1937 493 2036 518 Christi

1184 534 1208 557 et
1233 534 1256 558 ei
1281 541 1346 564 qaae
1373 534 1512 559 secandam
1532 535 1656 566 pietatem
1685 537 1722 561 est
1740 535 1886 567 doetrinae,
1910 536 2035 567 superbas

1184 577 1234 608 est,
1259 577 1327 601 nihil
1346 577 1441 608 sciens,
1464 577 1510 602 sed
1528 578 1653 609 lanyaeizs
1673 579 1744 603 cirea
1772 579 1930 610 quaestiones
1949 580 1974 604 et
1986 586 2036 610 ‚pam

1182 627 1248 651 ¹(snas
1267 620 1409 645 verboram.
1429 620 1554 650 Quomodo
1572 621 1685 646 doctrina
1705 622 1730 646 et
1749 621 1804 647 tota
1822 622 1977 647 conversatio
1990 629 2036 647 sua.

1184 662 1259 693 plena
1277 662 1353 687 fuerit
1371 663 1494 693 veritate,
1514 664 1585 695 patet
1611 671 1655 695 per
1675 664 1756 689 totum
1780 664 1959 696 Evangelium,
1979 672 2035 696 quo-

1184 706 1255 731 modo
1270 707 1442 737 pertransivit
1461 706 1638 737 benefaciendo
1657 708 1681 732 et
1698 708 1816 733 sanando
1830 715 1916 732 omnes
1935 715 2035 739 oppres-

1184 757 1225 774 sos
1238 756 1254 773 a
1273 749 1383 774 diabolo.
1397 749 1433 774 De
1452 749 1526 774 tertio
1540 750 1634 781 primae
1653 750 1685 774 ad
1697 750 1853 775 Timotheum
1865 749 1885 775 ⁷:
1906 750 2037 782 Magnam

1184 793 1221 817 est
1234 792 1343 823 pietatis
1361 794 1565 823 sacramentam,
1585 792 1655 823 qaod
1665 792 1860 823 wianifestatam
1880 794 1917 818 est
1935 793 1963 817 in
1978 800 2036 818 ear-

1184 843 1230 867 ne,
1250 835 1343 860 scilicet
1362 836 1461 861 Domini
1480 835 1560 861 nostri
1573 836 1632 860 Iesu
1646 836 1751 865 Christi,
1772 835 1939 866 i'zistificatmn
1953 837 1991 861 est
2008 836 2036 861 iri

1184 878 1293 910 spirita,
1313 879 1371 910 quia
1384 886 1428 910 per
1442 878 1515 903 fidem
1535 879 1658 910 passionis
1676 880 1773 904 animae
1792 879 1974 911 iustificantur,
1994 886 2036 910 ap-

1181 922 1277 952 paruit
1294 921 1418 953 Angelis,
1445 922 1543 953 quando
1568 922 1685 947 dixerunt
1710 922 1773 947 illud
1796 923 1889 947 Isaiae:
1914 922 1977 954 Qais
2001 923 2038 947 est

1187 965 1245 996 iste,
1259 965 1304 996 qai
1317 965 1387 990 erait
1405 965 1434 989 de
1452 965 1539 990 Edoni
1552 966 1611 994 etc.,
1623 965 1806 996 praedicatam
1819 967 1856 990 est
1869 967 1896 990 in
1906 965 2036 997 yentibas,

1187 1008 1280 1033 scilicet
1300 1015 1343 1039 per
1363 1008 1510 1039 Apostolos,
1530 1008 1654 1033 creditam
1667 1009 1704 1033 est
1723 1009 1750 1033 in
1765 1009 1875 1039 mando,
1888 1008 1982 1033 scilicet
1994 1015 2038 1039 per

1187 1051 1395 1081 praedicationem
1414 1051 1604 1082 Apostolorum,
1624 1053 1768 1077 assumtam
1787 1053 1824 1076 est
1843 1052 1869 1076 in
1888 1051 1984 1083 ylario.
2122 1038 2125 1079 1

1259 1094 1300 1118 12.
1320 1094 1382 1119 Post
1401 1094 1519 1125 pietatem
1543 1095 1708 1126 exemplarem
1730 1095 1769 1120 est
1787 1095 1896 1125 reperire
1920 1094 2039 1126 pietatem
2052 1100 2133 1121 vietam

1187 1138 1368 1168 exemplatam,
1388 1138 1413 1162 et
1431 1138 1492 1162 haec
1511 1138 1549 1162 est
1567 1138 1673 1169 triplex,
1697 1138 1790 1163 seilicet
1804 1138 1929 1169 politica,
1938 1145 2039 1169 purya—
2058 1122 2133 1171 sstffieh*

1188 1181 1269 1212 toria,
1290 1181 1314 1205 et
1328 1181 1440 1212 paryati
1459 1181 1557 1211 animm
1575 1182 1604 1205 ut
1618 1181 1730 1212 politica
1747 1182 1819 1206 sitin
1832 1181 1966 1212 praelatis,
1976 1189 2038 1212 par-

1186 1224 1293 1255 yatoria
1310 1225 1336 1248 in
1355 1224 1457 1253 activis,
1474 1225 1586 1255 parmati
1605 1224 1687 1249 animi
1705 1225 1731 1249 in
1751 1224 1952 1255 contemplativis
1966 1223 1984 1248 Β.
2002 1239 2038 1242 -

1188 1267 1303 1292 Politiea
1322 1267 1418 1296 autem,
1439 1275 1500 1298 quae
1514 1267 1552 1292 est
1569 1268 1595 1292 in
1614 1268 1746 1298 praelatis,
1767 1267 1881 1293 consistit
1899 1268 1926 1292 111
1945 1267 2038 1292 tribus:
2057 1272 2083 1291 De
2095 1273 2132 1299 pot:

1188 1311 1214 1334 111
1231 1310 1347 1335 subsidio
1366 1311 1485 1339 vittatis,
1505 1311 1531 1335 in
1557 1310 1704 1335 documento
1724 1311 1855 1342 veritatis,
1881 1311 1908 1335 in
1926 1311 2039 1342 exemplo
2077 1296 2122 1320 ”¹¹³¹

1188 1354 1336 1378 sanctitatis
1346 1352 1364 1377 ⁰.
1384 1354 1420 1378 De
1440 1354 1519 1385 primo
1538 1354 1677 1385 exemplum
1695 1354 1816 1379 habemus
1829 1355 1855 1378 in
1867 1354 1935 1379 Tosia
1949 1353 1983 1379 ¹⁰:
2003 1354 2039 1379 Iri

1189 1396 1277 1421 diebas
1292 1398 1458 1427 peccatoram
1477 1397 1654 1421 corroboravit
1667 1397 1800 1428 pietatem.
1820 1397 1856 1422 De
1875 1397 1981 1422 secundo
1997 1397 2040 1422 ha-

1188 1438 1274 1463 bemus
1294 1439 1433 1470 exemplum
1451 1440 1477 1463 in
1492 1439 1584 1465 Paulo:
1602 1439 1718 1471 Paalas,
1737 1447 1824 1465 servas
1843 1440 1905 1465 lesa
1927 1439 2039 1471 Christi,

1190 1482 1215 1506 et
1235 1482 1361 1513 sequitur:
1382 1483 1406 1506 et
1428 1483 1587 1513 afflationem
1608 1483 1736 1513 veritatis,
1755 1490 1821 1514 qaae
1839 1483 2040 1514 seeaadampie-

1189 1526 1267 1549 tatem
1285 1526 1329 1549 est.
1352 1525 1388 1549 De
1408 1524 1482 1549 tertio
1508 1525 1647 1556 exemplum
1669 1525 1790 1550 habemus
1814 1526 1841 1550 in
1865 1525 1940 1550 Onia:
1960 1525 2040 1557 Leyes

1189 1569 1284 1599 optime
1303 1568 1513 1593 ezistodiebantm·
1529 1570 1636 1599 propter
1659 1568 1738 1593 Oniae
1752 1568 1887 1599 pontificis
1908 1569 2040 1600 pietatem.

1189 1611 1228 1635 Ad
1246 1611 1358 1636 litteram
1387 1611 1423 1635 ita
1442 1611 1493 1639 est,
1514 1611 1578 1642 quod
1606 1618 1660 1635 cum
1681 1611 1810 1642 praelatus
1839 1612 1942 1643 praebet
1961 1612 2041 1637 subsi-

1189 1654 1255 1678 dium
1274 1654 1378 1678 virtutis
1397 1655 1422 1678 in
1441 1654 1590 1679 defensando
1610 1654 1686 1679 bonos
1712 1654 1737 1679 et
1762 1655 1886 1685 puniendo
1905 1655 1996 1685 malos,
2016 1655 2041 1680 et

1189 1697 1233 1721 dat
1251 1697 1425 1722 documentum
1442 1697 1557 1722 veritatis
1580 1698 1605 1721 et
1627 1705 1652 1722 se
1672 1697 1775 1728 praebet
1788 1698 1813 1722 in
1832 1698 1971 1729 exemplum
1984 1705 2042 1723 san-

1189 1741 1300 1770 ctitatis,
1320 1741 1380 1765 tuuc
1399 1741 1490 1771 optime
1515 1741 1583 1772 leges
1602 1742 1627 1766 et
1645 1741 1814 1766 ordinationes
1832 1741 1980 1766 Sanctorum
2003 1749 2041 1766 cu-

1190 1783 1334 1809 stodiuntur
1352 1791 1367 1808 a
1387 1784 1507 1813 subditis,
1527 1784 1591 1808 sicut
1610 1784 1740 1809 manifeste
1762 1785 1869 1815 apparet
1887 1784 1916 1809 de
1941 1785 2041 1816 regibus

1189 1827 1378 1857 Israelitarum;
1398 1827 1496 1858 quaudo
1510 1827 1583 1852 erant
1601 1827 1673 1857 boni,
1693 1827 1807 1852 similiter
1824 1828 1849 1852 et
1868 1828 1969 1852 subditi.
1982 1827 2042 1853 Pro-

1190 1870 1246 1901 pter
1264 1870 1311 1895 hoc
1330 1870 1431 1901 petebat
1450 1870 1588 1901 Apostolus
1603 1869 1631 1899 ¹¹,
1652 1870 1705 1895 fieri
1725 1870 1860 1900 orationes,
1875 1871 1979 1896 maxime
1996 1878 2041 1902 pro

1190 1913 1357 1944 principibus,
1386 1914 1416 1937 at
1440 1913 1612 1944 trmzquillam
1640 1913 1760 1938 ducerent
1776 1914 1857 1938 vitam
1885 1920 1943 1938 eam
1971 1914 2042 1939 omni

1185 1957 1290 1987 pietate.
1304 1971 1339 1974 —
1352 1956 1416 1981 Huic
1435 1956 1518 1981 autem
1538 1956 1627 1987 pietati
1646 1956 1772 1982 contraria
1790 1957 1829 1981 est
1848 1957 1940 1988 triplex
1958 1957 2041 1988 impie·
2057 1960 2131 1987 ’1111111111

1190 2000 1241 2028 tas,
1262 1999 1354 2024 scilicet
1380 1999 1519 2024 crudelitas
1537 1999 1633 2030 cordis,
1656 2000 1817 2030 perversitas
1835 2000 1932 2025 erroris
1954 1999 1980 2024 et
1998 2000 2042 2024 da-
2085 1981 2133 2008 mm

1184 2041 1294 2072 plicitas
1307 2041 1460 2073 hypocrisis.
1474 2042 1510 2066 De
1524 2042 1604 2073 primo
1617 2043 1642 2066 in
1655 2042 1797 2067 Proverbiis
1809 2041 1843 2066 ¹²:
1864 2043 1945 2068 Novit
1958 2043 2042 2068 iustas

1190 2084 1293 2109 animas
1304 2085 1476 2109 immentorum
1486 2092 1605 2116 sacram,
1618 2086 1717 2110 viscera
1730 2086 1815 2110 antem
1832 2086 1971 2117 impioram
1984 2093 2043 2111 era-

1190 2127 1267 2152 delia.
1287 2127 1323 2152 De
1343 2128 1449 2152 secundo
1463 2127 1569 2159 secunda
1582 2128 1614 2152 ad
1627 2128 1797 2153 Timotheum:
1817 2127 1939 2158 Profana
1958 2130 2042 2153 autem

1190 2172 1214 2195 et
1231 2170 1383 2202 vaniloqaia
1398 2171 1495 2201 derit&
1513 2171 1624 2196 maltam
1643 2172 1711 2196 enim
1719 2172 1863 2202 proficiant
1875 2171 1911 2196 ad
1929 2172 2042 2203 impieta-

1191 2214 1247 2238 tem.
1258 2213 1294 2238 De
1307 2213 1383 2238 tertia
1397 2214 1504 2238 secunda
1514 2214 1545 2238 ad
1555 2214 1722 2239 Timotheum:
1734 2215 1863 2239 Habentes
1877 2214 1977 2245 quidem
1990 2222 2042 2245 3196-

1190 2257 1252 2281 cient
1265 2257 1388 2288 pietatis,
1409 2258 1529 2281 virtatem
1549 2259 1634 2282 antem
1653 2257 1707 2282 eius
1726 2258 1889 2289 abnegsantes.
1909 2257 1945 2282 De
1964 2258 2042 2282 omui-

1189 2299 1236 2324 bus
1254 2300 1310 2324 istis
1335 2301 1361 2324 in
1389 2300 1544 2325 Proverbiis:
1569 2299 1633 2325 Cam
1659 2301 1733 2331 impii
1752 2301 1890 2326 samseriat
1909 2301 2042 2332 principa·

1191 2344 1257 2374 tam,
1275 2344 1358 2374 gyemet
1372 2343 1496 2374 popalus.

1262 2386 1304 2410 13.
1323 2386 1382 2410 Alia
1400 2386 1438 2411 est
1462 2386 1543 2417 pietas
1557 2388 1727 2418 paryatoria,
1751 2387 1776 2412 et
1794 2387 1854 2412 haec
1879 2387 1918 2411 est
1937 2387 2040 2418 duplex,
2059 2394 2087 2421 ορ
2099 2398 2128 2417 pun

1190 2429 1303 2454 videlicet
1326 2430 1352 2453 in
1380 2429 1419 2453 his
1448 2430 1489 2461 qui
1518 2430 1620 2454 servant
1643 2430 1767 2454 iustitiam
1795 2437 1965 2461 commanem,
1991 2431 2042 2455 sive
2063 2423 2090 2436 ‘¹³
2103 2417 2129 2435 ὼγ

1192 2472 1367 2501 sufficientem,
1387 2472 1451 2497 sicut
1476 2472 1627 2502 saeculares,
1647 2473 1689 2504 qui
1708 2473 1811 2497 manent
1832 2473 1858 2497 in
1884 2473 2042 2498 observantia

344 2682 352 2694 ¹
370 2683 418 2705 Hoc
436 2683 530 2711 propi-ie
541 2682 672 2711 intelligitur
685 2688 729 2705 11011
742 2682 772 2705 (10
783 2681 869 2705 obiecto
881 2682 1003 2705 maim-iah·
1014 2682 1078 2711 fidei,
1090 2682 1131 2704 sed

282 2714 311 2736 <le
329 2714 377 2741 ipsa
397 2713 481 2737 111-ἱππ
498 2713 640 2743 theoloqica,
658 2714 709 2736 licet
721 2714 865 2743 aliquatenus
877 2720 959 2736 verum
975 2714 1003 2736 sit
1020 2714 1089 2736 etiam
1102 2714 1131 2736 de

283 2744 390 2768 doctrino
409 2745 470 2767 fidei.
487 2745 531 2767 Csr.
544 2746 575 2767 lll.
589 2746 649 2768 Sent.
667 2745 693 2768 (l.
709 2746 745 2768 23.
758 2752 779 2767 a.
796 2746 813 2768 1.
826 2752 849 2774 q.
867 2746 884 2768 l.
897 2749 919 2768 et
931 2746 952 2767 2.
964 2751 1017 2768 eum
1031 2745 1130 2767 scholiis.

345 2776 354 2790 ²
372 2777 439 2798 Rom.
457 2777 477 2804 Ἰ,
495 2777 533 2798 20.

347 2806 356 2819 ³
373 2807 428 2835 Cap.
447 2807 472 2834 4,
490 2808 512 2829 8.
530 2808 641 2835 Vulgata:
658 2808 688 2830 ad
705 2808 782 2830 onmia
801 2808 860 2831 utilis
877 2810 919 2830 est.

346 2838 355 2850 ⁴
372 2838 428 2861 Cocl.
446 2845 472 2860 aa
490 2839 627 2866 praemittit:
646 2839 724 2868 Caput
746 2839 851 2862 tertium.
867 2840 900 2862 De
921 2838 1034 2862 divisione
1055 2838 1131 2868 pieta-

283 2869 312 2893 tis
329 2869 354 2892 in
370 2869 532 2899 efflemplarem
549 2871 572 2893 et
582 2870 754 2900 exemplatam,
766 2872 788 2894 et
800 2872 856 2900 quot
867 2870 915 2894 sint
929 2872 1019 2900 parles.
1027 2883 1058 2886 -—
1069 2871 1130 2892 Haec

282 2901 360 2930 quoad
374 2901 510 2929 pramfipuas
522 2902 645 2924 sententias
657 2905 732 2924 sumta
744 2905 797 2924 sunt
809 2908 835 2924 ex
847 2902 884 2924 cit.
896 2902 1015 2924 collatione
1027 2901 1057 2924 de
1068 2901 1129 2924 dono

283 2932 374 2960 pietatis
392 2932 536 2961 (Collationes
554 2933 583 2954 de
600 2936 688 2961 septeni
707 2933 777 2956 Donis
795 2933 893 2961 Spiritus
909 2932 941 2961 S.)
960 2940 982 2955 n.
1005 2933 1041 2955 110.
1064 2939 1129 2961 seqq.

283 2964 315 2986 De
334 2963 458 2987 virtutibus
476 2963 652 2993 &emptoribus
670 2966 691 2987 ei
707 2964 847 2994 exemplam
859 2965 935 2993 agitur
947 2964 1025 2987 Collat.
1037 2964 1059 2986 in
1074 2964 1130 2986 Hex-

283 2995 354 3024 aeiu„
372 2995 444 3017 collat.
463 2995 484 3017 6.
502 3001 523 3017 11.
540 2995 605 3018 7-20.

1251 2680 1261 2693 ⁵
1278 2682 1334 2710 Cap.
1352 2682 1392 2710 30,
1411 2682 1440 2709 03
1458 2685 1586 2711 sequuntur
1604 2681 1671 2704 Eccli.
1688 2683 1713 2708 2,
1735 2682 1774 2708 13;
1791 2682 1863 2710 Apoe.
1882 2681 1922 2709 45,
1942 2681 1961 2703 l.

1252 2712 1261 2725 ⁵
1278 2713 1334 2741 Cap.
1357 2714 1394 2740 ll,
1413 2715 1438 2740 ἐς
1455 2716 1584 2742 sequnntur
1601 2713 1615 2735 1.
1635 2713 1694 2735 Tim.
1713 2714 1740 2740 6,
1758 2714 1780 2734 3.
1798 2713 1819 2735 4.
1839 2716 1861 2735 et
1875 2714 1922 2735 Act.
1942 2713 1984 2739 lo,
2003 2712 2040 2735 38.

1252 2743 1260 2756 ⁷
1278 2744 1334 2772 Cap.
1352 2745 1373 2773 3,
1399 2745 1436 2772 ¹6,
1454 2745 1538 2767 deinde
1558 2745 1609 2767 lsai.
1627 2745 1668 2771 63,
1692 2745 1712 2766 Ἰ.
1730 2743 1775 2767 Csr.
1793 2745 1832 2766 eit.
1851 2744 1926 2766 collat.
1949 2744 1979 2766 de
1996 2744 2041 2771 pie-

1188 2778 1233 2798 tate
1262 2782 1284 2798 n.
1303 2776 1340 2798 v12.

1239 2793 1259 2819 ⁵⁵
1277 2807 1310 2829 De
1327 2807 1362 2830 liis
1379 2807 1433 2830 vide
1455 2807 1534 2830 Collat.
1552 2807 1574 2829 in
1590 2807 1709 2835 Heraeum,
1732 2807 1806 2829 collat.
1829 2806 1851 2829 6,
1874 2812 1897 2828 n.
1918 2806 2001 2833 27-31,
2018 2808 2040 2828 et

1188 2839 1262 2860 collat.
1278 2839 1308 2860 de
1325 2839 1416 2867 pietate,
1434 2845 1455 2860 n.
1477 2839 1510 2864 15,
1529 2838 1568 2860 ubi
1586 2838 1648 2861 idem
1666 2839 1729 2860 locus
1746 2838 1879 2866 scripturae
1896 2837 2015 2865 allegatur.

1251 2868 1260 2882 ⁹
1277 2869 1322 2892 Csr.
1340 2870 1469 2892 Comment.
1487 2870 1510 2892 in
1527 2870 1625 2898 Lucani,
1643 2876 1664 2892 c.
1681 2869 1703 2891 6.
1721 2875 1742 2891 n.
1761 2869 1798 2891 35.
1816 2875 1882 2897 seqq.

1250 2900 1270 2913 ¹⁰
1287 2901 1353 2923 Eccli.
1372 2901 1414 2928 49,
1433 2901 1461 2929 4;
1479 2903 1607 2930 sequuntur
1624 2901 1667 2923 Tit.
1687 2901 1712 2929 11,
1731 2901 1757 2929 1;
1774 2901 1798 2922 ll.
1815 2900 1888 2922 Maeli.
1906 2900 1933 2928 3,
1950 2900 1973 2922 sl.

1250 2931 1269 2944 ¹¹
1288 2933 1358 2960 Epist.
1378 2933 1394 2954 l.
1413 2933 1473 2954 Tim.
1491 2933 1517 2959 2,
1535 2934 1557 2955 ⁴2.

1250 2962 1269 2975 ¹²
1287 2963 1342 2991 Cap.
1364 2964 1404 2990 12,
1426 2964 1464 2990 lO;
1485 2966 1614 2992 sequuntur
1631 2963 1655 2986 ll.
1673 2963 1733 2985 Tim.
1750 2964 1776 2991 2,
1798 2963 1834 2990 165
1853 2962 1909 2984 ibid.
1927 2962 1952 2990 3,
1970 2962 1991 2984 5.
2014 2964 2037 2984 et

1186 2995 1253 3017 Prov.
1272 2995 1314 3022 29,
1332 2996 1355 3017 2.
