2133 3317
5 666 58 707 ’ἐξ

32 1490 58 1572 .ςῂ

481 198 679 228 OPUSCULUM
699 197 787 226 xxttt.
810 197 958 227 LEGENDA
981 198 1095 228 SANCTI
1116 199 1289 228 FRANCISCI.
1311 199 1380 228 CAP.
1402 200 1431 228 lt.

89 280 166 318 quasi
180 279 265 317 nihil,
281 278 452 307 thesaurum
468 277 602 306 sentiebat
616 284 644 305 se
659 276 795 313 reperisse
811 276 930 305 abscon-

90 328 198 361 ditum,
220 333 251 354 ac
272 325 348 354 velut
369 324 491 361 prudens
505 324 658 361 negotiator
672 323 871 360 margyarz'lam
887 323 931 351 iin-

79 377 201 404 ventam
231 371 406 409 excogitabat
432 371 550 399 venditis
576 370 705 398 omnibus
733 371 929 407 comparare1.

88 421 180 451 Adhuc
195 423 302 453 tamen,
317 418 437 456 qualiter
451 418 478 446 id
492 420 601 454 ageret,
621 417 780 454 ignorabat,
795 417 846 445 nisi
866 417 932 454 quia

87 468 173 506 ipsius
194 466 394 503 suggerebatur
423 464 546 502 spiritui,
575 464 649 501 quod
677 464 829 501 spiritualis
858 472 931 493 mer-

88 515 157 545 catio
177 522 192 542 a
213 512 307 542 mundi
330 514 492 548 contemptu
513 514 604 540 sumat
624 511 750 545 initium,
772 511 931 548 Christique

89 561 182 591 militia
204 561 238 589 sit
259 568 275 588 a
295 559 338 588 sni
359 559 447 595 ipsius
470 558 583 587 victoria
604 558 765 586 inchoanda.

165 608 190 636 5.
213 606 335 643 Quadam
356 605 450 642 itaque
470 605 529 638 die,
551 604 617 633 dum
640 604 777 641 equitaret
798 612 848 641 per
872 605 930 642 pla-

87 654 195 688 nitiem,
217 660 289 690 qnae
303 652 426 681 subiacet
437 651 539 680 civitati
555 651 662 685 Assisii,
682 651 822 688 leprosum
843 660 932 689 quen-

87 702 148 731 dam
169 699 267 729 habuit
291 699 420 733 obvium,
448 699 528 727 cuius
558 698 714 735 inopinatus
742 706 876 727 occursus
905 699 928 727 ei

87 754 141 777 non
161 754 278 784 parvum
300 746 416 774 incussit
439 745 594 773 horrorem.
617 745 773 774 Recurrens
788 748 880 774 autem
895 745 929 774 ad

43 794 56 806 ³¹·
85 793 260 832 perfectionis
280 795 371 821 mente
393 792 445 820 iam
467 794 614 828 conceptae
645 792 816 828 propositum
838 794 865 820 et
886 800 930 821 re-

86 841 192 874 colens,
213 839 287 877 quod
309 847 337 868 se
352 839 442 875 ipsum
464 841 606 874 oporteret
626 838 748 874 prinmm
766 838 930 873 devincere,

86 887 108 917 si
128 887 210 916 vellet
230 886 300 915 effici
322 885 422 914 Christi
444 885 535 918 miles,
557 885 591 913 ad
618 884 834 914 deosculandum
864 893 927 914 eum

85 941 157 971 equo
167 933 260 970 lapsus
270 932 399 961 accurrit.
412 931 461 960 Cui
474 939 536 960 cum
549 939 661 959 manum
673 932 750 968 quasi
767 932 870 969 aliquid
884 940 929 961 ac-

85 982 217 1018 cepturus
238 979 365 1016 leprosus
379 978 572 1015 protenderet,
588 978 731 1015 pecuniam
748 986 811 1007 cum
833 979 929 1007 osculo

84 1026 237 1064 deportavit
252 1027 272 1054 ²³.
294 1025 390 1054 Statim
418 1028 510 1054 autem
532 1033 636 1062 equum
666 1025 816 1054 ascendens
845 1029 872 1054 et
900 1033 928 1055 se

55 1076 57 1078 “
84 1073 303 1110 circumquaque
323 1074 502 1106 convertens,
524 1079 587 1101 cum
608 1080 724 1109 campus
749 1075 856 1109 pateret
876 1081 928 1101 un-

84 1120 166 1157 dique
187 1119 272 1153 liber,
294 1119 435 1156 leprosum
456 1119 534 1147 illum
564 1119 675 1147 minime
700 1119 776 1147 vit-tit.
805 1119 928 1148 Admira-

85 1166 157 1195 tione
178 1165 271 1202 itaque
292 1165 415 1202 repletus
436 1167 463 1194 et
489 1164 604 1202 gaudio,
634 1165 728 1194 laudes
758 1165 847 1202 coepit
874 1166 928 1194 Do-

84 1213 158 1242 mino
178 1212 325 1241 decantare
353 1212 465 1246 devote,
495 1218 652 1249 proponens
673 1220 709 1240 ex
739 1212 791 1240 boc
819 1220 928 1249 semper

84 1260 117 1289 ad
137 1259 243 1288 maiora
264 1259 456 1288 conscendere.
478 1259 604 1287 Solitaria
624 1259 739 1296 proinde
760 1259 819 1288 loca
843 1267 927 1296 quac-

25 1309 71 1355 11ξὲ
84 1306 174 1341 rebat,
195 1306 283 1335 amica
301 1306 490 1340 moeroribus,
516 1306 543 1334 in
564 1306 668 1343 quibus
687 1304 753 1334 dum
773 1306 929 1343 gyenzz'tz'bus

85 1353 335 1383 inenarrabilibus
346 1353 357 1370 ³
376 1352 545 1382 incessanter
560 1353 729 1387 intenderet,
744 1356 805 1390 post
820 1354 927 1390 longam

84 1407 198 1438 precum
221 1399 378 1429 instantiam
399 1408 415 1428 a
436 1399 551 1428 Domino
572 1400 675 1428 meruit
695 1400 832 1428 exaudiri.
856 1400 926 1428 Dum

84 1447 155 1476 enim
175 1455 232 1476 una
258 1447 368 1475 dierum
396 1446 435 1475 sic
460 1448 652 1483 sequestratus
682 1448 776 1475 oraret
806 1449 833 1474 et
861 1454 928 1483 prae

83 1493 223 1523 nimietate
247 1493 365 1522 fervoris
393 1495 467 1522 totus
494 1495 566 1521 esset
590 1493 739 1530 absorptus
764 1493 791 1521 in
824 1493 927 1526 Deum;

83 1540 210 1578 apparuit
231 1540 254 1569 ei
276 1539 404 1569 Christus
425 1540 500 1569 lesus
521 1540 606 1568 veluti
628 1540 704 1568 cruci
727 1540 863 1568 confixus.
890 1540 927 1568 Ad

83 1587 162 1617 cuius
182 1590 360 1625 conspectum
389 1585 547 1625 liquefacta
574 1590 615 1615 est
642 1587 746 1615 (minut
772 1586 835 1615 eins
850 1587 871 1621 4,
901 1588 928 1615 et

0 1666 2 1676 7
39 1632 43 1635 ”
81 1633 212 1663 memoria
244 1633 378 1671 passionis
408 1633 509 1662 Christi
540 1633 695 1662 visceribus
720 1633 810 1661 cordis
841 1632 928 1670 ipsius

81 1677 148 1709 adeo
163 1680 298 1717 impressa
311 1680 484 1714 medullitus,
500 1683 531 1708 ut
552 1680 587 1709 ab
602 1680 647 1708 illa
668 1680 753 1714 hora,
769 1687 832 1708 cum
848 1679 927 1708 Chri-

82 1727 116 1756 sti
137 1727 284 1756 crucifixio
297 1726 404 1756 veniret
425 1727 452 1755 in
468 1729 603 1760 mentem,
619 1726 667 1755 vix
689 1729 781 1763 posset
801 1734 817 1754 a
838 1726 927 1763 lacry-

81 1773 133 1803 mis
153 1776 180 1802 et
200 1773 348 1811 gemitibus
362 1773 488 1802 exterius
503 1773 660 1807 continere,
682 1773 753 1802 sicut
774 1773 832 1810 ipse
853 1776 927 1810 post-

0 1801 1 1806 1
29 1816 60 1854 ..“’.“
81 1820 192 1849 modum
214 1820 385 1849 familiariter
406 1820 516 1854 retulit,
538 1827 601 1848 cum
633 1820 869 1857 appropinquaret
893 1820 927 1848 ad

81 1866 172 1896 finem.
195 1867 332 1896 lntellexit
352 1874 401 1904 per
423 1867 475 1896 hoc
495 1874 594 1904 nempe
609 1866 652 1895 vir
672 1866 737 1901 Dei,
759 1866 826 1895 illud
845 1874 927 1895 evan-

1775 200 1830 228 507

987 277 1105 314 geticum
1121 277 1132 294 ⁵
1153 277 1204 306 sibi
1225 278 1294 306 dici:
1317 278 1349 306 Sa·
1371 277 1416 306 vis
1436 278 1533 307 venire
1551 281 1616 315 post
1636 286 1696 312 nze,
1719 278 1832 315 abnega

988 324 1166 360 temetipsum
1187 328 1213 352 et
1233 324 1295 353 tolle
1316 333 1430 353 erucem
1452 328 1534 353 tuam
1556 328 1582 354 ec
1601 325 1737 363 sequaris
1757 333 1810 353 nze.

1067 372 1092 399 6.
1115 371 1205 400 Induit
1225 379 1262 400 ex
1284 374 1349 400 tunc
1371 372 1498 409 spiritum
1524 371 1711 409 paupertatis,
1740 371 1832 400 humi-

1874 377 1977 396 Reum-atio

1843 399 1938 419 interioris
1945 401 1977 419 ho-

986 417 1070 446 litatis
1091 426 1201 446 sensum
1224 421 1250 446 et
1271 419 1399 447 aflectum
1416 418 1527 447 intimae
1547 419 1664 455 pietatis.
1687 419 1751 447 Nam
1767 426 1832 447 cum
1845 423 1908 442 minis·

987 463 1066 500 prins
1098 464 1270 501 leprosorum
1303 473 1357 493 non
1389 465 1478 493 solum
1510 465 1696 499 consortium,
1732 473 1830 494 verum

986 510 1067 539 etiam
1090 511 1271 548 longinquum
1297 512 1451 540 contuitum
1481 513 1657 541 vehementer
1686 512 1830 545 horreret;

986 557 1039 586 iam
1059 560 1172 594 propter
1193 558 1334 587 Christum
1349 559 1533 593 crucifixum,
1548 559 1596 596 qui
1612 559 1692 587 iuxta
1709 559 1829 588 verbum

986 604 1204 641 propheticum⁶
1226 605 1439 642 contemptibilis
1467 608 1498 634 ut
1529 605 1660 642 leprosus
1685 605 1830 642 apparuit;

986 654 1018 679 ut
1049 651 1226 688 semetipsum
1262 652 1341 688 plene
1376 654 1579 686 contemneret,
1610 652 1776 681 humilitatis
1803 655 1976 681 etObsequiale-

1846 682 1907 705 prosis
1923 686 1976 705 prae-

987 697 1165 726 humanitatis
1186 698 1318 735 obsequia
1338 698 1455 735 leprosis
1475 698 1597 727 benefica
1618 698 1718 735 pietate
1750 706 1830 735 prae-
1846 706 1914 731 staret
1930 709 1975 728 rau-

986 744 1083 772 stabat.
1110 744 1242 773 Visitabat
1270 744 1342 773 enim
1375 745 1536 782 frequenter
1563 745 1658 773 doulos
1689 745 1829 782 ipsorum,

986 790 1136 819 liberaliter
1164 791 1203 819 eis
1231 791 1418 828 eleemosynas
1439 791 1570 828 erogabat
1596 794 1622 820 et
1651 799 1714 820 cum
1743 791 1831 820 multo

985 837 1182 874 compassionis
1209 838 1309 867 affectu
1337 846 1436 867 manus
1466 846 1563 867 eorum
1594 838 1773 867 osculabatur
1804 841 1831 867 et

985 892 1041 912 ora.
1054 884 1064 901 ⁷
1080 884 1249 921 Pauperibus
1263 885 1345 913 etiam
1363 885 1581 914 mendicantibus
1596 893 1650 913 non
1665 885 1754 913 solum
1770 893 1829 918 sua,

985 938 1082 959 verum
1097 931 1178 959 etiam
1194 939 1223 960 se
1238 932 1328 968 ipsum
1344 931 1472 968 cupiebat
1486 932 1661 968 impendere,
1682 931 1830 968 aliquando

985 977 1146 1005 vestimenta
1178 985 1300 1012 exuens,
1331 978 1479 1015 aliquando
1509 978 1651 1012 dissuens,
1682 978 1830 1015 aliquando

984 1024 1111 1053 scindens
1131 1025 1165 1053 ad
1187 1025 1359 1062 largiendum
1380 1025 1431 1059 eis,
1453 1033 1517 1054 cum
1539 1033 1605 1062 prae
1627 1026 1755 1054 manibus
1777 1025 1830 1054 alia

984 1079 1037 1099 non
1061 1071 1183 1100 haberet.
1212 1072 1406 1100 Sacerdotibus
1427 1080 1539 1109 quoque
1560 1072 1730 1109 pauperibus
1752 1080 1829 1101 reve-

985 1120 1079 1146 renter
1100 1118 1280 1147 subveniebat
1300 1121 1328 1147 et
1348 1119 1404 1155 pie,
1426 1119 1575 1156 praecipue
1606 1119 1634 1147 111
1659 1119 1829 1148 ornamentis

984 1164 1093 1198 altaris,
1115 1172 1170 1201 quo
1192 1168 1218 1193 et
1239 1165 1332 1193 cultus
1351 1165 1436 1194 divini
1459 1165 1596 1202 particeps
1617 1165 1696 1194 fieret
1723 1169 1750 1194 ct
1771 1165 1830 1194 cul-

984 1213 1076 1239 torum
1100 1211 1206 1247 inopiae
1221 1211 1412 1248 supplementa
1430 1212 1584 1249 praeberet.
1600 1228 1637 1232 —
1652 1212 1721 1240 Cum
1736 1214 1829 1241 autem

985 1257 1111 1294 religiosa
1126 1258 1269 1286 devotione
1284 1260 1350 1287 tunc
1365 1259 1497 1295 temporis
1511 1259 1605 1287 limina
1619 1259 1743 1288 visitaret
1761 1259 1829 1296 Apo-

984 1304 1044 1332 stoli
1061 1305 1130 1333 Petri
1142 1327 1148 1339 ,
1163 1308 1308 1342 conspecta
1322 1305 1499 1334 multitudine
1513 1313 1668 1342 pauperum
1679 1308 1742 1334 ante
1756 1306 1829 1334 fores

984 1351 1130 1386 ecclesiae,
1159 1352 1258 1388 partim
1280 1352 1389 1388 pietatis
1412 1352 1514 1381 ductus
1541 1352 1701 1386 dulcedine,
1728 1352 1828 1389 partim

984 1398 1155 1434 paupertatis
1175 1398 1290 1427 allectus
1311 1406 1420 1432 amore,
1442 1399 1490 1427 uni
1512 1407 1547 1427 ex
1570 1399 1609 1427 eis
1630 1399 1718 1436 magis
1738 1400 1828 1436 egenti

984 1445 1111 1481 proprias
1134 1445 1249 1482 largitus
1270 1448 1312 1474 est
1327 1448 1430 1479 vestes,
1449 1448 1476 1474 et
1497 1446 1672 1475 semicinctiis
1686 1449 1830 1475 contectus

984 1492 1073 1526 illius,
1095 1491 1167 1520 diem
1190 1492 1266 1520 illum
1289 1492 1315 1520 in
1338 1493 1427 1521 medio
1448 1501 1602 1529 pauperum
1625 1501 1687 1522 cum
1720 1493 1829 1522 insolita

984 1539 1099 1575 spiritus
1121 1539 1290 1567 iucunditate
1311 1539 1459 1576 transegit,
1481 1542 1512 1567 ut
1533 1542 1560 1568 et
1581 1540 1750 1568 saecularem
1771 1540 1828 1577 glo-

984 1586 1052 1614 riam
1075 1589 1218 1622 sperneret
1239 1588 1266 1614 et
1286 1586 1319 1614 ad
1340 1586 1535 1622 perfectionem
1556 1586 1740 1623 evangelicam
1766 1595 1829 1624 gra-

983 1632 1068 1661 datim
1091 1632 1297 1661 conscendendo
1318 1633 1483 1669 pervenIret.
1506 1633 1706 1662 Mortificationi
1737 1634 1828 1663 carnis

983 1679 1143 1716 invigilabat
1163 1679 1310 1713 attentius,
1332 1683 1363 1708 ut
1383 1679 1484 1708 Christi
1506 1687 1633 1714 crucem,
1655 1688 1740 1717 quam
1761 1680 1828 1709 inte-

983 1726 1043 1755 rius
1063 1726 1169 1755 ferebat
1189 1726 1217 1754 in
1246 1726 1343 1760 corde,
1372 1726 1498 1755 exterius
1526 1727 1606 1755 etiam
1635 1727 1828 1756 circumferret

983 1773 1010 1801 in
1032 1781 1156 1810 corpore.
1179 1773 1280 1810 Agebat
1300 1776 1392 1802 autem
1414 1774 1482 1802 haec
1502 1774 1593 1802 omnia
1614 1774 1657 1802 vir
1675 1774 1722 1802 Dei
1744 1774 1826 1802 Fran-

983 1820 1072 1848 ciscus
1099 1820 1222 1848 nondum
1245 1820 1341 1849 habitu
1367 1820 1409 1849 vel
1437 1820 1564 1849 convictu
1592 1823 1784 1857 sequestratus
1811 1829 1826 1849 n

982 1867 1094 1895 mundo.

845 2001 1006 2029 CAPrrULuM
1028 2001 1057 2029 ll.

297 2117 337 2160 De
353 2123 485 2164 perfecta
505 2124 690 2153 conversione
709 2124 772 2152 eius
793 2124 833 2152 cul
856 2124 944 2152 Deum
966 2127 992 2152 ct
1012 2123 1046 2152 (le
1066 2123 1253 2161 reparatione
1274 2124 1365 2152 trium
1386 2123 1573 2153 eeclesiarum
1589 2124 1608 2152 ⁸.

165 2247 188 2275 t.
218 2247 351 2284 Quoniam
379 2249 472 2275 autern
500 2255 599 2276 servus
626 2246 753 2275 Altissimi
786 2246 926 2275 doctorem

62 2300 135 2322 ·non
157 2293 276 2322 habebat
296 2294 416 2331 aliquem
441 2294 469 2322 in
497 2293 655 2322 huiusmodi
685 2293 736 2322 nisi
768 2293 925 2328 Christum,

82 2338 184 2368 addidit
204 2339 295 2368 adhuc
316 2339 403 2377 ipsius
424 2339 568 2368 clementia
588 2347 652 2368 eum
675 2339 702 2368 in
731 2340 834 2376 gratiae
862 2339 926 2368 visi-

83 2387 142 2415 tare
162 2385 314 2415 dulcedine.
337 2385 409 2415 Dum
431 2386 504 2415 enim
525 2386 568 2414 die
590 2386 724 2423 quadam,
746 2393 874 2423 egressus
892 2386 925 2414 ad

983 2246 1171 2275 meditandum
1193 2246 1220 2275 in
1241 2255 1320 2283 agro,
1351 2247 1540 2275 deambularet
1572 2247 1652 2276 iuxta
1682 2247 1824 2277 ecclesiam

983 2293 1068 2322 sancti
1090 2293 1226 2327 Damiani,
1249 2301 1319 2330 quae
1335 2293 1491 2322 mInabatur
1506 2302 1572 2330 prae
1586 2294 1670 2322 nimia
1689 2297 1825 2324 vetustate

983 2340 1108 2374 ruinam,
1130 2344 1157 2369 et
1178 2340 1205 2368 in
1219 2348 1292 2374 eam,
1308 2340 1454 2377 instigante
1475 2348 1503 2369 se
1525 2340 1645 2377 Spiritu,
1667 2349 1749 2370 causa
1763 2349 1825 2370 ora-

983 2386 1064 2415 tionis
1084 2387 1228 2421 intrasset,
1249 2389 1405 2423 prostratus
1426 2390 1489 2415 ante
1509 2386 1655 2424 imaginem
1675 2387 1824 2422 Crucifixi,

144 2599 151 2612 ¹
171 2601 246 2623 Mattn.
264 2601 305 2629 13,
324 2601 416 2627 tt-tss;
435 2601 489 2623 ibid.
513 2602 549 2628 16,
567 2602 605 2623 21.
626 2608 704 2630 seqq:
731 2610 741 2621 <z
754 2601 775 2623 Si
799 2602 851 2630 quis
877 2602 926 2623 vult

83 2641 134 2665 post
150 2645 188 2661 ine
204 2640 294 2667 venire,
312 2639 412 2667 abneget
436 2640 586 2668 semetipsum
600 2649 609 2660 n
630 2643 685 2667 eto,
703 2640 731 2662 ad
750 2640 812 2668 quod
836 2640 858 2661 111
876 2646 924 2668 seq.

84 2677 241 2705 propositione
259 2678 372 2701 alluditur.
668 2677 677 2690 ²
695 2679 752 2701 Edit.
769 2678 912 2708 reportarit.

145 2715 154 2728 ³
171 2717 237 2739 Rom.
255 2718 280 2746 8,
298 2718 335 2739 26.
347 2717 403 2739 Cod.
419 2718 425 2739 l
443 2723 497 2740 cum.
514 2717 638 2746 (frmitibus
654 2724 697 2745 pro
715 2717 771 2740 dum
793 2717 924 2747 pruritibus.

74 2754 192 2786 August,
209 2754 265 2778 viu.
282 2755 382 2778 Confess.
395 2763 414 2778 c.
429 2757 464 2778 12.
477 2763 499 2778 n.
511 2757 553 2779 28:
566 2756 669 2779 Solitudo
686 2756 741 2779 1111111
759 2757 787 2778 ad
805 2757 924 2784 negotium

84 2792 150 2815 nendi
168 2794 242 2822 aptior
259 2795 436 2823 suggerebatur.

144 2831 154 2844 ⁴
171 2832 234 2855 Cant.
253 2833 279 2861 5,
296 2834 317 2856 6,
334 2847 364 2850 —
383 2835 439 2856 lnsra
464 2834 518 2856 Acta
537 2834 575 2856 SS.
595 2834 716 2863 (Bolland.)
742 2833 857 2857 contineri
882 2841 924 2862 pro

83 2872 206 2897 concinere.

146 2910 155 2923 ⁵
171 2913 246 2934 Manu.
266 2913 306 2941 lG,
324 2913 366 2935 et:
384 2914 405 2935 Si
424 2914 476 2942 quis
494 2914 542 2935 ruit
555 2916 606 2941 post
618 2919 654 2935 me
667 2913 757 2941 venire,
769 2912 868 2940 abneget
881 2915 923 2935 etc.

84 2949 126 2972 I‘ro
142 2951 249 2980 sequaris
267 2958 304 2975 nee
322 2952 360 2981 (ita
379 2952 559 2981 ,tnCDEFGn
578 2953 596 2974 l(
619 2951 724 2981 sequeris*
746 2957 793 2980 mc,
817 2952 869 2974 edd.
892 2957 924 2974 se-

83 2993 153 3017 quere
169 2995 212 3013 we.

1045 2600 1054 2614 ‘⁵
1072 2601 1119 2623 lsai.
1138 2601 1179 2629 2¹53,
1190 2602 1212 2623 3.
1229 2607 1289 2630 serp:
1309 2601 1445 2629 Despectum
1459 2603 1480 2623 et
1491 2600 1643 2623 novissimum
1656 2601 1783 2623 virorum...
1801 2605 1823 2623 et

982 2647 1024 2662 nos
1036 2640 1170 2668 putavimus
1179 2646 1232 2662 curn
1245 2640 1309 2668 quasi
1322 2640 1438 2667 leprosum
1448 2642 1490 2661 etc.
1500 2640 1542 2661 Pro
1554 2641 1579 2662 ut
1588 2639 1695 2668 leprosus
1708 2640 1739 2662 ll<
1755 2640 1825 2669 quusi

983 2678 1097 2708 Ityn-osus.
1115 2691 1145 2695 —
1157 2679 1214 2700 lnsra
1227 2684 1279 2700 cum
1293 2678 1332 2700 BC
1341 2678 1414 2700 DEFl
1434 2684 1476 2705 pro
1492 2677 1589 2707 plenam
1601 2678 1721 2705 posuimus
1731 2677 1806 2707 plene.

1044 2716 1053 2729 ⁷
1072 2717 1130 2739 Vide
1147 2717 1319 2739 Testamentum
1333 2717 1352 2738 S.
1366 2716 1494 2739 Francisci:
1511 2716 1569 2739 Cum
1587 2722 1660 2739 essem
1677 2717 1823 2744 inpeccatis,

981 2756 1050 2778 nimis
1068 2756 1122 2778 1111111
1140 2755 1261 2778 videbatur
1278 2762 1383 2777 amarum
1401 2755 1481 2778 videre
1502 2756 1618 2784 leprosos,
1639 2758 1661 2778 et
1681 2756 1730 2783 ipse
1749 2755 1822 2778 Domi-

981 2801 1024 2817 nus
1041 2794 1148 2817 confluxit
1165 2801 1202 2817 nio
1219 2794 1277 2817 inter
1294 2795 1343 2817 illos
1360 2797 1403 2817 etc.

1044 2832 1053 2845 Β
1070 2834 1113 2856 (Zsr.
1133 2834 1216 2857 Tuom.
1236 2840 1248 2856 a
1265 2834 1359 2861 Celano,
1378 2835 1427 2856 Vita
1446 2834 1461 2856 Ι.
1481 2840 1504 2862 p.
1522 2835 1535 2856 1.
1554 2841 1572 2856 c.
1591 2833 1654 2860 4-o;
1673 2834 1721 2856 Vita
1735 2835 1758 2856 u.
1771 2840 1793 2861 p.
1807 2835 1821 2856 1.

981 2880 1001 2895 c.
1019 2874 1040 2895 (3.
1057 2879 1116 2902 seq.;
1135 2879 1157 2901 p.
1171 2874 1201 2895 111.
1214 2879 1233 2895 c.
1250 2874 1282 2895 12.
1293 2879 1340 2901 seq.
1354 2875 1375 2895 et
1387 2873 1493 2901 Legenda
1507 2873 1575 2895 trium
1588 2873 1720 2899 Sociorum,
1732 2880 1750 2895 c.
1764 2873 1820 2894 5-7.

982 2912 1056 2933 Vitam
1080 2912 1145 2933 istam
1168 2912 1303 2934 Fraus-iscus
1320 2912 1402 2939 incepit
1419 2918 1455 2934 an.
1472 2912 1541 2938 1207;
1559 2913 1599 2934 ct'r.
1617 2912 1727 2934 Chronica
1747 2912 1820 2934 XXlV

980 2951 1127 2972 Gener-ulium
1151 2950 1265 2979 (Analecta
1291 2951 1450 2978 franciscana,
1477 2953 1532 2973 tom.
1556 2951 1587 2973 111.
1613 2957 1666 2979 pag.
1684 2952 1710 2979 ⁴2,
1728 2953 1779 2973 nota
1799 2951 1819 2972 3.

980 2989 1107 3018 Quaraectii
1134 2990 1207 3018 1807).

1847 728 1930 752 penbus.

1846 1218 1915 1237 Visitat
1927 1219 1975 1238 limi-

1846 1247 1869 1260 na
1882 1242 1901 1260 S.
1915 1243 1973 1262 Petri.

1848 1407 1961 1426 Notandum.
