2133 3317
0 629 84 652 'nauatur-

21 1463 36 1477 ιο
47 1461 83 1477 nr-

20 1486 37 1501 ιο
43 1486 75 1506 pro

24 1504 76 1524 done.

554 213 754 242 OPUSCULUM
776 213 831 241 XX.
854 213 982 242 REGULA
1003 213 1220 242 NOVlTlORUM.
1242 214 1310 242 CAP.
1332 214 1384 243 Vll.

101 297 165 323 tunc
179 301 232 321 non
247 295 319 321 esset
332 292 505 325 abstinentia,
517 291 564 320 sed
576 291 721 319 simulatae
735 291 887 320 sanctitatis
898 300 943 328 ap-

99 339 221 378 parentia
234 340 252 366 ¹.
267 338 337 367 Cave
352 338 442 371 etiam,
455 341 486 366 ut
500 346 554 366 non
570 337 760 366 manducando
774 337 942 367 manducan-

99 390 139 416 tes
152 385 268 419 iudices,
285 385 326 413 vel
341 384 518 417 condemnes,
534 384 612 421 quia,
628 384 700 413 sicut
714 384 752 412 ait
766 385 910 421 Apostolus
921 385 941 418 ²,

99 433 149 472 qui
161 440 218 460 non
239 431 401 459 manducat
421 430 634 459 manducantes
654 439 712 459 ¹non
733 434 866 468 spernat,
885 434 913 459 et
927 439 941 460 e

98 478 249 511 contrario;
271 478 322 516 qui
341 478 414 506 enim
436 478 598 506 manducat
621 478 742 506 Domino
763 478 940 512 manducat,

98 530 122 555 et
141 525 192 563 quz'
211 533 269 553 non
290 524 452 553 manducat
474 524 597 552 Domino
620 533 676 553 non
697 524 867 553 manducat.

175 571 201 601 3.
230 571 315 600 Extra
347 571 523 600 refectorium
555 579 698 608 nunquam
730 571 857 600 comedas
889 572 940 601 nisi

97 618 256 649 necessitate
278 618 319 646 vel
342 618 503 647 infirmitate
530 621 657 652 coactus,
686 618 732 647 sed
765 626 939 647 communem

97 665 178 694 vitam
200 672 308 701 semper
330 664 356 692 in
384 664 456 693 bono
487 665 628 702 sequaris;
660 668 687 694 et
707 665 780 694 omni
803 668 939 702 tempore,

96 711 204 750 quando
234 719 319 740 sanus
353 719 402 746 es,
435 711 677 749 Quadragesimam
711 712 878 749 Epiphaniae
912 716 939 742 et

96 759 174 788 aliam
194 758 402 795 Apostolorum,
423 766 495 795 quae
509 758 604 795 incipit
618 758 653 787 ab
668 759 830 788 Ascensione
850 767 939 796 usque

96 805 128 835 ad
159 805 351 839 Pentecosten,
383 808 410 833 et
440 805 511 834 diem
542 805 651 834 Sabbati
684 813 794 842 semper
816 806 939 835 ieiunare

96 859 236 890 procures.
258 868 298 873 —
318 851 349 880 Et
369 851 480 889 quando
501 851 666 881 abstinentia
687 852 734 880 tibi
756 852 939 889 importabilis

96 898 252 932 videretur,
273 898 365 927 statim
387 898 475 935 cogita
489 898 522 927 de
539 899 614 932 lesu,
630 899 691 936 qui,
707 907 770 927 cum
793 903 865 928 esset
886 900 939 928 Do-

95 945 187 973 minus
206 944 346 979 omnium,
368 945 395 973 in
423 944 563 973 anxietate
594 945 709 982 patibuli
732 948 773 974 est
794 945 938 982 fatigatus,

95 991 180 1029 spinis
201 995 362 1026 coronatus,
393 991 477 1020 clavis
506 992 679 1028 perforatus,
701 992 796 1021 sitiens
828 995 939 1029 potatus

94 1041 134 1067 est
154 1040 231 1067 aceto
251 1046 315 1067 cum
344 1038 405 1067 felle
433 1038 522 1067 mixto
533 1038 553 1066 ³.
575 1039 652 1067 Tunc
683 1038 755 1067 enim
778 1039 842 1067 talia
866 1039 939 1076 cogi—

1786 215 1843 244 483

1000 291 1081 320 tando
1109 300 1163 320 non
1195 292 1283 320 solum
1306 292 1431 321 ciborum
1456 292 1650 327 abstinentias,
1672 292 1719 322 sed
1741 293 1843 330 quasli-

999 338 1045 367 bet
1065 338 1226 375 asperitates
1247 342 1274 367 et
1296 339 1435 375 passiones
1466 339 1545 368 facile
1566 339 1702 368 sustinere
1731 339 1842 368 valebis.

999 385 1040 413 Ait
1061 385 1133 413 enim
1155 385 1343 422 Gregorius4:
1369 397 1382 410 α
1398 386 1424 414 Si
1446 386 1536 423 passio
1561 386 1662 415 Christi
1684 386 1718 414 ad
1740 394 1842 415 memo-

999 430 1066 459 riam
1090 434 1252 465 revocetur,
1274 431 1342 460 nihil
1363 431 1430 460 adeo
1451 432 1570 466 durum,
1592 432 1665 469 quod
1681 440 1770 469 aequo
1784 433 1842 461 ani-

998 485 1042 505 mo
1064 485 1118 505 non
1140 477 1316 506 toleretur».

1076 524 1102 552 [ι.
1125 524 1266 553 Abstineas
1286 525 1371 561 igitur
1392 526 1528 560 maxime,
1550 526 1645 561 frater,
1666 535 1682 555 a
1706 527 1774 556 cibis
1794 527 1841 556 de·
1857 556 1869 574 d
1887 533 1988 560 Abstinen-

997 570 1085 599 licatis
1105 574 1132 600 et
1153 571 1247 600 calidis
1258 571 1278 605 ⁵,
1300 572 1348 608 qui
1380 575 1445 601 sunt
1475 573 1606 602 incitativi
1628 573 1661 602 ad
1686 574 1840 603 nutrimen·
1858 561 1936 621 ζξὲἆωῖ
1947 561 1989 599 Ψέῗῖ

997 620 1056 646 tum
1080 618 1223 652 luxuriae,
1245 621 1272 646 et
1292 626 1401 655 semper
1429 619 1456 647 in
1484 620 1556 648 omni
1580 620 1640 649 cibo
1661 624 1688 649 et
1709 624 1776 657 potu
1798 629 1841 649 su-
1890 617 1894 621 ’

997 664 1181 701 perfluitatem
1203 668 1229 693 et
1249 665 1406 694 aviditatem
1428 666 1534 701 devita,
1549 670 1580 695 ut
1595 667 1675 695 etiam
1691 670 1752 704 post
1767 675 1840 696 com-

996 711 1128 740 estionem
1149 711 1268 740 videaris
1288 712 1396 741 esurire
1417 716 1444 741 et
1465 713 1608 742 famelicus
1639 722 1714 748 esse,
1746 714 1768 743 si
1799 715 1841 743 vis

996 758 1023 786 in
1044 761 1157 787 aeterno
1178 759 1303 787 convivio
1324 760 1453 788 saturari.
1476 760 1517 788 Ait
1538 760 1610 789 enim
1626 761 1840 798 Hieronymusff:

1000 805 1198 842 «impossibile
1219 809 1273 839 est,
1305 810 1335 834 ut
1368 807 1559 843 praesentibus
1590 811 1617 836 et
1648 808 1750 837 suturis
1778 809 1841 846 quis

995 852 1105 881 fruatur
1127 853 1214 887 bonis,
1229 856 1260 882 ut
1276 853 1320 882 hle
1335 856 1458 882 ventrem
1475 856 1502 882 et
1516 854 1571 883 illio
1586 858 1706 883 mentem
1729 855 1840 892 impleat

996 902 1023 928 et
1043 899 1076 928 de
1097 899 1201 928 deliciis
1222 900 1317 928 mundi
1346 900 1379 928 ad
1395 900 1506 929 delicias
1535 901 1700 938 Angelorum
1719 905 1840 931 transeat

996 948 1023 974 et
1044 946 1070 974 in
1093 946 1168 974 caelo
1189 949 1216 975 et
1236 946 1262 974 in
1285 949 1361 975 terra
1392 950 1524 983 appareat
1544 947 1719 984 gloriosus».
1742 948 1838 977 Unde⁷

997 992 1086 1027 beati,
1108 993 1160 1031 qui
1189 993 1325 1022 esuriunt
1355 997 1381 1022 et
1410 994 1515 1022 sitiunt
1542 994 1687 1023 iustitiam
1712 995 1739 1023 in
1761 1003 1840 1032 prae-

996 1039 1082 1073 senti,
1103 1039 1243 1077 quoniam
1264 1040 1322 1077 ipsi
1341 1040 1560 1069 saturabuntur
1581 1041 1608 1069 in
1629 1041 1733 1070 futuro.

848 1161 1007 1190 CA1³1TULUM
1031 1162 1083 1190 Vll.

845 1279 885 1308 De
905 1279 1086 1308 dormitione.

172 1403 196 1430 1.
213 1402 341 1439 Semper,
358 1409 420 1430 cuni
436 1402 597 1439 perveneris
611 1401 644 1430 ad
660 1402 758 1430 horam
772 1401 936 1436 dormiendi,

93 1457 145 1478 non
168 1451 317 1485 praevento
339 1451 478 1485 tempore,
500 1448 590 1485 primo
611 1456 741 1485 aspergas
762 1451 789 1477 te
803 1456 875 1485 aqua
890 1448 936 1477 be-

92 1495 214 1530 nedicta,
235 1497 262 1524 et
284 1497 350 1523 tunc
367 1494 469 1523 vadens
483 1494 517 1523 ad
531 1495 634 1524 lectum
648 1495 768 1532 aliquam
784 1495 936 1524 orationem

91 1542 268 1579 praemittas,
290 1544 317 1570 et
337 1541 408 1570 sacto
429 1542 478 1570 tibi
500 1542 641 1579 signaculo
658 1542 749 1570 crucis
770 1542 798 1570 in
820 1542 889 1571 lecto
910 1545 938 1571 et

91 1592 117 1618 te
127 1589 242 1618 Domino
253 1589 395 1617 humiliter
410 1589 609 1623 commendato,
622 1589 735 1618 honeste
746 1591 774 1618 et
787 1589 937 1626 composite

90 1636 178 1665 iaceas
192 1635 219 1664 in
240 1635 356 1669 dextro,
372 1635 415 1664 vel
430 1635 542 1664 sinistro
564 1635 664 1669 latere,
679 1644 822 1672 nunquam
844 1639 935 1665 tamen

90 1682 206 1719 supinus
227 1682 270 1711 vel
290 1682 370 1711 aliter
391 1682 543 1711 inhoneste.
566 1682 711 1719 Nunquam
730 1682 851 1711 dormias
872 1690 935 1711 cum

90 1729 218 1758 manibus
238 1729 266 1758 in
287 1729 350 1758 sinu
377 1729 489 1766 positis,
517 1736 567 1758 nec
595 1729 726 1757 cruribus
753 1729 865 1758 elevatis
893 1729 935 1758 vel

89 1775 283 1812 discoopertis,
305 1775 352 1804 sed
373 1783 483 1812 semper
505 1778 598 1804 teneas
613 1775 734 1804 tunicam
749 1775 820 1804 inter
835 1783 934 1809 crura,

89 1825 121 1851 ut
147 1822 242 1851 nullus
272 1825 299 1851 te
330 1822 450 1851 inveniat
475 1822 619 1851 inhoneste
650 1822 793 1851 iacentem.
816 1822 844 1850 In
866 1822 935 1851 lecto

89 1872 181 1899 autem
202 1869 241 1898 sic
263 1869 384 1906 positus,
399 1869 486 1898 donec
507 1877 622 1898 somnus
643 1872 670 1898 te
690 1872 807 1906 occupet
818 1869 838 1904 ⁸,
860 1869 934 1898 dicas

90 1916 224 1950 Psalmos,
245 1916 288 1944 vel
315 1915 390 1945 aliud
418 1916 486 1944 utile
507 1916 655 1950 meditare,
678 1917 719 1945 vel
741 1916 815 1953 quod
838 1916 934 1945 utilius

89 1965 144 1997 est,
166 1962 315 2000 imaginare
336 1962 425 1991 lesum
447 1962 473 1991 in
503 1970 587 1991 cruce
612 1962 784 1999 pendentem.
806 1962 884 1999 Quod
910 1962 932 1991 si

89 2009 201 2038 sollicite
223 2009 370 2046 cogitabis,
385 2009 433 2037 vix
448 2012 496 2038 aut
511 2017 653 2046 nunquam
669 2009 770 2046 poterit
791 2012 817 2038 te
838 2009 932 2038 diabo-

89 2055 131 2085 lus
145 2055 292 2085 molestare
302 2079 309 2090 ,
324 2056 390 2093 quia
404 2063 453 2093 per
467 2056 594 2084 devotam
609 2055 811 2084 meditationem
828 2056 931 2092 passio-

88 2102 131 2132 nis
151 2102 211 2132 lesu
225 2102 327 2131 Christi
342 2102 431 2131 omnis
445 2102 587 2131 exercitus
601 2102 767 2131 daemonum
782 2102 929 2139 effugatur.

165 2150 191 2178 2.
214 2149 284 2178 Cum
304 2152 397 2178 autem
418 2149 556 2178 excitatus
576 2157 592 2177 a
616 2157 711 2178 somno
732 2149 931 2178 exsurrexeris

150 2339 155 2352 ¹
176 2339 217 2361 Hic
234 2339 250 2361 E
267 2339 323 2361 finit.
340 2339 451 2366 Superius
468 2345 510 2367 pro
528 2339 651 2362 occasione
667 2339 712 2362 cibi
726 2339 818 2363 dimissi
833 2341 888 2363 edd.
905 2347 932 2363 ea

88 2377 221 2406 occasione,
233 2381 255 2400 et
267 2381 319 2406 post
331 2377 372 2401 tibi
387 2377 443 2400 dari
458 2379 501 2400 EG
519 2378 608 2400 addunt
625 2378 687 2407 quod
703 2379 784 2402 curtim
801 2381 932 2408 reputetur.

149 2415 158 2429 ²
175 2417 241 2439 Rom.
263 2416 300 2444 14,
320 2417 346 2439 3:
365 2417 408 2445 Qui
426 2423 470 2439 non
490 2417 614 2440 manducat
632 2418 808 2440 manducantem
831 2424 875 2440 non
899 2419 933 2441 iu-

90 2454 160 2482 dicet;
178 2458 200 2478 et
216 2455 301 2478 deinde
319 2462 341 2477 v.
359 2456 381 2477 6.
398 2468 428 2471 —-
447 2455 558 2483 Superius
580 2462 623 2484 pro
645 2457 671 2479 ut
692 2462 740 2479 teon
764 2456 931 2479 manducando

89 2494 161 2516 ΑΕΗ
178 2500 207 2516 rne
223 2493 368 2517 abstinendo.

149 2532 158 2545 ³
175 2533 253 2556 Mattli.
270 2533 312 2560 27,
331 2533 376 2555 34:
393 2534 419 2555 Et
436 2533 550 2555 dederunt
567 2534 586 2555 ei
606 2534 685 2555 vinum
711 2534 790 2556 bibere
812 2540 864 2556 cum
884 2535 933 2556 telle

89 2571 190 2594 mixtum.
208 2571 281 2594 Codd.
299 2573 315 2594 A
327 2572 371 2594 DG
389 2578 444 2595 cum
461 2572 514 2601 selle
531 2572 672 2602 myrrhato,-
689 2574 729 2595 etr.
746 2573 814 2595 Marc.
831 2573 869 2600 15,
887 2574 931 2595 23:

88 2610 114 2633 Et
130 2610 215 2633 dabant
231 2611 250 2633 ei
269 2610 349 2633 bibere
366 2611 509 2638 myrrhatum
528 2611 617 2633 vinum.

148 2649 158 2661 ⁴
174 2650 255 2677 Regni.
273 2650 379 2677 pastoral.
394 2656 417 2678 p.
429 2650 461 2673 lll.
474 2657 493 2672 c.
511 2651 544 2672 12.
557 2650 577 2672 iu
591 2650 649 2672 sine:
667 2650 712 2672 Cur
730 2651 805 2679 itaque
822 2657 930 2678 asperum

87 2688 197 2716 creditur,
209 2692 233 2711 ut
245 2696 256 2711 a
271 2689 317 2711 Deo
330 2691 399 2712 homo
412 2690 491 2712 toleret
503 2690 589 2717 flagella
608 2696 649 2716 pro
662 2689 739 2717 malis,
756 2690 774 2711 si
793 2693 852 2712 tanta
871 2690 932 2712 Deus

87 2727 117 2750 ab
134 2728 266 2750 hominibus
283 2729 376 2756 pertulit
393 2730 451 2751 mala
470 2735 511 2757 pro
530 2728 616 2751 honis&⁷
632 2728 753 2755 Ber-nard„
765 2730 838 2751 serm.
852 2730 889 2751 22.
901 2729 930 2751 de

88 2765 200 2794 Diversis,
217 2773 239 2788 n.
257 2767 284 2789 5:
301 2767 361 2795 Quid
379 2767 419 2789 tibi
436 2767 512 2799 dirum
531 2768 566 2789 vel
587 2767 672 2789 durum
693 2773 743 2789 esse
766 2768 860 2795 poterit,
877 2774 930 2790 cum

87 2804 219 2827 recordatus
236 2805 317 2832 tueris,
334 2806 388 2834 quia
407 2805 441 2828 ille
464 2805 487 2828 in
510 2805 588 2835 formu
608 2805 650 2828 Dei
666 2805 733 2834 [Phil.
751 2806 777 2833 2,
795 2805 850 2834 6.]...
869 2806 931 2828 venit

89 2842 117 2865 ad
134 2849 247 2866 carcerem
266 2847 344 2871 tuum,
361 2844 390 2866 ad
409 2845 488 2866 limum
507 2847 584 2870 tuum.
608 2844 711 2873 iwtfisrus,
738 2847 761 2866 ut
782 2844 865 2867 dicitur
886 2845 929 2873 [ΡΞ.

89 2881 131 2908 68,
148 2882 192 2910 3.]‚
210 2889 284 2911 usque
300 2883 328 2905 ad
346 2882 436 2905 cubitos
453 2882 477 2905 in
495 2882 550 2905 limo
564 2882 701 2912 profundi?
718 2883 778 2911 Quid
795 2889 841 2905 non
858 2890 930 2905 suave

89 2919 141 2947 tibi,
157 2927 210 2943 eum
233 2921 272 2944 tibi
293 2922 412 2949 collegeris
434 2928 516 2944 omnes
538 2922 703 2944 amaritudines
725 2922 813 2944 Domini
837 2922 868 2944 tui
886 2925 929 2944 ete.

89 2957 132 2980 Csr.
149 2965 217 2987 supra
236 2966 290 2988 pag.
308 2960 349 2987 to,
366 2964 418 2982 nota
440 2961 475 2982 to.

150 2997 158 3009 ⁵
176 2998 281 3027 Hierum,
300 2999 368 3027 Epist.
386 2999 423 3021 52.
441 2999 506 3022 (alias
526 3000 569 3027 10.)
588 3006 609 3021 n.
631 3000 669 3021 10:
683 2999 768 3021 Deinde
786 2999 806 3021 in
824 3000 880 3027 ipsis
897 2999 928 3021 ‹Ji-

994 1402 1027 1430 de
1049 1402 1133 1436 lecto,
1157 1402 1247 1431 statim
1270 1411 1385 1432 recurre
1405 1404 1438 1432 ad
1460 1405 1620 1433 memoriam
1636 1405 1783 1440 Crucitixi,
1805 1409 1984 1441 ut1tem2iuexci·

994 1456 1058 1477 cum
1080 1449 1228 1486 Apostolo⁹
1250 1450 1318 1478 nihil
1339 1450 1409 1479 scias
1423 1450 1495 1479 inter
1514 1451 1639 1480 homines
1661 1452 1720 1481 ozist'
1742 1452 1837 1482 solum
1871 1438 1964 1479 {lffissf

994 1495 1088 1523 Iesum
1120 1499 1145 1524 et
1176 1495 1252 1524 stunc
1282 1497 1468 1533 crucifixum.
1501 1498 1542 1526 Ait
1570 1498 1643 1527 enim
1665 1499 1837 1528 Bernardus:

999 1554 1012 1567 α
1026 1543 1111 1571 Totus
1132 1543 1167 1571 sit
1187 1543 1265 1572 nobis
1287 1544 1361 1572 fixus
1382 1544 1410 1572 in
1431 1544 1513 1573 corde
1542 1545 1589 1582 qui
1611 1553 1662 1582 pro
1683 1546 1762 1575 nobis
1786 1547 1839 1575 suit

994 1589 1069 1618 fixus
1090 1590 1115 1617 in
1139 1597 1221 1619 cruce
1236 1602 1262 1618 ».
1287 1590 1317 1619 Et
1338 1590 1408 1619 facto
1429 1591 1478 1619 tibi
1501 1591 1578 1628 signo
1599 1593 1705 1627 crucis,
1722 1593 1789 1622 vade
1803 1593 1837 1622 ad

992 1635 1134 1664 ecclesiam
1157 1636 1317 1665 festinanter
1338 1640 1365 1665 et
1385 1645 1500 1674 asperge
1531 1640 1558 1667 te
1585 1647 1658 1676 aqua
1679 1639 1836 1674 benedicta,

993 1684 1020 1710 et
1041 1681 1197 1718 ingrediens
1217 1682 1358 1711 ecclesiam
1380 1683 1469 1712 dicas:
1491 1684 1637 1719 Introibo,
1662 1685 1790 1720 Domine,
1805 1686 1836 1715 in

992 1729 1111 1757 domum
1133 1732 1215 1758 tuam
1246 1733 1271 1757 et
1302 1730 1433 1758 adorabo
1465 1731 1505 1759 ad
1536 1731 1672 1769 templum
1699 1736 1835 1761 sanctum

992 1778 1076 1803 tuum
1097 1776 1129 1804 in
1150 1776 1252 1804 timore
1273 1780 1330 1804 tuo.
1354 1777 1482 1811 Domine,
1504 1778 1596 1806 deduc
1616 1787 1661 1807 me
1675 1779 1706 1807 z'n
1721 1779 1836 1808 iustitia

992 1825 1062 1855 ttta;
1087 1826 1207 1859 propter
1235 1823 1368 1851 inimicos
1399 1832 1475 1853 meos
1502 1825 1596 1862 diripe
1627 1825 1659 1853 in
1683 1830 1836 1862 conspectu

991 1872 1040 1897 tuo
1061 1869 1140 1897 viam
1161 1878 1255 1898 meam
1268 1870 1299 1898 ¹⁰.
1316 1870 1384 1898 Cum
1399 1874 1490 1899 autem
1510 1872 1670 1907 perveneris
1684 1872 1718 1901 ad
1732 1872 1834 1907 altare,

990 1915 1132 1944 humiliter
1153 1916 1307 1953 genuflecte
1328 1920 1355 1946 et
1376 1917 1463 1946 Deum
1484 1918 1568 1946 adora
1589 1922 1616 1947 et
1636 1919 1797 1956 lacrymare,
1812 1919 1833 1948 si

989 1965 1074 1998 potes,
1097 1965 1123 1991 et
1145 1962 1227 1991 facias
1247 1963 1415 1998 orationem,
1437 1973 1520 2001 quam
1540 1965 1674 1994 Dominus
1696 1966 1835 1995 ministra-

989 2009 1029 2037 bit
1049 2009 1097 2038 tibi
1110 2010 1147 2044 ¹¹,
1169 2012 1196 2038 et
1217 2010 1409 2039 recommendat
1430 2013 1456 2040 te
1477 2011 1528 2039 sibi
1543 2019 1606 2040 cum
1621 2012 1758 2049 profunda
1773 2021 1834 2041 cor-

986 2055 1028 2084 dis
1050 2056 1221 2091 humilitate,
1243 2060 1270 2085 et
1293 2065 1402 2094 semper
1424 2058 1461 2086 sis
1482 2058 1509 2086 in
1534 2058 1663 2093 ecclesia,
1685 2062 1833 2097 antequam

986 2102 1109 2131 officium
1132 2103 1293 2138 inchoetur,
1315 2107 1362 2138 ut,
1384 2108 1549 2142 congregato
1570 2106 1662 2134 animo
1677 2109 1726 2134 tuo
1740 2114 1833 2135 coram

987 2150 1058 2184 Deo,
1082 2150 1196 2179 liberius
1217 2151 1304 2187 possis
1325 2151 1466 2180 intendere
1486 2152 1530 2181 his
1551 2160 1622 2189 quae
1643 2152 1718 2182 dicis.

990 2340 1026 2363 bis
1042 2341 1114 2363 calida
1129 2347 1236 2370 quaeque
1249 2341 1325 2363 devita
1338 2344 1382 2363 etc.
1394 2354 1424 2356 —
1437 2341 1547 2368 Superius
1564 2348 1606 2369 pro
1624 2341 1746 2365 Abstineas
1764 2343 1781 2365 A
1791 2343 1807 2364 Β
1817 2344 1833 2365 L

990 2379 1097 2407 Abstine,
1115 2384 1137 2402 et
1154 2387 1196 2408 pro
1213 2379 1318 2402 ”lumime
1335 2380 1430 2402 BCGL
1447 2379 1533 2409 magis.

1052 2417 1061 2430 ⁰
1079 2419 1148 2446 Epist.
1169 2419 1217 2440 1¹8.
1237 2419 1301 2446 (alias
1318 2418 1364 2446 34.)
1382 2425 1403 2440 n.
1422 2419 1443 2440 6.
1461 2419 1546 2441 Textus
1562 2419 1680 2447 originalis
1692 2426 1764 2448 pauca
1782 2420 1833 2442 hine

989 2457 1042 2479 inde
1061 2457 1173 2479 interiicit.
1643 2457 1651 2471 ⁷
1670 2459 1745 2481 Mattli.
1764 2459 1790 2486 5,
1809 2460 1830 2481 6.
1877 2467 1883 2473 ·

1051 2495 1060 2508 Β
1078 2496 1132 2518 Fide
1143 2496 1184 2518 AB
1194 2495 1210 2519 C
1220 2496 1238 2518 D
1247 2497 1264 2518 G
1275 2496 1292 2517 ll
1303 2497 1318 2518 L
1330 2496 1490 2524 supplevimus
1501 2496 1574 2520 donec
1584 2503 1683 2520 somnus
1697 2499 1717 2520 te
1729 2500 1831 2528 occupet,

990 2535 1033 2556 BD
1051 2538 1126 2557 tamen
1143 2535 1222 2562 legunt
1240 2534 1298 2557 Cum
1310 2536 1390 2557 autem>
1406 2535 1430 2557 [η
1445 2535 1501 2558 lecto
1518 2535 1550 2558 sis
1567 2536 1670 2565 positus,
1688 2536 1760 2560 donec
1777 2540 1831 2565 etc.,

989 2574 1007 2595 G
1024 2575 1045 2596 et
1062 2573 1095 2596 sic
1112 2573 1136 2595 itt
1154 2573 1211 2596 tecto
1223 2573 1255 2596 sis
1270 2573 1374 2603 positus,
1391 2573 1463 2596 donec
1480 2578 1523 2596 etc.
1543 2574 1645 2598 Subinde
1659 2579 1711 2603 post
1723 2575 1831 2599 Psatmos

989 2612 1006 2634 Η
1024 2612 1089 2634 addit
1103 2611 1287 2641 poenitentiales.
1299 2612 1393 2634 1nt‘crius
1405 2619 1447 2640 pro
1459 2612 1573 2641 cogitabis
1591 2613 1628 2640 (ita
1648 2614 1664 2635 Β
1673 2613 1689 2636 C
1700 2615 1716 2636 Η
1728 2615 1752 2643 L)
1766 2615 1783 2637 G
1796 2620 1831 2637 co-

988 2650 1114 2680 yt'tat‘ert's,
1132 2651 1147 2672 F
1163 2657 1236 2680 (tuus,
1257 2651 1309 2673 edil.
1327 2651 1439 2680 uytlubis,
1460 2658 1519 2680 quae
1531 2652 1600 2674 etiam
1613 2652 1712 2675 subinde
1723 2653 1831 2676 omittunt

986 2690 1114 2719 passionis.

1051 2728 1060 2740 ¹¹
1078 2728 1146 2756 Epist.
1166 2729 1179 2750 l.
1197 2728 1247 2750 Cor.
1266 2730 1293 2755 2,
1311 2729 1333 2751 2.
1351 2741 1382 2745 —
1399 2729 1431 2750 De
1448 2729 1557 2752 sententia
1575 2730 1684 2752 Bernardi
1701 2732 1743 2753 etr.
1757 2731 1830 2753 Set-m.

988 2768 1011 2789 in
1030 2768 1084 2789 seria
1104 2767 1124 2789 4.
1142 2767 1252 2789 hebdom.
1268 2770 1371 2794 sanctae,
1390 2774 1410 2790 n.
1433 2769 1470 2794 ll;
1488 2770 1562 2790 Serm.
1580 2768 1616 2791 43.
1635 2769 1655 2791 in
1678 2769 1742 2792 Cant.
1764 2776 1785 2792 11.
1803 2770 1829 2797 5,

989 2806 1064 2828 Tract.
1081 2806 1110 2828 de
1133 2806 1224 2828 caritate
1248 2806 1314 2834 (inter
1336 2812 1405 2834 opera
1430 2807 1562 2836 Bernardi)‚
1582 2813 1601 2829 c.
1624 2808 1657 2830 19.
1674 2814 1695 2830 n.
1714 2808 1750 2829 62.
1767 2814 1828 2836 seq.;

988 2846 1060 2867 Sei-m.
1078 2845 1100 2867 in
1118 2845 1188 2867 verba
1207 2847 1260 2873 Sap.
1278 2845 1304 2871 7,
1323 2846 1360 2868 30.
1377 2846 1444 2870 (inter
1467 2852 1536 2874 opera
1562 2847 1677 2875 Bernardi)
1701 2853 1723 2869 n.
1745 2847 1771 2874 5,
1789 2846 1828 2869 ulii

987 2884 1078 2906 assidua
1097 2884 1213 2906 meditatio
1230 2884 1341 2911 passionis
1357 2884 1438 2906 Christi
1456 2885 1637 2907 commendatur.

1050 2921 1068 2934 ¹⁰
1087 2923 1166 2944 Psalm.
1177 2922 1198 2949 5,
1208 2923 1230 2944 8.
1242 2929 1288 2951 seq.
1299 2935 1328 2939 -
1339 2923 1448 2950 Superius
1461 2930 1502 2951 pro
1513 2929 1612 2953 aspcrye
1624 2925 1644 2947 te
1656 2924 1673 2946 A
1683 2924 1699 2946 Β
1711 2925 1715 2946 l
1730 2930 1827 2954 aspersu

986 2962 1020 2988 te,
1038 2961 1123 2983 omisso
1140 2960 1239 2983 subinde
1255 2962 1277 2983 et
1293 2965 1345 2984 ante
1362 2961 1504 2991 ingrediens.

1049 2999 1066 3011 ¹¹
1085 3000 1153 3028 Edu„
1171 3000 1339 3028 1=cti=agami1›us
1355 3001 1436 3028 codd„
1454 3001 1600 3025 monstrabit.
