2133 3317
128 734 220 756 Secundo,
226 739 265 752 ma-

133 760 162 777 lae
169 758 265 776 eonscien-

132 782 170 800 tiae
179 781 264 804 poenitu-

133 805 157 824 do
170 805 246 828 duplex.

146 921 173 939 De
186 921 252 944 prima,

156 946 242 968 quatuor.

138 1530 165 1549 De
178 1530 260 1549 secunda

161 1556 261 1577 tanguntur

132 2140 201 2160 Tertio,
215 2144 264 2157 amo·

144 2164 170 2181 ris
185 2163 265 2186 plenitu*

145 2186 168 2204 do
181 2187 257 2210 duplex.

140 2210 205 2233 Quoad
217 2210 262 2228 arui-

131 2238 164 2251 cos
185 2235 262 2256 tangun-

133 2258 163 2274 tur
174 2258 261 2279 quatuor.

172 2280 262 2298 Primum.

272 231 329 259 [ιίιὸ

273 308 364 345 quoad
384 316 443 336 esse
460 306 611 343 primam,
627 304 731 333 scilicet
744 302 954 336 substantiale,
969 305 996 331 et
1011 301 1050 331 sic
1064 309 1119 330 non

273 355 357 383 habet
377 353 549 382 contrarium
563 352 589 385 ¹;
619 350 756 384 secundo,
778 353 915 386 quantum
936 349 971 377 ad
991 357 1050 378 esse
1077 356 1120 377 se—

273 401 420 433 cundnm,
448 399 552 427 scilicet
579 397 707 431 morale,
735 400 763 426 et
791 396 830 425 sic
855 399 998 433 peccatum
1026 399 1068 424 est
1095 395 1120 424 ei

273 446 444 476 contrarium
466 448 494 473 et
514 444 641 481 Regulae.
665 444 697 472 Et
718 443 784 480 quia
798 443 925 472 Christus
938 442 992 471 fuit
1006 451 1057 479 pro
1071 450 1120 471 no-

272 494 315 522 bis
335 492 467 521 obediens
488 499 579 529 usqne
600 491 642 519 act
660 490 824 524 mortein2,
845 490 906 518 ideo
926 490 1004 518 Pater
1025 492 1120 518 noster

272 539 455 569 obedientiam
476 539 569 576 posuit
591 538 644 567 sub
670 540 833 574 praecepto,
863 537 929 574 quia
956 537 1059 566 metior
1080 540 1121 565 est

272 594 362 625 qaam
383 585 534 619 victimae,
556 588 584 613 et
604 585 670 621 quia
691 584 739 612 vir
760 583 892 612 obediens
920 583 1051 622 toqaitar
1078 582 1120 611 vi-

272 632 392 661 ctorias.

353 678 398 707 30.
421 677 563 711 Secundo,
585 677 613 705 in
635 677 746 705 subdito
767 676 848 705 dehet
869 684 929 705 esse
944 675 1041 704 malae
1054 684 1121 704 con-

273 725 411 754 scientiae
431 724 595 762 poenitaao.
619 724 688 752 Haec
710 723 859 760 poenitudo
880 723 985 760 duplex
1000 725 1056 752 est:
1079 723 1122 752 vel

274 772 366 809 quoad
386 775 531 809 peccatum
553 771 759 804 commissam,
787 770 830 798 vel
859 770 950 807 quoad
978 772 1122 806 peccatum

273 819 519 848 committendam.
552 818 648 854 Quoad
677 820 819 854 peccatum
846 817 1051 851 commissam,
1080 825 1122 845 se-

275 866 361 903 ptimo
389 866 529 902 capitulo:
556 876 570 890 «
593 865 618 893 Si
648 865 695 902 qui
724 865 868 898 Fratrum,
897 864 1044 901 instigante
1072 863 1122 892 ini-

274 913 346 941 mico
361 925 374 938 n
400 915 451 942 etc.
475 913 506 941 Et
527 912 614 949 tangit
634 912 672 941 ibi
694 915 838 949 peccatum
854 911 1032 940 commissum
1055 919 1124 948 qua-

273 959 452 996 drupliciter:
475 959 566 996 quoad
588 959 790 992 tentationem,
816 958 872 987 ibi:
899 969 912 983 «
928 958 954 986 Si
983 958 1031 995 qui
1059 958 1122 986 Fra-

274 1010 350 1035 trum
360 1029 367 1041 ,
383 1007 530 1043 instigante
545 1006 655 1035 inimico
670 1018 696 1034 υ.
713 1022 750 1026 —
765 1005 906 1040 Secundo,
923 1005 1014 1042 quoad
1029 1009 1124 1034 trans-

272 1054 467 1091 9ressionem,
490 1054 543 1082 ibi:
570 1064 583 1078 α
597 1053 749 1082 Mortaliter
772 1053 987 1089 peccaverint».
1004 1069 1041 1072 ——
1057 1053 1123 1081 Ter-

274 1101 328 1135 tio,
360 1101 450 1138 quoad
475 1101 590 1138 peccati
615 1100 845 1137 empressionem,
866 1100 922 1129 ibi:
957 1111 970 1125 c<
990 1100 1043 1128 Pro
1070 1099 1123 1128 illis

274 1147 409 1184 peccatis,
430 1147 464 1176 de
486 1147 588 1184 quibus
614 1147 773 1175 ordinatum
795 1146 879 1175 fuerit
900 1146 973 1175 inter
998 1147 1123 1180 Fratres,

274 1197 306 1222 ut
327 1197 493 1223 recurratur
514 1194 546 1222 ad
573 1194 645 1222 solos
673 1194 811 1222 Ministros
840 1193 1022 1230 provinciales
1037 1205 1064 1221 ».
1086 1210 1125 1214 -

276 1241 397 1277 Quarto,
413 1241 504 1278 quoad
519 1240 765 1278 satisfactionem,
779 1241 831 1269 ibi:
848 1252 861 1265 «
872 1241 1030 1269 Teneantur
1045 1247 1125 1276 prae-

275 1288 340 1317 dicti
362 1289 471 1316 Fratres
485 1288 519 1316 ad
534 1296 580 1316 eos
602 1295 764 1322 recurrere,
779 1296 862 1324 quam
879 1288 962 1316 citius
977 1290 1124 1323 poterunt,

276 1334 334 1364 sine
357 1342 435 1363 mora
450 1346 476 1363 ».
499 1334 574 1363 Unde
589 1334 691 1363 dicitur
706 1333 881 1371 Apocalypsis
896 1334 1017 1363 secundo
1028 1334 1055 1362 ³:
1070 1334 1126 1362 Me—

276 1385 380 1415 mento,
399 1382 477 1410 ande
491 1381 644 1415 excideris,
659 1384 685 1409 et
699 1389 753 1418 aye
764 1381 971 1418 poenitentiam
987 1384 1011 1409 et
1023 1381 1126 1418 prima

277 1437 368 1465 opera
389 1428 448 1465 fac.

356 1475 402 1504 31.
425 1475 564 1509 Secundo,
593 1478 634 1504 est
656 1475 744 1504 malae
773 1475 956 1504 conscientiae
977 1475 1126 1512 poenitudo

278 1522 369 1560 quoad
395 1526 549 1559 peccatam
577 1522 822 1551 committendam.
857 1522 887 1550 Et
920 1522 971 1550 hoc
1004 1522 1126 1558 tangitur

280 1569 424 1606 tripliciter
440 1569 546 1597 decimo
561 1569 682 1606 capitulo
695 1580 700 1597 :
718 1569 824 1605 primo,
846 1568 937 1606 quoad
952 1569 1127 1597 distantiam

278 1616 349 1649 toci,
378 1616 434 1644 ibi:
467 1627 481 1640 «τ
504 1616 677 1652 Ubicumque
705 1618 771 1644 sunt
798 1616 908 1644 Fratres
930 1627 957 1643 ».
984 1615 1125 1648 Secundo,

277 1663 368 1700 quoad
397 1663 576 1691 occasionem
603 1662 745 1700 periculi,
774 1662 830 1691 ibi:
857 1674 870 1687 «
886 1662 937 1699 Qui
967 1662 1070 1691 scirent
1098 1664 1125 1690 et

276 1713 490 1747 cognoscerent,
513 1718 541 1739 se
563 1718 616 1738 non
638 1718 718 1746 posse
734 1710 864 1747 Regulam
881 1709 1063 1746 spiritualiter
1078 1709 1126 1738 ob-

276 1765 390 1786 servare
410 1769 435 1785 ».
466 1757 575 1791 Tertio,
603 1757 695 1794 quoad
723 1756 960 1785 accelerationem
988 1756 1125 1791 remedii,

276 1804 333 1833 ibi:
360 1816 373 1829 «
389 1804 427 1832 Ad
448 1812 514 1833 suos
542 1804 682 1832 Ministros
709 1803 827 1832 debeant
855 1806 882 1832 et
902 1804 1008 1840 possint
1029 1811 1126 1832 recur-

276 1859 340 1880 rere
356 1863 382 1879 ».
398 1852 488 1888 Super
509 1851 579 1879 illud
602 1851 689 1880 Iacobi
701 1852 731 1879 ⁴:
750 1850 934 1887 Confitemini
947 1851 1127 1880 alterutram

275 1902 395 1935 peccata
417 1902 529 1932 vestra,
551 1898 618 1927 dicit
638 1898 745 1932 Glossa,
773 1910 786 1924 «
801 1898 875 1935 quod
896 1898 1001 1926 maiora
1020 1898 1127 1927 maiori-

276 1944 342 1979 bus,
358 1945 464 1973 minora
480 1945 634 1973 minoribus
649 1945 792 1981 pandenda
806 1947 909 1973 sunt».
932 1944 1008 1973 Unde
1024 1944 1127 1973 maiora

276 1992 377 2020 iudicia
399 1991 592 2020 referebantur
607 1992 641 2020 ad
656 1992 780 2028 Moysen,
795 1991 916 2020 minores
937 1991 1045 2019 minora
1060 1991 1127 2019 iudi-

277 2038 388 2072 cabant,
403 2039 556 2067 secundum
578 2039 653 2075 quod
674 2038 776 2067 dicitur
792 2038 879 2066 Exodi
901 2038 1007 2067 decimo
1021 2041 1126 2066 octavo.

356 2085 401 2114 3⁶2.
425 2086 533 2119 Tertio,
555 2085 636 2114 debet
657 2093 718 2114 esse
746 2085 860 2113 amoris
887 2085 1058 2121 plenitudo,-
1080 2085 1127 2113 sed

277 2132 382 2168 duplex
397 2135 439 2160 est
453 2132 574 2160 dilectio:
597 2132 686 2169 quoad
703 2133 815 2160 amicos
829 2135 856 2160 et
871 2132 962 2169 quoad
983 2132 1126 2160 inimicos.

279 2178 373 2214 Quoad
389 2178 500 2206 amicos
515 2178 646 2207 describit
661 2182 741 2207 sexto
756 2179 877 2215 capitulo
891 2178 1127 2215 quadrupliciter:

280 2225 384 2261 primo,
400 2225 490 2262 quoad
505 2224 759 2262 familiaritatem,
776 2225 829 2254 ibi.-
851 2237 864 2250 «
875 2225 1048 2261 Ubicumque
1064 2227 1129 2253 sunt

280 2275 306 2300 et
334 2280 363 2301 se
391 2272 547 2301 invenerint
574 2273 702 2306 Fratres,
728 2272 874 2300 ostendant
901 2280 930 2300 se
962 2272 1128 2300 domesticos

603 225 803 256 OPUSCULUM
823 224 901 254 XVll.
923 223 1034 253 SERMO
1055 223 1158 252 SUPER
1179 223 1333 252 REGULAM
1354 222 1509 252 FRATRUM
1530 221 1692 251 MlNORUM.

1176 301 1293 330 invicem
1315 301 1388 330 inter
1409 309 1438 330 se
1453 312 1480 329 ».
1503 317 1539 321 -
1562 300 1703 334 Secundo,
1718 299 1810 337 quoad
1824 300 2022 328 communica·
2038 308 2112 330 seem-

1177 348 1355 382 bititatem5,
1378 348 1434 376 ibi:
1461 359 1474 373 «
1489 348 1521 376 Et
1542 355 1640 376 secure
1670 347 1824 376 manifestet
1848 354 1923 375 unus
1943 347 2023 375 alteri

1177 395 1367 423 necessitatem
1391 402 1471 423 suam
1486 405 1512 422 υ.
1533 394 1571 422 Ad
1585 394 1652 431 quid
1667 393 1871 427 manifestaret,
1886 393 1937 422 nisi
1953 393 2024 423 alius

1176 441 1332 470 necessaria
1353 440 1595 470 communicaret?
1617 440 1825 469 Familiaritas
1846 440 1873 469 in
1895 440 2024 477 proximo

1177 488 1342 522 ostenditur,
1357 495 1422 516 cum
1442 487 1564 516 dicitur:
1592 498 1606 512 «
1620 487 1790 516 Domesticos
1805 497 1832 521 »ς
1854 487 2025 524 ubicumque

1177 542 1243 571 ergo
1264 534 1392 563 venerint
1412 534 1538 568 Fratres,
1560 533 1662 562 dehent
1682 534 1788 570 recipi,
1809 534 1865 562 acsi
1886 534 1914 562 in
1929 534 2025 563 eadem

1177 581 1258 610 domo
1279 581 1396 609 fuissent
1418 580 1526 609 nutriti.
1543 596 1579 601 -—
1594 580 1703 615 Tertio,
1725 580 1816 617 quoad
1828 581 2024 617 pronitatem,
2043 588 2116 609 'renium

1178 628 1214 656 ibi
1227 638 1233 656 :
1261 639 1274 653 α
1289 628 1392 664 Quodsi
1413 630 1502 656 mater
1516 627 1605 664 diligit
1619 630 1646 656 et
1660 627 1750 656 nutrit
1764 627 1853 656 filium
1868 635 1951 656 suum
1966 636 2026 656 car-

1178 675 1284 708 nalem,
1306 677 1411 712 quanto
1431 674 1591 711 diligentius
1611 674 1692 703 debet
1713 674 1776 711 quis
1797 674 1911 711 diligere
1925 686 1938 700 »
1958 677 2026 710 etc.,

1178 722 1257 759 quasi
1272 721 1389 750 diceret:
1405 721 1427 750 si
1443 721 1489 749 illa
1503 721 1624 750 efficitur
1644 729 1733 758 prona
1747 721 1854 750 ratione
1869 724 1985 750 naturae
1999 722 2027 750 in

1178 769 1325 797 dilectione
1346 768 1465 803 carnali,
1488 770 1518 796 tu
1540 768 1623 797 debes
1642 776 1701 797 esse
1716 768 1829 805 pronior
1844 769 1950 798 ratione
1964 777 2027 806 gra-

1180 816 1233 844 tiae
1254 816 1281 844 in
1303 815 1448 844 dilectione
1470 815 1617 852 spirituali.
1633 832 1671 836 -
1686 815 1806 852 Quarto,
1834 815 1926 852 quoad
1948 814 2027 853 infa-
2043 823 2118 847 Quarta„

1180 862 1399 900 tiyabititatem,
1421 862 1473 891 ibi:
1501 873 1514 887 «
1530 862 1561 890 Et
1582 862 1604 891 si
1626 862 1689 899 quis
1710 870 1808 891 eorum
1833 863 1858 891 in
1881 863 2027 891 infirmita-

1180 913 1235 939 tem
1264 910 1410 944 ceciderit,
1438 910 1483 938 alii
1510 910 1619 938 Fratres
1635 922 1647 934 υ
1672 912 1724 938 etc.
1747 909 1808 938 ldeo
1829 910 1896 939 dicit
1915 911 2028 947 Aposto-

1181 957 1266 986 lusss:
1297 957 1416 985 Caritas
1443 956 1645 994 fraternitatis
1672 960 1792 985 maneat
1819 956 1850 985 in
1877 956 1957 985 vobis
1964 967 1974 990 ;
2002 959 2029 986 et

1182 1005 1298 1033 Petrus:
1321 1004 1550 1033 Sabministrate
1571 1004 1602 1032 in
1622 1003 1679 1040 fide
1699 1004 1835 1032 virtutem
1847 1014 1857 1037 ,·
1885 1004 2028 1041 sequitur:

1182 1052 1216 1080 In
1235 1051 1379 1089 patientia
1400 1050 1601 1089 fraternitatis
1622 1059 1762 1079 amorem.
1785 1051 1863 1079 Haec
1884 1051 1975 1085 eni-in,
2003 1051 2031 1080 si

1181 1098 1330 1127 vobiscum
1351 1098 1466 1132 adsint,
1487 1107 1547 1127 non
1568 1098 1740 1127 constituent
1760 1106 1810 1126 vos
1834 1098 1897 1126 sine
1917 1097 2029 1135 fracta
2122 1101 2125 1138 [¹

1261 1145 1307 1174 33.
1332 1145 1509 1174 Dilectionem
1531 1145 1622 1182 quoad
1644 1145 1780 1174 inimicos
1808 1145 1895 1182 tangit
1923 1145 2029 1174 decimo
2042 1148 2133 1179 Quoadnli

1182 1192 1321 1229 capitulo:
1348 1203 1361 1216 «
1376 1192 1486 1221 Fratres
1509 1192 1611 1221 debent
1624 1192 1738 1229 diligere
1762 1200 1809 1221 eos
1827 1192 1874 1229 qui
1897 1200 1947 1221 nos
1967 1200 2031 1230 per·
2086 1180 2126 1205 ⁰⁰⁸*

1182 1242 1341 1276 sequuntur
1357 1250 1384 1272 »,
1406 1239 1510 1267 scilicet
1534 1239 1612 1273 odio,
1638 1250 1652 1264 α
1668 1239 1920 1276 reprehendunt»,
1942 1239 2030 1268 consi-

1183 1286 1228 1320 lio,
1246 1298 1259 1311 «
1273 1289 1397 1322 arguunt
1412 1298 1438 1320 »‚
1460 1286 1554 1315 verbo.
1582 1298 1596 1311 «
1610 1286 1681 1322 Quia
1701 1286 1767 1315 dicit
1788 1286 1923 1315 Dominus
1935 1287 1960 1315 ⁷:
1982 1286 2031 1315 Di-

1183 1333 1261 1371 tiyite
1289 1333 1424 1361 inimicos
1452 1337 1562 1361 vestros
1589 1336 1614 1361 et
1641 1337 1722 1361 orate
1751 1342 1807 1370 pro
1836 1333 2031 1371 persequenti-

1184 1380 1238 1409 bus
1253 1392 1266 1406 n
1291 1384 1342 1409 etc.
1372 1381 1451 1409 Tales
1478 1380 1551 1409 enim
1580 1380 1716 1409 fabricant
1740 1383 1862 1409 nostram
1884 1388 2030 1415 coronam,

1184 1427 1337 1456 secundum
1361 1428 1446 1456 illud:
1477 1428 1578 1464 Supra
1605 1427 1727 1456 dorsum
1752 1436 1849 1455 meam
1869 1426 2032 1464 fabricave-

1184 1479 1256 1503 rant
1274 1479 1448 1511 peccatores.
1472 1475 1518 1503 Hic
1538 1477 1647 1511 oportet
1669 1474 1745 1503 tundi
1776 1477 1804 1503 et
1831 1474 1934 1508 dolari,
1963 1474 2029 1511 quia

1183 1521 1306 1550 matteas
1327 1526 1351 1549 et
1372 1522 1485 1550 securis
1506 1526 1532 1550 et
1553 1530 1635 1550 omne
1655 1520 1871 1559 ferramentum
1891 1530 1949 1550 non
1977 1530 2032 1550 aa·

1183 1569 1280 1597 dietm-
1295 1569 1326 1596 in
1341 1569 1425 1597 (tomo
1443 1569 1568 1597 Domini.
1586 1569 1646 1597 ldeo
1661 1568 1730 1597 bene
1745 1569 1872 1605 sequitur
1884 1568 1911 1596 ⁸:
1929 1569 2028 1602 Beati,

1184 1615 1236 1653 qai
1253 1616 1482 1652 persecutionem
1500 1616 1660 1652 patiantur
1678 1619 1798 1653 propter
1819 1615 1974 1644 iustitiam.

1264 1663 1310 1691 34.
1333 1664 1454 1699 Quarto,
1469 1663 1551 1691 debet
1565 1670 1625 1691 esse
1638 1663 1777 1691 scandali
1789 1662 1962 1691 sollicitudo.
1979 1662 2031 1692 Sed
2061 1668 2133 1709 ἓῗίτιέἆι

1183 1709 1290 1747 duplex
1311 1713 1353 1739 est
1373 1710 1550 1744 scandalum,
1576 1710 1679 1739 scilicet
1706 1710 1797 1747 quoad
1825 1710 2030 1738 contentionem
2048 1714 2130 1742 ⁵01¹icit1,

1184 1760 1211 1786 et
1243 1757 1333 1794 quoad
1365 1757 1574 1795 cognationem.
1607 1757 1703 1793 Quoad
1734 1757 1934 1794 cognationem
1966 1756 2031 1786 facit
2048 1760 2076 1779 De
2084 1750 2130 1803 fflf

1184 1804 1252 1832 duo:
1270 1804 1371 1841 primo,
1392 1803 1524 1841 prohibet
1544 1804 1743 1841 cognationem
1757 1803 1957 1840 spirituatem,
1979 1812 2032 1832 un-

1184 1850 1291 1879 decimo
1313 1851 1452 1887 capitulo:
1481 1861 1493 1876 <1
1508 1851 1562 1879 Nec
1583 1850 1650 1879 fiant
1672 1853 1827 1887 compatres
1848 1850 1973 1878 virorum
1988 1851 2033 1879 vel

1185 1898 1335 1926 mulierum
1351 1910 1377 1926 n.
1400 1898 1542 1931 Secundo,
1563 1897 1662 1926 subdit
1682 1905 1806 1925 cansam
1828 1900 1854 1926 et
1873 1897 2031 1931 rationem,

1185 1944 1241 1973 ibi:
1269 1945 1334 1973 «Ne
1356 1945 1407 1973 hac
1428 1944 1570 1973 occasione
1592 1944 1663 1973 inter
1684 1944 1794 1973 Fratres
1817 1944 1859 1973 vel
1883 1943 1917 1973 de
1931 1944 2033 1972 Fratri-

1186 1992 1238 2021 bus
1259 1992 1419 2020 scandalum
1440 1992 1548 2020 oriatur
1563 2004 1590 2026 »,
1612 1992 1677 2028 quia
1702 2000 1755 2020 vae
1782 1991 1842 2025 illi,
1867 2000 1922 2028 per
1948 2000 2032 2029 quem

1184 2038 1361 2067 scandalam
1376 2039 1451 2067 venit
1462 2038 1490 2066 ⁹!
1502 2055 1541 2059 —
1555 2038 1650 2075 Quoad
1665 2038 1871 2066 contentionem
1886 2037 1950 2066 facit
1963 2038 2031 2072 duo,
2050 2041 2123 2089 gggsitgc:

1186 2086 1268 2114 tertio
1289 2085 1422 2122 capitulo:
1445 2086 1551 2122 primo,
1569 2086 1652 2122 ponit
1665 2094 1754 2113 saam
1775 2084 2031 2122 informationem,

1186 2132 1242 2159 ibi:
1270 2132 1393 2160 «Moneo
1424 2135 1451 2160 et
1471 2132 1607 2160 exhortor
1635 2132 1736 2160 fratres
1764 2139 1840 2160 meos
1866 2132 1893 2160 in
1915 2132 2032 2160 Domino

1186 2178 1246 2206 lesu
1268 2178 1378 2206 Christo
1392 2190 1419 2206 ».
1442 2178 1583 2212 Secundo,
1599 2178 1675 2215 ponit
1690 2177 1902 2206 exhortationis
1916 2187 2033 2215 expres-

1186 2224 1309 2258 sionem,
1332 2224 1383 2252 ibi:
1411 2236 1424 2249 «
1438 2225 1553 2261 Quando
1577 2224 1679 2253 vadunt
1694 2232 1743 2261 per
1760 2224 1909 2259 mundum,
1930 2233 1985 2253 non
2000 2225 2033 2253 li-

1186 2272 1273 2308 tigent
1287 2280 1377 2309 neque
1392 2272 1558 2301 contendant
1574 2272 1666 2300 verbis
1678 2284 1704 2306 »,
1720 2272 1786 2309 quia
1801 2272 1832 2300 in
1843 2281 1917 2309 paee
1931 2271 2032 2309 factas

340 2396 348 2409 ¹
367 2397 425 2426 Quia
443 2401 477 2420 est
493 2398 617 2425 spiritualis
634 2400 656 2420 et
673 2398 862 2426 incorruptibilis.
878 2398 924 2421 Csr.
941 2399 1049 2425 Aristot.,
1066 2399 1080 2420 l.
1098 2398 1128 2421 de

277 2436 370 2465 Anima,
388 2440 440 2459 text.
458 2437 496 2459 35.
515 2437 544 2465 (c.
562 2438 584 2459 2.
602 2437 623 2459 in
641 2437 709 2464 siue),
728 2437 766 2459 ubi
784 2438 848 2459 affert
869 2438 1001 2465 opinionem
1023 2438 1127 2465 illorum,

277 2476 406 2498 secuudum
424 2482 483 2504 quos
501 2476 575 2498 anima
595 2477 630 2498 vel
647 2483 674 2498 ex
692 2477 813 2499 contrariis
829 2477 987 2503 constituitur,
1001 2477 1037 2498 vel
1055 2483 1127 2499 uuum

277 2515 456 2543 contrariorum,
475 2522 497 2537 v.
514 2522 536 2543 g.
553 2516 653 2538 calidum
667 2519 723 2542 etc.,
735 2522 786 2538 esse
797 2516 891 2542 dicitur,
906 2522 977 2544 quam
993 2516 1126 2543 opinionem

277 2553 334 2576 ibid.
346 2554 368 2576 iu
387 2560 452 2583 seqq.
469 2555 559 2576 refutat.
577 2554 639 2576 Libr.
652 2555 666 2576 l.
679 2555 751 2577 Etliic.
768 2561 787 2577 c.
805 2555 838 2576 13.
851 2555 900 2582 ipse
917 2555 1018 2583 loquitur
1035 2555 1064 2577 de
1081 2560 1127 2577 nio-

277 2592 327 2615 rali
336 2594 508 2620 contrarietate,
526 2600 587 2622 quae
600 2594 621 2616 iu
634 2594 709 2616 anima
723 2594 844 2622 reperitur,
857 2598 970 2623 quatenus
985 2595 1070 2617 scilicet
1082 2601 1126 2616 una

277 2638 331 2660 pars
348 2633 450 2659 animae,
469 2639 554 2660 nempe
572 2633 700 2660 rationalis,
718 2633 812 2655 rationis
825 2636 947 2661 praecepta
959 2633 1079 2661 proponit,
1095 2634 1127 2655 al-

277 2674 324 2694 tera
343 2678 398 2694 vero
417 2678 483 2700 pars,
510 2675 589 2700 utpote
607 2672 807 2700 concupiscibilis,
825 2673 874 2700 ipsa
893 2673 1014 2700 impugnat
1034 2672 1126 2695 resistit-

278 2718 323 2740 que
340 2711 430 2733 rationi.
448 2711 492 2733 Csr.
511 2718 581 2739 supra
600 2718 654 2739 pag.
672 2711 729 2739 445,
751 2715 804 2734 uota
822 2713 841 2733 2.
861 2714 883 2734 et
899 2712 1002 2738 Bonav„
1022 2712 1046 2734 ll.
1064 2712 1126 2734 Sent-

278 2751 300 2773 d.
318 2750 355 2772 35.
375 2757 415 2777 per
433 2754 512 2773 totam.

340 2789 349 2802 2
366 2790 422 2811 Phil.
440 2791 466 2818 2,
485 2791 507 2812 8.
523 2802 555 2806 —
573 2791 622 2812 Duo
639 2796 704 2818 seqq.
728 2790 771 2813 loci
793 2793 846 2812 sunt
864 2791 877 2812 l.
896 2791 952 2818 Reg.
981 2791 1019 2818 15,
1043 2791 1080 2812 2-2.
1104 2793 1126 2813 et

279 2829 345 2851 Prov.
363 2829 400 2856 21,
418 2829 463 2851 28:
482 2829 522 2851 Vir
540 2829 651 2851 obediens
669 2830 776 2858 loquetur
793 2830 923 2852 victoriam.

341 2867 349 2880 ³
368 2868 433 2890 Vers.
452 2868 480 2890 5:
499 2869 585 2891 Memor
602 2872 651 2891 esto
669 2869 754 2897 itaque,
773 2869 834 2891 unde
852 2872 893 2891 etc.

340 2906 349 2918 “¹
367 2906 422 2935 Cap.
440 2908 467 2934 5,
488 2908 522 2930 l6.
539 2908 617 2930 Glossa
635 2911 670 2930 est
687 2907 847 2931 interlinearis
865 2908 928 2936 apud
942 2909 1072 2936 Lyranum,
1084 2908 1125 2931 ubi

279 2946 328 2973 ipsa
346 2945 424 2968 xerbis
442 2947 517 2969 Bedae
534 2947 565 2975 (in
579 2948 639 2969 nunc
651 2948 738 2976 locum)
756 2947 884 2969 exhibetur.
896 2947 941 2970 Csr.
954 2948 1056 2974 Bonav.,
1068 2951 1123 2970 tom.

279 2985 314 3006 IV.
333 2991 386 3012 pag.
405 2985 462 3011 450,
480 2989 531 3007 nota
551 2986 571 3007 5
589 2998 621 3002 —
638 2985 741 3008 Subinde
758 2987 870 3014 allegatur
882 2987 951 3009 Exod.
970 2987 1008 3014 18,
1022 2987 1060 3009 26.
1081 2986 1124 3015 Qui

279 3022 410 3053 [princeps,
428 3023 512 3046 tribuni
531 3027 587 3051 etc.,
604 3031 663 3053 quos
680 3026 771 3053 Moyses
787 3032 814 3048 ex
832 3026 926 3048 consilio
951 3026 1025 3048 letbro
1043 3026 1124 3048 consti-

1185 2398 1235 2428 tuit]
1254 2398 1386 2421 iudicabaut
1403 2398 1495 2427 plebem
1513 2398 1575 2420 omni
1589 2401 1705 2426 tempore,
1717 2398 1832 2426 quidquid
1846 2400 1922 2420 autem
1935 2397 2031 2425 gravius

1184 2442 1233 2460 erat
1250 2438 1379 2461 referebant
1396 2439 1423 2461 ad
1442 2444 1508 2466 eum,
1527 2438 1626 2460 faciliora
1644 2437 1804 2460 tantummodo
1816 2437 1953 2459 iudicantes.
1971 2436 2030 2459 Vide

1185 2477 1240 2500 ibid.
1257 2484 1278 2499 v.
1298 2478 1334 2499 rll.
1352 2477 1399 2500 Ct'r.
1417 2484 1487 2505 supra
1512 2483 1565 2505 pag.
1584 2477 1642 2504 375,
1661 2480 1712 2499 nota
1731 2477 1754 2498 7.

1247 2516 1256 2528 ⁵
1274 2518 1307 2539 Du
1325 2517 1414 2544 Gange,
1432 2517 1572 2539 Glossarium
1595 2520 1653 2539 eta:
1681 2516 1900 2545 Conzmanicabitis,
1927 2524 2030 2542 commu-

1184 2557 1231 2583 nis,
1248 2556 1376 2582 sociabilis,
1394 2559 1495 2584 apertus.

1246 2594 1256 2607 θ
1273 2595 1342 2617 Ilebr.
1362 2596 1403 2622 13,
1425 2596 1442 2621 l,
1461 2598 1512 2623 post
1528 2600 1598 2623 quem
1617 2595 1641 2616 ll.
1660 2595 1719 2616 Petr.
1741 2595 1757 2621 l,
1770 2595 1793 2617 5.
1807 2597 1829 2617 et
1846 2595 1868 2617 7.
1885 2602 1949 2624 seq.:
1968 2597 2029 2619 Mini-

1183 2637 1253 2657 strate
1270 2635 1293 2656 in
1311 2634 1356 2657 fide
1375 2638 1450 2656 vestra
1475 2634 1607 2656 virtutem...
1625 2634 1649 2655 ln
1666 2634 1750 2661 pietate
1767 2637 1843 2656 autem
1861 2641 1965 2657 amorem
1985 2637 2030 2658 sra-

1183 2674 1306 2700 ternitatis,
1325 2674 1346 2695 in
1365 2680 1443 2695 amore
1461 2676 1537 2695 autem
1556 2673 1699 2695 fraternitatis
1716 2674 1841 2695 caritatem.
1859 2674 1919 2696 Haec
1936 2675 1996 2696 enim
2009 2675 2029 2697 si

1182 2712 1304 2735 vobiscum
1322 2713 1398 2735 adsint
1414 2715 1436 2734 et
1453 2714 1574 2740 superent,
1592 2718 1637 2734 nou
1655 2718 1742 2734 vacuos
1759 2718 1801 2734 nec
1817 2713 1867 2735 sine
1888 2714 1961 2736 fructu
1985 2720 2029 2737 vos

1182 2752 1321 2774 constituent
1338 2752 1360 2774 iu
1379 2752 1468 2774 Domini
1486 2752 1557 2773 nostri
1575 2752 1623 2773 lesu
1641 2750 1725 2774 Christi
1742 2751 1881 2779 cognitione.

1246 2790 1254 2803 '⁴'
1272 2791 1348 2813 Matth.
1366 2791 1391 2819 5,
1411 2790 1447 2813 tt.
1465 2803 1495 2807 ——
1514 2791 1562 2813 Duo
1579 2796 1644 2819 seqq.
1662 2791 1703 2813 loci
1722 2794 1775 2813 sunt
1792 2791 1826 2813 Ps.
1846 2791 1903 2819 128,
1921 2792 1943 2814 3.
1960 2794 1982 2814 et
1995 2793 2027 2814 lll.

1182 2830 1239 2857 neg.
1257 2831 1283 2857 6,
1300 2830 1328 2857 7,
1346 2830 1385 2852 ubi
1403 2831 1426 2852 in
1444 2830 1488 2852 fine
1506 2830 1604 2858 Vulgata
1616 2836 1664 2852 non
1675 2832 1732 2853 saut
1747 2830 1830 2853 audita
1842 2830 1865 2853 in
1878 2830 1960 2859 domo,
1973 2837 2028 2854 cum

1181 2869 1355 2899 aedificaretur.
1368 2870 1477 2897 August„
1494 2870 1566 2891 Serm.
1580 2869 1632 2891 315.
1646 2868 1710 2897 (alias
1722 2869 1758 2891 93.
1771 2869 1801 2891 de
1818 2869 1925 2898 Diversis)
1940 2876 1960 2892 c..
1972 2870 1994 2892 6.
2005 2876 2028 2892 n.

1181 2908 1207 2930 9:
1217 2908 1296 2929 Talem
1310 2914 1370 2935 pone
1380 2907 1421 2930 tibi
1434 2907 1563 2934 inimicum,
1573 2908 1612 2936 qui
1624 2908 1711 2930 saeviat
1724 2914 1797 2936 usque
1809 2908 1839 2930 ad
1849 2911 1955 2930 mortem.
1967 2908 2026 2936 Quid

1182 2948 1285 2969 facturus
1297 2948 1349 2969 est?
1367 2947 1434 2975 Quod
1447 2947 1522 2969 ludaei
1536 2947 1665 2974 Stephano:
1683 2946 1725 2969 sibi
1744 2953 1855 2975 poenam,
1867 2947 1895 2969 illi
1909 2953 2027 2969 coronam.

1243 2984 1252 2997 Β
1269 2986 1291 3008 ln
1309 2986 1391 3008 eodem
1409 2992 1428 3007 e.
1448 2987 1484 3008 io.
1501 2986 1603 3013 Regulae
1620 2989 1722 3008 sumtum
1741 2992 1767 3008 ex
1784 2987 1860 3008 Mattli.
1878 2987 1905 3013 5,
1927 2987 1960 3008 10.

1243 3023 1253 3037 ⁹
1270 3025 1346 3047 Matth.
1369 3027 1406 3053 ts,
1423 3025 1454 3052 73
1472 3026 1512 3047 cfr.
1530 3026 1584 3047 Luc.
1603 3025 1643 3053 47,
1666 3026 1683 3047 l.
