2133 3317
158 640 213 658 Adiit
225 640 259 658 Pa-

185 669 234 687 paru.

157 1815 215 1834 nevm
220 1815 264 1834 titur

160 1839 180 1858 iu
193 1839 259 1858 vallem

144 1863 271 1887 Spoletanam.

286 227 341 255 568

285 304 408 338 vivendi,
429 312 513 341 quam
535 306 562 332 et
584 303 660 332 brevi
683 310 811 331 sermone
832 302 1050 339 conscripserat,
1069 310 1135 339 sup-

285 351 394 388 pliciter
409 354 435 379 et
450 351 584 379 instanter
609 353 774 387 exposceret
796 349 919 378 eiusdem
935 349 1135 378 sacratissimae

286 398 361 427 Sedis
383 397 547 426 auctoritate
568 397 692 434 plenaria
713 396 881 425 confirmari.

580 491 673 519 Lectio
694 494 805 528 quarta
820 491 838 518 ¹.

365 586 532 622 Properante
553 585 647 622 itaque
668 585 727 621 ipso
749 592 813 612 cum
836 584 916 613 sociis
938 584 1018 613 iuxta
1036 592 1135 621 propo-

285 632 369 661 situm
397 640 559 669 comparere
588 632 746 668 conspectui
775 631 880 660 Summi
910 631 1063 665 Pontificis,
1088 631 1136 660 do-

283 679 350 707 mini
373 679 476 708 scilicet
498 679 645 707 Innocentii
669 678 759 712 tertii,
792 679 934 715 praevenit
955 686 1019 707 eum
1042 678 1136 716 digna-

286 727 358 755 tione
374 727 534 755 clementiae
546 726 593 754 Dei
610 726 700 754 virtus
715 728 741 754 et
756 726 889 762 sapientia
910 726 1038 755 Christus
1053 734 1135 754 suum

286 782 335 810 per
356 773 489 802 visionem
513 773 782 802 commonefaciendo
804 773 962 807 Vicarium,
985 777 1016 802 ut
1031 773 1135 810 suppli-

285 821 355 849 canti
380 820 550 857 pauperculo
572 823 598 848 et
620 820 759 857 placidum
774 820 852 849 daret
874 820 998 849 auditum
1015 824 1042 849 et
1063 820 1136 849 beni-

285 876 370 904 gnum
394 867 539 904 praeberet
561 875 714 896 assensum.
738 867 810 896 Vidit
832 875 953 904 namque
974 868 1001 896 in
1033 867 1136 896 somnis

285 914 410 943 Pontifex
423 914 481 951 ipse
494 915 641 948 Romanus,
654 915 865 943 Lateranensem
883 915 1023 943 basilicam
1039 915 1136 943 ruinae

285 962 344 990 fore
366 962 419 990 iam
443 961 616 998 proximam,
651 970 734 998 quani
760 962 872 998 quidam
905 962 989 990 homo
1017 970 1136 998 pauper-

286 1009 382 1043 culus,
399 1009 523 1037 modicus
537 1012 563 1037 et
578 1009 741 1045 despectus,
758 1009 870 1045 proprio
885 1009 968 1037 dorso
983 1009 1135 1042 submisso,

285 1064 320 1085 ne
342 1056 467 1090 caderet,
489 1056 671 1085 sustentabat.
695 1056 762 1084 Cum
786 1057 871 1093 igitur
900 1057 925 1084 in
956 1056 1059 1085 famulo
1088 1057 1135 1085 Dei

285 1104 343 1133 suis
358 1106 534 1140 comparente
549 1103 742 1140 conspectibus
754 1104 764 1120 2
780 1104 889 1140 sapiens
900 1104 1135 1140 contemplaretur

285 1151 399 1179 antistes
410 1151 542 1187 simplicis
556 1151 639 1179 animi
656 1151 815 1187 puritatem,
828 1151 923 1179 mundi
936 1153 1135 1187 contemptum,

285 1197 456 1234 paupertatis
477 1205 616 1231 amorem,
639 1197 771 1234 propositi
794 1197 907 1234 perfecti
936 1198 1134 1231 constantiam,

285 1244 440 1273 animarum
463 1244 553 1273 zelum
575 1244 750 1281 ignitumque
772 1244 922 1273 voluntat1s
944 1248 1054 1273 sanctae
1082 1244 1136 1273 fer—

285 1299 396 1325 vorem;
423 1303 436 1315 «
448 1299 529 1325 vere,
558 1291 664 1328 inquit,
688 1291 732 1319 hic
753 1295 795 1320 est
825 1291 887 1325 ille,
917 1291 963 1328 qui
993 1299 1077 1328 opere
1105 1300 1136 1320 ac

285 1338 411 1367 doctrina
431 1338 532 1367 Christi
555 1338 722 1367 sustentabit
744 1338 890 1367 Ecclesiam
907 1350 933 1366 ».
966 1339 1082 1367 Proinde
1103 1339 1136 1367 ad

285 1386 375 1422 ipsum
399 1386 576 1422 praecipuam
591 1393 628 1414 ex
650 1389 716 1414 tunc
741 1385 913 1414 devotionem
930 1386 1087 1422 concipiens
1105 1394 1136 1415 ac

285 1432 410 1469 petitioni
433 1432 493 1461 eius
515 1440 570 1469 per·
585 1432 677 1460 onmia
692 1440 721 1461 se
736 1432 886 1466 inclinans,
909 1432 1073 1469 approbavit
1088 1433 1136 1462 Re-

285 1480 394 1517 gulam,
416 1480 490 1508 dedit
511 1480 544 1508 de
565 1480 733 1516 poenitentia
754 1480 937 1516 praedicanda
960 1480 1135 1514 mandatum,

286 1527 423 1564 postulata
445 1530 512 1556 tunc
533 1530 633 1555 cuncta
661 1527 796 1555 concessit
817 1535 848 1555 ac
870 1527 952 1563 plura
974 1535 1002 1556 se
1024 1535 1135 1556 conces-

285 1582 383 1603 surum
407 1575 433 1602 in
456 1577 598 1611 posterum
621 1574 773 1603 liberaliter
795 1575 963 1611 repromisit.

582 1669 674 1697 Lectio
695 1669 799 1706 quinta
814 1669 833 1697 ³.

364 1763 462 1791 Fretus
482 1762 584 1791 exinde
604 1762 694 1799 gratia
722 1770 844 1799 superna
872 1763 1035 1792 Franciscus
1057 1763 1134 1791 Sum-

286 1810 379 1847 mique
398 1810 563 1838 auctoritate
579 1809 725 1843 Pontificis,
741 1817 803 1838 cum
819 1809 921 1838 fiducia
935 1810 1023 1839 multa
1037 1818 1135 1839 versus

285 1857 384 1885 vallem
403 1856 575 1893 spoletanam
592 1856 644 1884 iter
658 1855 793 1892 arripuit,
816 1859 847 1885 ut
862 1856 1037 1893 perfectionis
1052 1864 1134 1885 evan-

284 1904 386 1940 gelicae
408 1903 569 1937 veritatem,
591 1911 674 1940 quam
697 1905 788 1932 mente
810 1907 973 1940 conceperat
988 1906 1015 1933 et
1030 1904 1134 1941 profes-

284 1950 360 1979 sione
391 1950 556 1984 devoverat,
588 1950 659 1978 sacto
690 1950 838 1987 perficeret
858 1953 885 1979 et
907 1951 992 1979 verbo
1013 1951 1133 1980 doceret.

284 1997 355 2026 Mota
370 2005 482 2035 quoque
497 2005 560 2026 cum
573 1997 654 2026 sociis
668 1997 830 2034 quaestione
844 1997 1021 2032 huiusmodi,
1037 2001 1133 2026 utrum

285 2044 357 2073 inter
372 2045 499 2073 homines
514 2044 689 2078 conversari,
704 2052 738 2072 an
760 2044 793 2073 ad
809 2044 868 2073 loca
882 2045 1005 2073 solitaria
1026 2053 1054 2074 se
1070 2053 1134 2074 con-

285 2090 358 2120 ferre
382 2092 515 2120 deberent
530 2093 550 2125 4,
572 2099 635 2120 cum
658 2099 707 2128 per
729 2091 862 2120 orationis
884 2091 1041 2120 instantiam
1064 2092 1133 2121 divi-

285 2147 352 2168 num
383 2147 467 2175 super
490 2139 541 2167 boc
563 2138 765 2175 beneplacitum
788 2138 966 2175 requisisset,
995 2147 1133 2175 supernae

285 2185 461 2215 revelationis
483 2185 639 2213 illustratus
659 2185 788 2219 oraculo,
810 2185 948 2213 intellexit
969 2193 998 2213 se
1018 2185 1051 2213 ad
1081 2186 1133 2213 hoc

287 2234 401 2262 missum
417 2241 432 2261 a
452 2232 577 2265 Domino,
590 2235 621 2260 ut
635 2232 745 2260 Christo
760 2232 919 2260 lucraretur
934 2232 1048 2266 animas,
1064 2240 1133 2269 quas

285 2280 411 2309 diabolus
432 2282 581 2308 conaretur
603 2278 725 2312 auferre,
746 2278 862 2315 ideoque
890 2279 977 2315 magis
1004 2279 1133 2307 omnibus

285 2335 368 2364 quam
390 2327 441 2355 sibi
464 2326 512 2355 soli
535 2326 629 2354 vivere
650 2326 875 2363 praeeligendum
898 2333 957 2355 esse
972 2326 1132 2360 decernens,

285 2374 425 2411 recollegit
447 2381 475 2402 se
497 2373 524 2402 in
546 2373 664 2410 quodam
689 2373 801 2410 tugurio
822 2373 953 2401 derelicto
985 2380 1065 2401 secus
1087 2373 1133 2401 As—

285 2422 394 2455 sisium,
417 2424 448 2449 ut
470 2421 507 2449 ibi
529 2420 681 2449 secundum
696 2423 806 2449 sanctae
821 2420 992 2457 paupertatis
1007 2428 1132 2449 normam

285 2469 312 2497 in
334 2468 407 2496 omni
430 2468 576 2504 Religionis
596 2467 767 2496 districtione
788 2475 851 2496 cum
867 2467 1009 2496 Fratribus
1028 2467 1134 2496 viveret

285 2519 311 2544 et
333 2515 450 2544 verbum
473 2515 520 2543 Dei
543 2522 593 2551 pro
616 2515 674 2543 loco
695 2517 722 2543 et
743 2518 868 2551 tempore
890 2515 1000 2551 populis
1026 2514 1133 2551 praedi-

285 2567 368 2591 caret.
390 2563 488 2591 Factus
509 2562 594 2599 igitur
615 2562 790 2598 evangelicus
812 2569 919 2598 praeco,
941 2561 1065 2590 civitates
1080 2561 1133 2590 cir-

285 2609 379 2638 cuibat
400 2612 427 2638 et
448 2612 554 2643 castra,
577 2617 631 2637 non
653 2609 786 2637 indoctis
809 2607 957 2637 humanae
971 2608 1134 2645 sapientiae

285 2655 396 2690 verbis,
412 2656 462 2684 sed
477 2656 508 2684 z'iz
522 2656 628 2684 virtute
647 2655 778 2692 Spiritus
792 2655 803 2672 ⁵
825 2655 993 2683 annuntians
1015 2662 1133 2691 regnum

693 224 891 253 OPUSCULUM
912 224 1002 253 XXIV.
1025 223 1176 253 LEGENDA
1198 223 1302 253 MINOR
1324 224 1437 253 SANCTI
1460 224 1633 253 FRANCISCl.

1191 302 1256 337 Dei,
1279 303 1394 331 Domino
1408 303 1544 340 dirigente
1559 303 1717 340 loquentem
1732 303 1947 332 revelationibus
1961 311 2040 340 prae-

1191 349 1243 378 viis
1264 353 1291 378 et
1312 358 1473 378 Sermonem
1496 349 1687 385 confirmante
1707 350 1890 388 sequentibus
1910 350 2012 387 siquis.

1503 444 1593 472 Lectio
1614 447 1697 472 sexta
1711 444 1731 472 θ.

1271 536 1339 565 Cum
1361 537 1435 565 enim
1451 537 1460 552 ⁷
1483 538 1580 571 semel,
1603 540 1634 565 ut
1655 537 1706 566 sibi
1730 537 1814 566 moris
1833 541 1908 571 erat,
1924 538 2040 575 pervigil
2053 545 2133 574 eappa-ra„

1193 584 1219 612 in
1236 584 1359 612 oratione
1375 584 1550 620 persisteret,
1567 584 1748 620 corporaliter
1763 584 1923 613 absentatus
1937 593 1953 613 a
1968 584 2040 619 filiis,
2085 570 2122 591 Μ’

1193 630 1267 659 circa
1288 630 1405 659 mediam
1427 631 1515 659 noctis
1536 631 1643 665 horam,
1665 631 1832 668 quibusdam
1854 640 1869 659 e
1897 632 2040 661 Fratribus

1193 678 1415 714 quiescentibus,
1437 678 1603 714 quibusdam
1625 678 1785 711 orantibus,
1815 686 1917 707 currus
1945 678 2042 715 igneus

1194 724 1256 752 miri
1280 725 1446 761 splendoris,
1470 732 1554 761 super
1575 733 1657 762 quem
1680 725 1818 754 residebat
1843 729 1869 753 et
1887 726 1986 762 globus
2007 726 2041 755 ad

1194 771 1305 799 modum
1329 772 1427 800 solaris
1455 774 1584 808 aspectus
1612 772 1805 808 praelucidus,
1836 780 1884 808 per
1911 772 2040 801 ostiolum

1193 818 1343 847 habitaculi
1366 819 1493 846 Fratrum
1517 819 1641 855 ipsorum
1674 819 1846 855 ingrediens,
1875 819 1930 847 huc
1958 822 2041 856 atque

1193 866 1259 894 illuc
1280 874 1330 902 per
1351 866 1521 894 domicilium
1543 866 1625 894 tertio
1656 874 1685 894 se
1713 866 1864 899 convertit;
1897 866 1929 894 ad
1962 866 2042 895 cuius

1194 913 1347 941 mirabilem
1370 916 1396 941 et
1418 913 1592 949 praeclarum
1619 913 1774 941 contuitum
1803 913 1947 950 stupefacti
1977 916 2042 942 sunt

1194 960 1352 997 vigilantes,
1375 960 1487 989 excitati
1510 960 1592 988 simul
1607 963 1634 988 et
1651 961 1778 989 exterriti
1804 960 1972 989 dormientes
1992 968 2043 989 nec

1195 1008 1287 1036 minus
1308 1011 1456 1036 senserunt
1487 1007 1578 1036 cordis
1603 1008 1756 1036 claritatem
1788 1016 1871 1045 quam
1904 1007 2041 1045 corporis,

1193 1055 1259 1083 dum
1281 1063 1317 1083 ex
1339 1055 1443 1083 virtute
1465 1054 1582 1082 mirandi
1607 1054 1719 1083 luminis
1740 1054 1856 1083 alterius
1877 1054 1955 1083 alteri
1978 1062 2042 1083 con-

1193 1101 1307 1130 scientia
1338 1101 1412 1130 nuda
1447 1101 1507 1129 fuit.
1541 1101 1741 1130 Intellexerunt
1775 1109 1895 1138 namque
1929 1108 2042 1130 concor-

1193 1148 1264 1177 diter
1286 1156 1397 1183 omnes,
1427 1148 1584 1177 videntibus
1612 1148 1729 1177 invicem
1758 1148 1897 1177 universis
1924 1148 1951 1176 in
1980 1156 2041 1177 cor-

1193 1195 1274 1224 dibus
1306 1196 1495 1232 singulorum,
1518 1199 1643 1224 sanctum
1673 1195 1780 1224 Patrem
1806 1195 1982 1224 Franciscum
2014 1195 2042 1224 in

1193 1243 1240 1271 tali
1262 1243 1493 1280 transfiguratum
1514 1242 1603 1279 effigie
1619 1242 1669 1271 sibi
1685 1242 1904 1271 demonstratum
1920 1251 1936 1271 a
1950 1243 2042 1271 Domi-

1193 1298 1237 1323 no,
1254 1292 1385 1326 tanquam
1402 1290 1450 1326 qui
1466 1291 1496 1318 z‘n
1511 1290 1621 1326 spiritu
1635 1290 1750 1318 veniens
1764 1293 1790 1318 et
1803 1290 1910 1318 virtute
1926 1289 2007 1318 Eliae
2018 1289 2040 1325 ⁸,

1194 1336 1346 1373 spiritualis
1367 1339 1439 1365 esset
1460 1337 1573 1365 militiae
1596 1337 1724 1373 princeps
1745 1337 1874 1371 effectus,
1889 1340 1921 1365 ut
1932 1345 2043 1365 currus

1194 1383 1288 1412 Israel
1301 1387 1327 1412 et
1341 1384 1453 1421 cam-lya<
1468 1384 1539 1412 eius.
1556 1384 1693 1412 Reversus
1712 1392 1810 1420 nempe
1824 1383 1867 1412 vir
1882 1387 1994 1412 sanctus
2008 1383 2042 1412 ad

1193 1430 1311 1464 Fratres,
1333 1430 1423 1467 coepit
1444 1430 1600 1459 confortare
1621 1430 1682 1459 illos
1696 1430 1730 1459 de
1751 1434 1861 1459 ostensa
1875 1430 1914 1459 eis
1928 1431 2043 1459 caelitus

1195 1477 1297 1506 visione
1319 1478 1408 1514 coepit
1429 1481 1456 1506 et
1477 1478 1708 1507 conscientiarum
1731 1478 1855 1515 ipsorum
1881 1481 1987 1507 secreta
2008 1478 2042 1506 ri-

1193 1525 1262 1553 mari
1285 1532 1335 1553 nec
1356 1533 1410 1553 non
1433 1528 1460 1553 et
1480 1525 1576 1553 sutura
1605 1525 1779 1561 praedicere,
1809 1525 1932 1562 adeoque
1961 1533 2043 1554 coru—

1193 1579 1270 1600 scare
1295 1572 1452 1605 miraculis,
1481 1575 1513 1600 ut
1540 1575 1666 1609 patenter
1695 1572 1874 1606 claresceret,
1902 1572 2041 1609 duplicem

1193 1619 1266 1647 Eliae
1287 1619 1417 1655 spiritum
1439 1619 1466 1647 in
1482 1622 1557 1648 tanta
1569 1619 1579 1636 ⁰
1601 1627 1686 1656 super
1700 1627 1764 1648 eum
1780 1619 1950 1656 plenitudine
1965 1619 2042 1657 quie-

1193 1665 1279 1699 visse,
1302 1666 1375 1703 quod
1391 1669 1453 1703 post
1467 1666 1554 1703 ipsius
1568 1666 1721 1694 doctrinam
1737 1669 1764 1694 et
1778 1666 1862 1694 vitam
1877 1669 1937 1695 erat
1955 1666 2042 1694 omni-

1192 1713 1245 1741 bus
1267 1713 1402 1750 proficisci
1425 1713 1603 1742 tutissimum.

1471 1808 1565 1836 Lectio
1585 1808 1709 1845 septima
1723 1807 1754 1835 ¹⁰.

2064 1904 2106 1923 Sana
2112 1892 2133 1924 Iit.

1271 1901 1423 1938 Religiosus
1444 1902 1555 1939 quidam
1579 1905 1646 1931 tunc
1661 1903 1794 1939 temporis
1807 1902 1841 1931 de
1855 1902 1959 1931 Ordine
1973 1902 2042 1932 Cru-
2068 1927 2133 1946 Mum

1191 1948 1360 1983 ciferorum,
1393 1949 1513 1978 Moricus
1544 1950 1669 1983 nomine,
1702 1950 1728 1978 in
1761 1950 1889 1987 hospitali
1921 1950 2041 1987 quodam

1191 2004 1277 2032 prope
1299 1995 1430 2024 Assisium
1454 1996 1587 2033 languore
1608 2000 1663 2024 tam
1692 1996 1768 2033 gravi
1792 1999 1903 2033 tamque
1930 1996 2041 2033 prolixo

1190 2043 1334 2077 laborans,
1349 2046 1381 2071 ut
1395 2043 1558 2071 crederetur
1573 2043 1655 2071 morti
1671 2043 1725 2071 iam
1739 2043 1895 2080 proximus,
1918 2044 1977 2072 viro
1993 2043 2041 2072 Dei

1191 2090 1311 2126 supplex
1333 2089 1422 2118 factus
1443 2098 1492 2127 per
1508 2090 1653 2125 nuntium,
1669 2091 1827 2127 postulabat
1842 2091 1989 2126 instanter,
2009 2095 2040 2119 ut

1190 2145 1242 2173 pro
1264 2145 1292 2165 se
1314 2137 1347 2165 ad
1369 2137 1457 2166 Deum
1480 2137 1651 2166 intercedere
1673 2138 1763 2167 vellet.
1786 2138 1835 2166 Cui
1858 2138 1900 2166 vir
1915 2138 1979 2175 pius
1993 2138 2039 2167 be·
2111 2130 2112 2175 i

1190 2184 1272 2220 nigne
1293 2184 1461 2218 assentiens,
1493 2184 1617 2213 oratione
1646 2185 1814 2221 praemissa,
1847 2185 1924 2222 panis
1955 2185 2040 2214 micas
2110 2190 2111 2194 ¹

1189 2230 1308 2267 accepit,
1331 2234 1357 2259 et
1379 2239 1442 2259 cum
1464 2232 1524 2260 oleo
1545 2235 1636 2260 sumto
1650 2232 1684 2260 de
1699 2232 1839 2268 lampade,
1861 2240 1932 2268 quae
1947 2240 2039 2261 coram

1190 2278 1310 2314 Virginis
1331 2278 1445 2307 ardebat
1466 2279 1559 2313 altari,
1586 2278 1779 2312 commiscens,
1801 2279 1880 2316 quasi
1902 2279 2039 2316 quoddam

1190 2324 1373 2353 electuarium
1385 2333 1435 2361 per
1450 2333 1550 2354 manus
1564 2326 1691 2354 Fratrum
1708 2325 1858 2354 infirmanti
1878 2325 2039 2360 transmisit,

1190 2372 1298 2400 dicens:
1326 2384 1339 2397 «
1354 2372 1515 2401 Medicinam
1539 2373 1608 2402 hanc
1629 2373 1707 2401 fratri
1730 2375 1825 2402 nostro
1852 2373 1956 2402 deferte
1984 2373 2040 2402 Mo-

1191 2419 1260 2453 rico,
1283 2427 1339 2456 qua
1361 2419 1452 2456 ipsum
1474 2420 1575 2449 Christi
1599 2420 1688 2449 virtus
1709 2428 1763 2448 non
1779 2420 1868 2449 solum
1885 2420 1982 2457 plenae
1997 2428 2039 2449 sa-

1190 2466 1268 2494 nitati
1298 2466 1440 2500 restituet,
1469 2474 1567 2495 verum
1589 2467 1671 2495 etiam
1700 2467 1846 2495 robustum
1875 2466 2038 2495 bellatorem

1190 2514 1318 2542 effectum
1340 2513 1406 2542 aciei
1428 2517 1539 2542 nostrae
1561 2517 1771 2550 perseveranter
1792 2514 1960 2551 adiunget».
1980 2514 2039 2542 Sta-

1190 2560 1238 2589 tim
1261 2563 1368 2594 autem,
1390 2563 1422 2589 ut
1442 2560 1595 2589 antidotum
1618 2561 1686 2589 illud
1707 2561 1794 2589 sancti
1819 2561 1938 2597 Spiritus
1962 2560 2039 2589 adin—

1190 2607 1318 2636 ventione
1343 2607 1498 2636 consectum
1524 2615 1606 2645 aeger
1628 2608 1710 2636 homo
1731 2608 1864 2645 gustavit;
1884 2615 1968 2637 sanus
1989 2615 2039 2636 ex-

1190 2662 1323 2691 surgens,
1346 2658 1453 2683 tantum
1479 2655 1578 2683 mentis
1609 2658 1636 2683 et
1667 2655 1791 2691 corporis
1819 2654 1886 2683 adeo
1915 2654 2037 2692 vigorem

350 2833 354 2846 ¹
374 2832 429 2855 ibid.
449 2839 467 2855 c.
487 2833 508 2855 3.
527 2839 548 2854 n.
568 2833 589 2854 9.
611 2833 643 2855 10.

348 2870 357 2883 2
375 2873 399 2893 ln
416 2872 453 2894 ed.
474 2871 559 2894 absunt
580 2871 651 2894 verba
674 2872 742 2894 codd.
765 2873 783 2894 Α
793 2872 811 2893 Μ
835 2871 885 2894 suis
908 2873 1058 2901 comparente
1079 2878 1133 2895 con-

284 2910 407 2939 specubus.

348 2947 357 2960 ³
376 2948 431 2970 thid.
449 2954 468 2970 c.
487 2949 508 2970 4..
527 2956 547 2971 n.
567 2950 586 2971 l.
605 2950 626 2971 2.
645 2950 666 2971 3.
684 2949 705 2971 5.

348 2986 357 2998 ⁴
374 2987 430 3009 Cod.
448 2988 466 3009 M
485 2986 588 3015 deberet,
606 2991 628 3010 et
645 2988 712 3016 paulo
730 2989 824 3011 iuferius
841 2995 895 3011 cuni
913 2989 930 3010 A
943 2994 988 3011 non
1006 2989 1065 3010 male
1082 2988 1132 3011 dia-

285 3024 352 3048 bolus
365 3025 496 3048 conabatur
514 3032 556 3054 pro
573 3026 682 3049 diabolus
699 3029 835 3050 conaretur,

1253 2831 1262 2844 ⁵
1280 2832 1348 2860 Epist.
1367 2833 1380 2854 l.
1399 2832 1428 2854 ad
1447 2832 1497 2854 Cor.
1516 2832 1541 2859 2,
1560 2832 1601 2858 Ἰ13;
1618 2831 1702 2854 deinde
1719 2832 1787 2853 Marc.
1809 2831 1846 2859 16,
1865 2832 1902 2853 20.

1252 2870 1262 2883 ⁶
1280 2871 1335 2894 lbid.
1354 2878 1372 2893 c.
1393 2871 1413 2893 [ι.
1430 2878 1452 2893 n.
1472 2871 1492 2893 4.

1253 2909 1261 2922 ⁷
1279 2910 1334 2933 Cod.
1352 2911 1370 2932 Α
1388 2910 1447 2933 Cum
1464 2911 1552 2933 autem.

1252 2948 1260 2961 ⁸
1279 2950 1331 2971 Luc.
1353 2950 1359 2970 ’1
1371 2966 1376 2976 ,
1395 2950 1436 2976 ν17;
1455 2949 1539 2971 deinde
1556 2949 1679 2976 respicitur
1699 2949 1733 2970 tv.
1752 2949 1808 2977 Reg,
1827 2949 1848 2975 2,
1871 2949 1903 2970 1-2,

1251 2987 1260 3000 ⁹
1277 2988 1333 3011 Cod.
1351 2989 1367 3010 A
1387 2988 1453 3011 Eliae
1470 2987 1555 3011 habere
1572 2987 1683 3017 spiritum
1700 2989 1721 3010 el
1738 2987 1762 3010 in
1779 2989 1854 3010 lanta.
1872 2987 1967 3009 inferius
1983 2987 2035 3010 voci

1188 3026 1297 3050 omnibus
1315 3028 1333 3049 M
1352 3028 1459 3056 praefigit
1476 3027 1507 3049 in.
1788 3026 1807 3039 ¹⁰
1825 3026 1880 3049 ibid.
1898 3032 1918 3049 c.
1936 3026 1956 3048 4.
1974 3032 1995 3048 n.
2014 3026 2035 3048 8.
