2133 3317
0 2025 64 2046 miluc.

445 212 640 242 OPUSCULUM
660 211 723 240 XIII.
746 212 1054 242 DETERMINATIONES
1075 214 1315 250 QUAESTIONUM.
1339 215 1417 244 PARS
1439 215 1456 243 I.

86 296 218 324 Personae
238 292 319 321 etiam
342 291 451 328 saepius
471 293 563 319 essent
580 290 607 318 in
623 290 762 327 periculo:
778 290 799 318 si
814 290 925 326 quando

85 343 111 371 in
133 339 333 378 praedicatione
361 337 474 366 forsitan
502 337 609 373 aliquos
636 336 853 370 offenderemus,
881 336 924 365 vel

79 388 170 418 filium
185 386 228 415 vel
242 385 355 414 fratrem
370 383 496 417 alicuius,
507 383 540 412 de
552 391 607 420 quo
621 383 735 417 doleret,
750 383 776 411 in
792 382 923 411 Ordinem

85 434 284 471 reciperemus,
306 431 353 468 qui
381 431 461 460 etiam
487 430 606 459 amicum
633 433 681 458 aut
705 430 818 458 fratrem
840 437 923 458 suum

85 481 165 511 vellet
178 479 312 508 malitiose
325 477 466 506 vindicare
477 478 503 511 ¹,
525 477 568 505 vel
587 477 702 505 moleste
716 476 817 510 ferret,
832 483 882 504 nos
896 475 922 503 in

85 531 158 557 terra
179 525 298 559 morari;
320 525 420 553 domus
440 527 549 552 nostras
567 523 725 552 incenderet
739 526 766 552 et
780 530 923 559 nunquam

85 580 225 612 possemus
245 572 281 600 ibi
303 571 415 608 pacifice
437 571 548 599 morari.
571 571 622 607 Qui
637 573 729 599 autem
746 570 848 598 habent
862 577 923 606 pos-

84 620 216 650 sessiones
236 622 264 648 et
285 618 396 655 praedia
416 618 527 646 sibimet
547 617 705 650 sufficiunt,
726 620 753 645 et
774 616 834 645 ideo
861 623 925 652 pos-

84 666 170 697 sunt²
198 668 279 694 extra
307 665 430 693 civitates
452 664 573 697 morari;
599 663 724 692 similiter
745 666 772 692 et
793 662 923 696 solitarii,

83 713 129 751 qui
151 712 246 749 paucis
267 712 402 748 indigent,
425 719 512 748 pauca
530 711 565 739 ab
579 710 639 738 aliis
653 710 798 746 requirere
813 716 924 737 necesse

84 760 192 789 habent.
214 775 252 780 -—
273 760 342 787 Sunt
363 761 390 787 et
409 758 478 786 aliae
498 765 613 791 causae,
642 764 711 794 quas
740 756 820 784 modo
844 763 924 792 prae-

85 810 175 840 tereo,
195 809 310 843 propter
332 813 401 842 quas
421 805 549 833 convenit
580 804 651 832 inter
680 803 805 832 homines
833 803 925 839 potius

84 861 165 891 quam
187 853 214 881 in
235 853 345 881 deserto
365 852 445 880 iuxta
465 851 634 879 conditiones
649 850 735 879 nostri
750 849 862 878 Ordinis
876 849 924 877 ha-

83 901 179 930 bitare.
201 899 252 928 Sed
273 899 341 928 istae
361 899 395 927 ad
417 905 547 935 praesens
568 897 714 926 sufficiant.

401 992 540 1028 QUAESTIO
562 991 603 1019 vl.

123 1088 184 1117 Cur
205 1088 327 1116 Fratres
349 1085 473 1114 habeant
495 1093 621 1122 maynas
642 1089 668 1113 et
689 1084 765 1112 latas
786 1084 886 1112 (tomos

182 1138 208 1163 et
228 1133 361 1162 oratoria
382 1137 535 1161 sumtuosa
557 1136 583 1160 et
604 1140 693 1160 areas
714 1130 822 1160 tatasss.

159 1228 224 1257 ltem
247 1235 368 1264 quaero:
387 1235 450 1255 cum
466 1226 550 1255 sancti
568 1226 660 1254 Patres
675 1224 823 1253 laudentur
838 1225 865 1253 in
880 1232 925 1253 ca-

83 1275 156 1305 sellis
175 1278 203 1303 et
225 1274 251 1303 in
273 1274 374 1303 vilibus
399 1273 563 1302 habitaculis
592 1272 743 1306 habitasse,
772 1272 838 1309 quid
867 1274 923 1306 est,

82 1322 154 1359 quod
175 1329 224 1350 vos
244 1321 313 1349 altas
333 1324 361 1349 et
382 1329 495 1357 magnas
515 1320 611 1348 domos
629 1319 734 1355 erigitis
755 1322 782 1347 et
804 1319 924 1347 oratoria

82 1371 225 1398 sumtuosa
251 1371 279 1397 et
306 1376 384 1396 areas
413 1367 480 1395 latas
509 1375 609 1403 magno
634 1366 722 1402 pretio
742 1366 922 1402 comparatis,

82 1423 145 1444 cum
165 1415 224 1444 sitis
246 1422 381 1452 pauperes
402 1418 429 1443 et
451 1413 567 1442 mendici
583 1416 609 1442 et
624 1415 829 1449 contemptores
843 1420 924 1441 mun-

81 1463 217 1491 danorum
238 1470 297 1491 esse
317 1462 463 1490 debeatis?

159 1508 326 1545 RespondeO.
355 1508 431 1536 Sicut
457 1507 510 1535 iam
539 1507 644 1535 dictum
665 1507 745 1540 est4,
766 1514 829 1534 cum
851 1506 923 1534 inter

83 1556 206 1584 homines
233 1563 345 1584 manere
366 1563 416 1583 nos
437 1557 577 1591 oporteat,
599 1556 648 1582 aut
668 1561 734 1590 ergo
755 1556 840 1581 extra
863 1561 924 1581 mu-

81 1611 127 1632 ros
154 1602 285 1636 civitatis,
315 1604 363 1630 aut
390 1601 479 1629 intra.
502 1601 527 1629 Si
549 1604 634 1629 extra
655 1600 778 1629 civitates
798 1607 924 1628 manere-

81 1657 157 1684 mus,
179 1649 226 1678 ubi
249 1656 392 1688 possemus
414 1648 524 1676 latiores
542 1655 621 1676 areas
636 1647 729 1676 leviori
746 1647 835 1684 pretio
849 1655 923 1675 com-

80 1703 194 1733 parare,
216 1695 344 1724 videlicet
365 1695 391 1723 in
414 1694 517 1731 campis
538 1694 580 1722 vel
602 1694 704 1727 hortis;
733 1693 923 1730 quandocum-

80 1751 134 1780 que
158 1743 261 1772 bellum
291 1742 436 1770 timeretur
458 1741 499 1769 vel
522 1749 640 1778 guerra,
662 1741 735 1769 cives
756 1740 806 1769 loci
828 1741 923 1769 formi-

81 1790 192 1823 darent,
214 1797 248 1817 ne
269 1788 340 1817 sorte
362 1789 454 1817 hostes
474 1788 570 1816 domos
591 1791 699 1816 nostras
714 1791 882 1824 occuparent
896 1790 923 1816 et

79 1837 113 1866 de
133 1836 186 1865 iilis
207 1836 363 1864 niterentur
384 1835 521 1864 civitatem
544 1835 586 1863 vel
601 1834 732 1871 oppidum
746 1842 922 1871 expugnare,

80 1887 107 1913 et
127 1891 181 1912 non
204 1882 338 1911 auderent
358 1882 441 1911 etiam
462 1881 568 1915 alias⁵,
590 1881 700 1918 quando
714 1881 765 1909 sibi
781 1881 922 1915 timerent,

79 1930 112 1959 ad
133 1930 192 1959 loca
212 1930 340 1957 Fratrum
362 1937 412 1965 pro
433 1928 602 1957 confessione
623 1928 666 1956 vel
685 1928 764 1956 Missa
779 1936 827 1956 seu
843 1936 924 1964 prae-

79 1977 213 2006 dicatione
241 1976 331 2005 securi
354 1975 462 2009 venire,
484 1978 511 2004 et
533 1975 593 2003 ideo
614 1983 667 2003 non
688 1975 821 2011 diligunt,
843 1977 874 2003 ut
895 1975 922 2003 in

81 2024 146 2053 locis
166 2024 267 2052 talibus
287 2030 499 2051 commoremur.
522 2038 557 2043 —
580 2022 658 2058 Quod
679 2022 700 2050 si
722 2022 803 2050 intra
828 2029 924 2050 muros

81 2071 252 2104 habitamus,
268 2070 314 2098 ubi
338 2072 450 2106 propter
465 2069 647 2106 frequentiam
670 2068 762 2105 popuii
785 2076 865 2097 areae
879 2076 923 2097 ca-

81 2117 169 2146 riores
183 2119 257 2150 sunt,
272 2119 393 2153 oportet,
409 2119 435 2144 et
450 2124 499 2144 nos
514 2123 592 2144 areas
607 2115 699 2144 carius
713 2123 804 2144 emere
814 2138 820 2149 ,
836 2124 923 2152 quan-

83 2168 140 2193 tum
161 2163 299 2193 sufficiant
320 2171 371 2200 pro
392 2163 529 2196 claustro,
550 2162 672 2191 oratorio
687 2165 713 2191 et
728 2162 844 2191 officinis
859 2171 923 2191 con-

81 2211 158 2248 gruis
179 2218 230 2247 pro
251 2213 404 2243 conventu,
433 2209 589 2246 hospitibus
610 2212 636 2237 ct
657 2208 774 2237 infirmis
795 2212 821 2237 et
842 2208 923 2236 horto

81 2257 248 2290 herbarum,
270 2259 325 2284 tam
347 2264 399 2292 pro
420 2255 606 2292 pulmentario
626 2263 709 2292 quam
728 2263 779 2291 pro
793 2255 865 2283 aeris
880 2263 924 2283 re-

81 2303 233 2337 creatione,
262 2306 294 2331 ut
322 2303 423 2331 infirmi
453 2302 657 2335 refocillentur,
679 2305 705 2330 et
726 2302 784 2330 sani
812 2310 923 2330 conser—

81 2353 195 2384 ventur,
216 2353 243 2379 et
265 2350 328 2378 lassi
357 2350 384 2378 in
413 2349 604 2386 spiritualibus
631 2349 729 2377 studiis
750 2352 921 2377 recreentur.

81 2397 242 2426 Saeculares
262 2397 351 2430 enim,
372 2397 420 2433 qui
440 2396 600 2433 frequenter
615 2399 766 2432 vagantur,
781 2395 853 2423 domi
869 2403 922 2424 non

81 2443 202 2481 indigent
224 2444 393 2472 recreatione
415 2443 505 2477 aeris;
529 2443 653 2479 Religiosi
669 2450 750 2476 vero,
765 2442 812 2479 qui
828 2442 854 2470 in
870 2442 923 2470 cel-

81 2489 170 2518 larum
200 2490 359 2518 reclusoriis
387 2490 553 2526 religantur,
581 2488 632 2516 nisi
660 2488 780 2525 aliquam
806 2487 924 2516 interius

81 2536 198 2565 habeant
218 2536 290 2565 aeris
311 2536 523 2570 recreationem,
545 2535 599 2564 cito
620 2536 827 2572 languescentes
848 2534 923 2562 tabe-

1766 216 1819 246 341

981 294 1061 320 scunt
1081 295 1108 320 et
1125 292 1157 320 ad
1173 292 1263 321 studia
1277 293 1431 330 spiritualia
1448 293 1582 322 inhabiles
1596 293 1771 328 efficiuntur,
1786 294 1823 322 ita

980 338 1076 374 quod⁶
1097 346 1147 367 nec
1168 339 1218 367 sibi
1240 347 1290 368 nec
1311 340 1370 368 aliis
1392 340 1540 377 proficiunt
1561 340 1587 368 in
1609 340 1761 369 devotionis
1782 340 1823 369 in-

981 387 1075 413 ternae
1096 385 1236 421 profectu,
1258 386 1284 414 in
1307 386 1454 423 sapientiae
1469 387 1623 421 intellectu,
1638 387 1665 415 in
1684 387 1822 416 virtutum

980 431 1116 467 exemplis
1137 434 1164 460 et
1184 431 1212 460 in
1232 432 1356 461 doctriua
1376 433 1481 462 salutis.
1503 450 1541 454 —
1562 434 1594 462 Et
1614 434 1741 470 quamvis
1759 441 1823 470 per-

980 475 1057 505 fectis
1078 478 1168 506 omnis
1190 478 1266 507 locus
1286 483 1368 516 aptus
1388 479 1423 508 sit
1445 488 1494 516 pro
1515 480 1674 517 disciplinae
1698 480 1823 509 internae

980 523 1137 558 exercitiis,
1159 524 1327 561 imperfectis
1340 526 1350 543 ⁷
1372 529 1461 555 tamen
1484 529 1511 555 et
1531 527 1622 555 adhuc
1637 526 1823 564 indigentibus

980 570 1134 599 eruditione
1163 571 1274 600 virtutis
1301 580 1371 608 opus
1397 576 1439 601 est
1466 573 1548 602 etiam
1573 573 1705 602 exteriori
1726 573 1822 602 distin·
1835 581 1970 600 Distinctiolo-

980 617 1069 645 ctione
1089 617 1263 646 officinarum
1284 619 1489 654 claustralium,
1517 623 1550 648 ut
1576 620 1679 654 sciant,
1706 621 1754 649 ubi
1783 624 1823 649 ta-

980 671 1043 692 cere
1063 663 1194 698 debeant,
1216 665 1262 693 ubi
1286 666 1359 702 loqui
1382 666 1476 700 liceat,
1498 667 1545 695 ubi
1567 675 1663 701 orare,
1685 667 1731 696 ubi
1749 668 1822 696 labo-

981 718 1060 744 rare,
1082 710 1128 738 uhi
1152 711 1258 748 legere,
1279 713 1417 747 scribere,
1445 713 1567 742 dormire
1595 714 1637 743 vel
1662 715 1821 749 comedere,

982 756 1027 785 ubi
1050 757 1085 786 sit
1106 758 1216 795 requies
1238 759 1453 793 infirmantium,
1476 760 1521 788 ubi
1545 761 1702 797 repausatio
1729 761 1762 790 de
1785 762 1823 790 la-

981 803 1048 832 bore
1070 804 1175 833 itineris
1196 806 1377 840 venientium,
1399 810 1425 835 et
1446 807 1579 841 aliorum,
1601 816 1672 844 quae
1693 808 1719 836 in
1741 808 1823 837 colle-

980 850 1032 887 giis
1052 854 1117 879 sunt
1137 852 1306 887 necessaria,
1331 861 1380 887 ne,
1403 853 1423 881 si
1446 854 1558 882 confuse
1586 854 1689 891 ubique
1718 854 1823 883 indiffe-

982 901 1075 926 renter
1097 898 1205 935 singula
1226 899 1325 927 fierent
1346 907 1396 936 pro
1418 900 1512 934 libitu,
1535 900 1587 928 iam
1609 909 1659 929 nec
1680 901 1824 938 disciplina

981 952 1031 972 nec
1053 945 1132 981 quies
1153 953 1203 973 nec
1225 946 1334 974 devotio
1355 955 1405 975 nec
1425 947 1493 975 ordo
1515 948 1586 976 inter
1606 948 1731 982 Fratres,
1753 948 1824 976 sicut

982 991 1109 1027 expedit,
1138 996 1311 1026 servaretur,
1340 993 1413 1029 quod
1439 996 1511 1022 esset
1533 994 1558 1022 in
1581 1002 1711 1030 magnum
1739 994 1823 1023 detri-

982 1041 1105 1066 mentum
1128 1039 1274 1075 Religionis
1295 1043 1322 1067 et
1343 1040 1368 1067 in
1391 1040 1549 1068 scandalum
1571 1041 1666 1069 alienis
1687 1045 1714 1069 et
1735 1041 1761 1069 in
1776 1041 1823 1070 de*

981 1084 1161 1113 structionem
1183 1086 1294 1119 salutis,
1317 1086 1382 1123 quia
1403 1095 1453 1115 nec
1474 1087 1594 1116 minores
1614 1087 1774 1116 discerent⁸
1795 1088 1822 1116 in

982 1139 1037 1167 quo
1060 1131 1240 1167 proficerent,
1257 1140 1306 1161 nec
1322 1133 1443 1169 provecti
1465 1134 1533 1162 alios
1553 1134 1737 1162 aedificarent.
1754 1135 1823 1171 Quia

983 1185 1047 1206 vcro
1069 1178 1141 1206 intra
1161 1178 1294 1207 ambitum
1317 1179 1450 1213 civitatis,
1466 1183 1497 1208 ut
1511 1180 1614 1208 dictum
1631 1183 1687 1214 est,
1702 1181 1823 1210 cariores

981 1227 1046 1252 sunt
1066 1232 1162 1258 areae,
1183 1225 1256 1261 quod
1279 1234 1332 1253 non
1354 1234 1498 1262 possemus
1524 1227 1603 1256 facile
1630 1227 1822 1256 sufficientiam

981 1278 1121 1307 congruae
1144 1272 1295 1300 latitudinis
1315 1272 1433 1307 habere,
1449 1276 1479 1301 ut
1494 1281 1590 1301 omnes
1604 1274 1729 1302 officinae
1743 1274 1823 1302 deor-

980 1326 1041 1346 sum
1075 1318 1276 1347 collocarentur
1307 1319 1387 1347 iuxta
1418 1327 1446 1348 se
1477 1320 1610 1354 invicem,
1639 1324 1747 1357 oportet
1774 1321 1823 1349 ali-

981 1364 1106 1401 quando,
1136 1368 1167 1393 ut
1194 1373 1249 1393 una
1276 1374 1361 1402 super
1386 1366 1499 1394 alteram
1522 1367 1549 1395 in
1570 1367 1679 1395 altum⁹
1701 1368 1821 1402 locetur,

981 1412 1018 1439 ita
1039 1411 1112 1448 quod
1135 1415 1253 1448 utraque
1274 1412 1345 1440 aeris
1367 1413 1536 1449 respiraculo
1554 1421 1607 1441 non
1623 1417 1730 1447 careat,
1745 1417 1772 1442 et
1786 1422 1823 1442 ex

981 1459 1033 1486 hoc
1053 1458 1152 1486 domus
1173 1462 1282 1487 nostrae
1304 1459 1389 1495 magis
1410 1463 1543 1496 apparent
1564 1460 1690 1489 excelsae
1704 1468 1736 1489 ac
1750 1469 1823 1489 sum-

980 1508 1075 1533 tuosae
1097 1509 1124 1533 et
1146 1505 1298 1541 paupertati
1315 1505 1473 1539 dissimiles,
1492 1514 1555 1534 cum
1576 1509 1665 1535 tamen
1688 1507 1739 1535 hoc
1755 1515 1822 1543 pau-

981 1554 1073 1587 pertas
1094 1551 1179 1587 magis
1200 1551 1319 1589 efficiat,
1336 1551 1416 1588 quia,
1438 1560 1471 1580 ne
1493 1552 1566 1581 circa
1593 1552 1752 1587 dilatemur,
1781 1553 1823 1581 in-

981 1598 1066 1626 ferius
1088 1601 1277 1634 angustamur.
1307 1598 1337 1626 Et
1365 1599 1430 1635 quia
1458 1599 1634 1635 circumsepti
1657 1607 1754 1628 sumus
1774 1600 1824 1629 do-

981 1645 1072 1673 mibus
1086 1645 1204 1673 aliorum
1220 1645 1388 1678 vicinorum,
1408 1649 1433 1673 et
1449 1646 1514 1682 quia
1528 1646 1554 1674 in
1570 1646 1728 1675 civitatibus
1742 1655 1822 1684 saepe

1847 610 1911 623 corum
1922 610 1956 632 -BE-

1857 632 1945 647 casana.

982 1692 1131 1728 insurgunt
1152 1692 1277 1720 incendia
1298 1692 1350 1720 late
1372 1692 1563 1729 pervagantia,
1586 1701 1619 1721 ne
1641 1693 1683 1721 vel
1708 1693 1822 1728 domus,
1865 1695 1868 1699 ‘

982 1739 1024 1767 vel
1046 1739 1191 1772 ecclesiae,
1214 1739 1255 1767 vel
1278 1739 1357 1772 libri,
1379 1739 1420 1767 vel
1442 1740 1495 1767 alia
1515 1740 1670 1768 necessaria.
1685 1740 1822 1776 frequenti

980 1785 1131 1814 discrimini
1154 1785 1208 1813 sint
1228 1786 1369 1821 exposita,
1391 1788 1418 1813 et
1440 1785 1466 1813 in
1488 1786 1618 1814 continuo
1640 1789 1761 1815 tremore
1782 1787 1822 1814 in—

981 1832 1150 1861 firmantium
1171 1832 1254 1860 corda
1268 1833 1322 1861 sint
1337 1833 1399 1861 inde
1421 1840 1568 1869 suspensa,
1584 1837 1610 1861 et
1626 1841 1659 1861 ne
1674 1833 1724 1869 ipsi
1740 1833 1823 1862 vicini

980 1879 1067 1907 nostri
1088 1886 1103 1906 a
1125 1878 1203 1907 nobis
1225 1886 1273 1915 per
1296 1879 1419 1907 incendia
1440 1879 1637 1913 molestentur;
1659 1880 1705 1907 ubi
1727 1888 1823 1916 possu-

981 1933 1059 1959 mus,
1081 1925 1196 1953 sacimus
1223 1926 1318 1954 domos
1344 1926 1478 1962 lapideas,
1500 1929 1531 1954 ut
1552 1933 1601 1954 nec
1623 1926 1685 1963 igne
1706 1934 1755 1955 nec
1777 1934 1823 1955 ve-

981 1975 1083 2001 tustate
1103 1972 1185 2001 citius
1205 1972 1401 2006 destruantur,
1423 1972 1488 2009 quia
1509 1981 1562 2000 non
1585 1973 1674 2001 solum
1699 1973 1822 2010 corpori-

980 2020 1048 2053 bus,
1071 2019 1117 2048 sed
1139 2020 1219 2047 etiam
1242 2019 1372 2047 cordibus
1392 2027 1489 2056 magna
1510 2023 1550 2048 est
1571 2019 1737 2054 destructio,
1753 2028 1823 2049 nova

980 2067 1090 2103 saepius
1111 2066 1234 2094 aedificia
1249 2069 1425 2099 construere,
1441 2066 1561 2094 maxime
1576 2066 1629 2094 illis
1642 2066 1690 2103 qui
1705 2074 1758 2095 non
1774 2067 1824 2095 ha-

981 2113 1045 2141 bent
1068 2116 1191 2146 sumtus,
1214 2112 1263 2140 nisi
1286 2116 1420 2149 quantum
1442 2112 1533 2140 valent
1547 2112 1675 2149 colligere
1692 2113 1822 2142 mendici-

981 2163 1043 2188 tate.
1061 2176 1095 2179 —-
1111 2159 1168 2187 Non
1182 2159 1204 2176 1⁰
1219 2159 1329 2187 intendo
1344 2159 1369 2187 in
1386 2159 1428 2187 his
1442 2166 1578 2187 excusare
1593 2159 1643 2187 nisi
1659 2167 1730 2196 quae
1744 2160 1822 2189 valde

980 2207 1133 2235 necessaria
1154 2209 1182 2235 et
1201 2205 1408 2234 rationabiliter.
1437 2206 1486 2234 Ubi
1514 2209 1606 2234 autem
1628 2206 1821 2243 superfluitas,

981 2253 1126 2281 curiositas
1147 2257 1174 2282 et
1195 2253 1384 2289 irreligiositas
1412 2256 1437 2281 et
1469 2253 1587 2289 Regulae
1614 2256 1641 2282 et
1666 2254 1822 2290 paupertati

980 2302 1090 2328 nostrae
1111 2300 1274 2336 derogantes
1294 2303 1385 2328 essent
1406 2302 1578 2333 structurae,
1595 2300 1769 2336 reprehendo
1783 2304 1823 2329 te-

980 2355 1043 2375 cum
1064 2350 1092 2375 et
1112 2347 1203 2375 omnia
1224 2346 1291 2380 alia,
1313 2354 1384 2383 quae
1405 2346 1460 2375 Deo
1480 2346 1625 2383 displicent
1639 2349 1694 2375 tam
1715 2347 1743 2376 in
1765 2355 1824 2376 mo—

980 2394 1058 2422 ribus
1079 2401 1161 2430 quam
1184 2393 1210 2421 in
1233 2393 1325 2421 rebus.

1840 2167 1954 2188 Notandum.

1058 2439 1241 2476 Quintuplicis
1254 2441 1274 2456 ¹²
1297 2439 1398 2476 peccati
1422 2439 1460 2468 rei
1482 2443 1547 2468 sunt
1561 2440 1608 2477 qui
1630 2441 1772 2477 superflua
1793 2441 1820 2469 in
1837 2448 1952 2472 Quintuplex

979 2486 1109 2515 aedificiis
1130 2489 1156 2515 et
1177 2486 1251 2519 aliis,
1267 2486 1369 2522 quibus
1384 2486 1505 2520 utimur,
1520 2490 1671 2523 procurant
1685 2490 1712 2515 et
1726 2488 1820 2524 acqui-

1843 2474 1946 2495 peecatum.

980 2536 1064 2561 runt:
1087 2533 1191 2569 primo,
1208 2536 1321 2569 propter
1337 2533 1596 2570 i1·a⁷zsyressionem
1608 2533 1819 2571 professionis,
1838 2541 1928 2560 Primum.

144 2732 150 2747 ¹
170 2732 226 2755 Edd.
240 2735 319 2755 contra
331 2732 399 2755 codd.
412 2733 506 2760 legunt:
525 2733 586 2755 Num
595 2737 712 2761 personae
724 2731 792 2754 etium
806 2730 923 2760 saepius...

82 2770 109 2794 de
123 2777 168 2801 quo
180 2771 295 2799 dolerent,
311 2771 374 2801 quod
384 2771 408 2794 in
423 2771 534 2795 Ordinem
548 2770 719 2800 reciperemus,
732 2770 773 2800 qni
782 2770 852 2793 etiam
864 2769 923 2792 ami-

82 2815 136 2833 cum
154 2810 269 2833 Fratrum
288 2810 355 2833 veltet
370 2809 486 2833 malitiose
504 2809 627 2840 offendere.

143 2848 153 2861 ²
171 2850 199 2871 lta
212 2849 294 2877 rodd.;
307 2849 370 2871 Vah:
380 2848 479 2878 praedia
488 2868 493 2877 ,
504 2855 564 2878 quae
572 2848 664 2871 sibimet
674 2847 803 2877 sufficiunt,
814 2849 923 2877 possunt.

144 2887 152 2900 Β
172 2888 237 2910 Vatz
256 2888 304 2911 Cur
322 2888 419 2911 Fratres
437 2887 540 2911 Minores
558 2887 642 2910 liabent
658 2893 757 2916 vicanos
775 2887 910 2909 concentus.

143 2925 153 2938 ¹
170 2926 262 2954 Quaest.
279 2926 438 2954 praecedente.

144 2963 153 2976 ⁶
170 2964 243 2986 Codd.
260 2964 336 2986 aliter.

145 3001 154 3015 ‘¹
171 3002 244 3025 Codd.
261 3003 369 3025 omittunt
386 3002 426 3026 ita.

1042 2728 1050 2741 ⁷
1068 2729 1141 2752 Codd.
1158 2729 1175 2750 Α
1186 2729 1201 2750 Β
1219 2728 1243 2750 in
1260 2727 1408 2758 imperfectis.

1041 2768 1051 2783 ⁸
1067 2768 1140 2790 Codd.
1157 2768 1174 2789 Α
1186 2768 1201 2789 Β
1218 2767 1385 2790 discernerent.
1403 2767 1504 2789 Subinde.
1521 2774 1563 2795 pro
1579 2767 1604 2790 in
1621 2773 1666 2797 quo
1685 2767 1724 2796 (ita
1742 2768 1758 2790 Α
1769 2767 1820 2797 BC)

979 2807 1032 2829 edd.
1045 2813 1058 2828 a
1072 2812 1130 2835 quo,
1148 2812 1207 2834 quae
1219 2806 1287 2828 etiam
1301 2812 1343 2833 pro
1355 2805 1460 2835 proi-ecte*
1470 2806 1508 2834 (ita
1521 2807 1548 2834 Α)
1561 2805 1702 2829 substituunt
1715 2805 1822 2836 perfecti.

1042 2844 1052 2857 ⁰
1068 2846 1097 2867 Ex
1115 2845 1184 2867 codd.
1203 2845 1363 2872 supplevimus
1379 2844 1403 2867 in
1421 2844 1504 2867 altum.
1523 2845 1617 2867 inferius
1634 2851 1676 2873 pro
1693 2844 1770 2874 Μαριὸ-
1782 2851 1821 2875 ap-

975 2885 1065 2914 parent
1080 2883 1186 2907 excelsae
1204 2884 1243 2912 (ita
1262 2883 1312 2912 BC)
1331 2883 1385 2906 edd.
1401 2889 1503 2913 maqrtae
1519 2885 1635 2913 apparent
1652 2885 1672 2906 et
1689 2884 1804 2907 eoecelsae.

1041 2921 1060 2935 ¹⁰
1078 2923 1134 2945 Edd.
1153 2923 1206 2945 Νοη
1229 2923 1320 2950 tamen,
1342 2928 1401 2951 quae
1423 2923 1492 2945 etiam
1510 2922 1604 2945 interius
1621 2925 1672 2951 post
1687 2922 1821 2946 necessaria

978 2962 1066 2985 addunt
1082 2963 1146 2984 sunt.

1041 3000 1058 3013 ¹¹
1078 3001 1133 3023 Edd.
1153 2999 1309 3029 Quintzaeplicis
1326 2999 1395 3024 enim.
