2133 3317
769 220 1011 250 PROLEGOMENA
1031 221 1111 250 C.1t

70 303 152 334 ipsine
164 302 266 325 Deinde:
278 301 397 331 Incipiunt
407 300 508 330 quedam
519 300 547 323 de
558 299 684 323 miraculis
696 299 771 329 ipsius
782 300 835 328 post
851 304 912 322 ntor·

71 353 116 376 tem
133 349 230 374 ostensis
247 351 268 372 rt
283 348 361 378 primo
379 348 406 371 de
423 347 549 371 virtutibus
565 353 694 370 sacrorum
710 347 855 376 stiqmatum.
873 347 913 369 De-

71 397 136 420 sinit:
155 395 190 419 Ad
206 394 300 418 taudem
318 394 390 418 unius
408 393 451 417 Dei
466 395 488 417 et
503 393 573 421 irini,
591 393 633 423 qui
656 392 713 416 vivit
736 394 759 416 et
782 393 866 422 reqnat
889 392 912 415 in

69 442 149 467 secula
166 441 309 465 seculorum.
327 442 409 465 Amen.
426 440 568 470 Eoepttctunt
583 439 703 463 miracula
716 441 773 469 post
783 439 913 463 transitum

71 488 131 513 beati
147 487 271 512 Francisci
285 489 386 511 ostensa.
403 499 434 504 —
451 487 559 515 signatur
576 493 588 509 a
606 486 672 509 nobis
688 487 761 509 littera
778 487 804 508 Β.

133 536 155 557 2.
172 534 270 562 Ibidem,
286 534 339 557 cod.
351 536 388 557 ⁶23.
401 534 500 557 membr.
512 534 533 556 in
545 534 583 557 sol.
594 540 668 562 parvo
680 540 741 556 saec.
752 534 813 556 XlV.
826 534 911 556 ineunt.

71 595 102 600 —
118 582 225 610 Legenda
242 582 323 609 incipit
339 582 376 604 sol.
394 581 432 604 84.
448 587 475 608 r.‚
487 581 524 603 cui
540 587 622 603 manus
639 581 772 608 posterioris
787 580 838 602 aevi
851 586 914 608 prae-

72 629 133 652 misit
150 628 234 650 verba:
256 627 306 651 Vita
323 627 385 651 beati
399 627 475 657 patris
493 626 624 650 Francisct'.
640 627 727 650 Desinit
743 633 796 649 cnm
813 627 913 654 capitulo

71 675 130 698 XV:
147 674 187 698 cui
201 676 235 697 est
252 673 328 697 honor
345 675 366 697 et
388 673 466 703 qloria
482 680 524 703 per
547 673 640 704 infinita
664 673 743 696 secula
769 673 912 696 seculorum.

71 721 154 743 Amen.
171 720 273 742 Narratio
291 720 455 742 miraculorum
473 720 624 742 desideratur.
641 720 706 747 Sign.
722 720 748 742 C.

135 767 157 789 3.
174 765 274 794 Ibidem,
292 766 343 789 cod.
362 765 398 788 24.
416 767 487 789 chart.
506 766 527 788 in
545 766 580 788 sol.
598 773 658 789 saec.
681 767 731 789 XV.
753 767 863 794 ineuntis,
886 767 915 789 de

72 819 119 842 quo
139 813 207 836 locuti
227 819 308 836 sumus
329 819 400 841 supra
422 819 476 841 pag.
493 814 540 836 XLI
558 820 579 836 n.
598 814 619 836 3.
636 826 667 830 —
683 814 730 836 Fol.
749 814 786 836 13.
802 821 838 837 v.:
855 814 914 838 Inci-

69 859 106 889 pit
121 858 235 888 proloqus
253 859 276 882 in
294 859 366 882 citam
384 859 446 883 beati
455 860 586 883 Francisci.
597 860 717 890 Apparuit
727 860 805 890 qratia
818 860 861 883 Dei
871 864 914 883 etc.

74 906 171 928 Desinit:
190 905 327 935 Est-plitiunt
343 906 463 930 miracula
482 908 537 936 post
559 907 688 930 transitum
711 907 771 930 beati
792 907 917 931 Francisci

74 953 174 975 ostensa.
191 952 325 974 lmmediate
341 953 446 981 sequitur
463 953 557 981 epistola
570 954 653 976 Fratris
669 954 811 981 Hieronymi,
823 955 915 977 Ministri

76 999 202 1026 generalis,
217 998 261 1021 sub
279 999 316 1022 die
334 1000 366 1021 lll.
382 1000 458 1022 Nonas
475 1000 524 1022 Maii
543 1000 602 1022 1276
616 1001 715 1023 directa:
726 1001 754 1023 In
765 1001 813 1023 Xto
825 1000 869 1024 sun·
880 1007 916 1024 ca-

73 1045 175 1069 rissimis
190 1045 314 1073 ministro,
325 1046 418 1070 custodi
428 1048 450 1069 et
461 1046 596 1076 quai-diano
608 1047 686 1071 sancti
696 1047 820 1071 Francisci
826 1067 832 1076 ‚
845 1055 915 1077 quam

74 1092 128 1115 vide
145 1092 200 1114 intra
219 1098 272 1120 pag.
289 1092 346 1121 560,
363 1096 415 1115 nota
434 1093 456 1116 t.
473 1094 535 1121 Sign.
554 1094 579 1116 D.

138 1138 162 1161 4.
178 1138 277 1166 Ibidem,
296 1139 348 1162 cod.
365 1140 402 1162 98.
420 1141 490 1162 chart.
510 1140 532 1162 in
550 1141 571 1162 S.
588 1146 647 1163 saec.
669 1141 729 1164 ΚΝ.
746 1153 777 1158 -
793 1142 839 1164 Fol.
858 1142 877 1164 1.
895 1148 915 1164 r.

76 1184 184 1207 habetur:
201 1184 286 1214 Incipit
300 1185 415 1215 proloqus
432 1185 456 1209 in
473 1186 547 1209 vitam
564 1186 625 1210 beati
639 1187 772 1211 Francisci.
794 1188 853 1215 Alia,
876 1188 916 1210 sed

76 1231 168 1260 antiqua
193 1238 276 1255 manus
301 1233 355 1255 huic
380 1233 443 1255 titulo
469 1234 588 1261 praemisit
605 1233 689 1257 verba:
706 1235 753 1258 Hac
768 1236 802 1258 est
819 1235 917 1264 teqenda

75 1277 154 1301 maior
170 1277 231 1302 beati
246 1278 377 1302 Francisci.
394 1280 481 1302 Desinit
497 1284 521 1303 nt
539 1281 562 1303 in
580 1281 646 1304 editis
659 1282 695 1304 [οΙ.
709 1282 760 1304 101.
774 1288 795 1304 V.
810 1288 862 1304 cnm
876 1284 917 1305 hac

77 1324 206 1347 additione:
224 1325 363 1354 Eoepliciunt
380 1326 501 1349 miracuta
517 1327 595 1350 sancti
610 1328 746 1357 Francz‘sct,
761 1330 806 1352 Deo
818 1329 917 1359 qratias.

76 1370 152 1394 Finito
170 1371 243 1400 libro,
254 1372 284 1395 sit
296 1372 349 1396 laus
361 1374 382 1396 et
393 1372 472 1402 qtoria
483 1374 540 1397 Xto.
551 1375 620 1398 Anno
633 1375 728 1398 Domini
738 1375 917 1399 MGGGLXXV.

76 1417 157 1448 finitus
174 1420 208 1442 est
225 1418 283 1442 liber
299 1419 341 1443 iste
355 1426 399 1449 per
416 1426 503 1443 manus
521 1421 618 1445 IIenrici
633 1421 767 1445 Heltielniclc
789 1422 869 1452 quinta
887 1423 919 1452 se-

76 1465 115 1489 ria
129 1467 184 1496 post
199 1466 403 1490 circumcisionem
419 1467 527 1495 Domini,
544 1468 605 1491 liora
623 1468 699 1492 tertia.
717 1470 781 1497 sign.
799 1470 822 1492 E.

140 1513 161 1535 5.
178 1512 278 1540 Ibidem,
295 1513 348 1535 cod.
370 1514 418 1535 110.
435 1514 534 1536 membr.
553 1514 575 1536 in
593 1514 615 1537 4.
626 1521 686 1537 saec.
699 1515 758 1538 ΧΙΥ.
772 1515 876 1537 ineuntis.
889 1528 919 1531 —

77 1558 166 1581 Titulus
182 1559 250 1581 huius
266 1559 344 1587 operis
354 1564 389 1582 est
400 1559 436 1582 tol.
453 1560 470 1582 Ι.
482 1560 517 1582 his
529 1560 619 1583 verbis:
630 1561 714 1590 Inctpit
725 1561 839 1591 proloqns
851 1562 876 1585 in
888 1562 919 1585 lc-

77 1604 153 1634 qenda
170 1604 231 1628 beati
241 1605 372 1629 Franci-sci.
384 1606 502 1635 Apparuit
514 1607 594 1636 qratia
608 1607 649 1630 Dei
659 1611 701 1630 etc.
713 1608 810 1631 Desinit:
822 1608 860 1632 Act
870 1608 920 1632 tau-

77 1651 130 1674 dem
142 1651 214 1675 unius
225 1652 269 1675 Dei
284 1654 306 1676 et
322 1652 387 1680 trini,
400 1652 441 1682 qai
453 1653 506 1676 vivit
518 1655 541 1676 et
551 1655 637 1683 reqnat
650 1653 674 1677 ia
685 1654 764 1678 secula
776 1655 920 1678 secutorum.

78 1699 161 1721 Amen.
174 1698 221 1726 Qui
235 1698 330 1728 scripsit
346 1698 442 1726 scribat,
454 1706 547 1729 semper
559 1706 613 1723 cum
625 1700 725 1724 Domino
738 1701 806 1724 cit-at.
819 1702 882 1730 Sign.
894 1703 918 1724 F.

141 1744 163 1766 6.
179 1743 277 1772 Ibidem,
298 1745 349 1768 cod.
369 1745 406 1768 46.
423 1745 520 1768 membr.
538 1746 561 1768 in
575 1746 627 1768 tolio
639 1753 698 1769 saec.
711 1747 767 1770 xlii.
779 1750 831 1770 ante
841 1748 921 1770 tinem.

78 1802 110 1807 —
126 1791 184 1814 Huic
200 1792 266 1820 operi
283 1792 448 1820 praemittitur:
471 1792 554 1822 Incipit
577 1792 693 1822 proloqus
715 1793 740 1816 in
764 1793 837 1817 cilum
862 1794 922 1818 beati

78 1837 208 1862 Francisci.
225 1839 344 1868 Apparuit
361 1839 441 1868 qratia
457 1840 500 1863 Dei
515 1843 559 1863 ete.
571 1841 657 1863 Desinit
669 1847 722 1864 cum
734 1841 862 1864 additione:
875 1842 922 1865 Eoe-

76 1883 180 1913 pliciunt
195 1884 315 1908 miracula
330 1887 383 1915 post
400 1886 528 1909 transitum
546 1886 608 1910 beati
622 1887 746 1910 Francisci
761 1889 863 1911 ostensa.
874 1888 921 1911 Deo

78 1930 180 1960 ⁴aralius.
197 1932 261 1960 Sign.
276 1933 304 1954 G.

143 1977 165 2000 7.
182 1977 329 2007 Florentiae,
355 1978 492 2003 bibliotheca
517 1980 653 2008 Nationalis‚
677 1981 730 2003 cod.
747 1981 771 2003 C.
789 1982 827 2004 ix.
853 1982 921 2005 2878.

79 2025 151 2047 chart.
169 2025 192 2047 in
210 2026 231 2047 8.
247 2031 307 2048 saec.
324 2026 384 2048 XlV.
397 2038 426 2042 -—
438 2027 546 2054 Legenda
564 2027 663 2050 occurrit
680 2028 718 2050 tol.
735 2028 772 2050 43.
783 2034 802 2050 r.
812 2035 867 2051 cum
879 2030 922 2051 hoe

81 2069 158 2093 titulo:
175 2070 259 2100 Incipit
271 2071 389 2101 proloquii
406 2071 431 2094 in
447 2072 495 2095 vita
511 2071 573 2095 beati
588 2072 719 2096 Francis-ct.
736 2074 856 2103 Apparuit
869 2080 923 2104 qra-

81 2115 113 2138 tia
130 2116 173 2139 Dei
188 2119 231 2139 etc.
250 2117 335 2140 Desinit
352 2118 388 2139 tol.
407 2117 444 2140 53.
461 2124 484 2140 v.
503 2121 526 2140 nt
542 2118 565 2140 in
583 2118 649 2140 editis
667 2125 720 2141 cum
732 2119 861 2142 additione:
872 2120 924 2143 Ecc-

78 2162 180 2192 pliciunt
197 2163 297 2193 quedam
309 2163 429 2188 miracula
437 2166 603 2194 postmortem
615 2164 677 2189 beati
685 2166 810 2189 Francisci
820 2168 921 2190 ostensa.

81 2209 129 2232 Deo
145 2209 245 2238 qratzas.
261 2210 325 2238 Sign.
342 2211 358 2233 l.

140 2257 163 2279 8.
179 2255 280 2285 Ibidem,
299 2257 352 2280 cod.
367 2257 393 2281 C.
409 2258 448 2280 tx.
466 2258 535 2281 4³88.
557 2258 657 2281 membr.
678 2259 701 2281 in
720 2259 757 2282 16.
778 2265 838 2282 saec.
862 2260 924 2283 xw.

80 2302 141 2326 eirea
153 2303 309 2327 medietatem.
325 2317 356 2321 -
372 2305 493 2333 Legendae
505 2306 658 2333 praemittitur
670 2305 746 2329 tabula
763 2307 924 2335 capitulorum,

83 2349 167 2372 deinde
184 2351 222 2373 tol.
239 2351 276 2373 ⁴3.
293 2357 324 2374 r.:
341 2351 426 2381 Incipit
438 2351 556 2382 proloqus
572 2352 598 2375 in
619 2352 693 2376 vitam
710 2352 770 2376 beati
785 2353 920 2382 Francisci,

83 2402 143 2425 quae
159 2397 242 2420 desinit
256 2404 309 2426 cap.
326 2398 377 2421 XV.
394 2399 432 2421 tol.
450 2399 487 2422 95.
503 2405 532 2427 r..
553 2399 646 2422 addim:
672 2399 776 2429 Empticit
792 2400 841 2424 vita
864 2400 926 2424 beati

83 2443 213 2467 Francisci.
230 2444 286 2468 Hinc
302 2446 340 2468 tol.
358 2445 410 2468 402.
422 2452 441 2468 r.
453 2446 557 2474 sequitur
573 2447 682 2474 Legenda
697 2447 773 2470 minor
784 2453 838 2470 cum
850 2448 924 2470 indice

83 2490 253 2515 distinctionum
270 2495 293 2516 et
309 2493 432 2516 lectionum
444 2496 466 2516 et
476 2493 569 2515 tandem
582 2494 619 2516 sol.
632 2494 684 2516 «26.
695 2500 731 2516 v.:
745 2493 862 2524 Incipiunt
873 2501 925 2524 que-

84 2537 139 2562 dam
155 2538 183 2562 de
199 2538 324 2572 miraculi-3
341 2539 415 2569 ipsius
429 2541 484 2569 post
504 2541 606 2563 mortem
626 2540 739 2568 ostensis,
760 2542 781 2564 et
800 2541 880 2571 primo
897 2541 926 2564 de

82 2583 210 2608 virtutum
225 2591 354 2609 naci-oram
370 2585 516 2615 stiqmatum.
532 2586 620 2609 Desinit
637 2587 673 2609 sol.
691 2587 744 2609 1158.
760 2593 779 2609 r.
797 2590 821 2609 ut
842 2587 864 2609 'm
880 2587 926 2610 edi-

84 2629 120 2653 tis.
137 2630 247 2654 Additur:
263 2630 404 2660 ampliatum
419 2631 520 2661 quedam
536 2631 564 2656 de
579 2632 704 2656 miraculis
719 2632 782 2656 beati
799 2633 927 2657 francisci

83 2678 138 2706 poet
153 2679 254 2702 nmium
269 2678 377 2702 ostensa.
395 2679 475 2702 Manus
491 2680 605 2708 posterior
620 2681 678 2703 haec
692 2680 795 2703 notavit:
811 2681 856 2703 Iste
871 2686 926 2710 pre-

84 2729 136 2747 sens
154 2723 212 2747 liber
228 2730 352 2749 concauus
373 2727 408 2749 est
428 2725 461 2749 ad
476 2732 547 2750 usum
563 2726 622 2755 mei,
640 2726 725 2757 naa-is
742 2727 827 2757 Anqeli
846 2728 926 2757 Vaqus

83 2770 200 2800 aeoliam
218 2771 243 2795 in
257 2772 342 2796 ordine
358 2772 480 2796 Minoi-um
492 2773 520 2796 de
531 2773 668 2802 Mutinam,
682 2774 805 2804 provincie
820 2774 927 2798 Marcliie

84 2818 108 2840 et
120 2817 225 2841 custodie
240 2818 326 2842 Exim.
337 2819 369 2844 Et
380 2819 483 2848 pertinet
497 2819 531 2843 ad
546 2826 618 2843 usum
629 2820 774 2844 novitiorum
789 2822 925 2844 conventus.

83 2862 133 2891 Qui
145 2870 185 2887 me
198 2865 299 2894 furatur
314 2865 351 2888 vel
366 2865 463 2894 reddat,
480 2865 517 2889 vet
531 2866 660 2890 ntor-fatur.
677 2868 759 2891 Amen.
778 2867 841 2895 Sign.
859 2868 886 2890 Μ.

146 2911 169 2933 9.
185 2910 272 2935 Montis
289 2911 417 2940 Alveruae,
438 2912 575 2935 bibliotheca
591 2913 737 2941 Conventus,
753 2913 806 2936 cod.
828 2913 926 2936 membr.

87 2957 108 2979 in
124 2957 162 2980 tol.
177 2964 237 2981 saec.
254 2959 314 2982 XlV.
330 2972 361 2975 —
378 2959 424 2982 Fol.
441 2960 494 2982 283.
511 2966 534 2982 v.
551 2960 646 2988 legitur:
662 2959 746 2990 Incipit
757 2959 854 2990 quenda
867 2959 930 2983 beati

1672 220 1809 249 LXXXVH

968 298 1104 326 Francisci,
1130 298 1265 328 simulatoris
1290 298 1381 322 ordinis
1405 298 1542 326 illinorum;
1559 298 1642 321 deinde
1660 298 1696 320 tol.
1712 304 1761 327 seq.
1778 304 1809 320 r.:

969 344 1088 374 Apparuit
1104 344 1183 374 qratia
1200 344 1243 368 Det
1258 344 1385 368 saluatoris
1402 348 1445 368 etc.
1462 345 1548 367 Desinit
1560 345 1596 367 sol.
1610 345 1662 367 296.
1675 351 1710 367 r.:
1722 345 1812 374 Iltaqni-

968 391 1060 420 ficentia
1080 391 1173 414 virtutis
1190 392 1315 420 Attissinn',
1333 392 1373 415 cui
1388 393 1423 416 est
1440 391 1516 415 honor
1532 393 1555 415 et
1570 391 1649 421 qlorict
1662 398 1707 421 prr
1719 391 1811 422 infinita

969 437 1049 461 secula
1065 438 1209 461 secutorum.
1226 440 1309 462 Amen.
1327 439 1389 467 sign.
1407 440 1434 461 K.

1034 484 1070 506 10.
1088 484 1185 512 Romae,
1203 484 1341 508 bibliotheca
1359 485 1479 512 Vaticana,
1504 485 1556 508 eod.
1579 485 1647 508 7570.
1674 484 1772 507 membr.
1789 485 1812 507 in

971 529 991 552 4.
1008 536 1069 552 saec.
1087 531 1146 553 XIV.
1162 543 1193 547 —
1210 531 1255 553 Fol.
1273 532 1295 554 «1.
1313 538 1335 553 v.
1352 531 1435 559 legitur
1457 537 1556 561 sequens
1578 531 1742 559 praemonitio:
1765 531 1812 554 Heu

969 576 1048 599 maior
1065 576 1114 600 vita
1130 577 1178 600 sire
1195 577 1293 607 quenda
1310 577 1370 601 beati
1385 578 1510 602 Francisci
1525 584 1572 608 pro
1594 577 1739 608 edificatione
1761 578 1812 607 fra-

970 624 1048 650 trum,
1067 623 1091 646 in
1108 623 1158 647 loco
1175 623 1277 653 quolibet
1293 624 1410 648 habeatur
1429 626 1452 648 ec
1458 626 1534 654 polest
1546 624 1593 654 teqi
1602 624 1634 648 ad
1645 631 1752 648 mensam
1768 631 1812 654 per

971 671 1044 693 totam
1061 672 1167 694 octavam
1185 671 1273 694 natalis
1291 671 1352 694 beati
1367 672 1496 695 Francisci.
1513 672 1593 696 itiner
1609 674 1688 696 autem
1701 671 1811 701 liventia,

971 724 1016 747 que
1032 717 1060 740 de
1077 717 1121 741 liac
1137 720 1249 747 excerpta
1266 720 1312 747 est,
1326 718 1386 748 poni
1396 718 1461 742 debet
1471 719 1494 742 in
1511 719 1576 742 tibris
1588 719 1723 743 choralibus
1735 721 1757 742 et
1768 719 1814 749 leqt'

972 764 1103 788 secundum
1119 771 1177 788 suas
1194 764 1353 788 distinctiones
1370 765 1395 788 in
1411 765 1574 795 sestirilatibus
1587 765 1648 789 becalt
1658 765 1783 789 Francisci
1792 768 1815 789 et

969 817 1013 841 per
1030 813 1138 835 octavam
1155 812 1242 835 natalis
1259 812 1309 835 eius
1326 814 1347 836 et
1369 812 1392 835 in
1419 812 1542 836 breviariis
1563 812 1716 843 pol-talilibus
1740 815 1814 843 potest

971 858 1034 887 poni.
1052 858 1185 888 Scriptores
1202 865 1259 888 erqo
1276 859 1450 888 compellantur
1467 861 1544 882 tenere
1558 859 1697 889 punctiones
1719 861 1741 882 et
1758 859 1813 882 litte-

971 911 1026 928 ram
1043 905 1189 934 caeemplaris
1205 907 1227 928 et
1243 911 1325 929 corum
1343 912 1437 929 errores
1455 906 1524 929 ittarta
1541 905 1619 935 ipsum
1636 905 1759 935 eremptnr
1769 912 1813 935 per

971 951 1078 981 fratrum
1095 951 1242 981 ditiqentiam
1260 952 1423 981 corriqantur.
1445 952 1530 981 Incipit
1551 951 1667 981 proloqus
1692 952 1716 974 iii
1741 951 1814 975 ritum

972 997 1033 1021 baali
1050 998 1181 1022 Fraucisci.
1199 999 1318 1028 Apparuit
1334 1002 1375 1022 etc.
1393 1000 1501 1022 Ultimum
1520 999 1644 1028 capitulum
1663 999 1773 1021 dividitur
1791 999 1814 1021 in

972 1051 1057 1068 novem
1083 1046 1203 1074 lectiones,
1229 1047 1291 1075 quod
1314 1047 1426 1069 indicatur
1444 1047 1478 1069 his
1503 1046 1594 1069 verbis:
1611 1045 1754 1075 Marqinalls
1772 1052 1814 1069 ru-

976 1092 1049 1119 brica,
1066 1099 1110 1122 quc
1127 1092 1182 1115 huic
1198 1092 1301 1122 capituto
1323 1093 1451 1122 apponitur
1468 1099 1571 1122 semper,
1596 1092 1658 1116 sicut
1681 1092 1718 1115 ltt'c
1738 1091 1815 1120 vicies,

974 1138 1056 1162 tenebit
1073 1145 1097 1161 in.
1114 1139 1235 1168 marqine,
1253 1145 1294 1162 nec
1311 1139 1384 1162 simul
1401 1145 1455 1162 cum
1472 1139 1533 1167 alia,
1545 1146 1589 1168 quc
1601 1140 1678 1162 temtus
1695 1138 1816 1162 continua-

974 1185 1021 1207 tica
1033 1186 1073 1212 est,
1085 1184 1235 1214 aliquatenus
1252 1185 1315 1208 (lebet
1328 1185 1393 1215 poni.
1409 1186 1469 1208 Ilaec
1485 1185 1575 1208 rubris-a
1588 1187 1622 1208 est
1633 1185 1718 1207 circulo
1730 1185 1815 1207 inclusa

974 1235 996 1254 et
1012 1232 1045 1254 sic
1062 1238 1086 1254 se
1104 1232 1185 1254 habet:
1202 1233 1230 1255 In
1246 1232 1304 1261 sesto
1321 1232 1485 1255 translationis
1503 1232 1536 1255 liti
1551 1231 1675 1255 Francisci
1691 1231 1734 1255 tcto
1751 1238 1815 1261 pnza.

974 1279 1061 1302 Desinit
1078 1280 1115 1302 tol.
1133 1280 1141 1301 ι1
1153 1280 1156 1301 Ι
1166 1279 1185 1302 t.
1199 1286 1232 1302 xz:
1245 1279 1348 1308 Eapticit
1359 1279 1406 1302 rita
1419 1279 1479 1302 beati
1489 1279 1619 1303 Francisci.
1632 1279 1752 1309 Incipiunt
1762 1286 1815 1309 que-

973 1326 1029 1349 dam
1047 1326 1074 1349 de
1091 1326 1217 1349 nu'racult's
1234 1326 1308 1356 ipsius
1323 1327 1377 1356 post
1393 1328 1494 1349 mortem
1518 1326 1616 1350 ostensis
1641 1328 1662 1350 at
1683 1326 1764 1356 primo
1789 1325 1817 1349 de

974 1373 1102 1396 virtutibus
1119 1379 1247 1396 sacrorum
1263 1372 1410 1402 stiqnzatum.
1427 1373 1488 1395 Ilaec
1504 1372 1575 1395 series
1591 1372 1755 1396 miraculorum
1778 1372 1818 1394 de-

975 1420 1027 1442 sinit
1044 1420 1065 1441 in
1083 1420 1162 1442 codice
1179 1420 1216 1442 sol.
1234 1419 1288 1442 ⁴131.
1304 1426 1328 1441 v.
1344 1419 1357 1448 ξς
1375 1419 1412 1442 lV.
1428 1426 1451 1441 n.
1465 1420 1488 1447 1,
1501 1421 1525 1442 ut
1537 1419 1650 1442 indIcatnr
1662 1419 1749 1442 ibidem
1762 1425 1816 1447 pag.

976 1467 1034 1494 555,
1052 1470 1103 1489 nota
1123 1467 1159 1489 10.
1176 1467 1239 1494 sign.
1257 1467 1283 1489 A.

1043 1514 1077 1535 11.
1093 1512 1192 1540 Ibidem,
1210 1513 1262 1535 cod.
1283 1514 1331 1535 121.
1349 1512 1449 1536 membr.
1463 1513 1487 1536 in
1505 1514 1543 1535 tol.
1565 1519 1625 1536 saec.
1648 1513 1704 1540 XV,
1721 1513 1750 1535 de
1770 1519 1817 1542 quo

975 1562 998 1582 et
1019 1566 1088 1587 snpra
1111 1560 1203 1586 egimus
1225 1565 1278 1587 pag.
1296 1560 1374 1582 XLVll
1391 1566 1413 1581 n.
1432 1560 1484 1582 439.
1501 1571 1532 1576 —
1548 1559 1595 1582 Fol.
1612 1560 1665 1582 290.
1681 1566 1700 1582 r.
1721 1560 1816 1587 legitur:

979 1606 1031 1629 Vita
1045 1606 1123 1629 sancti
1133 1606 1256 1629 Francisci
1267 1606 1345 1629 maior
1356 1606 1446 1629 ordinis
1458 1606 1573 1629 Fratrum
1585 1605 1706 1629 Minor-um
1718 1605 1817 1635 feliciter

977 1652 1065 1682 incipit.
1082 1652 1199 1682 Apparuit
1216 1655 1259 1675 etc.
1276 1653 1361 1675 Desinit
1378 1653 1416 1675 tol.
1428 1653 1480 1675 318.
1493 1659 1516 1674 v.
1533 1656 1558 1675 nt
1574 1653 1595 1675 in
1616 1653 1691 1675 editis.
1711 1653 1773 1681 Sign.
1790 1653 1816 1675 L.

1041 1699 1077 1720 H.
1094 1698 1193 1726 latitem,
1210 1698 1348 1721 bibliotheca
1366 1698 1460 1727 Collegii
1476 1699 1547 1721 saneti
1559 1699 1638 1722 Isidori
1649 1699 1816 1726 Hibernorum,

977 1744 1029 1767 cod.
1054 1744 1090 1766 to.
1116 1744 1213 1767 membr.
1239 1745 1261 1767 in
1284 1744 1305 1767 4.
1326 1745 1409 1767 saeculi
1427 1745 1485 1767 XlV.
1501 1757 1532 1762 ·-—
1548 1746 1595 1767 Fol.
1619 1746 1640 1767 ll.
1661 1751 1680 1768 r.
1697 1745 1819 1773 Legentlae

977 1792 1144 1820 praemittitur:
1162 1791 1246 1821 Incipit
1258 1792 1376 1821 proloqus
1393 1791 1417 1814 in
1432 1792 1506 1815 citam
1523 1791 1584 1815 beati
1599 1791 1818 1821 F1·c1nct›·cz'.Appa-

976 1838 1027 1861 ruit
1043 1841 1086 1861 etc.
1103 1839 1189 1861 Desinit
1206 1840 1244 1861 tol.
1262 1839 1313 1861 68.:
1330 1838 1367 1862 Act
1383 1838 1477 1862 landem
1494 1840 1516 1862 et
1531 1839 1634 1869 qtoriam
1650 1838 1723 1862 unius
1740 1838 1784 1862 Dei
1798 1840 1820 1862 et

978 1884 1048 1913 trini,
1067 1884 1110 1914 qui
1124 1884 1181 1908 citit
1195 1886 1218 1908 et
1233 1886 1319 1914 reqnat
1335 1885 1358 1908 in
1375 1885 1462 1908 secula.
1480 1886 1562 1909 Amen.
1585 1885 1724 1915 Expliciunt
1745 1885 1819 1908 mira-

978 1930 1033 1954 cuta
1042 1932 1096 1960 post
1108 1930 1237 1954 transitum
1249 1931 1311 1955 beati
1320 1931 1444 1955 Francisci
1455 1933 1556 1955 ostensa.
1569 1931 1615 1955 Deo
1627 1931 1727 1961 qratias.
1737 1932 1818 1955 Amen.

979 1978 1043 2006 sign.
1060 1979 1087 2001 ll.

1041 2026 1125 2048 Textus
1141 2025 1210 2048 huius
1226 2026 1348 2053 Legendae
1364 2026 1386 2048 in
1404 2026 1512 2048 Vaticana
1534 2026 1635 2048 editione
1655 2025 1732 2048 minus
1748 2031 1819 2054 quam

979 2072 1001 2093 in
1018 2071 1067 2094 aliis
1085 2072 1107 2094 S.
1125 2072 1229 2095 Docwris
1252 2073 1369 2100 opusculis
1392 2076 1516 2100 corruptus
1539 2075 1581 2095 est.
1606 2072 1757 2095 Nihilominus
1774 2073 1820 2095 ade

978 2118 1094 2141 honorum
1123 2119 1230 2142 codicum
1255 2125 1325 2147 supra
1348 2120 1514 2142 recensitorum
1540 2119 1561 2141 in
1587 2119 1688 2148 qualibet
1712 2120 1819 2142 columna

979 2165 1046 2192 plura
1063 2165 1160 2193 menda,
1176 2165 1292 2188 interdum
1310 2166 1364 2187 satis
1381 2166 1460 2193 gravia
1482 2166 1607 2189 emendare
1631 2167 1756 2194 potuimus.
1774 2167 1820 2189 Sin-

979 2212 1059 2240 gulare
1077 2212 1135 2234 inter
1152 2212 1243 2234 codices
1260 2212 1359 2240 pretinm
1385 2212 1454 2235 habet
1471 2212 1523 2235 cod.
1540 2213 1663 2235 Vaticanus
1680 2213 1698 2235 Α
1716 2212 1747 2241 (n.
1766 2213 1820 2242 tO.),

980 2260 1005 2280 ut
1020 2259 1067 2280 iam
1084 2264 1111 2280 ex
1128 2258 1266 2286 monitione,
1283 2265 1353 2287 quam
1366 2259 1487 2287 Legendae
1499 2260 1636 2287 praemittit,
1647 2260 1721 2282 videri
1738 2263 1821 2288 potest.

979 2304 1038 2328 Cum
1057 2311 1084 2327 eo
1100 2305 1194 2333 saepius
1218 2305 1358 2328 conveniunt
1373 2306 1418 2327 BG
1435 2309 1457 2328 et
1473 2312 1520 2328 non
1536 2312 1589 2328 raro
1614 2306 1683 2329 etiam
1701 2307 1745 2329 llil.
1762 2307 1821 2329 Atta·

981 2357 1034 2374 men
1050 2352 1057 2373 l
1075 2355 1097 2374 et
1113 2352 1182 2374 etiam
1198 2352 1215 2374 B
1231 2358 1301 2380 saepe
1316 2352 1347 2374 ab
1364 2352 1414 2374 aliis
1430 2352 1552 2375 discedunt
1567 2352 1701 2381 praebendo
1714 2353 1822 2376 lectIOnes

981 2400 1077 2421 omnino
1094 2399 1259 2427 improbabiles
1275 2402 1298 2422 et
1321 2400 1462 2428 quandoque
1487 2400 1606 2423 manifeste
1623 2401 1724 2423 vitiosas.
1741 2401 1823 2423 Notan-

980 2445 1037 2468 dum
1055 2449 1146 2473 autem,
1163 2446 1225 2474 quod
1243 2447 1275 2473 Α,
1291 2446 1343 2468 licet
1359 2446 1473 2474 optimus,
1491 2446 1637 2469 nihilominus
1652 2447 1767 2469 interdum
1785 2447 1822 2470 de·

980 2492 1039 2520 ficit,
1057 2495 1082 2514 ut
1097 2492 1226 2515 secundum
1238 2493 1295 2515 alios
1307 2492 1391 2520 corrigi
1403 2492 1515 2516 debuerit.
1528 2494 1588 2516 Raro
1600 2495 1685 2516 textum
1697 2493 1822 2516 vaticanae

979 2539 1088 2561 editionis
1105 2539 1258 2567 mutavimus,
1275 2539 1319 2561 nisi
1336 2540 1382 2562 tere
1397 2546 1478 2562 omnes
1489 2540 1580 2562 codices
1597 2540 1752 2562 invenerimus
1769 2545 1824 2563 con-

981 2585 1105 2607 sentientes
1119 2588 1143 2607 et
1158 2587 1237 2607 contra
1255 2585 1315 2607 illam
1330 2586 1455 2608 editionem
1474 2588 1589 2609 testantes.
1606 2587 1725 2609 praeterea
1746 2589 1823 2609 notan-

979 2631 1052 2658 dum,
1077 2632 1138 2654 solos
1157 2631 1229 2655 codd.
1245 2631 1252 2654 l
1270 2635 1292 2654 et
1307 2632 1328 2654 K
1349 2631 1462 2660 praebere
1486 2633 1606 2662 quoddam
1630 2633 1767 2656 miraculum
1793 2634 1823 2656 ab

980 2678 1031 2701 aliis
1047 2678 1168 2701 omissum.

1044 2724 1112 2747 Edi
1139 2724 1288 2753 (Florentina,
1313 2731 1351 2747 an.
1377 2725 1446 2754 ⁴509)
1472 2726 1611 2755 plerumque
1634 2732 1687 2749 cum
1713 2727 1824 2750 Vaticana

981 2770 1097 2796 convenit.

1195 2841 1225 2865 11.
1243 2841 1333 2866 conces
1350 2848 1364 2866 a.
1380 2841 1444 2866 nobis
1459 2849 1504 2865 non
1520 2842 1607 2866 collati.

1045 2913 1084 2935 ⁴3.
1100 2912 1184 2936 Assisii
1199 2912 1221 2935 in
1241 2912 1348 2940 Umbria,
1368 2912 1506 2936 bibliotheca
1523 2914 1578 2936 olim
1594 2914 1728 2937 Conventus
1749 2914 1822 2937 sancti

983 2959 1108 2987 francisci,
1120 2965 1181 2982 nunc
1191 2959 1360 2987 Communalis,
1376 2960 1428 2983 ood.
1446 2978 1451 2983 .
1469 2977 1475 2983 .
1493 2977 1500 2983 .
1516 2960 1615 2983 membr.
1626 2961 1649 2984 in
1663 2961 1683 2983 t.
1696 2967 1756 2984 saec.
1769 2961 1825 2984 xm.
