2133 3317
270 232 395 262 LXXVIII

272 310 363 334 noviter
384 309 523 339 reliyionem
539 308 664 331 intrantes.
682 305 765 335 Incipit
772 305 897 335 proloyus.
911 303 1065 327 Renocamini
1076 306 1119 326 etc.

271 358 358 380 Desinit
375 357 412 379 rol.
428 357 463 378 11.
481 363 505 378 v.
517 358 541 378 ut
554 355 577 377 in
594 354 668 376 editis.

336 404 373 426 12.
393 402 539 429 Golmariae,
562 400 700 423 bibliotheca
718 399 832 426 Civitatis,
856 399 906 421 cod.
929 397 1027 420 membr.
1049 397 1071 420 in
1098 398 1119 420 8.

272 457 335 474 num.
353 454 430 477 vacat,
449 455 508 472 saec.
521 448 572 471 XV.
586 460 615 463 —
626 447 728 470 Rubrica
739 446 866 474 praesentis
878 445 983 474 opusculi
1000 444 1121 467 exhibetur

272 497 325 520 solio
346 497 395 519 125.
412 503 435 518 v.
452 494 586 524 seqentibus
603 493 694 516 verbis:
712 492 798 522 Incipit
813 491 872 515 liber
885 491 1064 522 informationis
1081 497 1120 515 no-

273 543 385 567 vitiorum
397 549 413 565 a
424 542 501 572 fratre
512 541 681 564 Bonaventura
693 539 768 563 editus
781 538 808 561 de
822 538 931 562 doctrina
942 538 1087 561 novitiorum
1099 539 1121 561 et

274 588 432 620 quorumlibet
448 587 624 617 religiosorum.
643 586 768 616 Proloqus.
785 585 958 615 Reformamini
974 588 1016 608 etc.
1034 585 1120 608 Desinit

273 637 310 659 sol.
329 637 382 658 128.
398 642 421 657 v,
439 635 468 657 ad
487 634 559 657 verba
576 640 628 661 cap.
642 634 664 656 ὅ.
676 639 698 655 n.
712 634 737 655 2:
757 632 877 655 Paulatim
894 631 984 655 incidas
994 637 1082 661 panem
1099 633 1120 655 el

273 683 363 705 ruinam.
381 682 440 704 Folia
455 681 573 710 sequentia
586 681 678 702 suerunt
694 679 815 701 abstracta.

338 730 374 751 13.
393 728 531 756 Craeociae,
549 727 687 750 bibliotheca
704 726 873 753 Universitatis‚
890 726 941 748 cod.
959 726 986 748 Α.
994 726 1020 748 Α.
1032 725 1070 748 XI.
1083 725 1121 747 26.

273 778 345 799 chart.
362 776 383 798 in
402 776 422 798 4.
441 781 500 797 saec.
513 775 565 797 XV.
582 774 641 796 circa
660 773 771 796 medIum.
782 785 813 789 —-
825 773 873 795 Hoc
890 772 1028 800 opusculum
1044 773 1121 794 locum

273 823 343 846 habet
359 825 411 851 post
428 822 471 844 alia
489 821 540 844 1'0110
557 827 576 843 r.
594 827 640 843 nou
658 823 790 847 numerato,
808 826 861 842 cum
879 820 922 841 hac
938 818 1046 841 rubrica:
1065 818 1121 842 Inci-

270 869 307 899 pit
324 868 468 892 tractatulus
487 867 554 890 vaide
571 866 637 890 utilis
654 866 682 890 de
698 866 866 896 informatione
886 865 999 889 iuvenum
1016 867 1038 888 et
1058 865 1121 888 novi-

274 916 363 939 tiorum
381 916 554 938 Bonaventure.
572 913 745 944 Refornzamini
761 916 804 935 etc.
822 913 908 935 Desinit
933 915 957 935 ut
974 913 1025 935 cod.
1052 913 1057 934 1
1077 912 1121 941 (su-

274 970 314 992 pra
333 969 356 985 n.
374 962 418 991 4.):
435 964 457 985 et
472 961 575 992 finaliter
598 961 644 984 erit
667 960 709 984 tibi
724 959 793 988 bene,
817 959 873 989 quia
895 959 1001 989 qratiam
1026 958 1120 982 habebis

274 1010 298 1032 in
315 1009 422 1039 presenti
437 1010 459 1031 et
481 1007 585 1038 ylariani
602 1007 626 1030 in
648 1007 738 1037 futuro.
758 1006 836 1034 Quam
859 1005 925 1029 nobis
947 1004 1060 1028 concedat
1081 1004 1123 1034 qui

274 1057 324 1080 sine
340 1056 387 1087 fine
403 1055 460 1079 vivit
476 1057 498 1078 et
514 1056 600 1084 reqnat
616 1053 639 1077 in
652 1053 733 1077 secula
745 1053 889 1076 seculorum.
902 1053 984 1075 Amen.
1000 1052 1032 1075 De
1050 1051 1121 1081 infor-

274 1103 378 1127 matione
395 1102 540 1126 novitiorum
557 1103 578 1125 et
590 1101 703 1125 iuvenum
720 1100 811 1123 domini
829 1100 995 1123 Bonaventure
1011 1098 1122 1122 cardina-

275 1150 304 1174 lis
324 1150 420 1174 Ordinis
437 1150 545 1180 flatrum
564 1148 687 1173 Minoi-um
703 1147 762 1178 finit.

339 1197 375 1219 14.
404 1195 536 1224 Gottioicii‚
554 1195 693 1218 bibliotheca
725 1194 866 1221 Monasterii,
892 1193 944 1216 cod.
969 1194 1023 1215 258.
1049 1192 1121 1222 (457.)

276 1246 347 1267 chart.
365 1244 388 1266 in
406 1243 427 1265 4.
444 1249 504 1265 saec.
517 1243 569 1265 XV.
585 1254 617 1258 —-
633 1241 733 1264 Rubrica
751 1241 819 1263 huius
831 1240 936 1268 opusculi
954 1240 1054 1262 occurrit
1070 1239 1123 1261 solio

277 1290 328 1313 479.
346 1297 364 1312 r.
382 1289 472 1312 verbis:
491 1288 573 1318 Incipit
589 1288 674 1318 fratris
691 1288 857 1311 Bonaventure
874 1286 902 1309 de
921 1286 1067 1309 institutione
1084 1291 1123 1308 no-

275 1337 396 1360 vitiorum.
414 1337 466 1359 Post
492 1336 593 1358 tabulam
619 1335 735 1364 sequitur:
759 1334 886 1363 Proloyus.
902 1333 1057 1356 Renoeamim·
1078 1335 1122 1355 etc.

275 1385 364 1407 Desinit
380 1385 417 1406 sol.
436 1383 488 1406 1184.
505 1389 528 1405 V.
550 1383 714 1410 incompletum
734 1382 793 1411 (cap.
811 1382 832 1403 7.
851 1387 874 1403 n.
891 1380 935 1409 2.):
953 1386 1044 1410 semper
1058 1379 1090 1403 sis
1099 1379 1124 1403 in

276 1432 380 1459 ecclesia,
397 1433 526 1461 antequam
542 1430 644 1460 officiunt
662 1429 767 1453 inchoat.

340 1479 377 1500 15.
395 1479 476 1506 lenae,
494 1477 631 1499 bibliotheca
650 1476 821 1503 Universitatis,
838 1476 922 1499 collect.
945 1476 1060 1503 Bassiana,
1072 1475 1124 1498 cod.

278 1528 321 1548 oct.
340 1524 361 1547 4.
380 1526 450 1547 chart.
469 1531 528 1547 saec.
552 1524 602 1546 XV.
620 1523 726 1546 ineuntis.
744 1535 775 1539 —
792 1523 814 1545 ln
832 1525 896 1551 parte
913 1523 1026 1551 superiori
1043 1523 1079 1545 sol.
1103 1523 1125 1544 2.

277 1577 295 1593 r.
313 1570 422 1593 habetur:
441 1570 524 1599 Incipit
545 1570 625 1599 fornia.
642 1571 664 1592 et
685 1569 778 1598 remila,
802 1568 904 1598 qualiter
929 1568 1011 1591 debeat
1031 1567 1126 1597 quilibet

278 1618 381 1641 novitius
398 1617 528 1647 infbrmari
544 1616 674 1640 secundum
692 1617 894 1639 Bonacenluram.
912 1615 1066 1638 Renouamini
1083 1618 1126 1638 etc.

276 1666 337 1687 Finis
354 1667 388 1687 est
406 1666 443 1687 iol.
466 1666 499 1687 13.
510 1671 532 1686 v.
547 1663 639 1686 verbis:
652 1669 768 1686 venenam
781 1663 891 1692 aspidum
903 1662 946 1686 sub
959 1661 1026 1685 labiis
1043 1668 1126 1685 eorum

278 1712 339 1741 (cap.
364 1712 401 1734 15.
426 1718 449 1733 n.
474 1712 496 1733 2.
521 1711 627 1733 editionis
651 1710 759 1739 nostrae).
785 1709 874 1738 Quibus
898 1710 1005 1732 additur:
1023 1708 1127 1738 Explicit

277 1759 357 1788 forma
374 1758 520 1781 novitiorum
536 1757 621 1787 fratris
636 1758 808 1780 Bonavenlure.
827 1756 863 1780 Sit
881 1756 934 1779 laus
952 1756 1007 1779 Deo.

347 1807 379 1828 16.
398 1804 531 1833 Lambacii,
550 1804 688 1827 bibliotheca
713 1804 855 1831 Monasterii,
873 1804 924 1826 cod.
945 1803 998 1825 463.
1016 1804 1086 1826 chart.
1105 1803 1127 1825 in

279 1854 300 1875 8.
318 1858 377 1875 saec.
395 1853 446 1874 XV.
465 1852 570 1879 ineuntis,
588 1855 613 1874 ut
630 1857 699 1879 supra
723 1851 867 1877 notav1mus,
884 1856 939 1879 pag.
962 1851 1015 1873 XVI
1032 1857 1055 1872 n.
1074 1851 1126 1873 102.

278 1912 309 1916 —
327 1899 385 1922 Huic
401 1900 514 1927 opusculo
532 1899 567 1921 sol.
585 1898 623 1921 70.
640 1905 659 1921 r.
676 1898 831 1926 praemittitur
848 1904 948 1926 sequens
964 1897 1072 1920 rubrica:
1089 1898 1126 1920 In-

279 1946 335 1976 cipit
351 1947 469 1969 tra-clatus
480 1945 593 1975 magistri
604 1946 765 1969 Boneventure
777 1944 804 1968 de
816 1944 960 1968 institutione
972 1944 1125 1967 novitiorum.

279 1991 404 2021 Proloqas.
427 1991 552 2014 Veritatem
569 1991 720 2014 meditabitur
737 1992 821 2020 quitur
839 1997 918 2014 meum
935 1993 978 2014 etc.
995 1991 1060 2013 Hunc
1077 1996 1129 2018 pro-

278 2040 358 2067 logum
376 2040 497 2067 hucusque
514 2039 626 2061 ineditum
643 2038 698 2061 vide
714 2039 772 2061 infra
789 2045 843 2066 pag.
861 2038 964 2061 LXXIX.
988 2038 1023 2060 Ad
1040 2038 1128 2060 calcem

280 2086 348 2108 huius
367 2086 455 2113 prologi
473 2088 507 2107 est
524 2085 600 2107 tabula
624 2085 789 2113 capitulorum,
808 2085 892 2107 deinde
913 2085 1030 2113 sequitur:
1054 2085 1129 2107 Reno-

279 2131 371 2155 vamini
393 2131 418 2154 in
442 2131 545 2154 novitate
569 2137 652 2154 sensus
678 2134 720 2153 etc.
746 2130 833 2153 Desinit
861 2131 914 2153 solio
931 2131 968 2152 96.
993 2137 1012 2152 r.
1037 2129 1128 2153 verbis:

280 2180 369 2208 quanto
387 2185 402 2201 a
420 2177 501 2201 multis
518 2177 660 2207 possidetur.
682 2177 719 2200 Ad
740 2177 803 2207 quod
819 2183 862 2200 nos
876 2176 995 2206 perducat
1017 2176 1059 2207 qui
1079 2177 1129 2200 sine

279 2225 325 2255 fine
342 2225 400 2248 vivit
416 2226 437 2248 et
454 2226 539 2254 refluat
556 2224 581 2247 in
597 2224 678 2247 secula
694 2224 840 2247 seculorum.
858 2225 940 2246 Amen.

344 2272 380 2294 17.
399 2271 502 2301 Lipsiae,
524 2271 662 2294 bibliotheca
688 2271 846 2294 Universitatis
863 2271 968 2298 Paulina,
990 2271 1042 2293 cod.
1061 2270 1128 2293 1271.

281 2318 379 2341 membr.
402 2325 462 2341 saec.
487 2319 537 2341 XV.
563 2318 651 2347 (1454).
677 2331 707 2334 —
730 2318 846 2346 Opusculo
873 2318 1051 2346 praemittuntur
1072 2318 1129 2340 haec

281 2365 366 2387 verba:
384 2364 497 2394 Sequitur
515 2367 682 2394 consequenter
701 2364 759 2387 liber
776 2364 802 2387 de
819 2364 974 2387 instructione
985 2363 1131 2387 novitiorum

282 2411 374 2435 domini
390 2412 555 2435 Bonaeenture
575 2410 667 2439 deeoti;
683 2413 705 2434 et
727 2411 807 2440 primo
822 2412 948 2440 ponuntur
969 2410 1069 2434 metrica
1089 2410 1131 2433 hec

283 2458 362 2482 dicta:

441 2528 536 2556 Suscipe
553 2528 649 2550 vivendi
666 2528 793 2550 doctrinam
812 2527 955 2555 proticIendL

409 2576 483 2603 Quam
501 2574 541 2597 tibi
558 2575 679 2602 descripsit
696 2575 736 2603 qui
753 2574 858 2596 servulus
875 2576 908 2596 est
925 2573 1042 2601 Crucifixi3

409 2622 455 2644 Hec
473 2621 514 2644 tibi
532 2622 635 2644 doctrina
653 2621 746 2643 morahs
763 2621 791 2643 sit
809 2621 935 2647 medicIna5

409 2669 451 2691 Per
468 2674 538 2697 quam
556 2668 663 2696 proficias
680 2671 705 2690 ut
721 2668 826 2690 cauccior
844 2667 928 2690 amodo
946 2667 1000 2694 fias5

409 2715 470 2737 Bene
489 2716 604 2737 fervescas
621 2713 744 2737 virtutibus
756 2714 860 2743 undique
877 2720 974 2736 crescas.

348 2783 455 2811 Sequitur
473 2783 584 2811 prologus
601 2783 664 2806 libri:
683 2782 838 2806 Renovaminz'
854 2785 896 2805 etc.
910 2783 996 2805 Desinit
1012 2782 1064 2805 solio
1083 2783 1131 2804 ulti-

287 2837 325 2853 mo
342 2831 428 2853 codicis
445 2837 480 2852 v.:
497 2832 586 2860 quanto
604 2829 731 2853 ainabilius
745 2830 889 2860 possidetur.
902 2829 938 2853 Ad
949 2829 1013 2860 quod
1023 2835 1066 2852 nos
1075 2836 1130 2858 per-

285 2876 356 2900 ducat
374 2877 415 2906 qui
430 2877 480 2900 sine
496 2877 542 2907 fine
560 2877 615 2900 civit
625 2879 648 2900 et
664 2879 749 2906 regynat
764 2877 789 2900 in
800 2876 881 2900 secula
891 2876 1036 2900 seculorum.
1048 2876 1130 2899 Amen.

284 2922 343 2944 Hinc
360 2923 412 2950 pius
425 2923 524 2950 scriptor
536 2923 610 2945 addit:
623 2922 651 2945 Et
663 2923 696 2946 sic
707 2924 742 2946 est
757 2922 820 2953 finis.
832 2922 937 2952 Eoeplicit
954 2922 1012 2946 liber
1023 2921 1130 2945 omnium

284 2968 428 2992 tendentium
450 2970 472 2992 et
484 2968 603 2998 proficere
630 2968 757 2992 colentium
773 2970 795 2992 et
811 2970 922 2992 notanter
944 2968 1089 2992 novitiorum
1107 2968 1132 2991 in

968 225 1212 254 PROLEGOMENA
1233 225 1261 254 C.
1284 224 1313 252 II.

1175 309 1247 326 sacra
1259 302 1372 333 religione
1388 301 1479 326 domini
1491 302 1666 330 Bonaventure,
1686 301 1713 324 de
1733 300 1887 324 instructione
1905 300 2022 324 bonorum

1175 356 1283 378 morum,
1301 349 1422 380 quondam
1447 348 1579 373 cardinalis
1596 350 1617 372 et
1642 348 1747 371 ministri
1771 347 1896 377 aeneralis.
1922 349 2022 371 Demum

1176 397 1242 419 orate
1255 402 1302 426 pro
1319 396 1436 425 scriptore
1453 402 1531 418 unam
1548 396 1595 418 Aee
1612 395 1699 418 Maria.

1243 444 1275 465 18.
1293 442 1406 470 Londini,
1424 441 1563 464 bibliotheca
1587 442 1711 469 Harleana‚
1728 441 1779 464 cod.
1796 441 1865 464 3995.
1884 441 1981 464 membr.
2000 442 2023 464 in

1177 490 1198 513 4.
1215 496 1275 513 saec.
1293 490 1343 512 XV.
1363 503 1391 506 —
1409 489 1553 517 opusculum
1571 490 1615 511 hoc
1636 491 1671 511 est
1688 489 1727 510 sol.
1743 488 1781 510 50.
1804 495 1826 510 v.
1844 494 1897 510 cum
1915 487 2022 510 rubrica:

1178 536 1269 559 Tabula
1285 542 1357 565 super
1383 536 1514 559 tractatam
1534 535 1620 564 fratris
1645 535 1809 558 Bonaventure
1825 534 1853 558 de
1874 534 2023 558 instituendis

1175 582 1269 607 novitiis
1275 592 1284 612 ,·
1301 586 1324 605 et
1335 583 1414 611 incipit
1431 583 1477 605 sic:
1490 581 1662 611 Reformamini
1678 585 1720 604 etc.
1733 582 1819 604 Desinit
1837 584 1861 604 ut
1878 583 1899 603 in
1915 581 2023 604 editione.

1240 630 1276 652 19.
1294 629 1403 657 Medelci,
1422 628 1561 651 bibliotheca
1586 629 1729 656 Monasterst,
1754 629 1805 651 cod.
1823 629 1849 651 O.
1866 629 1903 650 20.
1930 629 2024 651 miscell.

1176 677 1199 698 in
1217 676 1238 698 4.
1255 682 1314 698 saec.
1336 675 1387 697 XV.
1405 687 1436 691 —
1453 675 1499 697 Fol.
1516 674 1570 697 295.
1587 681 1624 697 v.:
1642 674 1732 697 Tabula
1755 674 1841 704 fratris
1860 675 2025 697 Bonaventure

1177 723 1204 747 de
1221 722 1369 746 institucione
1385 721 1539 745 novitiorum.
1561 722 1614 744 Post
1630 722 1733 744 tabulam
1755 722 1870 750 sequitur:
1889 721 2025 744 Renovami-

1176 770 1203 793 ni
1219 772 1261 792 etc.
1280 769 1362 792 Desinit
1382 769 1418 791 sol.
1431 769 1484 791 310.
1497 774 1527 790 r.:
1537 769 1626 798 quanto
1638 775 1653 791 a
1669 768 1750 791 maltis
1761 767 1903 797 possidetur.
1916 767 1952 791 Ad
1963 767 2026 797 quod

1176 822 1220 839 nos
1236 815 1353 846 perducat
1369 815 1411 845 qui
1427 818 1470 838 etc.

1241 864 1279 885 20.
1296 862 1395 890 Ibidem,
1416 862 1468 884 cod.
1489 862 1514 884 N.
1543 862 1575 883 10.
1595 863 1667 884 chart.
1685 862 1707 884 in
1730 861 1750 884 1.
1770 867 1832 884 saec.
1851 861 1903 884 XV.
1919 874 1949 878 —
1966 861 2027 889 Opu-

1177 910 1267 932 sculum
1285 909 1365 937 incipit
1382 909 1419 931 sol.
1437 915 1455 931 r.
1473 915 1519 931 non
1536 912 1657 931 numerato
1673 909 1729 936 ipsis
1746 908 1837 935 verbis,
1859 908 1945 937 quibus
1963 914 2026 936 prae-

1177 957 1262 979 cedens
1278 956 1343 984 cod.,
1365 961 1418 978 cum
1442 961 1488 984 quo
1514 956 1582 978 etiam
1605 955 1702 982 desinit,
1725 955 1817 977 addito:
1843 954 1946 984 Emplicit
1965 953 2028 977 libel-

1179 1003 1216 1026 lus
1232 1002 1317 1032 fratris
1335 1003 1501 1025 Bonaeenture
1518 1001 1546 1025 de
1562 1002 1707 1025 institutione
1720 1001 1874 1025 novitiorum.

1241 1051 1279 1072 21.
1296 1049 1396 1077 Ibidem,
1409 1050 1461 1072 cod.
1479 1050 1506 1078 Q.
1524 1050 1545 1071 6.
1563 1050 1635 1071 chart.
1652 1049 1673 1070 in
1690 1048 1711 1071 4.
1723 1054 1784 1071 saec.
1796 1048 1856 1070 XIV.
1873 1050 1925 1070 ante
1944 1047 2028 1070 medie-

1179 1100 1255 1120 tatem.
1273 1110 1304 1113 —
1321 1097 1464 1125 Opusculum
1481 1096 1561 1124 incipit
1573 1096 1625 1118 solio
1648 1096 1697 1118 109,
1709 1102 1727 1118 r.
1745 1098 1767 1118 et
1783 1095 1868 1117 desinit
1885 1094 1923 1117 sol.
1941 1095 1992 1118 128.
2008 1101 2028 1118 r.

1178 1146 1236 1168 Tam
1248 1145 1271 1167 in
1282 1145 1346 1167 initio
1363 1150 1434 1173 quam
1452 1144 1474 1166 in
1493 1144 1537 1166 tine
1548 1144 1630 1166 eadem
1647 1144 1755 1171 leguntur
1766 1149 1827 1171 quae
1843 1143 1867 1165 in
1883 1143 2028 1171 praecedenti

1179 1192 1267 1215 codice.

1243 1240 1281 1262 22.
1298 1238 1397 1266 Ibidem,
1416 1238 1468 1261 cod.
1485 1239 1508 1260 E.
1527 1238 1564 1260 69.
1581 1239 1654 1260 chart.
1670 1237 1694 1259 ln
1718 1238 1752 1259 12.
1769 1243 1830 1260 saec.
1847 1237 1898 1259 XV.
1911 1239 1964 1259 ante
1980 1243 2029 1260 me-

1180 1287 1253 1309 dium.
1269 1298 1300 1303 —
1317 1286 1460 1314 Opusculum
1477 1286 1557 1313 incipit
1573 1285 1622 1307 sine
1639 1285 1702 1307 titulo
1726 1284 1779 1307 solio
1796 1285 1850 1307 251.
1866 1291 1899 1307 r.:
1925 1285 2043 1311 Renova-‚

1180 1333 1240 1356 mini
1256 1336 1298 1356 etc.
1316 1333 1404 1355 Desinit
1421 1333 1473 1355 solio
1491 1333 1543 1354 269.
1561 1339 1592 1354 r.:
1610 1333 1699 1361 quanto
1711 1338 1726 1354 a.
1738 1331 1820 1354 multis
1834 1331 1980 1361 possidetur.
1993 1331 2030 1354 Ad

1181 1379 1244 1410 quod
1260 1386 1303 1403 nos
1317 1379 1434 1409 perducat
1451 1383 1493 1402 etc.
1512 1379 1619 1408 Explicit
1635 1378 1727 1402 libellus
1739 1379 1803 1402 Bone
1823 1379 1925 1401 Ventw'e
1942 1378 2028 1408 fratris

1181 1427 1208 1451 de
1224 1427 1370 1451 institutione
1386 1426 1539 1450 novitiorum.

1245 1475 1282 1496 23.
1315 1473 1455 1501 Mediolani,
1479 1473 1616 1495 bibliotheca
1640 1473 1798 1495 Universitatis
1826 1473 1907 1501 (vulgo
1937 1473 2029 1502 Brera),

1182 1521 1234 1543 cod.
1251 1522 1276 1543 Α.
1296 1521 1320 1543 D.
1337 1521 1376 1543 1X.
1393 1521 1487 1543 miscell.
1504 1521 1527 1542 in
1555 1520 1575 1542 4.
1593 1526 1654 1542 saec.
1672 1520 1723 1542 XV.
1740 1532 1771 1535 —
1789 1520 1933 1548 Opuscnlum
1952 1520 2030 1548 incipit

1183 1569 1221 1591 sol.
1238 1574 1256 1590 r.
1273 1574 1320 1590 non
1345 1570 1467 1590 numerato
1498 1569 1540 1589 hac
1567 1566 1671 1589 rubrica:
1697 1567 1744 1590 Hec
1766 1568 1799 1590 cst
1823 1566 1909 1596 recula
1933 1566 2031 1590 novitio·

1182 1621 1239 1638 rum
1253 1620 1297 1644 per
1324 1615 1517 1637 Bonaventaram
1538 1614 1640 1643 fi'atrem
1662 1620 1692 1637 ex
1716 1613 1804 1637 Ordine
1826 1613 1949 1637 Minoram
1971 1620 2030 1638 com-

1180 1661 1285 1691 pilatum
1303 1661 1362 1690 (sic).
1381 1661 1474 1688 Deinde,
1491 1660 1577 1683 omisso
1595 1661 1705 1688 prologo,
1717 1660 1834 1689 sequitur:
1850 1661 1883 1683 De
1894 1660 1973 1684 divino
1985 1660 2030 1691 offi-

1184 1708 1219 1732 cio
1236 1708 1382 1732 celebrando.
1407 1708 1466 1731 Cum
1490 1707 1628 1737 spiritualia
1650 1710 1692 1730 etc.
1718 1708 1804 1730 Desinit
1829 1708 1920 1731 verbis:
1941 1710 2030 1738 quanto

1183 1755 1286 1778 nobilius
1300 1754 1444 1784 possidetur.
1462 1753 1499 1777 Ad
1515 1754 1579 1784 quod
1594 1761 1637 1778 nos
1651 1754 1769 1784 perducat
1782 1755 1823 1784 qui
1833 1754 1891 1778 vivit
1907 1756 1929 1778 et
1945 1757 2032 1785 reqnat

1184 1802 1208 1825 in
1226 1801 1306 1825 secula
1322 1801 1466 1825 seculorum.
1485 1801 1568 1825 Amen.

1248 1849 1285 1871 24.
1302 1848 1451 1878 Moyuntiae,
1477 1848 1615 1871 bibliotheca
1638 1849 1770 1876 seminarii,
1796 1849 1848 1872 cod.
1871 1850 1943 1872 chart.
1965 1850 1988 1871 in
2009 1850 2031 1872 8.

1184 1902 1245 1919 sace.
1257 1896 1308 1919 XV.
1326 1896 1414 1925 (1462).
1433 1908 1462 1911 —
1479 1895 1579 1918 Rubrica
1598 1896 1666 1918 huius
1683 1898 1717 1918 est
1734 1896 1785 1918 sollo
1809 1896 1829 1918 1.
1846 1902 1865 1918 r.
1883 1896 1917 1918 his
1940 1895 2030 1918 verbis:

1184 1943 1268 1973 Incipit
1284 1942 1391 1973 formula
1408 1942 1501 1966 vivendi
1517 1942 1578 1966 edita
1603 1948 1618 1965 a
1639 1941 1770 1965 venerabili
1790 1948 1818 1965 ac
1843 1942 1937 1972 eqreqio
1956 1942 2031 1966 cardi-

1184 1990 1236 2013 nali
1252 1991 1421 2013 Bonaventura
1439 1989 1536 2013 Ordinis
1552 1989 1660 2019 fratrum
1677 1989 1800 2013 Minoi-am
1822 1989 1917 2013 cuidam
1935 1989 2031 2013 novitio.

1185 2036 1340 2060 Renovamini
1355 2040 1398 2059 etc.
1414 2037 1475 2059 Finis
1493 2039 1526 2059 est
1544 2037 1582 2058 sol.
1606 2037 1639 2058 16.
1657 2043 1679 2058 v.
1697 2036 1786 2059 verbis:
1800 2037 1889 2066 quanto
1908 2043 1923 2059 a
1934 2035 2030 2060 nobilio-

1185 2083 1251 2107 ribus
1266 2083 1408 2113 possidetur.
1426 2082 1463 2106 Ad
1484 2082 1548 2112 quod
1569 2089 1612 2106 nos
1632 2082 1748 2112 perducat
1770 2082 1811 2112 qui
1828 2083 1882 2106 civit
1900 2085 1921 2106 et
1945 2085 2031 2113 reqnat

1186 2130 1210 2153 in
1226 2130 1307 2153 secula
1323 2130 1467 2154 seculorum.
1485 2131 1568 2153 Amen.

1249 2177 1285 2199 25.
1303 2176 1435 2205 Monachii,
1453 2176 1591 2199 bibliotheca
1609 2177 1694 2205 Regia,
1713 2177 1764 2199 cod.
1790 2177 1858 2200 9068.
1882 2179 1954 2200 chart.
1971 2178 1993 2200 in
2011 2179 2032 2201 8.

1186 2230 1246 2247 saco.
1263 2224 1314 2247 XV.
1332 2224 1441 2247 exeuntis.
1460 2237 1489 2239 —
1506 2225 1554 2246 lloc
1579 2225 1717 2252 opusculum
1742 2224 1822 2252 incipit
1847 2225 1883 2247 sol.
1909 2225 1961 2247 288.
1988 2225 2032 2248 sub

1186 2270 1290 2293 rubrica:
1307 2270 1425 2293 Formiila
1442 2270 1520 2293 sancti
1537 2270 1707 2293 Bonaventure.
1726 2271 1880 2294 chovamini
1891 2275 1933 2294 etc.
1947 2272 2032 2295 Desinit

1188 2318 1225 2340 iol.
1243 2317 1297 2339 304.
1314 2324 1348 2339 vx:
1366 2318 1431 2340 {aulo
1447 2316 1562 2345 nobilius,
1581 2318 1669 2347 quanto
1694 2317 1822 2341 amabilius
1835 2317 1980 2347 possidetur.
1997 2318 2034 2342 Ad

1188 2363 1251 2393 quod
1266 2369 1310 2386 nos
1324 2363 1448 2392 perducat.
1464 2363 1571 2392 Eoeplicit
1580 2363 1688 2393 formula
1699 2363 1851 2393 novitiorum,
1863 2364 1983 2394 seraphici
1992 2364 2033 2388 sei-

1189 2410 1242 2434 licet
1257 2410 1359 2433 doctoris
1376 2410 1550 2433 Bonaoenture.

1252 2457 1289 2478 26.
1306 2456 1405 2485 Ibidem,
1423 2457 1474 2479 cod.
1492 2457 1561 2479 5607.
1579 2458 1650 2479 chart.
1668 2457 1689 2479 in
1708 2457 1744 2479 sol.
1762 2463 1821 2480 saec.
1839 2458 1890 2480 XV.
1901 2470 1932 2473 —
1944 2458 2033 2480 Titulus

1189 2503 1257 2525 huius
1274 2503 1380 2530 opusculi
1405 2506 1439 2525 est
1464 2503 1517 2525 solio
1540 2503 1577 2525 43.
1602 2510 1624 2525 v.
1643 2509 1776 2531 expressus:
1794 2503 1879 2533 Incipit
1895 2503 1969 2527 bonus
1987 2505 2034 2527 tra-

1189 2551 1266 2573 ctatus
1280 2555 1327 2579 pro
1343 2549 1461 2579 reliyiosis
1479 2551 1500 2573 et
1511 2549 1644 2579 specialiter
1656 2549 1828 2579 incipientibus.
1842 2550 1999 2573 Renovamini
2010 2550 2034 2574 in

1190 2595 1293 2619 novitate
1310 2598 1352 2618 etc.
1370 2596 1448 2618 Finem
1467 2595 1536 2618 habet.
1553 2596 1590 2618 [οἱ.
1608 2596 1645 2618 48.
1662 2602 1693 2619 r.:
1711 2597 1776 2619 tanto
1793 2595 1896 2619 nobilius
1913 2598 2002 2626 quanto
2019 2602 2035 2619 a

1188 2643 1269 2666 nzultis
1283 2642 1427 2672 possidetur.
1445 2642 1482 2667 Ad
1499 2642 1562 2672 qaod
1577 2649 1620 2666 nos
1634 2642 1753 2673 perducat
1775 2644 1840 2667 Iesus
1865 2643 1941 2667 Marie
1960 2643 2033 2674 filius,

1190 2689 1233 2719 qui
1247 2689 1309 2712 vivit.
1328 2690 1410 2713 Amen.

1253 2736 1289 2758 27.
1307 2736 1406 2764 Ibidem,
1425 2737 1477 2759 cod.
1495 2736 1563 2758 4710.
1589 2738 1660 2759 chart.
1685 2738 1708 2759 in
1725 2738 1762 2760 iol.
1779 2743 1839 2760 saec.
1857 2738 1907 2760 XV.
1925 2749 1956 2754 -—
1972 2737 2034 2760 Folio

1190 2783 1227 2805 60.
1244 2789 1263 2805 ι’.
1280 2786 1314 2805 est
1331 2783 1423 2805 rubrica
1440 2784 1545 2811 opusculi
1562 2784 1597 2806 his
1615 2783 1704 2807 verbis:
1723 2784 1808 2813 Incipit
1825 2785 1941 2807 tractatus
1959 2784 2034 2807 Bona-

1189 2830 1287 2852 venture
1305 2829 1332 2852 de
1349 2829 1495 2852 institutione
1517 2830 1691 2853 monachorum
1716 2830 1861 2854 novitiorum
1878 2832 1900 2854 et
1922 2830 2034 2860 incipien-

1189 2876 1257 2899 tium.
1284 2875 1404 2905 Incipiunt
1431 2875 1543 2905 capitula.
1573 2877 1643 2899 Post:
1670 2876 1755 2906 Incipit
1777 2876 1903 2906 proto—[sus.
1932 2877 2033 2900 Renova-

1190 2921 1251 2944 mz'ni
1266 2924 1308 2944 etc.
1315 2931 1321 2949 ;
1339 2922 1486 2951 prosequitur
1511 2928 1585 2951 usque
1610 2923 1638 2945 ad
1665 2928 1715 2951 cap.
1742 2923 1779 2945 14.
1796 2929 1818 2945 n.
1836 2924 1857 2945 2.
1875 2925 1966 2945 nostrae
1989 2922 2035 2945 edi-

1189 2969 1264 2997 tionis,
1274 2968 1304 2991 ad
1320 2969 1405 2991 verba:
1422 2968 1479 2998 quia
1496 2968 1550 2992 talis
1562 2975 1611 2992 non
1622 2968 1709 2992 dicitur
1720 2968 1861 2998 obedientia,
1874 2968 1915 2992 secl
1928 2968 2030 2998 propria
