2133 3317
0 2017 65 2083 μζ

17 2065 66 2105 Ἓξ

548 206 744 235 OPUSCULUM
765 206 807 234 XI.
829 206 990 236 APOLOGIA
1011 206 1191 236 PAUPERUM.
1213 207 1281 236 CAP.
1302 207 1355 236 ΧΠ.

84 286 151 316 illud
172 285 268 314 Psalmi
281 286 307 313 l:
330 283 502 321 Defecerant
522 283 599 312 oculi
617 283 690 317 mei,
712 283 778 312 dicit
798 284 926 320 Augusti-

83 340 149 362 nus:
176 343 190 357 «
204 332 262 360 Non
283 334 325 360 est
345 330 450 359 otiosus
470 330 518 367 qui
532 332 639 358 tantum
654 330 740 358 verbo
755 330 802 358 Dei
817 330 925 365 studet,

83 386 133 408 nec
153 377 243 415 pluris
263 380 304 406 est
324 376 372 413 qui
387 378 469 405 extra
482 378 624 413 operatur,
639 383 723 413 quam
739 376 787 413 qui
802 376 924 404 studium

44 442 51 449 .,
84 423 284 462 cognoscendae
305 423 429 452 veritatis
448 425 569 451 exercet.
596 422 656 459 Ipsa
683 422 764 451 etiam
793 422 926 459 sapientia

83 470 235 500 maximum
256 477 327 506 opus
347 473 403 504 est,
424 472 452 498 et
472 469 626 498 antefertur
649 469 748 503 Maria,
777 477 849 506 quae
876 477 926 497 au-

83 517 188 550 diebat,
208 516 347 550 Marthae,
368 523 439 552 quae
458 515 673 544 ministrabat».
700 516 769 544 Haec
797 516 926 551 Augusti-

62 572 142 593 .nus.
165 579 202 584 —
223 563 273 591 Cui
294 563 376 591 etiam
397 562 545 591 concordat
565 562 708 591 Anselmus
721 563 742 597 2,
763 562 791 591 in
806 562 877 591 libro
891 562 925 591 de

83 609 312 640 Similitudinibus
332 610 370 638 ita
389 609 498 638 dicens:
524 621 537 634 (ι
552 610 619 638 Tres
640 612 705 638 sunt
720 609 864 638 hominum
879 617 924 638 or-

82 656 172 686 dines:
193 660 326 689 orantes,
347 655 541 693 aqi-icuttores
562 658 589 684 et
609 655 790 693 defensores,
806 663 876 692 quos
891 656 925 684 ad

82 703 188 732 diversa
208 702 298 731 officia
319 702 392 731 Deus
412 702 440 730 in
463 703 513 731 boc
535 702 637 731 mundo
658 702 807 738 disposuit:
823 711 924 731 mona-

81 748 163 783 chos,
184 752 216 777 ut
237 757 287 785 pro
308 749 368 777 aliis
388 752 468 777 orent
488 752 516 778 et
538 749 606 777 lacte
628 749 839 785 praedicationis
855 757 924 778 enu-

81 795 180 830 triant3
201 795 410 832 amicalem-es,
431 799 463 824 ut
483 795 517 824 de
538 804 588 824 suo
616 796 710 824 labore
742 796 793 832 ipsi
822 798 849 824 et
879 796 923 824 alii

81 842 187 876 vivant;
208 842 329 876 milites,
351 845 382 871 ut
403 845 537 879 utrosque
564 842 751 870 defendant».
780 842 805 870 Si
838 842 923 879 igitur

80 888 199 918 nobilius
219 891 261 917 est
282 896 352 926 opus
378 889 579 917 monachorum
607 896 689 925 quam
720 889 921 925 agricultorum

81 943 130 964 seu
148 935 283 970 militum3
305 938 332 964 et
353 935 390 964 illi
412 935 509 964 officiis
529 936 587 964 suis
602 936 774 964 intendentes
789 935 924 972 stipendia

79 989 130 1011 sua
140 981 211 1010 iuste
223 985 381 1010 merentur:
397 982 484 1010 multo
499 982 586 1019 magis
600 985 626 1010 et
642 982 669 1010 hi
685 982 732 1018 qui
748 982 852 1010 orando
867 982 923 1011 Deo

29 1043 43 1077 ι)Ἰ
80 1028 210 1057 assistunt
231 1032 258 1057 et
271 1028 305 1057 ad
324 1029 466 1065 proximos
487 1028 668 1065 praedicando
690 1028 920 1057 condescendunt.

160 1076 203 1103 15.
224 1075 278 1104 Nec
299 1075 341 1104 his
361 1075 452 1104 obstat
472 1075 656 1112 Augustinus,
678 1075 711 1104 de
727 1075 817 1112 Opere
832 1083 923 1104 mona-

79 1122 211 1156 chorum,
233 1130 296 1151 cum
319 1122 355 1151 ibi
377 1122 507 1159 loquatur
528 1126 624 1151 contra
645 1122 780 1159 quosdam
804 1123 922 1152 haereti-

40 1180 47 1192 ι.
57 1163 65 1168 '
79 1176 125 1198 cos
142 1168 340 1205 principaliter,
361 1169 409 1206 qui
430 1169 601 1198 vocabantur
616 1169 746 1198 Euchitae
759 1169 780 1204 ³,
795 1177 922 1198 asseren-

79 1218 134 1250 tes,
160 1226 174 1240 α
189 1216 330 1244 monacbis
351 1224 405 1244 non
427 1216 510 1245 licere
530 1216 724 1245 sustentandae
746 1216 817 1245 vitae
838 1224 921 1245 causa

78 1262 181 1299 aliquid
201 1262 310 1299 operari
324 1274 352 1296 n,
368 1263 437 1291 male
452 1263 634 1299 intelligentes
648 1262 825 1299 Evangelium
842 1263 921 1291 Chri-

79 1309 128 1343 sti,
150 1316 219 1346 quos
240 1316 317 1338 sacer
337 1309 438 1338 Doctor
459 1317 509 1346 per
530 1309 647 1345 Apostoli
668 1310 833 1338 documenta
854 1317 917 1338 con-

78 1355 169 1384 vincit.
191 1355 278 1384 Simul
298 1356 380 1384 etiam
401 1356 492 1393 arguit
514 1356 663 1384 monachos
685 1356 746 1384 illos
768 1356 834 1393 qui,
857 1364 920 1385 cum

78 1409 128 1439 pro
149 1402 245 1431 maiori
267 1405 345 1439 parte
366 1405 457 1431 essent
478 1402 539 1431 laici
566 1410 616 1431 nec
648 1402 843 1439 praedicationi
872 1411 922 1432 nec

78 1448 156 1478 saluti
179 1448 335 1477 animarum
362 1449 550 1483 intenderent,
582 1457 636 1478 non
671 1452 761 1478 tamen
792 1449 922 1478 volebant

78 1491 257 1532 corporaliter
277 1496 402 1533 operari,
423 1499 450 1525 et
471 1504 640 1533 quamquam
669 1496 784 1525 fuissent
807 1497 834 1524 in
862 1504 921 1525 sae-

77 1542 140 1571 culo
161 1542 289 1571 laboriosi
309 1544 336 1571 et
357 1550 508 1579 pauperes,
530 1543 584 1571 iam
606 1542 720 1579 professi
741 1543 920 1571 monasticam

78 1588 176 1622 vitam,
198 1589 232 1617 ab
252 1588 312 1618 aliis
333 1592 442 1618 sumtus
462 1589 586 1626 accipere
614 1597 668 1618 non
697 1589 786 1618 solum
815 1589 921 1618 licitum

78 1635 144 1669 sibi,
165 1635 210 1664 sed
233 1635 314 1664 etiam
334 1636 456 1664 debitum
479 1644 538 1665 esse
559 1637 714 1665 censebant.
736 1636 837 1665 Contra
851 1644 922 1673 quos

78 1682 283 1719 Augustinus4:
310 1682 400 1716 «Isti,
422 1682 528 1720 inquit,
550 1683 650 1711 fratres
673 1686 775 1712 temere
806 1683 856 1711 sibi
877 1691 922 1711 ar-

77 1730 189 1765 rogant,
217 1731 353 1765 quantum
384 1729 513 1763 aestimo,
546 1732 577 1758 ut
608 1729 767 1758 huiusmodi
803 1729 923 1758 habeant

77 1777 247 1812 potestatem.
270 1775 295 1803 Si
327 1776 509 1812 evangelistae
539 1779 619 1810 sunt,
641 1776 727 1805 fateor
759 1776 877 1810 habent3
899 1777 920 1805 si

76 1821 195 1850 ministri
215 1822 324 1856 altaris,
346 1822 368 1851 si
389 1822 591 1859 dispensatores
612 1824 873 1858 sacramentorum,
899 1823 921 1852 si

78 1867 174 1897 saltem
195 1868 298 1905 aliquid
320 1869 458 1897 habebant
479 1869 506 1897 in
528 1870 653 1903 saecillO,
676 1878 731 1906 quo
757 1870 835 1898 facile
864 1870 922 1899 sine

78 1914 194 1943 artificio
214 1918 401 1944 sustentarent
422 1916 492 1945 hanc
514 1916 613 1950 vitam,
634 1916 706 1953 quod
736 1916 922 1953 indigentibus

78 1959 213 1998 dispertiti
234 1964 314 1996 sunt;
336 1961 471 1991 credenda
493 1965 534 1991 est
555 1970 653 1991 eorum
675 1962 821 1991 infirmitas
842 1966 869 1992 et
884 1963 922 1992 fe-

79 2008 205 2037 renda».
227 2009 296 2037 Haec
318 2009 495 2045 Augustinus.

162 2056 205 2084 16.
228 2056 269 2084 Ex
290 2055 392 2093 quibus
417 2056 564 2093 colligitur,
592 2056 665 2092 quod
694 2060 814 2093 quatuor
841 2064 922 2093 gene-

81 2101 159 2131 ribus
181 2102 324 2131 hominum
346 2102 427 2139 digne
447 2105 474 2131 et
494 2102 566 2131 iuste
587 2103 718 2139 competit
739 2103 774 2131 ab
794 2102 854 2131 aliis
875 2110 922 2139 pa-

142 2285 150 2298 ¹
168 2286 250 2308 Psalm.
268 2286 312 2308 418
321 2303 326 2313 ‚
339 2287 380 2313 82,
392 2287 457 2309 euius
468 2287 579 2315 expositio
591 2288 685 2315 allegata
698 2287 795 2310 liabetur
808 2289 831 2310 in
843 2289 921 2310 Glossa

79 2324 216 2353 ordinaria,
233 2331 294 2354 qnae
311 2326 379 2348 etiam
396 2325 459 2353 apud
476 2326 592 2354 Lyranum
610 2326 742 2356 Azqyustino
757 2327 876 2355 tribuitur,
888 2331 923 2350 est

81 2366 155 2386 tamen
172 2364 299 2391 Ambrosii,
317 2364 339 2386 in
357 2364 391 2386 ΡΞ.
412 2365 461 2386 118.
480 2371 547 2386 serm.
568 2365 604 2387 Μ.
622 2372 644 2387 n.
665 2366 698 2387 ll.
716 2365 762 2388 Csr.
779 2366 838 2388 Petr.
858 2366 923 2388 Lom-

79 2400 158 2428 hard.,
175 2402 198 2424 in
215 2403 277 2424 bunc
294 2402 349 2429 loc.,
366 2401 405 2424 ubi
423 2408 464 2430 pro
481 2403 621 2430 expositione
638 2409 719 2425 versus
741 2404 805 2425 istius
827 2404 923 2431 allegan-

80 2442 116 2462 tur
132 2440 269 2463 Ambrosius
290 2443 312 2463 et
333 2441 483 2468 Augustinus.
507 2442 530 2463 ln
552 2442 598 2464 tine
614 2442 734 2470 respicitur
752 2443 806 2465 Luc.
825 2443 867 2470 10,
885 2443 922 2464 39.

80 2485 144 2508 seqq.

142 2516 151 2530 ²
169 2518 245 2541 Potius
262 2519 400 2546 Eadmerus,
417 2525 436 2541 c.
459 2520 507 2541 127.
524 2526 573 2548 seq.
591 2520 642 2542 Post
658 2519 775 2549 disposuit
791 2522 864 2542 textus
881 2520 923 2542 ori-

81 2556 161 2584 ginalis
178 2558 243 2585 plura
260 2558 379 2581 interserit.
396 2558 440 2581 Csr.
460 2559 557 2587 banau,
575 2560 618 2588 Qq.
635 2559 719 2587 disput.
736 2560 765 2582 de
782 2559 922 2582 Perseetione

80 2596 212 2623 evangelica
231 2595 295 2624 (tom.
314 2596 349 2624 V.)
368 2603 390 2625 q.
408 2597 429 2618 2.
447 2603 467 2619 a.
486 2598 507 2619 3.
526 2598 628 2620 fundam.
646 2598 683 2619 ⁴2.

143 2634 152 2646 ³
170 2635 279 2662 August,
296 2635 326 2657 de
342 2635 492 2663 Haeresibns,
510 2637 598 2658 naeres.
621 2636 662 2658 57:
689 2638 830 2659 Posti-emani
858 2636 922 2664 ponit

81 2673 221 2701 Epiphanius
238 2673 441 2698 Massatmuornm
459 2675 584 2701 baeresim,
602 2676 663 2703 quod
688 2682 771 2698 nomen
793 2682 819 2698 ex
844 2676 921 2703 lingua

82 2711 137 2739 Syra
155 2715 201 2739 est;
217 2713 303 2735 Graece
320 2716 396 2735 autem
413 2713 521 2735 dicuntur
538 2711 645 2744 Εΰχὶται,
663 2713 692 2735 ab
704 2714 792 2736 orando
803 2714 835 2736 sic
847 2714 923 2742 appel-

82 2751 126 2773 lati.
143 2751 242 2773 Tantum
259 2751 320 2774 enim
338 2755 415 2779 orant,
433 2756 457 2774 ut
473 2753 505 2775 eis
522 2753 561 2781 qui
579 2754 623 2775 boc
639 2752 668 2774 de
686 2753 728 2774 illis
745 2753 842 2775 audiunt
853 2753 922 2775 incre-

82 2789 151 2812 dibile
168 2790 296 2812 videatur...
314 2790 423 2813 Dicuntur
436 2791 542 2813 Euchitae
554 2791 656 2819 opinari,
670 2791 787 2813 monacbis
799 2797 843 2814 non
855 2791 922 2813 licere

81 2829 242 2851 sustentandae
258 2829 318 2851 vitae
335 2835 390 2851 snae
407 2835 474 2852 eausa
488 2830 573 2858 aliquid
585 2830 688 2858 operari,
701 2833 769 2858 atque
781 2830 810 2852 ita
823 2836 847 2852 se
860 2830 922 2858 ipsos

82 2869 207 2890 monachos
224 2868 336 2896 profiteri,
355 2871 379 2890 ut
395 2868 488 2890 omnino
505 2868 534 2890 ab
546 2868 656 2896 operibus
668 2871 756 2891 vacent.
768 2868 811 2891 Csr.
824 2869 922 2896 Bonav.,

82 2905 123 2928 loe.
141 2907 163 2928 in
181 2907 201 2928 2.
219 2910 271 2928 uota
289 2907 326 2928 eit.
343 2913 366 2934 q.
384 2908 403 2928 2.
422 2913 442 2928 a.
466 2908 486 2929 2.
509 2913 571 2935 seq„
593 2906 630 2928 nbi
657 2907 725 2929 multa
749 2908 874 2929 asseruntur
896 2914 923 2930 ex

82 2944 178 2972 August.
194 2944 253 2967 libro
270 2945 299 2967 de
316 2945 391 2972 Opere
403 2946 568 2967 monachorum
580 2949 659 2968 contra
672 2947 713 2967 lios
724 2948 746 2968 et
758 2945 807 2968 illos
818 2945 858 2974 qui
871 2952 922 2969 mox

83 2982 252 3005 describuntur.

176 3029 201 3052 S.
214 3029 302 3052 Bonan.
314 3041 344 3046 —
356 3030 424 3052 Toni.
436 3030 491 3052 Vlll.

1770 208 1822 238 321

984 284 1038 319 sci,
1059 292 1228 322 quamquam
1249 285 1370 322 propriis
1397 285 1524 314 manibus
1552 285 1656 322 possint
1682 286 1824 320 laborare,

983 331 1086 360 scilicet
1106 331 1153 368 qui
1174 331 1241 360 alios
1263 335 1379 368 pascunt
1400 332 1443 361 vel
1463 332 1548 361 verbo
1568 335 1595 361 et
1615 332 1754 366 doctrina,
1784 333 1827 361 vel

982 377 1077 406 altaris
1090 377 1204 411 viatico,
1220 378 1262 406 vel
1276 378 1434 406 divinorum
1447 378 1649 415 dispensatione
1663 380 1823 407 Sacramen-

982 426 1092 458 torum,
1114 424 1155 453 vel
1178 432 1292 453 suarum
1313 425 1507 454 distributione
1527 425 1697 454 facultatum.
1720 426 1822 454 Secun-

981 470 1048 499 dum
1069 471 1121 499 hoc
1142 471 1226 507 igitur
1248 471 1285 499 illi
1307 472 1410 508 quibus
1430 472 1532 510 aliqua
1546 472 1750 509 praedictarum
1764 480 1825 501 con-

981 516 1116 545 ditionum
1138 517 1282 554 competit,
1303 518 1376 554 digni
1398 522 1479 553 sunt,
1500 522 1532 547 ut
1552 519 1585 548 de
1614 519 1757 556 Evangelio
1785 519 1824 548 vi-

982 563 1084 597 vant⁵;
1106 563 1144 591 illi
1166 572 1247 598 vero,
1268 564 1371 601 quibus
1390 565 1506 601 plures,
1527 565 1665 602 digniores
1680 566 1819 600 existunt3

981 609 1084 645 quibus
1104 612 1196 638 autem
1218 619 1330 645 omnes,
1352 613 1447 647 utpote
1474 612 1522 648 qui
1550 611 1724 648 praedicant,
1753 612 1823 641 cele-

981 655 1079 690 brant,
1100 656 1283 686 consessiones
1303 657 1420 686 audiunt
1440 661 1468 687 et
1488 659 1681 695 temporalium
1708 659 1824 689 affluen—

982 703 1046 731 tiam
1061 706 1295 740 contempserunt,
1311 704 1432 733 maxime
1446 705 1519 742 digni
1534 713 1593 734 esse
1607 706 1769 742 probantur.
1787 723 1822 727 —-

981 750 1087 786 Quibus
1109 758 1174 778 vero
1194 759 1291 779 omnes
1312 751 1414 780 desunt
1435 755 1462 781 et
1483 752 1563 780 validi
1584 756 1649 781 sunt
1669 756 1696 781 et
1720 761 1823 790 paupe-

981 804 1041 830 res,
1064 804 1097 824 ne
1117 797 1196 825 otiosi
1217 799 1244 825 et
1265 798 1428 826 infructuosi
1451 798 1505 827 sint
1526 799 1576 827 sibi
1597 802 1624 828 et
1644 800 1752 828 onerosi
1774 800 1822 829 Ec-

981 843 1092 876 clesiae,
1114 843 1194 871 iuxta
1208 845 1370 873 sententiam
1385 845 1527 881 Augustini
1543 845 1669 875 laborare
1683 850 1822 881 tenentur,

980 889 1031 917 nisi
1053 897 1102 926 per
1124 890 1175 918 hoc
1196 894 1376 924 excusentur,
1398 891 1472 928 quod
1493 892 1532 920 eis
1546 892 1594 929 qui
1609 893 1744 929 praefatas
1759 901 1822 922 con-

979 935 1095 964 ditiones
1117 936 1233 970 liabent,
1254 937 1415 966 deserviunt
1435 941 1461 966 et
1481 938 1614 966 assistunt
1631 942 1658 967 et
1680 939 1740 968 ideo
1758 947 1823 968 cum

979 982 1018 1011 eis
1039 984 1188 1011 sustentari
1209 987 1361 1018 merentur,
1382 985 1462 1013 iuxta
1482 985 1556 1021 quod
1571 986 1766 1021 mysterialiter
1781 986 1825 1015 de-

980 1029 1104 1065 signatur
1126 1030 1152 1057 in
1175 1030 1220 1058 lob
1230 1030 1251 1063 ⁸,
1274 1031 1320 1059 ubi
1342 1030 1452 1065 dicitur,
1473 1031 1547 1068 quod
1569 1031 1650 1060 boves
1677 1032 1823 1067 arabant,

979 1079 1005 1103 et
1025 1076 1127 1104 asinae
1146 1076 1343 1113 pascebantur
1364 1078 1449 1106 z'twcta
1470 1087 1533 1111 eos;
1558 1079 1659 1115 illaque
1686 1079 1823 1108 astruitur

980 1122 1038 1159 lege
1059 1123 1210 1157 sancitum,
1231 1132 1285 1160 qua
1314 1127 1444 1153 strenuus
1476 1128 1612 1161 pugnator
1644 1125 1703 1159 ille,
1736 1126 1822 1154 David

979 1169 1119 1203 videlicet,
1141 1169 1212 1198 iuste
1233 1170 1370 1205 decrevit,
1399 1171 1472 1207 quod
1503 1180 1598 1209 aequa
1624 1172 1722 1209 portio
1752 1176 1822 1201 esset

979 1216 1208 1244 descendentium
1237 1217 1277 1245 act
1305 1217 1449 1254 proelium
1479 1222 1505 1246 et
1534 1219 1748 1247 remanentium
1779 1220 1819 1248 ad

978 1263 1125 1291 sarcinas.
1147 1280 1185 1283 —
1207 1264 1305 1297 Porro,
1327 1264 1348 1292 si
1370 1264 1470 1300 aliqui,
1492 1265 1695 1301 quantumlibet
1722 1265 1821 1294 idiotae

978 1317 1010 1338 ac
1031 1310 1184 1346 simplices,
1206 1313 1297 1339 tantae
1318 1314 1383 1339 sunt
1403 1311 1554 1340 devotionis
1574 1312 1602 1340 in
1617 1320 1714 1348 prece,
1730 1315 1821 1341 tantae

978 1356 1157 1385 districtionis
1178 1357 1205 1385 in
1226 1357 1298 1391 vita,
1320 1360 1411 1386 tantae
1431 1358 1626 1387 aedificationis
1647 1359 1674 1387 in
1703 1359 1820 1395 populo,

978 1403 1052 1440 quod
1073 1411 1160 1440 aeque
1181 1403 1348 1432 fructificant
1369 1404 1426 1432 solo
1456 1405 1586 1441 exemplo
1613 1407 1748 1441 quantum
1776 1405 1821 1434 alii

978 1450 1106 1486 exemplo
1128 1452 1155 1478 et
1175 1450 1275 1484 verbo,
1297 1454 1432 1479 excusant
1452 1458 1499 1479 eos
1519 1451 1617 1480 merita
1638 1452 1724 1485 vitae,
1739 1452 1821 1480 etiam

979 1497 1000 1525 si
1022 1497 1111 1526 desint
1132 1497 1217 1526 verba
1237 1497 1385 1526 doctrinae.

1059 1545 1102 1571 17.
1126 1544 1194 1572 Haec
1215 1547 1308 1572 autem
1328 1544 1468 1578 diximus,
1489 1553 1543 1573 non
1562 1545 1627 1581 quia
1650 1545 1752 1574 otiosos
1772 1548 1820 1574 aut

977 1590 1064 1618 otium
1085 1590 1287 1627 approbemus,
1309 1598 1372 1619 cum
1401 1591 1492 1627 potitis
1522 1591 1693 1628 castigandos
1723 1592 1820 1620 huius-

978 1636 1050 1665 modi
1073 1639 1100 1665 et
1121 1637 1154 1665 ad
1175 1645 1258 1674 opera
1279 1637 1481 1674 compellendos
1502 1646 1677 1672 censeamus;
1694 1639 1740 1667 sed
1755 1639 1821 1675 quia

978 1686 1091 1720 propter
1112 1683 1301 1712 difficultatem
1323 1684 1406 1712 studii
1427 1684 1593 1720 spiritualis,
1614 1685 1688 1721 quod
1703 1685 1820 1722 requirit

978 1730 1119 1759 hominem
1140 1733 1244 1764 totum,
1266 1734 1293 1759 et
1314 1734 1427 1767 propter
1447 1731 1614 1760 debilitatem
1630 1739 1778 1768 corporum
1792 1735 1820 1760 et

978 1777 1204 1813 inexperientiam
1227 1777 1328 1805 artium
1360 1777 1581 1806 mechanicarum
1609 1785 1691 1806 rarus
1716 1778 1819 1806 inveni-

978 1826 1025 1851 tur
1052 1827 1100 1852 aut
1125 1824 1234 1856 nullus,
1256 1823 1303 1860 qui
1325 1831 1402 1852 more
1427 1823 1545 1860 Apostoli
1574 1824 1670 1852 Pauli⁷
1699 1824 1818 1852 manuali

979 1869 1064 1898 labori
1087 1874 1114 1898 et
1134 1870 1282 1906 sapientiae
1304 1870 1394 1898 studio
1415 1870 1565 1906 septiformi
1587 1870 1733 1899 efficaciter
1762 1878 1821 1907 pos-

979 1916 1014 1945 sit
1034 1916 1184 1945 intendere.
1207 1917 1238 1945 Et
1258 1917 1318 1945 ideo
1339 1917 1502 1953 compellere
1524 1917 1650 1946 homines
1671 1917 1737 1946 huic
1761 1921 1819 1946 stu-

978 1962 1022 1991 dio
1043 1966 1121 2000 aptos
1142 1963 1175 1992 ad
1196 1972 1280 2001 opera
1300 1963 1437 1992 manualia
1458 1971 1512 1992 non
1532 1966 1574 1992 est
1593 1964 1668 1992 aliud
1696 1972 1779 2000 quam
1804 1972 1821 1992 a

979 2010 1111 2046 sapientia
1125 2018 1255 2039 revocare
1270 2013 1296 2039 et
1310 2010 1373 2038 siliis
1388 2010 1469 2038 Israel
1484 2010 1569 2038 instar
1584 2009 1764 2039 Pliilz'stln'z'm
1780 2011 1820 2039 di-

979 2056 1107 2084 vinorum
1138 2056 1311 2093 eloquiorum
1343 2065 1420 2085 arma
1449 2057 1608 2093 praeripere
1620 2057 1640 2091 ⁸,
1669 2057 1711 2086 vel
1742 2065 1819 2086 more

980 2102 1150 2131 Pharaonis
1170 2102 1305 2139 operibus
1326 2103 1411 2131 duris
1433 2103 1487 2132 lati
1513 2107 1538 2132 et
1569 2103 1668 2132 lateris
1700 2103 1819 2140 iugoque

1041 2288 1050 2300 ⁴
1068 2288 1100 2310 De
1117 2288 1192 2315 Opere
1210 2289 1390 2315 monachorum,
1407 2295 1427 2309 c.
1445 2288 1481 2309 21.
1499 2294 1522 2309 n.
1539 2287 1576 2309 at.
1593 2294 1641 2316 seq.
1655 2287 1740 2310 'sextus
1751 2288 1819 2315 origi-

978 2326 1048 2354 nalis,
1060 2326 1139 2354 paucis
1152 2326 1204 2348 binc
1216 2326 1269 2348 inde
1282 2326 1414 2353 interiectis,
1428 2332 1468 2353 pro
1480 2325 1581 2355 artificio
1593 2325 1708 2348 subsutnit
1720 2325 1818 2355 opificio.

1042 2364 1051 2377 ⁶
1068 2365 1196 2393 Respicitur
1214 2366 1228 2387 l.
1245 2364 1296 2387 Cor.
1314 2365 1341 2391 9,
1360 2364 1400 2386 it:
1419 2365 1447 2386 lta
1460 2367 1481 2386 et
1494 2364 1603 2386 Dominus
1614 2364 1729 2387 ordinavit
1741 2365 1767 2387 iis
1778 2365 1818 2393 qui

979 2404 1128 2430 Evangelium
1146 2403 1293 2431 annuntiant,
1310 2403 1340 2425 do
1357 2403 1478 2430 Evangelio
1496 2402 1582 2425 vivore.

1041 2441 1051 2454 ὅ
1067 2441 1123 2469 Cap.
1142 2443 1164 2469 l,
1183 2442 1218 2464 siit.
1236 2442 1280 2464 Cl'r.
1297 2442 1406 2469 (hegen,
1423 2442 1446 2463 ll.
1464 2441 1541 2464 llloral.
1553 2448 1573 2464 c.
1585 2442 1623 2464 30.
1634 2448 1656 2463 n.
1669 2442 1710 2469 lm,
1723 2442 1760 2464 ubi
1775 2443 1817 2464 lioc

978 2481 1074 2508 explicat
1091 2481 1120 2503 de
1135 2480 1291 2509 simplicibus,
1308 2481 1348 2509 qui
1366 2480 1540 2508 pei-lectioribus
1557 2481 1683 2503 adbaerent
1699 2484 1721 2503 et
1737 2487 1818 2503 eorum

979 2519 1123 2547 intelligentia
1149 2522 1280 2547 pascuntur.
1298 2531 1329 2535 —
1346 2519 1449 2541 Subinde
1474 2520 1584 2546 allegatur
1603 2520 1617 2541 l.
1637 2520 1693 2547 lteg.
1716 2520 1758 2548 30,
1777 2520 1819 2546 24,

978 2564 1049 2586 quem
1066 2559 1133 2580 etiam
1151 2559 1255 2580 Nicolaus
1272 2559 1305 2580 ΙΙΙ.
1322 2559 1343 2580 in
1360 2564 1400 2580 sua
1418 2558 1550 2586 Constitut.‚
1568 2558 1632 2581 Exiit
1649 2559 1691 2588 qni
1704 2559 1817 2586 seminat,

978 2603 998 2619 a.
1016 2598 1037 2619 S.
1056 2603 1077 2619 n.
1096 2598 1121 2625 2,
1140 2597 1240 2619 adducit.
1258 2597 1318 2619 Haec
1340 2597 1470 2619 constitutio
1494 2597 1591 2619 liabetur
1609 2598 1630 2619 in
1651 2598 1685 2620 Vl.
1710 2599 1820 2621 Decretal.

978 2635 1029 2658 libr.
1046 2636 1073 2658 V.
1091 2636 1122 2658 tit.
1141 2636 1177 2658 112.
1195 2642 1215 2658 c.
1232 2636 1259 2662 3,
1277 2636 1298 2658 in
1316 2642 1361 2664 qua
1379 2636 1449 2658 multa
1466 2642 1491 2658 ex
1509 2636 1619 2664 Apologia
1638 2637 1723 2658 Bonav.
1744 2640 1818 2659 sumta

979 2675 1139 2701 inveniuntur;
1156 2676 1198 2697 cl'r.
1214 2681 1284 2702 supra
1302 2681 1355 2702 pag.
1373 2675 1430 2701 230,
1448 2678 1500 2696 nota
1520 2675 1540 2697 l.

1041 2712 1049 2725 ⁷
1068 2714 1115 2735 Aci.
1137 2714 1175 2740 18,
1193 2714 1214 2735 3.
1231 2716 1253 2735 et
1270 2714 1312 2740 20,
1330 2714 1371 2741 3t;
1389 2714 1403 2736 1.
1421 2714 1471 2735 Cor.
1490 2713 1516 2740 4,
1535 2714 1576 2740 '1⁴2;
1594 2714 1610 2736 l.
1627 2714 1708 2736 Thess.
1725 2715 1751 2741 2,
1765 2716 1785 2736 9.
1798 2719 1819 2737 et

978 2753 1002 2774 ll.
1021 2754 1046 2780 3,
1065 2753 1084 2773 8.
1103 2764 1134 2769 -
1151 2753 1182 2774 De
1198 2752 1274 2775 studio
1291 2752 1418 2780 septiformi
1435 2752 1559 2780 sapientiae
1575 2753 1616 2775 cfr.
1632 2759 1702 2780 supra
1720 2759 1742 2775 n.
1761 2754 1798 2776 13.

1041 2790 1050 2802 ⁸
1067 2791 1127 2813 Libr.
1145 2792 1159 2813 1.
1177 2792 1233 2819 Reg.
1252 2792 1293 2819 13,
1312 2792 1353 2813 ln:
1372 2792 1440 2813 Porro
1460 2791 1522 2813 saber
1540 2792 1647 2814 rei-rarius
1665 2798 1709 2814 non
1721 2792 1820 2814 invenie-

979 2829 1046 2852 batur
1063 2830 1085 2851 in
1102 2830 1165 2852 omni
1179 2833 1238 2852 terra
1256 2831 1330 2853 lsrael.
1347 2830 1460 2852 (laverant
1476 2831 1536 2852 enim
1555 2831 1702 2858 l’liilistniim,
1719 2837 1748 2854 ne
1765 2833 1820 2853 sorte

979 2870 1078 2891 facerent
1094 2869 1190 2891 Hebraei
1208 2869 1310 2896 gladium
1328 2871 1366 2891 aut
1378 2869 1487 2891 lanceam.
1500 2881 1530 2886 ·-
1543 2869 1649 2898 Sequitur
1662 2870 1729 2893 Exud.
1743 2871 1763 2898 ll,
1781 2870 1818 2892 14:

979 2908 1013 2929 Ad
1030 2907 1207 2930 amaritudinem
1226 2908 1384 2935 perducebant
1400 2907 1525 2937 [Aegyptii]
1547 2909 1618 2930 vitam
1640 2915 1721 2931 eorum
1745 2909 1820 2937 operi-

980 2945 1023 2968 bus
1040 2946 1104 2968 duris
1121 2946 1160 2968 luti
1178 2948 1200 2968 et
1216 2947 1291 2969 lateris
1307 2946 1416 2975 omnique
1434 2947 1556 2974 famulatu,
1573 2953 1619 2976 quo
1638 2947 1659 2969 in
1676 2950 1751 2970 terrae
1767 2954 1819 2975 ope-

979 2984 1044 3007 ribus
1061 2983 1232 3012 premebantur.

1699 3032 1723 3054 41

1852 763 1925 782 Nullam
1938 765 1972 783 ha-

1840 792 1881 805 rum
1906 788 1970 806 condi-

1841 810 1912 829 tionum
1938 811 1971 830 ha-

1841 834 1912 856 bentes,
1933 840 1970 853 uon

1840 857 1875 875 hoc
1896 862 1969 877 mei-en-

1841 882 1877 898 tur.

1840 1276 1953 1296 Notandum.

1838 1556 1895 1579 Magis
1904 1556 1966 1575 deter-

1855 1580 1941 1598 minatur.
