<?xml version="1.0" encoding="UTF-8"?>
<!DOCTYPE html PUBLIC "-//W3C//DTD XHTML 1.0 Transitional//EN"
    "http://www.w3.org/TR/xhtml1/DTD/xhtml1-transitional.dtd">
<html xmlns="http://www.w3.org/1999/xhtml" xml:lang="en" lang="en">
 <head>
  <title>
</title>
<meta http-equiv="Content-Type" content="text/html;charset=utf-8" />
  <meta name='ocr-system' content='tesseract 3.04.00' />
  <meta name='ocr-capabilities' content='ocr_page ocr_carea ocr_par ocr_line ocrx_word'/>
</head>
<body>
  <div class='ocr_page' id='page_1' title='image "./doctorisseraphic08bona_0623.png"; bbox 0 0 2133 3317; ppageno 0'>
   <div class='ocr_carea' id='block_1_1' title="bbox 0 1438 72 1465">
    <p class='ocr_par' dir='ltr' id='par_1_1' title="bbox 0 1438 72 1465">
     <span class='ocr_line' id='line_1_1' title="bbox 0 1438 72 1465; baseline 0.014 -7"><span class='ocrx_word' id='word_1_1' title='bbox 0 1438 24 1465; x_wconf 63' lang='lat' dir='ltr'>qo</span> <span class='ocrx_word' id='word_1_2' title='bbox 30 1438 72 1459; x_wconf 62' lang='lat' dir='ltr'>mi-</span> 
     </span>
    </p>
   </div>
   <div class='ocr_carea' id='block_1_2' title="bbox 736 361 1176 398">
    <p class='ocr_par' dir='ltr' id='par_1_2' title="bbox 736 361 1176 398">
     <span class='ocr_line' id='line_1_2' title="bbox 736 361 1176 398; baseline -0.002 0"><span class='ocrx_word' id='word_1_3' title='bbox 736 361 1042 398; x_wconf 80' lang='lat' dir='ltr'>OPUSOULUM</span> <span class='ocrx_word' id='word_1_4' title='bbox 1067 362 1176 398; x_wconf 89' lang='lat' dir='ltr'>XXI.</span> 
     </span>
    </p>
   </div>
   <div class='ocr_carea' id='block_1_3' title="bbox 373 488 1531 554">
    <p class='ocr_par' dir='ltr' id='par_1_3' title="bbox 373 488 1531 554">
     <span class='ocr_line' id='line_1_3' title="bbox 373 488 1531 554; baseline 0.002 -2"><span class='ocrx_word' id='word_1_5' title='bbox 373 489 889 552; x_wconf 77' lang='lat' dir='ltr'><strong>EPISTOLA</strong></span> <span class='ocrx_word' id='word_1_6' title='bbox 942 488 1531 554; x_wconf 77' lang='lat' dir='ltr'>CONTINENS</span> 
     </span>
    </p>
   </div>
   <div class='ocr_carea' id='block_1_4' title="bbox 553 638 1356 686">
    <p class='ocr_par' dir='ltr' id='par_1_4' title="bbox 553 638 1356 686">
     <span class='ocr_line' id='line_1_4' title="bbox 553 638 1356 686; baseline 0.004 -3"><span class='ocrx_word' id='word_1_7' title='bbox 553 642 740 684; x_wconf 79' lang='lat' dir='ltr'><strong>VIGINTI</strong></span> <span class='ocrx_word' id='word_1_8' title='bbox 771 643 984 686; x_wconf 81' lang='lat' dir='ltr'>QUINQUE</span> <span class='ocrx_word' id='word_1_9' title='bbox 1012 643 1322 686; x_wconf 87' lang='lat' dir='ltr'><strong>MEMORIALIA</strong></span> <span class='ocrx_word' id='word_1_10' title='bbox 1337 638 1356 686; x_wconf 87' lang='lat'>¹.</span> 
     </span>
    </p>
   </div>
   <div class='ocr_carea' id='block_1_5' title="bbox 757 775 1150 799">
    <p class='ocr_par' dir='ltr' id='par_1_5' title="bbox 757 775 1150 799">
     <span class='ocr_line' id='line_1_5' title="bbox 757 775 1150 799; baseline 0 2518"><span class='ocrx_word' id='word_1_11' title='bbox 757 775 1150 799; x_wconf 95' lang='lat' dir='ltr'> </span> 
     </span>
    </p>
   </div>
   <div class='ocr_carea' id='block_1_6' title="bbox 869 1111 1048 1141">
    <p class='ocr_par' dir='ltr' id='par_1_6' title="bbox 869 1111 1048 1141">
     <span class='ocr_line' id='line_1_6' title="bbox 869 1111 1048 1141; baseline 0.006 -1"><span class='ocrx_word' id='word_1_12' title='bbox 869 1111 1048 1141; x_wconf 70' lang='lat' dir='ltr'>PROLOGUS,</span> 
     </span>
    </p>
   </div>
   <div class='ocr_carea' id='block_1_7' title="bbox 84 1197 927 2260">
    <p class='ocr_par' dir='ltr' id='par_1_7' title="bbox 84 1197 925 1366">
     <span class='ocr_line' id='line_1_7' title="bbox 161 1197 925 1227; baseline 0 -1"><span class='ocrx_word' id='word_1_13' title='bbox 161 1198 189 1226; x_wconf 96' lang='lat' dir='ltr'>In</span> <span class='ocrx_word' id='word_1_14' title='bbox 211 1197 320 1226; x_wconf 90' lang='lat' dir='ltr'>Christo</span> <span class='ocrx_word' id='word_1_15' title='bbox 342 1205 393 1226; x_wconf 92' lang='lat' dir='ltr'>suo</span> <span class='ocrx_word' id='word_1_16' title='bbox 423 1197 522 1226; x_wconf 91' lang='lat' dir='ltr'>dilecto</span> <span class='ocrx_word' id='word_1_17' title='bbox 552 1197 640 1226; x_wconf 79' lang='lat' dir='ltr'><strong>Fratri</strong></span> <span class='ocrx_word' id='word_1_18' title='bbox 662 1198 691 1226; x_wconf 94' lang='lat' dir='ltr'>N.</span> <span class='ocrx_word' id='word_1_19' title='bbox 714 1198 809 1227; x_wconf 78' lang='lat' dir='ltr'>Frater</span> <span class='ocrx_word' id='word_1_20' title='bbox 840 1198 925 1227; x_wconf 88' lang='lat' dir='ltr'>Bona-</span> 
     </span>
     <span class='ocr_line' id='line_1_8' title="bbox 84 1243 925 1282; baseline -0.001 -8"><span class='ocrx_word' id='word_1_21' title='bbox 84 1247 215 1278; x_wconf 90' lang='lat' dir='ltr'>ventura,</span> <span class='ocrx_word' id='word_1_22' title='bbox 247 1243 385 1273; x_wconf 87' lang='lat' dir='ltr'>confrater</span> <span class='ocrx_word' id='word_1_23' title='bbox 416 1244 476 1272; x_wconf 87' lang='lat' dir='ltr'>eius</span> <span class='ocrx_word' id='word_1_24' title='bbox 507 1244 533 1272; x_wconf 91' lang='lat' dir='ltr'>in</span> <span class='ocrx_word' id='word_1_25' title='bbox 564 1244 697 1279; x_wconf 88' lang='lat' dir='ltr'>Domino,</span> <span class='ocrx_word' id='word_1_26' title='bbox 728 1245 925 1282; x_wconf 78' lang='lat' dir='ltr'>qualicumque</span> 
     </span>
     <span class='ocr_line' id='line_1_9' title="bbox 84 1289 925 1325; baseline 0.001 -6"><span class='ocrx_word' id='word_1_27' title='bbox 84 1289 195 1319; x_wconf 74' lang='lat' dir='ltr'>homine</span> <span class='ocrx_word' id='word_1_28' title='bbox 215 1290 303 1318; x_wconf 81' lang='lat' dir='ltr'>veteri</span> <span class='ocrx_word' id='word_1_29' title='bbox 322 1290 384 1319; x_wconf 80' lang='lat' dir='ltr'>iam</span> <span class='ocrx_word' id='word_1_30' title='bbox 411 1294 496 1319; x_wconf 72' lang='lat' dir='ltr'>exuto</span> <span class='ocrx_word' id='word_1_31' title='bbox 509 1291 530 1325; x_wconf 74' lang='lat'>²,</span> <span class='ocrx_word' id='word_1_32' title='bbox 560 1291 669 1320; x_wconf 86' lang='lat' dir='ltr'>Christo</span> <span class='ocrx_word' id='word_1_33' title='bbox 690 1291 783 1320; x_wconf 89' lang='lat' dir='ltr'>vivere</span> <span class='ocrx_word' id='word_1_34' title='bbox 804 1294 831 1320; x_wconf 91' lang='lat' dir='ltr'>et</span> <span class='ocrx_word' id='word_1_35' title='bbox 855 1291 925 1320; x_wconf 90' lang='lat' dir='ltr'>mori</span> 
     </span>
     <span class='ocr_line' id='line_1_10' title="bbox 84 1337 194 1366; baseline -0.009 0"><span class='ocrx_word' id='word_1_36' title='bbox 84 1337 194 1366; x_wconf 84' lang='lat' dir='ltr'>mundo.</span> 
     </span>
    </p>

    <p class='ocr_par' dir='ltr' id='par_1_8' title="bbox 84 1383 927 2260">
     <span class='ocr_line' id='line_1_11' title="bbox 164 1383 927 1420; baseline 0.001 -8"><span class='ocrx_word' id='word_1_37' title='bbox 164 1385 188 1412; x_wconf 88' lang='lat'>1.</span> <span class='ocrx_word' id='word_1_38' title='bbox 210 1383 360 1420; x_wconf 81' lang='lat' dir='ltr'>Quoniam,</span> <span class='ocrx_word' id='word_1_39' title='bbox 382 1383 480 1413; x_wconf 86' lang='lat' dir='ltr'>dilecte</span> <span class='ocrx_word' id='word_1_40' title='bbox 500 1384 538 1412; x_wconf 92' lang='lat' dir='ltr'>mi</span> <span class='ocrx_word' id='word_1_41' title='bbox 552 1384 638 1413; x_wconf 80' lang='lat' dir='ltr'>frater</span> <span class='ocrx_word' id='word_1_42' title='bbox 653 1384 680 1412; x_wconf 94' lang='lat' dir='ltr'>in</span> <span class='ocrx_word' id='word_1_43' title='bbox 696 1384 820 1418; x_wconf 89' lang='lat' dir='ltr'>Domino,</span> <span class='ocrx_word' id='word_1_44' title='bbox 835 1384 927 1413; x_wconf 88' lang='lat' dir='ltr'>adhuc</span> 
     </span>
     <span class='ocr_line' id='line_1_12' title="bbox 85 1430 927 1468; baseline 0.001 -9"><span class='ocrx_word' id='word_1_45' title='bbox 85 1439 128 1460; x_wconf 88' lang='lat' dir='ltr'>me</span> <span class='ocrx_word' id='word_1_46' title='bbox 148 1431 176 1459; x_wconf 93' lang='lat' dir='ltr'>in</span> <span class='ocrx_word' id='word_1_47' title='bbox 197 1430 352 1467; x_wconf 86' lang='lat' dir='ltr'>praesentia</span> <span class='ocrx_word' id='word_1_48' title='bbox 373 1431 421 1460; x_wconf 88' lang='lat' dir='ltr'>tibi</span> <span class='ocrx_word' id='word_1_49' title='bbox 443 1431 547 1468; x_wconf 86' lang='lat' dir='ltr'>posito,</span> <span class='ocrx_word' id='word_1_50' title='bbox 569 1431 636 1460; x_wconf 88' lang='lat' dir='ltr'>mihi</span> <span class='ocrx_word' id='word_1_51' title='bbox 651 1431 847 1460; x_wconf 80' lang='lat' dir='ltr'>instantissime</span> <span class='ocrx_word' id='word_1_52' title='bbox 862 1439 927 1468; x_wconf 92' lang='lat' dir='ltr'>sup-</span> 
     </span>
     <span class='ocr_line' id='line_1_13' title="bbox 85 1477 927 1515; baseline 0.001 -9"><span class='ocrx_word' id='word_1_53' title='bbox 85 1477 206 1515; x_wconf 89' lang='lat' dir='ltr'>plicasti,</span> <span class='ocrx_word' id='word_1_54' title='bbox 228 1480 260 1506; x_wconf 92' lang='lat' dir='ltr'>ut</span> <span class='ocrx_word' id='word_1_55' title='bbox 280 1480 307 1506; x_wconf 88' lang='lat' dir='ltr'>te</span> <span class='ocrx_word' id='word_1_56' title='bbox 328 1477 356 1506; x_wconf 91' lang='lat' dir='ltr'>in</span> <span class='ocrx_word' id='word_1_57' title='bbox 377 1481 520 1514; x_wconf 88' lang='lat' dir='ltr'>posterum</span> <span class='ocrx_word' id='word_1_58' title='bbox 541 1478 681 1515; x_wconf 83' lang='lat' dir='ltr'>aliquibus</span> <span class='ocrx_word' id='word_1_59' title='bbox 709 1478 860 1515; x_wconf 88' lang='lat' dir='ltr'>spiritualis</span> <span class='ocrx_word' id='word_1_60' title='bbox 877 1486 927 1507; x_wconf 90' lang='lat' dir='ltr'>ex—</span> 
     </span>
     <span class='ocr_line' id='line_1_14' title="bbox 85 1523 927 1562; baseline 0.001 -10"><span class='ocrx_word' id='word_1_61' title='bbox 85 1523 248 1553; x_wconf 84' lang='lat' dir='ltr'>hortationis</span> <span class='ocrx_word' id='word_1_62' title='bbox 269 1524 399 1553; x_wconf 87' lang='lat' dir='ltr'>litterulis</span> <span class='ocrx_word' id='word_1_63' title='bbox 420 1524 576 1558; x_wconf 87' lang='lat' dir='ltr'>visitarem;</span> <span class='ocrx_word' id='word_1_64' title='bbox 608 1525 689 1559; x_wconf 89' lang='lat' dir='ltr'>novi,</span> <span class='ocrx_word' id='word_1_65' title='bbox 720 1525 821 1558; x_wconf 86' lang='lat' dir='ltr'>frater,</span> <span class='ocrx_word' id='word_1_66' title='bbox 853 1525 927 1562; x_wconf 92' lang='lat' dir='ltr'>quod</span> 
     </span>
     <span class='ocr_line' id='line_1_15' title="bbox 85 1570 925 1609; baseline 0.001 -10"><span class='ocrx_word' id='word_1_67' title='bbox 85 1571 152 1600; x_wconf 86' lang='lat' dir='ltr'>baec</span> <span class='ocrx_word' id='word_1_68' title='bbox 171 1570 265 1600; x_wconf 87' lang='lat' dir='ltr'>dicens</span> <span class='ocrx_word' id='word_1_69' title='bbox 285 1571 414 1600; x_wconf 79' lang='lat' dir='ltr'>ardentes</span> <span class='ocrx_word' id='word_1_70' title='bbox 432 1580 552 1608; x_wconf 82' lang='lat' dir='ltr'>prunas</span> <span class='ocrx_word' id='word_1_71' title='bbox 573 1571 704 1609; x_wconf 74' lang='lat' dir='ltr'>eonyeris</span> <span class='ocrx_word' id='word_1_72' title='bbox 725 1580 814 1608; x_wconf 84' lang='lat' dir='ltr'>super</span> <span class='ocrx_word' id='word_1_73' title='bbox 835 1575 925 1609; x_wconf 84' lang='lat' dir='ltr'>eaput</span> 
     </span>
     <span class='ocr_line' id='line_1_16' title="bbox 84 1617 926 1655; baseline 0 -9"><span class='ocrx_word' id='word_1_74' title='bbox 84 1625 175 1646; x_wconf 90' lang='lat' dir='ltr'>meum</span> <span class='ocrx_word' id='word_1_75' title='bbox 187 1617 207 1645; x_wconf 84' lang='lat'>³.</span> <span class='ocrx_word' id='word_1_76' title='bbox 236 1617 450 1652; x_wconf 82' lang='lat' dir='ltr'>Verumtamen,</span> <span class='ocrx_word' id='word_1_77' title='bbox 472 1618 538 1655; x_wconf 87' lang='lat' dir='ltr'>quia</span> <span class='ocrx_word' id='word_1_78' title='bbox 558 1618 707 1647; x_wconf 81' lang='lat' dir='ltr'>affectuose</span> <span class='ocrx_word' id='word_1_79' title='bbox 728 1618 854 1647; x_wconf 89' lang='lat' dir='ltr'>instando</span> <span class='ocrx_word' id='word_1_80' title='bbox 875 1618 926 1647; x_wconf 93' lang='lat' dir='ltr'>du-</span> 
     </span>
     <span class='ocr_line' id='line_1_17' title="bbox 84 1663 927 1701; baseline 0.001 -9"><span class='ocrx_word' id='word_1_81' title='bbox 84 1663 162 1692; x_wconf 90' lang='lat' dir='ltr'>ritiae</span> <span class='ocrx_word' id='word_1_82' title='bbox 182 1671 259 1693; x_wconf 90' lang='lat' dir='ltr'>meae</span> <span class='ocrx_word' id='word_1_83' title='bbox 279 1664 438 1701; x_wconf 86' lang='lat' dir='ltr'>superbiam</span> <span class='ocrx_word' id='word_1_84' title='bbox 460 1667 508 1693; x_wconf 87' lang='lat' dir='ltr'>tua</span> <span class='ocrx_word' id='word_1_85' title='bbox 529 1664 646 1701; x_wconf 88' lang='lat' dir='ltr'>supplici</span> <span class='ocrx_word' id='word_1_86' title='bbox 678 1664 833 1693; x_wconf 85' lang='lat' dir='ltr'>humilitate</span> <span class='ocrx_word' id='word_1_87' title='bbox 862 1664 927 1693; x_wconf 92' lang='lat' dir='ltr'>vici-</span> 
     </span>
     <span class='ocr_line' id='line_1_18' title="bbox 85 1710 927 1748; baseline 0.001 -9"><span class='ocrx_word' id='word_1_88' title='bbox 85 1710 118 1739; x_wconf 89' lang='lat' dir='ltr'>sti</span> <span class='ocrx_word' id='word_1_89' title='bbox 137 1710 165 1739; x_wconf 90' lang='lat' dir='ltr'>iu</span> <span class='ocrx_word' id='word_1_90' title='bbox 183 1713 304 1745; x_wconf 82' lang='lat' dir='ltr'>tantum,</span> <span class='ocrx_word' id='word_1_91' title='bbox 325 1714 357 1739; x_wconf 90' lang='lat' dir='ltr'>ut</span> <span class='ocrx_word' id='word_1_92' title='bbox 379 1711 431 1740; x_wconf 88' lang='lat' dir='ltr'>hoc</span> <span class='ocrx_word' id='word_1_93' title='bbox 452 1711 544 1748; x_wconf 90' lang='lat' dir='ltr'>ipsum</span> <span class='ocrx_word' id='word_1_94' title='bbox 565 1711 619 1740; x_wconf 90' lang='lat' dir='ltr'>iam</span> <span class='ocrx_word' id='word_1_95' title='bbox 640 1711 831 1748; x_wconf 86' lang='lat' dir='ltr'>promitterem</span> <span class='ocrx_word' id='word_1_96' title='bbox 853 1711 927 1748; x_wconf 91' lang='lat' dir='ltr'>quod</span> 
     </span>
     <span class='ocr_line' id='line_1_19' title="bbox 85 1757 927 1795; baseline 0.001 -9"><span class='ocrx_word' id='word_1_97' title='bbox 85 1757 197 1794; x_wconf 84' lang='lat' dir='ltr'>optabas</span> <span class='ocrx_word' id='word_1_98' title='bbox 216 1774 255 1778; x_wconf 88' lang='lat'>—-</span> <span class='ocrx_word' id='word_1_99' title='bbox 275 1758 402 1794; x_wconf 88' lang='lat' dir='ltr'>quamvis</span> <span class='ocrx_word' id='word_1_100' title='bbox 422 1757 536 1795; x_wconf 84' lang='lat' dir='ltr'>dignum</span> <span class='ocrx_word' id='word_1_101' title='bbox 559 1758 646 1795; x_wconf 84' lang='lat' dir='ltr'>magis</span> <span class='ocrx_word' id='word_1_102' title='bbox 666 1758 752 1792; x_wconf 88' lang='lat' dir='ltr'>foret,</span> <span class='ocrx_word' id='word_1_103' title='bbox 774 1758 826 1787; x_wconf 87' lang='lat' dir='ltr'>hoc</span> <span class='ocrx_word' id='word_1_104' title='bbox 847 1766 891 1787; x_wconf 91' lang='lat' dir='ltr'>me</span> <span class='ocrx_word' id='word_1_105' title='bbox 911 1766 927 1786; x_wconf 89' lang='lat' dir='ltr'>a</span> 
     </span>
     <span class='ocr_line' id='line_1_20' title="bbox 85 1804 927 1841; baseline 0.001 -8"><span class='ocrx_word' id='word_1_106' title='bbox 85 1806 112 1833; x_wconf 85' lang='lat' dir='ltr'>te</span> <span class='ocrx_word' id='word_1_107' title='bbox 131 1804 242 1841; x_wconf 90' lang='lat' dir='ltr'>quidem</span> <span class='ocrx_word' id='word_1_108' title='bbox 264 1804 422 1841; x_wconf 82' lang='lat' dir='ltr'>suscipere,</span> <span class='ocrx_word' id='word_1_109' title='bbox 444 1813 526 1841; x_wconf 93' lang='lat' dir='ltr'>quam</span> <span class='ocrx_word' id='word_1_110' title='bbox 556 1813 601 1833; x_wconf 88' lang='lat' dir='ltr'>me</span> <span class='ocrx_word' id='word_1_111' title='bbox 627 1805 677 1833; x_wconf 90' lang='lat' dir='ltr'>tibi</span> <span class='ocrx_word' id='word_1_112' title='bbox 699 1805 857 1834; x_wconf 88' lang='lat' dir='ltr'>huiusmodi</span> <span class='ocrx_word' id='word_1_113' title='bbox 880 1805 927 1834; x_wconf 88' lang='lat' dir='ltr'>de-</span> 
     </span>
     <span class='ocr_line' id='line_1_21' title="bbox 85 1849 927 1887; baseline 0.002 -9"><span class='ocrx_word' id='word_1_114' title='bbox 85 1849 186 1879; x_wconf 85' lang='lat' dir='ltr'>stinare</span> <span class='ocrx_word' id='word_1_115' title='bbox 208 1867 243 1870; x_wconf 97' lang='lat'><strong>—</strong></span> <span class='ocrx_word' id='word_1_116' title='bbox 265 1851 330 1887; x_wconf 89' lang='lat' dir='ltr'>quia</span> <span class='ocrx_word' id='word_1_117' title='bbox 351 1854 442 1880; x_wconf 91' lang='lat' dir='ltr'>tamen</span> <span class='ocrx_word' id='word_1_118' title='bbox 464 1851 594 1880; x_wconf 88' lang='lat' dir='ltr'>instantia</span> <span class='ocrx_word' id='word_1_119' title='bbox 615 1854 679 1880; x_wconf 87' lang='lat' dir='ltr'>tuae</span> <span class='ocrx_word' id='word_1_120' title='bbox 710 1851 862 1880; x_wconf 89' lang='lat' dir='ltr'>devotionis</span> <span class='ocrx_word' id='word_1_121' title='bbox 883 1859 927 1880; x_wconf 90' lang='lat' dir='ltr'>me</span> 
     </span>
     <span class='ocr_line' id='line_1_22' title="bbox 86 1897 926 1935; baseline 0.002 -10"><span class='ocrx_word' id='word_1_122' title='bbox 86 1897 236 1933; x_wconf 75' lang='lat' dir='ltr'>compellit,</span> <span class='ocrx_word' id='word_1_123' title='bbox 258 1897 374 1926; x_wconf 89' lang='lat' dir='ltr'>stultum</span> <span class='ocrx_word' id='word_1_124' title='bbox 395 1897 455 1927; x_wconf 91' lang='lat' dir='ltr'>fieri</span> <span class='ocrx_word' id='word_1_125' title='bbox 471 1897 498 1926; x_wconf 90' lang='lat' dir='ltr'>in</span> <span class='ocrx_word' id='word_1_126' title='bbox 514 1901 592 1935; x_wconf 87' lang='lat' dir='ltr'>parte</span> <span class='ocrx_word' id='word_1_127' title='bbox 613 1898 703 1932; x_wconf 79' lang='lat' dir='ltr'>ista4;</span> <span class='ocrx_word' id='word_1_128' title='bbox 724 1898 796 1927; x_wconf 90' lang='lat' dir='ltr'>sicut</span> <span class='ocrx_word' id='word_1_129' title='bbox 817 1901 926 1935; x_wconf 86' lang='lat' dir='ltr'>potero,</span> 
     </span>
     <span class='ocr_line' id='line_1_23' title="bbox 85 1943 927 1982; baseline 0.002 -10"><span class='ocrx_word' id='word_1_130' title='bbox 85 1943 324 1981; x_wconf 88' lang='lat' dir='ltr'>qualitercumque</span> <span class='ocrx_word' id='word_1_131' title='bbox 354 1944 484 1982; x_wconf 86' lang='lat' dir='ltr'>experiar</span> <span class='ocrx_word' id='word_1_132' title='bbox 517 1945 591 1982; x_wconf 88' lang='lat' dir='ltr'>quod</span> <span class='ocrx_word' id='word_1_133' title='bbox 622 1945 762 1979; x_wconf 90' lang='lat' dir='ltr'>hortaris;</span> <span class='ocrx_word' id='word_1_134' title='bbox 792 1953 847 1974; x_wconf 91' lang='lat' dir='ltr'>non</span> <span class='ocrx_word' id='word_1_135' title='bbox 878 1945 927 1974; x_wconf 91' lang='lat' dir='ltr'>tibi</span> 
     </span>
     <span class='ocr_line' id='line_1_24' title="bbox 86 1990 927 2028; baseline 0.002 -10"><span class='ocrx_word' id='word_1_136' title='bbox 86 1991 176 2018; x_wconf 86' lang='lat' dir='ltr'>tamen</span> <span class='ocrx_word' id='word_1_137' title='bbox 196 1990 249 2018; x_wconf 90' lang='lat' dir='ltr'>alia</span> <span class='ocrx_word' id='word_1_138' title='bbox 269 1990 397 2027; x_wconf 84' lang='lat' dir='ltr'>specialia</span> <span class='ocrx_word' id='word_1_139' title='bbox 417 1991 557 2025; x_wconf 88' lang='lat' dir='ltr'>scribens,</span> <span class='ocrx_word' id='word_1_140' title='bbox 579 1991 630 2020; x_wconf 90' lang='lat' dir='ltr'>nisi</span> <span class='ocrx_word' id='word_1_141' title='bbox 652 1999 683 2020; x_wconf 85' lang='lat' dir='ltr'>ea</span> <span class='ocrx_word' id='word_1_142' title='bbox 704 1999 785 2028; x_wconf 87' lang='lat' dir='ltr'>quae,</span> <span class='ocrx_word' id='word_1_143' title='bbox 800 1991 927 2028; x_wconf 89' lang='lat' dir='ltr'>quamvis</span> 
     </span>
     <span class='ocr_line' id='line_1_25' title="bbox 86 2035 926 2074; baseline 0.002 -10"><span class='ocrx_word' id='word_1_144' title='bbox 86 2035 165 2064; x_wconf 86' lang='lat' dir='ltr'>rudia</span> <span class='ocrx_word' id='word_1_145' title='bbox 185 2039 212 2065; x_wconf 89' lang='lat' dir='ltr'>et</span> <span class='ocrx_word' id='word_1_146' title='bbox 232 2036 381 2073; x_wconf 89' lang='lat' dir='ltr'>simplicia,</span> <span class='ocrx_word' id='word_1_147' title='bbox 403 2037 471 2065; x_wconf 87' lang='lat' dir='ltr'>mihi</span> <span class='ocrx_word' id='word_1_148' title='bbox 492 2037 544 2074; x_wconf 91' lang='lat' dir='ltr'>ipsi</span> <span class='ocrx_word' id='word_1_149' title='bbox 569 2037 698 2074; x_wconf 84' lang='lat' dir='ltr'>colligere</span> <span class='ocrx_word' id='word_1_150' title='bbox 723 2037 926 2074; x_wconf 85' lang='lat' dir='ltr'>proponebam,</span> 
     </span>
     <span class='ocr_line' id='line_1_26' title="bbox 85 2082 927 2120; baseline 0.002 -10"><span class='ocrx_word' id='word_1_151' title='bbox 85 2089 121 2110; x_wconf 85' lang='lat' dir='ltr'>ex</span> <span class='ocrx_word' id='word_1_152' title='bbox 141 2082 243 2120; x_wconf 88' lang='lat' dir='ltr'>quibus</span> <span class='ocrx_word' id='word_1_153' title='bbox 264 2083 317 2112; x_wconf 90' lang='lat' dir='ltr'>iam</span> <span class='ocrx_word' id='word_1_154' title='bbox 340 2083 460 2120; x_wconf 88' lang='lat' dir='ltr'>plurima</span> <span class='ocrx_word' id='word_1_155' title='bbox 480 2084 550 2113; x_wconf 90' lang='lat' dir='ltr'>bene</span> <span class='ocrx_word' id='word_1_156' title='bbox 570 2084 651 2113; x_wconf 91' lang='lat' dir='ltr'>nosti.</span> <span class='ocrx_word' id='word_1_157' title='bbox 674 2084 725 2113; x_wconf 88' lang='lat' dir='ltr'>Sed</span> <span class='ocrx_word' id='word_1_158' title='bbox 746 2084 866 2118; x_wconf 90' lang='lat' dir='ltr'>interim,</span> <span class='ocrx_word' id='word_1_159' title='bbox 888 2084 927 2112; x_wconf 90' lang='lat' dir='ltr'>al-</span> 
     </span>
     <span class='ocr_line' id='line_1_27' title="bbox 85 2128 926 2165; baseline 0.002 -8"><span class='ocrx_word' id='word_1_160' title='bbox 85 2128 199 2165; x_wconf 89' lang='lat' dir='ltr'>loquens</span> <span class='ocrx_word' id='word_1_161' title='bbox 230 2132 306 2158; x_wconf 88' lang='lat' dir='ltr'>tuam</span> <span class='ocrx_word' id='word_1_162' title='bbox 337 2129 521 2164; x_wconf 86' lang='lat' dir='ltr'>dilectionem,</span> <span class='ocrx_word' id='word_1_163' title='bbox 543 2131 700 2165; x_wconf 87' lang='lat' dir='ltr'>carissime,</span> <span class='ocrx_word' id='word_1_164' title='bbox 722 2138 785 2159; x_wconf 90' lang='lat' dir='ltr'>cum</span> <span class='ocrx_word' id='word_1_165' title='bbox 816 2131 926 2165; x_wconf 88' lang='lat' dir='ltr'>nullus,</span> 
     </span>
     <span class='ocr_line' id='line_1_28' title="bbox 86 2175 927 2214; baseline 0.002 -10"><span class='ocrx_word' id='word_1_166' title='bbox 86 2175 155 2204; x_wconf 88' lang='lat' dir='ltr'>sicut</span> <span class='ocrx_word' id='word_1_167' title='bbox 175 2176 347 2213; x_wconf 87' lang='lat' dir='ltr'>experientia</span> <span class='ocrx_word' id='word_1_168' title='bbox 368 2180 443 2205; x_wconf 88' lang='lat' dir='ltr'>certa</span> <span class='ocrx_word' id='word_1_169' title='bbox 463 2177 543 2206; x_wconf 88' lang='lat' dir='ltr'>docet</span> <span class='ocrx_word' id='word_1_170' title='bbox 553 2177 574 2211; x_wconf 86' lang='lat'>⁵,</span> <span class='ocrx_word' id='word_1_171' title='bbox 603 2177 723 2214; x_wconf 86' lang='lat' dir='ltr'>perfecte</span> <span class='ocrx_word' id='word_1_172' title='bbox 744 2177 800 2206; x_wconf 89' lang='lat' dir='ltr'>Deo</span> <span class='ocrx_word' id='word_1_173' title='bbox 821 2177 927 2206; x_wconf 89' lang='lat' dir='ltr'>servire</span> 
     </span>
     <span class='ocr_line' id='line_1_29' title="bbox 85 2222 924 2260; baseline 0.001 -9"><span class='ocrx_word' id='word_1_174' title='bbox 85 2222 181 2259; x_wconf 88' lang='lat' dir='ltr'>possit,</span> <span class='ocrx_word' id='word_1_175' title='bbox 202 2222 255 2252; x_wconf 90' lang='lat' dir='ltr'>uisi</span> <span class='ocrx_word' id='word_1_176' title='bbox 275 2223 387 2252; x_wconf 88' lang='lat' dir='ltr'>omnino</span> <span class='ocrx_word' id='word_1_177' title='bbox 407 2226 539 2260; x_wconf 89' lang='lat' dir='ltr'>procuret</span> <span class='ocrx_word' id='word_1_178' title='bbox 559 2223 709 2253; x_wconf 88' lang='lat' dir='ltr'>dissolvere</span> <span class='ocrx_word' id='word_1_179' title='bbox 723 2232 752 2253; x_wconf 92' lang='lat' dir='ltr'>se</span> <span class='ocrx_word' id='word_1_180' title='bbox 766 2232 782 2252; x_wconf 90' lang='lat' dir='ltr'>a</span> <span class='ocrx_word' id='word_1_181' title='bbox 802 2224 924 2258; x_wconf 88' lang='lat' dir='ltr'>mundo;</span> 
     </span>
    </p>
   </div>
   <div class='ocr_carea' id='block_1_8' title="bbox 983 1199 1827 1516">
    <p class='ocr_par' dir='ltr' id='par_1_9' title="bbox 983 1199 1827 1516">
     <span class='ocr_line' id='line_1_30' title="bbox 983 1199 1824 1237; baseline 0.005 -10"><span class='ocrx_word' id='word_1_182' title='bbox 983 1201 1104 1235; x_wconf 88' lang='lat' dir='ltr'>oportet,</span> <span class='ocrx_word' id='word_1_183' title='bbox 1120 1199 1141 1228; x_wconf 90' lang='lat' dir='ltr'>si</span> <span class='ocrx_word' id='word_1_184' title='bbox 1156 1200 1234 1237; x_wconf 88' lang='lat' dir='ltr'>sequi</span> <span class='ocrx_word' id='word_1_185' title='bbox 1256 1200 1385 1229; x_wconf 91' lang='lat' dir='ltr'>volumus</span> <span class='ocrx_word' id='word_1_186' title='bbox 1405 1201 1551 1230; x_wconf 92' lang='lat' dir='ltr'>Dominum</span> <span class='ocrx_word' id='word_1_187' title='bbox 1573 1201 1750 1236; x_wconf 77' lang='lat' dir='ltr'>salvatorem,</span> <span class='ocrx_word' id='word_1_188' title='bbox 1765 1203 1824 1232; x_wconf 89' lang='lat' dir='ltr'>voci</span> 
     </span>
     <span class='ocr_line' id='line_1_31' title="bbox 983 1246 1827 1286; baseline 0.006 -13"><span class='ocrx_word' id='word_1_189' title='bbox 983 1253 1033 1274; x_wconf 91' lang='lat' dir='ltr'>nos</span> <span class='ocrx_word' id='word_1_190' title='bbox 1064 1246 1263 1282; x_wconf 75' lang='lat' dir='ltr'>propheticae⁶</span> <span class='ocrx_word' id='word_1_191' title='bbox 1294 1247 1421 1282; x_wconf 89' lang='lat' dir='ltr'>obedire,</span> <span class='ocrx_word' id='word_1_192' title='bbox 1452 1251 1499 1282; x_wconf 90' lang='lat' dir='ltr'>ut,</span> <span class='ocrx_word' id='word_1_193' title='bbox 1528 1248 1685 1285; x_wconf 82' lang='lat' dir='ltr'>impietatis</span> <span class='ocrx_word' id='word_1_194' title='bbox 1712 1249 1827 1286; x_wconf 74' lang='lat' dir='ltr'>eolliya-</span> 
     </span>
     <span class='ocr_line' id='line_1_32' title="bbox 983 1291 1825 1332; baseline 0.005 -12"><span class='ocrx_word' id='word_1_195' title='bbox 983 1291 1110 1320; x_wconf 76' lang='lat' dir='ltr'>tionibus</span> <span class='ocrx_word' id='word_1_196' title='bbox 1132 1292 1297 1327; x_wconf 71' lang='lat' dir='ltr'>dissolutis,</span> <span class='ocrx_word' id='word_1_197' title='bbox 1329 1293 1525 1322; x_wconf 76' lang='lat' dir='ltr'>dissolvamus</span> <span class='ocrx_word' id='word_1_198' title='bbox 1550 1294 1708 1332; x_wconf 80' lang='lat' dir='ltr'>fasciculos</span> <span class='ocrx_word' id='word_1_199' title='bbox 1728 1296 1825 1332; x_wconf 79' lang='lat' dir='ltr'>depri-</span> 
     </span>
     <span class='ocr_line' id='line_1_33' title="bbox 983 1340 1825 1379; baseline 0.006 -13"><span class='ocrx_word' id='word_1_200' title='bbox 983 1342 1105 1372; x_wconf 75' lang='lat' dir='ltr'>mentes,</span> <span class='ocrx_word' id='word_1_201' title='bbox 1127 1342 1264 1375; x_wconf 85' lang='lat' dir='ltr'>quatenus</span> <span class='ocrx_word' id='word_1_202' title='bbox 1284 1348 1300 1367; x_wconf 88' lang='lat' dir='ltr'>a</span> <span class='ocrx_word' id='word_1_203' title='bbox 1321 1340 1439 1369; x_wconf 89' lang='lat' dir='ltr'>terrenis</span> <span class='ocrx_word' id='word_1_204' title='bbox 1456 1340 1563 1369; x_wconf 89' lang='lat' dir='ltr'>actibus</span> <span class='ocrx_word' id='word_1_205' title='bbox 1577 1341 1712 1378; x_wconf 89' lang='lat' dir='ltr'>expediti,</span> <span class='ocrx_word' id='word_1_206' title='bbox 1727 1349 1825 1379; x_wconf 85' lang='lat' dir='ltr'>sequa-</span> 
     </span>
     <span class='ocr_line' id='line_1_34' title="bbox 983 1385 1824 1425; baseline 0.006 -13"><span class='ocrx_word' id='word_1_207' title='bbox 983 1392 1047 1413; x_wconf 88' lang='lat' dir='ltr'>mur</span> <span class='ocrx_word' id='word_1_208' title='bbox 1080 1385 1173 1414; x_wconf 90' lang='lat' dir='ltr'>liberis</span> <span class='ocrx_word' id='word_1_209' title='bbox 1203 1386 1344 1422; x_wconf 86' lang='lat' dir='ltr'>gressibus</span> <span class='ocrx_word' id='word_1_210' title='bbox 1375 1386 1601 1424; x_wconf 85' lang='lat' dir='ltr'>Redemptorem,</span> <span class='ocrx_word' id='word_1_211' title='bbox 1632 1388 1713 1425; x_wconf 88' lang='lat' dir='ltr'>quia,</span> <span class='ocrx_word' id='word_1_212' title='bbox 1745 1389 1824 1418; x_wconf 88' lang='lat' dir='ltr'>iuxta</span> 
     </span>
     <span class='ocr_line' id='line_1_35' title="bbox 984 1431 1825 1468; baseline 0.006 -9"><span class='ocrx_word' id='word_1_213' title='bbox 984 1431 1101 1468; x_wconf 83' lang='lat' dir='ltr'>Apostoli</span> <span class='ocrx_word' id='word_1_214' title='bbox 1124 1432 1326 1466; x_wconf 88' lang='lat' dir='ltr'>testimonium,</span> <span class='ocrx_word' id='word_1_215' title='bbox 1348 1441 1430 1461; x_wconf 67' lang='lat' dir='ltr'>izemo</span> <span class='ocrx_word' id='word_1_216' title='bbox 1457 1433 1589 1462; x_wconf 73' lang='lat' dir='ltr'>militaus</span> <span class='ocrx_word' id='word_1_217' title='bbox 1621 1435 1677 1463; x_wconf 85' lang='lat' dir='ltr'>Deo</span> <span class='ocrx_word' id='word_1_218' title='bbox 1698 1435 1775 1464; x_wconf 82' lang='lat' dir='ltr'>debet</span> <span class='ocrx_word' id='word_1_219' title='bbox 1796 1444 1825 1464; x_wconf 86' lang='lat' dir='ltr'>se</span> 
     </span>
     <span class='ocr_line' id='line_1_36' title="bbox 983 1477 1510 1516; baseline 0.006 -11"><span class='ocrx_word' id='word_1_220' title='bbox 983 1477 1105 1515; x_wconf 72' lang='lat' dir='ltr'>ueyotiis</span> <span class='ocrx_word' id='word_1_221' title='bbox 1124 1478 1329 1507; x_wconf 83' lang='lat' dir='ltr'>saecularibus</span> <span class='ocrx_word' id='word_1_222' title='bbox 1351 1479 1510 1516; x_wconf 81' lang='lat' dir='ltr'>implicare.</span> 
     </span>
    </p>
   </div>
   <div class='ocr_carea' id='block_1_9' title="bbox 1062 1524 1956 1563">
    <p class='ocr_par' dir='ltr' id='par_1_10' title="bbox 1062 1524 1956 1563">
     <span class='ocr_line' id='line_1_37' title="bbox 1062 1524 1956 1563; baseline 0.006 -11"><span class='ocrx_word' id='word_1_223' title='bbox 1062 1525 1088 1552; x_wconf 59' lang='lat'>⁹2.</span> <span class='ocrx_word' id='word_1_224' title='bbox 1111 1524 1256 1561; x_wconf 89' lang='lat' dir='ltr'>Nunquam</span> <span class='ocrx_word' id='word_1_225' title='bbox 1278 1533 1344 1562; x_wconf 84' lang='lat' dir='ltr'>ergo</span> <span class='ocrx_word' id='word_1_226' title='bbox 1365 1526 1398 1554; x_wconf 88' lang='lat' dir='ltr'>de</span> <span class='ocrx_word' id='word_1_227' title='bbox 1429 1526 1521 1563; x_wconf 91' lang='lat' dir='ltr'>aliqua</span> <span class='ocrx_word' id='word_1_228' title='bbox 1543 1535 1572 1556; x_wconf 93' lang='lat' dir='ltr'>re</span> <span class='ocrx_word' id='word_1_229' title='bbox 1594 1531 1699 1562; x_wconf 86' lang='lat' dir='ltr'>creata,</span> <span class='ocrx_word' id='word_1_230' title='bbox 1720 1529 1771 1557; x_wconf 91' lang='lat' dir='ltr'>nisi</span> <span class='ocrx_word' id='word_1_231' title='bbox 1797 1529 1825 1558; x_wconf 91' lang='lat' dir='ltr'>in</span> <span class='ocrx_word' id='word_1_232' title='bbox 1846 1533 1956 1553; x_wconf 74' lang='lat' dir='ltr'>custodien-</span> 
     </span>
    </p>
   </div>
   <div class='ocr_carea' id='block_1_10' title="bbox 983 1572 1825 2030">
    <p class='ocr_par' dir='ltr' id='par_1_11' title="bbox 983 1572 1825 2030">
     <span class='ocr_line' id='line_1_38' title="bbox 984 1572 1825 1607; baseline 0.007 -9"><span class='ocrx_word' id='word_1_233' title='bbox 984 1573 1118 1607; x_wconf 88' lang='lat' dir='ltr'>quantum</span> <span class='ocrx_word' id='word_1_234' title='bbox 1141 1575 1266 1600; x_wconf 89' lang='lat' dir='ltr'>nostrum</span> <span class='ocrx_word' id='word_1_235' title='bbox 1288 1572 1390 1601; x_wconf 82' lang='lat' dir='ltr'>excitet</span> <span class='ocrx_word' id='word_1_236' title='bbox 1410 1572 1494 1601; x_wconf 92' lang='lat' dir='ltr'>divini</span> <span class='ocrx_word' id='word_1_237' title='bbox 1516 1574 1618 1602; x_wconf 86' lang='lat' dir='ltr'>amoris</span> <span class='ocrx_word' id='word_1_238' title='bbox 1632 1578 1659 1603; x_wconf 88' lang='lat' dir='ltr'>et</span> <span class='ocrx_word' id='word_1_239' title='bbox 1673 1574 1825 1605; x_wconf 87' lang='lat' dir='ltr'>dilectionis</span> 
     </span>
     <span class='ocr_line' id='line_1_39' title="bbox 983 1617 1824 1658; baseline 0.007 -13"><span class='ocrx_word' id='word_1_240' title='bbox 983 1617 1111 1646; x_wconf 81' lang='lat' dir='ltr'>affectum</span> <span class='ocrx_word' id='word_1_241' title='bbox 1124 1618 1150 1651; x_wconf 88' lang='lat'>⁷,</span> <span class='ocrx_word' id='word_1_242' title='bbox 1172 1626 1219 1646; x_wconf 92' lang='lat' dir='ltr'>cor</span> <span class='ocrx_word' id='word_1_243' title='bbox 1240 1621 1365 1647; x_wconf 87' lang='lat' dir='ltr'>nostrum</span> <span class='ocrx_word' id='word_1_244' title='bbox 1380 1627 1439 1648; x_wconf 88' lang='lat' dir='ltr'>esse</span> <span class='ocrx_word' id='word_1_245' title='bbox 1454 1620 1601 1649; x_wconf 84' lang='lat' dir='ltr'>sollicitum</span> <span class='ocrx_word' id='word_1_246' title='bbox 1615 1621 1824 1658; x_wconf 87' lang='lat' dir='ltr'>permittamus,</span> 
     </span>
     <span class='ocr_line' id='line_1_40' title="bbox 984 1664 1824 1704; baseline 0.006 -12"><span class='ocrx_word' id='word_1_247' title='bbox 984 1664 1049 1701; x_wconf 88' lang='lat' dir='ltr'>quia</span> <span class='ocrx_word' id='word_1_248' title='bbox 1070 1665 1216 1701; x_wconf 86' lang='lat' dir='ltr'>multiplex</span> <span class='ocrx_word' id='word_1_249' title='bbox 1232 1673 1326 1694; x_wconf 89' lang='lat' dir='ltr'>rerum</span> <span class='ocrx_word' id='word_1_250' title='bbox 1342 1666 1492 1695; x_wconf 86' lang='lat' dir='ltr'>labentium</span> <span class='ocrx_word' id='word_1_251' title='bbox 1514 1667 1641 1702; x_wconf 85' lang='lat' dir='ltr'>varietas,</span> <span class='ocrx_word' id='word_1_252' title='bbox 1656 1668 1719 1704; x_wconf 91' lang='lat' dir='ltr'>plus</span> <span class='ocrx_word' id='word_1_253' title='bbox 1732 1669 1824 1697; x_wconf 89' lang='lat' dir='ltr'>debito</span> 
     </span>
     <span class='ocr_line' id='line_1_41' title="bbox 984 1711 1824 1751; baseline 0.007 -13"><span class='ocrx_word' id='word_1_254' title='bbox 984 1711 1138 1744; x_wconf 91' lang='lat' dir='ltr'>ruminata,</span> <span class='ocrx_word' id='word_1_255' title='bbox 1160 1719 1214 1740; x_wconf 86' lang='lat' dir='ltr'>non</span> <span class='ocrx_word' id='word_1_256' title='bbox 1236 1712 1324 1740; x_wconf 89' lang='lat' dir='ltr'>solum</span> <span class='ocrx_word' id='word_1_257' title='bbox 1356 1712 1479 1741; x_wconf 86' lang='lat' dir='ltr'>animum</span> <span class='ocrx_word' id='word_1_258' title='bbox 1509 1713 1688 1743; x_wconf 85' lang='lat' dir='ltr'>distrahendo</span> <span class='ocrx_word' id='word_1_259' title='bbox 1713 1718 1824 1751; x_wconf 85' lang='lat' dir='ltr'>pacatae</span> 
     </span>
     <span class='ocr_line' id='line_1_42' title="bbox 983 1757 1823 1796; baseline 0.007 -11"><span class='ocrx_word' id='word_1_260' title='bbox 983 1757 1083 1786; x_wconf 89' lang='lat' dir='ltr'>mentis</span> <span class='ocrx_word' id='word_1_261' title='bbox 1097 1761 1202 1794; x_wconf 87' lang='lat' dir='ltr'>gratam</span> <span class='ocrx_word' id='word_1_262' title='bbox 1218 1758 1395 1796; x_wconf 88' lang='lat' dir='ltr'>interrumpit</span> <span class='ocrx_word' id='word_1_263' title='bbox 1416 1760 1546 1796; x_wconf 84' lang='lat' dir='ltr'>quietem,</span> <span class='ocrx_word' id='word_1_264' title='bbox 1569 1769 1666 1789; x_wconf 90' lang='lat' dir='ltr'>verum</span> <span class='ocrx_word' id='word_1_265' title='bbox 1681 1762 1779 1795; x_wconf 86' lang='lat' dir='ltr'>etiam,</span> <span class='ocrx_word' id='word_1_266' title='bbox 1794 1762 1823 1791; x_wconf 90' lang='lat' dir='ltr'>in</span> 
     </span>
     <span class='ocr_line' id='line_1_43' title="bbox 983 1804 1825 1845; baseline 0.006 -13"><span class='ocrx_word' id='word_1_267' title='bbox 983 1804 1074 1832; x_wconf 87' lang='lat' dir='ltr'>animo</span> <span class='ocrx_word' id='word_1_268' title='bbox 1095 1805 1229 1841; x_wconf 82' lang='lat' dir='ltr'>gignendo</span> <span class='ocrx_word' id='word_1_269' title='bbox 1250 1805 1441 1841; x_wconf 88' lang='lat' dir='ltr'>phantasmata</span> <span class='ocrx_word' id='word_1_270' title='bbox 1469 1807 1645 1836; x_wconf 85' lang='lat' dir='ltr'>turbulentae</span> <span class='ocrx_word' id='word_1_271' title='bbox 1673 1809 1825 1845; x_wconf 88' lang='lat' dir='ltr'>quassatio-</span> 
     </span>
     <span class='ocr_line' id='line_1_44' title="bbox 984 1850 1824 1891; baseline 0.007 -13"><span class='ocrx_word' id='word_1_272' title='bbox 984 1850 1026 1879; x_wconf 93' lang='lat' dir='ltr'>nis</span> <span class='ocrx_word' id='word_1_273' title='bbox 1041 1851 1164 1879; x_wconf 88' lang='lat' dir='ltr'>molestia</span> <span class='ocrx_word' id='word_1_274' title='bbox 1178 1851 1335 1888; x_wconf 84' lang='lat' dir='ltr'>importune</span> <span class='ocrx_word' id='word_1_275' title='bbox 1356 1852 1470 1889; x_wconf 89' lang='lat' dir='ltr'>impellit</span> <span class='ocrx_word' id='word_1_276' title='bbox 1482 1852 1493 1869; x_wconf 77' lang='lat'>⁸</span> <span class='ocrx_word' id='word_1_277' title='bbox 1514 1853 1636 1882; x_wconf 87' lang='lat' dir='ltr'>eandem.</span> <span class='ocrx_word' id='word_1_278' title='bbox 1653 1854 1704 1883; x_wconf 87' lang='lat' dir='ltr'>Sed</span> <span class='ocrx_word' id='word_1_279' title='bbox 1718 1855 1824 1891; x_wconf 88' lang='lat' dir='ltr'>potius,</span> 
     </span>
     <span class='ocr_line' id='line_1_45' title="bbox 983 1897 1824 1931; baseline 0.006 -6"><span class='ocrx_word' id='word_1_280' title='bbox 983 1897 1158 1926; x_wconf 84' lang='lat' dir='ltr'>affectionum</span> <span class='ocrx_word' id='word_1_281' title='bbox 1180 1898 1303 1926; x_wconf 88' lang='lat' dir='ltr'>omnium</span> <span class='ocrx_word' id='word_1_282' title='bbox 1324 1901 1498 1928; x_wconf 87' lang='lat' dir='ltr'>terrenarum</span> <span class='ocrx_word' id='word_1_283' title='bbox 1521 1900 1628 1928; x_wconf 87' lang='lat' dir='ltr'>sarcina</span> <span class='ocrx_word' id='word_1_284' title='bbox 1642 1908 1758 1930; x_wconf 87' lang='lat' dir='ltr'>onerosa</span> <span class='ocrx_word' id='word_1_285' title='bbox 1778 1901 1824 1931; x_wconf 87' lang='lat' dir='ltr'>de-</span> 
     </span>
     <span class='ocr_line' id='line_1_46' title="bbox 984 1943 1823 1983; baseline 0.005 -11"><span class='ocrx_word' id='word_1_286' title='bbox 984 1943 1086 1980; x_wconf 89' lang='lat' dir='ltr'>posita,</span> <span class='ocrx_word' id='word_1_287' title='bbox 1108 1944 1212 1981; x_wconf 82' lang='lat' dir='ltr'>absque</span> <span class='ocrx_word' id='word_1_288' title='bbox 1233 1945 1425 1974; x_wconf 78' lang='lat' dir='ltr'>retardationis</span> <span class='ocrx_word' id='word_1_289' title='bbox 1453 1946 1600 1983; x_wconf 85' lang='lat' dir='ltr'>gravedine</span> <span class='ocrx_word' id='word_1_290' title='bbox 1622 1954 1769 1976; x_wconf 88' lang='lat' dir='ltr'>curramus</span> <span class='ocrx_word' id='word_1_291' title='bbox 1789 1948 1823 1976; x_wconf 86' lang='lat' dir='ltr'>ad</span> 
     </span>
     <span class='ocr_line' id='line_1_47' title="bbox 984 1990 1823 2030; baseline 0.006 -12"><span class='ocrx_word' id='word_1_292' title='bbox 984 1990 1060 2019; x_wconf 87' lang='lat' dir='ltr'>illum</span> <span class='ocrx_word' id='word_1_293' title='bbox 1083 1990 1130 2027; x_wconf 88' lang='lat' dir='ltr'>qui</span> <span class='ocrx_word' id='word_1_294' title='bbox 1152 1999 1201 2019; x_wconf 90' lang='lat' dir='ltr'>nos</span> <span class='ocrx_word' id='word_1_295' title='bbox 1222 1991 1327 2025; x_wconf 88' lang='lat' dir='ltr'>invitat,</span> <span class='ocrx_word' id='word_1_296' title='bbox 1343 1991 1369 2020; x_wconf 93' lang='lat' dir='ltr'>in</span> <span class='ocrx_word' id='word_1_297' title='bbox 1391 2000 1447 2029; x_wconf 91' lang='lat' dir='ltr'>quo</span> <span class='ocrx_word' id='word_1_298' title='bbox 1461 1995 1502 2021; x_wconf 87' lang='lat' dir='ltr'>est</span> <span class='ocrx_word' id='word_1_299' title='bbox 1516 1993 1671 2021; x_wconf 87' lang='lat' dir='ltr'>animarum</span> <span class='ocrx_word' id='word_1_300' title='bbox 1692 1994 1823 2030; x_wconf 85' lang='lat' dir='ltr'>opulenta</span> 
     </span>
    </p>
   </div>
   <div class='ocr_carea' id='block_1_11' title="bbox 983 2036 1823 2112">
    <p class='ocr_par' dir='ltr' id='par_1_12' title="bbox 983 2036 1823 2112">
     <span class='ocr_line' id='line_1_48' title="bbox 984 2036 1823 2076; baseline 0.005 -11"><span class='ocrx_word' id='word_1_301' title='bbox 984 2036 1096 2065; x_wconf 85' lang='lat' dir='ltr'>refectio</span> <span class='ocrx_word' id='word_1_302' title='bbox 1116 2040 1143 2066; x_wconf 88' lang='lat' dir='ltr'>et</span> <span class='ocrx_word' id='word_1_303' title='bbox 1166 2046 1229 2074; x_wconf 75' lang='lat' dir='ltr'>pax</span> <span class='ocrx_word' id='word_1_304' title='bbox 1255 2046 1391 2072; x_wconf 79' lang='lat' dir='ltr'>summa,</span> <span class='ocrx_word' id='word_1_305' title='bbox 1419 2047 1493 2076; x_wconf 85' lang='lat' dir='ltr'>quae</span> <span class='ocrx_word' id='word_1_306' title='bbox 1524 2043 1681 2076; x_wconf 73' lang='lat' dir='ltr'>exsuperat</span> <span class='ocrx_word' id='word_1_307' title='bbox 1711 2048 1823 2069; x_wconf 74' lang='lat' dir='ltr'>omnem</span> 
     </span>
     <span class='ocr_line' id='line_1_49' title="bbox 983 2083 1132 2112; baseline 0 -1"><span class='ocrx_word' id='word_1_308' title='bbox 983 2091 1101 2112; x_wconf 78' lang='lat' dir='ltr'>sensum</span> <span class='ocrx_word' id='word_1_309' title='bbox 1113 2083 1132 2111; x_wconf 81' lang='lat'>⁹.</span> 
     </span>
    </p>
   </div>
   <div class='ocr_carea' id='block_1_12' title="bbox 1854 1557 1950 1577">
    <p class='ocr_par' dir='ltr' id='par_1_13' title="bbox 1854 1557 1950 1577">
     <span class='ocr_line' id='line_1_50' title="bbox 1854 1557 1950 1577; baseline 0.021 -2"><span class='ocrx_word' id='word_1_310' title='bbox 1854 1557 1899 1576; x_wconf 84' lang='lat' dir='ltr'>dum</span> <span class='ocrx_word' id='word_1_311' title='bbox 1911 1563 1950 1577; x_wconf 86' lang='lat' dir='ltr'>cor.</span> 
     </span>
    </p>
   </div>
   <div class='ocr_carea' id='block_1_13' title="bbox 1062 2130 1970 2171">
    <p class='ocr_par' dir='ltr' id='par_1_14' title="bbox 1062 2130 1970 2171">
     <span class='ocr_line' id='line_1_51' title="bbox 1062 2130 1970 2171; baseline 0.006 -13"><span class='ocrx_word' id='word_1_312' title='bbox 1062 2130 1088 2158; x_wconf 84' lang='lat'>3.</span> <span class='ocrx_word' id='word_1_313' title='bbox 1117 2130 1210 2159; x_wconf 73' lang='lat' dir='ltr'>Venite</span> <span class='ocrx_word' id='word_1_314' title='bbox 1230 2131 1270 2159; x_wconf 77' lang='lat' dir='ltr'>acl</span> <span class='ocrx_word' id='word_1_315' title='bbox 1290 2140 1351 2165; x_wconf 83' lang='lat' dir='ltr'>me,</span> <span class='ocrx_word' id='word_1_316' title='bbox 1373 2132 1477 2169; x_wconf 89' lang='lat' dir='ltr'>inquit,</span> <span class='ocrx_word' id='word_1_317' title='bbox 1493 2141 1600 2167; x_wconf 80' lang='lat' dir='ltr'>omnes,</span> <span class='ocrx_word' id='word_1_318' title='bbox 1615 2133 1667 2171; x_wconf 87' lang='lat' dir='ltr'>qui</span> <span class='ocrx_word' id='word_1_319' title='bbox 1680 2133 1822 2163; x_wconf 85' lang='lat' dir='ltr'>laboratis</span> <span class='ocrx_word' id='word_1_320' title='bbox 1839 2139 1931 2158; x_wconf 71' lang='lat' dir='ltr'>Allocutio</span> <span class='ocrx_word' id='word_1_321' title='bbox 1943 2140 1970 2158; x_wconf 75' lang='lat' dir='ltr'>as-</span> 
     </span>
    </p>
   </div>
   <div class='ocr_carea' id='block_1_14' title="bbox 1851 2163 1970 2181">
    <p class='ocr_par' dir='ltr' id='par_1_15' title="bbox 1851 2163 1970 2181">
     <span class='ocr_line' id='line_1_52' title="bbox 1851 2163 1970 2181; baseline 0 0"><span class='ocrx_word' id='word_1_322' title='bbox 1851 2163 1933 2181; x_wconf 72' lang='lat' dir='ltr'>sentuosa</span> <span class='ocrx_word' id='word_1_323' title='bbox 1945 2163 1970 2181; x_wconf 85' lang='lat' dir='ltr'>ad</span> 
     </span>
    </p>
   </div>
   <div class='ocr_carea' id='block_1_15' title="bbox 983 2177 1951 2216">
    <p class='ocr_par' dir='ltr' id='par_1_16' title="bbox 983 2177 1951 2216">
     <span class='ocr_line' id='line_1_53' title="bbox 983 2177 1951 2216; baseline 0.004 -11"><span class='ocrx_word' id='word_1_324' title='bbox 983 2180 1008 2205; x_wconf 85' lang='lat' dir='ltr'>et</span> <span class='ocrx_word' id='word_1_325' title='bbox 1028 2177 1143 2205; x_wconf 78' lang='lat' dir='ltr'>onerati</span> <span class='ocrx_word' id='word_1_326' title='bbox 1162 2178 1247 2211; x_wconf 72' lang='lat' dir='ltr'>estis,</span> <span class='ocrx_word' id='word_1_327' title='bbox 1269 2182 1295 2206; x_wconf 85' lang='lat' dir='ltr'>et</span> <span class='ocrx_word' id='word_1_328' title='bbox 1313 2187 1363 2216; x_wconf 73' lang='lat' dir='ltr'>eqo</span> <span class='ocrx_word' id='word_1_329' title='bbox 1381 2178 1512 2215; x_wconf 78' lang='lat' dir='ltr'>reficiam</span> <span class='ocrx_word' id='word_1_330' title='bbox 1533 2187 1583 2208; x_wconf 81' lang='lat' dir='ltr'>vos</span> <span class='ocrx_word' id='word_1_331' title='bbox 1596 2179 1626 2207; x_wconf 89' lang='lat'>¹⁰.</span> <span class='ocrx_word' id='word_1_332' title='bbox 1649 2179 1672 2208; x_wconf 93' lang='grc' dir='ltr'>Ο</span> <span class='ocrx_word' id='word_1_333' title='bbox 1692 2180 1823 2215; x_wconf 86' lang='lat' dir='ltr'>Domine,</span> <span class='ocrx_word' id='word_1_334' title='bbox 1849 2186 1951 2205; x_wconf 75' lang='lat' dir='ltr'>Christum-</span> 
     </span>
    </p>
   </div>
   <div class='ocr_carea' id='block_1_16' title="bbox 983 2223 1823 2262">
    <p class='ocr_par' dir='ltr' id='par_1_17' title="bbox 983 2223 1823 2262">
     <span class='ocr_line' id='line_1_54' title="bbox 983 2223 1823 2262; baseline 0.006 -11"><span class='ocrx_word' id='word_1_335' title='bbox 983 2231 1039 2260; x_wconf 87' lang='lat' dir='ltr'>quo</span> <span class='ocrx_word' id='word_1_336' title='bbox 1072 2223 1201 2260; x_wconf 83' lang='lat' dir='ltr'>indiges?</span> <span class='ocrx_word' id='word_1_337' title='bbox 1231 2224 1322 2261; x_wconf 84' lang='lat' dir='ltr'>Quare</span> <span class='ocrx_word' id='word_1_338' title='bbox 1353 2228 1461 2253; x_wconf 77' lang='lat' dir='ltr'>vocas?</span> <span class='ocrx_word' id='word_1_339' title='bbox 1492 2226 1562 2262; x_wconf 89' lang='lat' dir='ltr'>Quid</span> <span class='ocrx_word' id='word_1_340' title='bbox 1594 2226 1642 2254; x_wconf 86' lang='lat' dir='ltr'>tibi</span> <span class='ocrx_word' id='word_1_341' title='bbox 1677 2234 1823 2256; x_wconf 89' lang='lat' dir='ltr'>commune</span> 
     </span>
    </p>
   </div>
   <div class='ocr_carea' id='block_1_17' title="bbox 706 2311 1215 2313">
    <p class='ocr_par' dir='ltr' id='par_1_18' title="bbox 706 2311 1215 2313">
     <span class='ocr_line' id='line_1_55' title="bbox 706 2311 1215 2313; baseline 0 0"><span class='ocrx_word' id='word_1_342' title='bbox 706 2311 1215 2313; x_wconf 95' lang='lat' dir='ltr'> </span> 
     </span>
    </p>
   </div>
   <div class='ocr_carea' id='block_1_18' title="bbox 86 2366 928 3014">
    <p class='ocr_par' dir='ltr' id='par_1_19' title="bbox 86 2366 928 2434">
     <span class='ocr_line' id='line_1_56' title="bbox 147 2366 928 2401; baseline 0.004 -12"><span class='ocrx_word' id='word_1_343' title='bbox 147 2366 154 2379; x_wconf 87' lang='lat'><strong>¹</strong></span> <span class='ocrx_word' id='word_1_344' title='bbox 172 2367 220 2389; x_wconf 85' lang='lat' dir='ltr'>Hoc</span> <span class='ocrx_word' id='word_1_345' title='bbox 238 2366 377 2390; x_wconf 79' lang='lat' dir='ltr'>vocabulum</span> <span class='ocrx_word' id='word_1_346' title='bbox 396 2368 430 2401; x_wconf 62' lang='lat'>³¹¹?</span> <span class='ocrx_word' id='word_1_347' title='bbox 448 2371 521 2390; x_wconf 82' lang='lat' dir='ltr'>aetate</span> <span class='ocrx_word' id='word_1_348' title='bbox 539 2369 644 2396; x_wconf 79' lang='lat' dir='ltr'>usurpari</span> <span class='ocrx_word' id='word_1_349' title='bbox 662 2368 750 2391; x_wconf 86' lang='lat' dir='ltr'>solebat</span> <span class='ocrx_word' id='word_1_350' title='bbox 767 2370 835 2392; x_wconf 82' lang='lat' dir='ltr'>etiam</span> <span class='ocrx_word' id='word_1_351' title='bbox 847 2370 876 2392; x_wconf 81' lang='lat' dir='ltr'>de</span> <span class='ocrx_word' id='word_1_352' title='bbox 888 2370 928 2392; x_wconf 88' lang='lat' dir='ltr'>de-</span> 
     </span>
     <span class='ocr_line' id='line_1_57' title="bbox 86 2404 568 2434; baseline 0.004 -7"><span class='ocrx_word' id='word_1_353' title='bbox 86 2404 224 2428; x_wconf 81' lang='lat' dir='ltr'>finitionibus</span> <span class='ocrx_word' id='word_1_354' title='bbox 241 2405 398 2433; x_wconf 83' lang='lat' dir='ltr'>Capitulorum</span> <span class='ocrx_word' id='word_1_355' title='bbox 416 2407 568 2434; x_wconf 82' lang='lat' dir='ltr'>generalium.</span> 
     </span>
    </p>

    <p class='ocr_par' dir='ltr' id='par_1_20' title="bbox 86 2442 927 2706">
     <span class='ocr_line' id='line_1_58' title="bbox 146 2442 927 2475; baseline 0.003 -9"><span class='ocrx_word' id='word_1_356' title='bbox 146 2442 155 2456; x_wconf 76' lang='lat'><strong>²</strong></span> <span class='ocrx_word' id='word_1_357' title='bbox 172 2445 300 2472; x_wconf 83' lang='lat' dir='ltr'>Respicitur</span> <span class='ocrx_word' id='word_1_358' title='bbox 317 2446 374 2473; x_wconf 87' lang='lat' dir='ltr'>Eph.</span> <span class='ocrx_word' id='word_1_359' title='bbox 392 2445 417 2472; x_wconf 76' lang='lat'>4,</span> <span class='ocrx_word' id='word_1_360' title='bbox 435 2446 471 2467; x_wconf 75' lang='lat'>22.</span> <span class='ocrx_word' id='word_1_361' title='bbox 489 2452 555 2474; x_wconf 85' lang='lat' dir='ltr'>seqq.</span> <span class='ocrx_word' id='word_1_362' title='bbox 575 2448 598 2468; x_wconf 90' lang='lat' dir='ltr'>et</span> <span class='ocrx_word' id='word_1_363' title='bbox 619 2445 665 2468; x_wconf 90' lang='lat' dir='ltr'>Col.</span> <span class='ocrx_word' id='word_1_364' title='bbox 689 2447 715 2473; x_wconf 89' lang='lat'>3,</span> <span class='ocrx_word' id='word_1_365' title='bbox 738 2447 759 2468; x_wconf 84' lang='lat'>9.</span> <span class='ocrx_word' id='word_1_366' title='bbox 782 2452 830 2475; x_wconf 84' lang='lat' dir='ltr'>seq.</span> <span class='ocrx_word' id='word_1_367' title='bbox 854 2446 927 2469; x_wconf 62' lang='lat' dir='ltr'>Codd,</span> 
     </span>
     <span class='ocr_line' id='line_1_59' title="bbox 87 2482 927 2514; baseline 0.002 -9"><span class='ocrx_word' id='word_1_368' title='bbox 87 2482 129 2505; x_wconf 86' lang='lat' dir='ltr'>hoc</span> <span class='ocrx_word' id='word_1_369' title='bbox 145 2484 282 2511; x_wconf 87' lang='lat' dir='ltr'>opusculum</span> <span class='ocrx_word' id='word_1_370' title='bbox 300 2484 457 2507; x_wconf 87' lang='lat' dir='ltr'>diversimode</span> <span class='ocrx_word' id='word_1_371' title='bbox 475 2484 618 2507; x_wconf 82' lang='lat' dir='ltr'>inscribunt:</span> <span class='ocrx_word' id='word_1_372' title='bbox 635 2486 651 2507; x_wconf 88' lang='lat' dir='ltr'>A</span> <span class='ocrx_word' id='word_1_373' title='bbox 670 2484 788 2514; x_wconf 61' lang='lat' dir='ltr'>Prologus</span> <span class='ocrx_word' id='word_1_374' title='bbox 799 2485 824 2507; x_wconf 44' lang='lat' dir='ltr'>iu.</span> <span class='ocrx_word' id='word_1_375' title='bbox 836 2485 927 2514; x_wconf 69' lang='lat' dir='ltr'>Episto-</span> 
     </span>
     <span class='ocr_line' id='line_1_60' title="bbox 87 2520 927 2553; baseline 0.002 -9"><span class='ocrx_word' id='word_1_376' title='bbox 87 2520 135 2544; x_wconf 78' lang='lat' dir='ltr'>lam</span> <span class='ocrx_word' id='word_1_377' title='bbox 150 2524 298 2551; x_wconf 75' lang='lat' dir='ltr'>sequentem;</span> <span class='ocrx_word' id='word_1_378' title='bbox 316 2523 332 2544; x_wconf 79' lang='grc' dir='ltr'><strong>Β</strong></span> <span class='ocrx_word' id='word_1_379' title='bbox 349 2522 432 2552; x_wconf 76' lang='lat' dir='ltr'>Incipit</span> <span class='ocrx_word' id='word_1_380' title='bbox 450 2523 555 2553; x_wconf 81' lang='lat' dir='ltr'>Epistola</span> <span class='ocrx_word' id='word_1_381' title='bbox 573 2523 663 2546; x_wconf 74' lang='lat' dir='ltr'>domiui</span> <span class='ocrx_word' id='word_1_382' title='bbox 676 2524 857 2546; x_wconf 74' lang='lat' dir='ltr'>Bonavemurae</span> <span class='ocrx_word' id='word_1_383' title='bbox 873 2530 927 2552; x_wconf 76' lang='lat' dir='ltr'>per-</span> 
     </span>
     <span class='ocr_line' id='line_1_61' title="bbox 87 2559 927 2591; baseline 0.004 -9"><span class='ocrx_word' id='word_1_384' title='bbox 87 2559 150 2583; x_wconf 75' lang='lat' dir='ltr'>utilis</span> <span class='ocrx_word' id='word_1_385' title='bbox 165 2566 194 2584; x_wconf 85' lang='lat' dir='ltr'>ac</span> <span class='ocrx_word' id='word_1_386' title='bbox 210 2560 306 2589; x_wconf 81' lang='lat' dir='ltr'>devota,</span> <span class='ocrx_word' id='word_1_387' title='bbox 318 2565 340 2584; x_wconf 86' lang='lat' dir='ltr'>et</span> <span class='ocrx_word' id='word_1_388' title='bbox 351 2562 418 2584; x_wconf 86' lang='lat' dir='ltr'>simili</span> <span class='ocrx_word' id='word_1_389' title='bbox 437 2562 507 2584; x_wconf 87' lang='lat' dir='ltr'>modo</span> <span class='ocrx_word' id='word_1_390' title='bbox 525 2562 540 2585; x_wconf 92' lang='lat' dir='ltr'>C</span> <span class='ocrx_word' id='word_1_391' title='bbox 551 2562 594 2584; x_wconf 87' lang='lat' dir='ltr'>DE</span> <span class='ocrx_word' id='word_1_392' title='bbox 611 2565 633 2585; x_wconf 89' lang='lat' dir='ltr'>et</span> <span class='ocrx_word' id='word_1_393' title='bbox 649 2562 685 2584; x_wconf 92' lang='lat' dir='ltr'>ed.</span> <span class='ocrx_word' id='word_1_394' title='bbox 708 2563 757 2589; x_wconf 77' lang='lat' dir='ltr'>l3F</span> <span class='ocrx_word' id='word_1_395' title='bbox 775 2562 881 2591; x_wconf 77' lang='lat' dir='ltr'>Epistola</span> <span class='ocrx_word' id='word_1_396' title='bbox 892 2569 927 2585; x_wconf 83' lang='lat' dir='ltr'>ve-</span> 
     </span>
     <span class='ocr_line' id='line_1_62' title="bbox 87 2597 926 2630; baseline 0.004 -10"><span class='ocrx_word' id='word_1_397' title='bbox 87 2597 196 2621; x_wconf 69' lang='lat' dir='ltr'>ner-abilis</span> <span class='ocrx_word' id='word_1_398' title='bbox 219 2598 298 2622; x_wconf 83' lang='lat' dir='ltr'>Patris</span> <span class='ocrx_word' id='word_1_399' title='bbox 321 2599 416 2622; x_wconf 67' lang='lat' dir='ltr'>Fratris</span> <span class='ocrx_word' id='word_1_400' title='bbox 439 2600 626 2623; x_wconf 77' lang='lat' dir='ltr'>Bonaveuturue.</span> <span class='ocrx_word' id='word_1_401' title='bbox 650 2601 719 2622; x_wconf 77' lang='lat' dir='ltr'>Porro</span> <span class='ocrx_word' id='word_1_402' title='bbox 742 2606 784 2628; x_wconf 88' lang='lat' dir='ltr'>pro</span> <span class='ocrx_word' id='word_1_403' title='bbox 806 2601 926 2630; x_wconf 63' lang='lat' dir='ltr'>confrater</span> 
     </span>
     <span class='ocr_line' id='line_1_63' title="bbox 86 2635 925 2667; baseline 0.002 -8"><span class='ocrx_word' id='word_1_404' title='bbox 86 2635 136 2659; x_wconf 75' lang='lat' dir='ltr'>eius</span> <span class='ocrx_word' id='word_1_405' title='bbox 152 2637 246 2660; x_wconf 81' lang='lat' dir='ltr'>ACFG</span> <span class='ocrx_word' id='word_1_406' title='bbox 265 2637 349 2660; x_wconf 84' lang='lat' dir='ltr'>habent</span> <span class='ocrx_word' id='word_1_407' title='bbox 370 2638 488 2667; x_wconf 72' lang='lat' dir='ltr'>confratri</span> <span class='ocrx_word' id='word_1_408' title='bbox 509 2638 565 2661; x_wconf 83' lang='lat' dir='ltr'>eius.</span> <span class='ocrx_word' id='word_1_409' title='bbox 590 2639 645 2661; x_wconf 88' lang='lat' dir='ltr'>Edd.</span> <span class='ocrx_word' id='word_1_410' title='bbox 667 2642 719 2666; x_wconf 83' lang='lat' dir='ltr'>post</span> <span class='ocrx_word' id='word_1_411' title='bbox 742 2639 925 2661; x_wconf 84' lang='lat' dir='ltr'>Bonaventuram</span> 
     </span>
     <span class='ocr_line' id='line_1_64' title="bbox 87 2675 396 2706; baseline 0.01 -9"><span class='ocrx_word' id='word_1_412' title='bbox 87 2675 173 2698; x_wconf 82' lang='lat' dir='ltr'>addunt</span> <span class='ocrx_word' id='word_1_413' title='bbox 189 2675 216 2699; x_wconf 77' lang='lat' dir='ltr'>de</span> <span class='ocrx_word' id='word_1_414' title='bbox 233 2676 396 2706; x_wconf 72' lang='lat' dir='ltr'>Balneoreqio.</span> 
     </span>
    </p>

    <p class='ocr_par' dir='ltr' id='par_1_21' title="bbox 87 2713 926 2977">
     <span class='ocr_line' id='line_1_65' title="bbox 147 2713 924 2744; baseline 0.003 -7"><span class='ocrx_word' id='word_1_415' title='bbox 147 2713 156 2726; x_wconf 76' lang='lat'>³</span> <span class='ocrx_word' id='word_1_416' title='bbox 173 2715 239 2737; x_wconf 85' lang='lat' dir='ltr'>Prov.</span> <span class='ocrx_word' id='word_1_417' title='bbox 257 2716 299 2743; x_wconf 73' lang='lat'>25,</span> <span class='ocrx_word' id='word_1_418' title='bbox 316 2716 353 2738; x_wconf 74' lang='lat'>22.</span> <span class='ocrx_word' id='word_1_419' title='bbox 370 2719 391 2738; x_wconf 88' lang='lat' dir='ltr'>et</span> <span class='ocrx_word' id='word_1_420' title='bbox 408 2716 475 2738; x_wconf 87' lang='lat' dir='ltr'>Rom.</span> <span class='ocrx_word' id='word_1_421' title='bbox 497 2717 534 2743; x_wconf 72' lang='lat'>¹2,</span> <span class='ocrx_word' id='word_1_422' title='bbox 552 2717 589 2738; x_wconf 76' lang='lat'>20.</span> <span class='ocrx_word' id='word_1_423' title='bbox 609 2716 665 2739; x_wconf 91' lang='lat' dir='ltr'>Cod.</span> <span class='ocrx_word' id='word_1_424' title='bbox 684 2717 699 2738; x_wconf 87' lang='lat' dir='ltr'>E</span> <span class='ocrx_word' id='word_1_425' title='bbox 716 2716 840 2744; x_wconf 79' lang='lat' dir='ltr'>carbones,</span> <span class='ocrx_word' id='word_1_426' title='bbox 863 2720 885 2739; x_wconf 85' lang='lat' dir='ltr'>et</span> <span class='ocrx_word' id='word_1_427' title='bbox 906 2717 924 2738; x_wconf 83' lang='grc' dir='ltr'>Α</span> 
     </span>
     <span class='ocr_line' id='line_1_66' title="bbox 87 2753 926 2784; baseline 0.004 -10"><span class='ocrx_word' id='word_1_428' title='bbox 87 2753 230 2782; x_wconf 61' lang='lat' dir='ltr'>maeroris,</span> <span class='ocrx_word' id='word_1_429' title='bbox 247 2754 265 2776; x_wconf 87' lang='lat' dir='ltr'><strong>G</strong></span> <span class='ocrx_word' id='word_1_430' title='bbox 282 2760 404 2783; x_wconf 71' lang='lat' dir='ltr'>conym&#39;as.</span> <span class='ocrx_word' id='word_1_431' title='bbox 422 2767 452 2771; x_wconf 92' lang='lat'><strong>—</strong></span> <span class='ocrx_word' id='word_1_432' title='bbox 469 2755 581 2782; x_wconf 79' lang='lat' dir='ltr'>Superius</span> <span class='ocrx_word' id='word_1_433' title='bbox 598 2761 641 2782; x_wconf 86' lang='lat' dir='ltr'>pro</span> <span class='ocrx_word' id='word_1_434' title='bbox 652 2754 730 2777; x_wconf 81' lang='lat' dir='ltr'>adhuc</span> <span class='ocrx_word' id='word_1_435' title='bbox 747 2761 783 2777; x_wconf 84' lang='lat' dir='ltr'>me</span> <span class='ocrx_word' id='word_1_436' title='bbox 801 2755 826 2784; x_wconf 88' lang='lat' dir='ltr'>[E</span> <span class='ocrx_word' id='word_1_437' title='bbox 843 2755 926 2777; x_wconf 89' lang='lat' dir='ltr'>omittit</span> 
     </span>
     <span class='ocr_line' id='line_1_67' title="bbox 87 2790 922 2823; baseline 0.002 -9"><span class='ocrx_word' id='word_1_438' title='bbox 87 2790 132 2820; x_wconf 86' lang='lat' dir='ltr'>me]</span> <span class='ocrx_word' id='word_1_439' title='bbox 149 2792 167 2814; x_wconf 90' lang='lat' dir='ltr'>G</span> <span class='ocrx_word' id='word_1_440' title='bbox 178 2798 193 2814; x_wconf 86' lang='lat' dir='ltr'>a</span> <span class='ocrx_word' id='word_1_441' title='bbox 204 2798 251 2820; x_wconf 82' lang='lat' dir='ltr'>me,</span> <span class='ocrx_word' id='word_1_442' title='bbox 268 2793 354 2815; x_wconf 85' lang='lat' dir='ltr'>omisso</span> <span class='ocrx_word' id='word_1_443' title='bbox 371 2793 468 2815; x_wconf 85' lang='lat' dir='ltr'>subinde</span> <span class='ocrx_word' id='word_1_444' title='bbox 486 2793 556 2821; x_wconf 82' lang='lat' dir='ltr'>mihi,</span> <span class='ocrx_word' id='word_1_445' title='bbox 576 2797 597 2816; x_wconf 86' lang='lat' dir='ltr'>et</span> <span class='ocrx_word' id='word_1_446' title='bbox 611 2800 652 2821; x_wconf 87' lang='lat' dir='ltr'>pro</span> <span class='ocrx_word' id='word_1_447' title='bbox 668 2793 800 2823; x_wconf 78' lang='lat' dir='ltr'>spiritualis</span> <span class='ocrx_word' id='word_1_448' title='bbox 812 2793 922 2816; x_wconf 65' lang='lat' dir='ltr'>eaelmrta-</span> 
     </span>
     <span class='ocr_line' id='line_1_68' title="bbox 88 2828 924 2861; baseline 0.002 -8"><span class='ocrx_word' id='word_1_449' title='bbox 88 2828 154 2853; x_wconf 70' lang='lat' dir='ltr'>lionis</span> <span class='ocrx_word' id='word_1_450' title='bbox 172 2829 280 2854; x_wconf 74' lang='lat' dir='ltr'>litterulis</span> <span class='ocrx_word' id='word_1_451' title='bbox 299 2832 341 2859; x_wconf 81' lang='lat' dir='ltr'>(ita</span> <span class='ocrx_word' id='word_1_452' title='bbox 359 2833 384 2859; x_wconf 85' lang='grc' dir='ltr'>Ε)</span> <span class='ocrx_word' id='word_1_453' title='bbox 401 2832 417 2854; x_wconf 89' lang='lat' dir='ltr'>F</span> <span class='ocrx_word' id='word_1_454' title='bbox 433 2831 566 2861; x_wconf 47' lang='lat' dir='ltr'>spiritual&amp;</span> <span class='ocrx_word' id='word_1_455' title='bbox 583 2832 758 2855; x_wconf 61' lang='lat' dir='ltr'>exercitationis</span> <span class='ocrx_word' id='word_1_456' title='bbox 771 2832 892 2859; x_wconf 73' lang='lat' dir='ltr'>litteralis,</span> <span class='ocrx_word' id='word_1_457' title='bbox 907 2833 924 2854; x_wconf 80' lang='lat' dir='ltr'>G</span> 
     </span>
     <span class='ocr_line' id='line_1_69' title="bbox 87 2867 925 2900; baseline 0.005 -10"><span class='ocrx_word' id='word_1_458' title='bbox 87 2867 216 2896; x_wconf 70' lang='lat' dir='ltr'>spiritualis</span> <span class='ocrx_word' id='word_1_459' title='bbox 229 2869 346 2898; x_wconf 79' lang='lat' dir='ltr'>litterulis,</span> <span class='ocrx_word' id='word_1_460' title='bbox 360 2870 414 2893; x_wconf 87' lang='lat' dir='ltr'>edd.</span> <span class='ocrx_word' id='word_1_461' title='bbox 426 2870 509 2893; x_wconf 73' lang='lat' dir='ltr'>litteris</span> <span class='ocrx_word' id='word_1_462' title='bbox 520 2870 700 2893; x_wconf 74' lang='lat' dir='ltr'>eoehortationis.</span> <span class='ocrx_word' id='word_1_463' title='bbox 713 2871 805 2893; x_wconf 80' lang='lat' dir='ltr'>Inferius</span> <span class='ocrx_word' id='word_1_464' title='bbox 817 2878 859 2899; x_wconf 76' lang='lat' dir='ltr'>pro</span> <span class='ocrx_word' id='word_1_465' title='bbox 869 2871 925 2900; x_wconf 78' lang='lat' dir='ltr'>qnia</span> 
     </span>
     <span class='ocr_line' id='line_1_70' title="bbox 87 2906 924 2938; baseline 0.002 -9"><span class='ocrx_word' id='word_1_466' title='bbox 87 2906 210 2936; x_wconf 79' lang='lat' dir='ltr'>affectuose</span> <span class='ocrx_word' id='word_1_467' title='bbox 226 2908 335 2932; x_wconf 72' lang='lat' dir='ltr'>histando</span> <span class='ocrx_word' id='word_1_468' title='bbox 352 2910 370 2931; x_wconf 83' lang='lat' dir='ltr'>G</span> <span class='ocrx_word' id='word_1_469' title='bbox 388 2909 442 2938; x_wconf 73' lang='lat' dir='ltr'>quia</span> <span class='ocrx_word' id='word_1_470' title='bbox 460 2909 589 2938; x_wconf 77' lang='lat' dir='ltr'>affectuosa</span> <span class='ocrx_word' id='word_1_471' title='bbox 607 2909 732 2937; x_wconf 71' lang='lat' dir='ltr'>instantia,</span> <span class='ocrx_word' id='word_1_472' title='bbox 752 2909 789 2931; x_wconf 89' lang='lat' dir='ltr'>ubi</span> <span class='ocrx_word' id='word_1_473' title='bbox 808 2910 860 2931; x_wconf 81' lang='lat' dir='ltr'>cdd.</span> <span class='ocrx_word' id='word_1_474' title='bbox 873 2916 924 2932; x_wconf 88' lang='lat' dir='ltr'>con-</span> 
     </span>
     <span class='ocr_line' id='line_1_71' title="bbox 88 2945 922 2977; baseline 0.004 -10"><span class='ocrx_word' id='word_1_475' title='bbox 88 2948 119 2967; x_wconf 84' lang='lat' dir='ltr'>tra</span> <span class='ocrx_word' id='word_1_476' title='bbox 137 2945 240 2974; x_wconf 81' lang='lat' dir='ltr'>CEFG‚</span> <span class='ocrx_word' id='word_1_477' title='bbox 257 2947 342 2970; x_wconf 81' lang='lat' dir='ltr'>omisso</span> <span class='ocrx_word' id='word_1_478' title='bbox 356 2947 424 2976; x_wconf 76' lang='lat' dir='ltr'>quia,</span> <span class='ocrx_word' id='word_1_479' title='bbox 442 2954 483 2975; x_wconf 86' lang='lat' dir='ltr'>pro</span> <span class='ocrx_word' id='word_1_480' title='bbox 500 2948 543 2970; x_wconf 85' lang='lat' dir='ltr'>hoc</span> <span class='ocrx_word' id='word_1_481' title='bbox 559 2947 637 2977; x_wconf 78' lang='lat' dir='ltr'>ipsam</span> <span class='ocrx_word' id='word_1_482' title='bbox 654 2947 695 2971; x_wconf 75' lang='lat' dir='ltr'>tibi</span> <span class='ocrx_word' id='word_1_483' title='bbox 711 2948 850 2970; x_wconf 78' lang='lat' dir='ltr'>substituunt</span> <span class='ocrx_word' id='word_1_484' title='bbox 868 2947 922 2977; x_wconf 66' lang='lat' dir='ltr'>ipse.</span> 
     </span>
    </p>

    <p class='ocr_par' dir='ltr' id='par_1_22' title="bbox 149 2984 924 3014">
     <span class='ocr_line' id='line_1_72' title="bbox 149 2984 924 3014; baseline 0.003 -7"><span class='ocrx_word' id='word_1_485' title='bbox 149 2984 157 2996; x_wconf 77' lang='lat'><strong>⁴</strong></span> <span class='ocrx_word' id='word_1_486' title='bbox 175 2985 241 3013; x_wconf 81' lang='lat' dir='ltr'>Epist.</span> <span class='ocrx_word' id='word_1_487' title='bbox 260 2986 283 3008; x_wconf 93' lang='lat' dir='ltr'>ll.</span> <span class='ocrx_word' id='word_1_488' title='bbox 300 2985 352 3008; x_wconf 83' lang='lat' dir='ltr'>Cor.</span> <span class='ocrx_word' id='word_1_489' title='bbox 373 2987 410 3013; x_wconf 75' lang='lat'>12,</span> <span class='ocrx_word' id='word_1_490' title='bbox 438 2987 475 3008; x_wconf 94' lang='lat' dir='ltr'>ll:</span> <span class='ocrx_word' id='word_1_491' title='bbox 499 2987 580 3009; x_wconf 73' lang='lat' dir='ltr'>Fartus</span> <span class='ocrx_word' id='word_1_492' title='bbox 601 2993 652 3009; x_wconf 88' lang='lat' dir='ltr'>sum</span> <span class='ocrx_word' id='word_1_493' title='bbox 676 2987 798 3014; x_wconf 76' lang='lat' dir='ltr'>insipiens,</span> <span class='ocrx_word' id='word_1_494' title='bbox 822 2993 864 3009; x_wconf 71' lang='lat' dir='ltr'>vos</span> <span class='ocrx_word' id='word_1_495' title='bbox 887 2993 924 3010; x_wconf 86' lang='lat' dir='ltr'>me</span> 
     </span>
    </p>
   </div>
   <div class='ocr_carea' id='block_1_19' title="bbox 951 2371 957 3016">
    <p class='ocr_par' dir='ltr' id='par_1_23' title="bbox 951 2371 957 3016">
     <span class='ocr_line' id='line_1_73' title="bbox 951 2371 957 3016; baseline 0 0"><span class='ocrx_word' id='word_1_496' title='bbox 951 2371 957 3016; x_wconf 95' lang='lat' dir='ltr'> </span> 
     </span>
    </p>
   </div>
   <div class='ocr_carea' id='block_1_20' title="bbox 980 2369 1824 3015">
    <p class='ocr_par' dir='ltr' id='par_1_24' title="bbox 980 2369 1824 2475">
     <span class='ocr_line' id='line_1_74' title="bbox 982 2369 1823 2400; baseline 0.005 -10"><span class='ocrx_word' id='word_1_497' title='bbox 982 2369 1091 2396; x_wconf 80' lang='lat' dir='ltr'>coegistis</span> <span class='ocrx_word' id='word_1_498' title='bbox 1108 2369 1158 2396; x_wconf 66' lang='lat' dir='ltr'>(cfr.</span> <span class='ocrx_word' id='word_1_499' title='bbox 1176 2371 1189 2391; x_wconf 92' lang='lat' dir='ltr'>l.</span> <span class='ocrx_word' id='word_1_500' title='bbox 1208 2369 1260 2391; x_wconf 79' lang='lat' dir='ltr'>Cor.</span> <span class='ocrx_word' id='word_1_501' title='bbox 1277 2370 1302 2396; x_wconf 89' lang='lat'>3,</span> <span class='ocrx_word' id='word_1_502' title='bbox 1324 2370 1348 2390; x_wconf 89' lang='grc'>18</span> <span class='ocrx_word' id='word_1_503' title='bbox 1360 2371 1375 2396; x_wconf 90' lang='grc'>).</span> <span class='ocrx_word' id='word_1_504' title='bbox 1392 2382 1422 2386; x_wconf 90' lang='grc'><strong>-</strong></span> <span class='ocrx_word' id='word_1_505' title='bbox 1446 2370 1487 2392; x_wconf 80' lang='lat' dir='ltr'>Pro</span> <span class='ocrx_word' id='word_1_506' title='bbox 1508 2370 1626 2399; x_wconf 79' lang='lat' dir='ltr'>compellit</span> <span class='ocrx_word' id='word_1_507' title='bbox 1643 2371 1658 2392; x_wconf 85' lang='lat' dir='ltr'>E</span> <span class='ocrx_word' id='word_1_508' title='bbox 1669 2371 1684 2393; x_wconf 84' lang='lat' dir='ltr'><strong>F</strong></span> <span class='ocrx_word' id='word_1_509' title='bbox 1703 2371 1823 2400; x_wconf 79' lang='lat' dir='ltr'>compulit.</span> 
     </span>
     <span class='ocr_line' id='line_1_75' title="bbox 984 2407 1824 2438; baseline 0.005 -9"><span class='ocrx_word' id='word_1_510' title='bbox 984 2407 1078 2429; x_wconf 82' lang='lat' dir='ltr'>lnserius</span> <span class='ocrx_word' id='word_1_511' title='bbox 1099 2408 1152 2430; x_wconf 80' lang='lat' dir='ltr'>edd.</span> <span class='ocrx_word' id='word_1_512' title='bbox 1177 2408 1284 2430; x_wconf 83' lang='lat' dir='ltr'>omittunt</span> <span class='ocrx_word' id='word_1_513' title='bbox 1309 2407 1430 2436; x_wconf 74' lang='lat' dir='ltr'>quamvis,</span> <span class='ocrx_word' id='word_1_514' title='bbox 1450 2411 1472 2430; x_wconf 84' lang='lat' dir='ltr'>et</span> <span class='ocrx_word' id='word_1_515' title='bbox 1491 2414 1532 2436; x_wconf 87' lang='lat' dir='ltr'>pro</span> <span class='ocrx_word' id='word_1_516' title='bbox 1547 2408 1656 2438; x_wconf 79' lang='lat' dir='ltr'>plurima</span> <span class='ocrx_word' id='word_1_517' title='bbox 1673 2410 1691 2432; x_wconf 91' lang='lat' dir='ltr'>G</span> <span class='ocrx_word' id='word_1_518' title='bbox 1708 2409 1824 2433; x_wconf 78' lang='lat' dir='ltr'>substituit</span> 
     </span>
     <span class='ocr_line' id='line_1_76' title="bbox 980 2445 1064 2475; baseline -0.012 -7"><span class='ocrx_word' id='word_1_519' title='bbox 980 2445 1064 2475; x_wconf 76' lang='lat' dir='ltr'>plura.</span> 
     </span>
    </p>

    <p class='ocr_par' dir='ltr' id='par_1_25' title="bbox 1046 2484 1510 2508">
     <span class='ocr_line' id='line_1_77' title="bbox 1046 2484 1510 2508; baseline 0.002 -1"><span class='ocrx_word' id='word_1_520' title='bbox 1046 2484 1055 2496; x_wconf 82' lang='lat'>⁵</span> <span class='ocrx_word' id='word_1_521' title='bbox 1073 2484 1146 2507; x_wconf 89' lang='lat' dir='ltr'>Codd.</span> <span class='ocrx_word' id='word_1_522' title='bbox 1163 2484 1179 2507; x_wconf 94' lang='lat' dir='ltr'>C</span> <span class='ocrx_word' id='word_1_523' title='bbox 1190 2485 1205 2506; x_wconf 88' lang='grc' dir='ltr'>Ε</span> <span class='ocrx_word' id='word_1_524' title='bbox 1222 2484 1282 2508; x_wconf 75' lang='lat' dir='ltr'>sicut</span> <span class='ocrx_word' id='word_1_525' title='bbox 1299 2486 1323 2508; x_wconf 86' lang='lat' dir='ltr'>tu</span> <span class='ocrx_word' id='word_1_526' title='bbox 1341 2484 1425 2508; x_wconf 78' lang='lat' dir='ltr'>melius</span> <span class='ocrx_word' id='word_1_527' title='bbox 1443 2485 1510 2508; x_wconf 78' lang='lat' dir='ltr'>nosti.</span> 
     </span>
    </p>

    <p class='ocr_par' dir='ltr' id='par_1_26' title="bbox 982 2522 1823 2670">
     <span class='ocr_line' id='line_1_78' title="bbox 1045 2522 1823 2554; baseline 0.005 -9"><span class='ocrx_word' id='word_1_528' title='bbox 1045 2522 1054 2535; x_wconf 84' lang='lat'>⁰</span> <span class='ocrx_word' id='word_1_529' title='bbox 1072 2524 1121 2545; x_wconf 79' lang='lat' dir='ltr'>lsai.</span> <span class='ocrx_word' id='word_1_530' title='bbox 1139 2523 1180 2551; x_wconf 75' lang='lat'>58,</span> <span class='ocrx_word' id='word_1_531' title='bbox 1198 2524 1224 2545; x_wconf 88' lang='lat'>6:</span> <span class='ocrx_word' id='word_1_532' title='bbox 1243 2524 1346 2546; x_wconf 79' lang='lat' dir='ltr'>Dissolve</span> <span class='ocrx_word' id='word_1_533' title='bbox 1362 2524 1519 2552; x_wconf 79' lang='lat' dir='ltr'>colligationes</span> <span class='ocrx_word' id='word_1_534' title='bbox 1532 2525 1664 2554; x_wconf 77' lang='lat' dir='ltr'>impietatis,</span> <span class='ocrx_word' id='word_1_535' title='bbox 1681 2526 1744 2549; x_wconf 86' lang='lat' dir='ltr'>solve</span> <span class='ocrx_word' id='word_1_536' title='bbox 1762 2527 1823 2549; x_wconf 82' lang='lat' dir='ltr'>fasci-</span> 
     </span>
     <span class='ocr_line' id='line_1_79' title="bbox 982 2562 1823 2593; baseline 0.004 -9"><span class='ocrx_word' id='word_1_537' title='bbox 982 2563 1046 2584; x_wconf 89' lang='lat' dir='ltr'>culos</span> <span class='ocrx_word' id='word_1_538' title='bbox 1062 2562 1224 2590; x_wconf 81' lang='lat' dir='ltr'>deprimentes.</span> <span class='ocrx_word' id='word_1_539' title='bbox 1238 2575 1267 2578; x_wconf 86' lang='lat'><strong>—</strong></span> <span class='ocrx_word' id='word_1_540' title='bbox 1286 2562 1389 2584; x_wconf 81' lang='lat' dir='ltr'>Subinde</span> <span class='ocrx_word' id='word_1_541' title='bbox 1401 2563 1510 2590; x_wconf 79' lang='lat' dir='ltr'>allegatur</span> <span class='ocrx_word' id='word_1_542' title='bbox 1528 2564 1550 2586; x_wconf 82' lang='lat' dir='ltr'>ll.</span> <span class='ocrx_word' id='word_1_543' title='bbox 1569 2564 1628 2586; x_wconf 85' lang='lat' dir='ltr'>Tim.</span> <span class='ocrx_word' id='word_1_544' title='bbox 1642 2565 1667 2591; x_wconf 79' lang='lat'>2,</span> <span class='ocrx_word' id='word_1_545' title='bbox 1686 2564 1711 2591; x_wconf 76' lang='lat'>4,</span> <span class='ocrx_word' id='word_1_546' title='bbox 1730 2564 1767 2587; x_wconf 88' lang='lat' dir='ltr'>ubi</span> <span class='ocrx_word' id='word_1_547' title='bbox 1780 2571 1823 2593; x_wconf 87' lang='lat' dir='ltr'>pro</span> 
     </span>
     <span class='ocr_line' id='line_1_80' title="bbox 982 2600 1822 2633; baseline 0.004 -10"><span class='ocrx_word' id='word_1_548' title='bbox 982 2600 1146 2623; x_wconf 75' lang='lat' dir='ltr'>saecularibus</span> <span class='ocrx_word' id='word_1_549' title='bbox 1165 2602 1229 2623; x_wconf 84' lang='lat' dir='ltr'>EFG</span> <span class='ocrx_word' id='word_1_550' title='bbox 1248 2601 1356 2624; x_wconf 70' lang='lat' dir='ltr'>tei-renis.</span> <span class='ocrx_word' id='word_1_551' title='bbox 1376 2615 1404 2618; x_wconf 87' lang='lat'><strong>—</strong></span> <span class='ocrx_word' id='word_1_552' title='bbox 1422 2602 1517 2624; x_wconf 77' lang='lat' dir='ltr'>inferius</span> <span class='ocrx_word' id='word_1_553' title='bbox 1534 2609 1576 2630; x_wconf 86' lang='lat' dir='ltr'>pro</span> <span class='ocrx_word' id='word_1_554' title='bbox 1588 2602 1691 2632; x_wconf 59' lang='lat' dir='ltr'>expediti</span> <span class='ocrx_word' id='word_1_555' title='bbox 1708 2603 1752 2632; x_wconf 80' lang='lat' dir='ltr'>(ita</span> <span class='ocrx_word' id='word_1_556' title='bbox 1769 2604 1785 2626; x_wconf 94' lang='lat' dir='ltr'>C</span> <span class='ocrx_word' id='word_1_557' title='bbox 1797 2605 1822 2633; x_wconf 89' lang='lat' dir='ltr'>E)</span> 
     </span>
     <span class='ocr_line' id='line_1_81' title="bbox 982 2639 1583 2670; baseline 0.005 -9"><span class='ocrx_word' id='word_1_558' title='bbox 982 2640 1035 2662; x_wconf 89' lang='lat' dir='ltr'>edd.</span> <span class='ocrx_word' id='word_1_559' title='bbox 1052 2639 1172 2665; x_wconf 70' lang='lat' dir='ltr'>dissoluti.</span> <span class='ocrx_word' id='word_1_560' title='bbox 1191 2643 1212 2662; x_wconf 85' lang='lat' dir='ltr'>et</span> <span class='ocrx_word' id='word_1_561' title='bbox 1229 2647 1271 2668; x_wconf 88' lang='lat' dir='ltr'>pro</span> <span class='ocrx_word' id='word_1_562' title='bbox 1288 2640 1407 2670; x_wconf 58' lang='lat' dir='ltr'>messibus</span> <span class='ocrx_word' id='word_1_563' title='bbox 1426 2642 1441 2662; x_wconf 82' lang='lat' dir='ltr'>E</span> <span class='ocrx_word' id='word_1_564' title='bbox 1458 2641 1583 2664; x_wconf 77' lang='lat' dir='ltr'>mentibus.</span> 
     </span>
    </p>

    <p class='ocr_par' dir='ltr' id='par_1_27' title="bbox 981 2677 1824 2746">
     <span class='ocr_line' id='line_1_82' title="bbox 1046 2677 1824 2705; baseline 0.005 -4"><span class='ocrx_word' id='word_1_565' title='bbox 1046 2677 1054 2691; x_wconf 85' lang='lat'>⁷</span> <span class='ocrx_word' id='word_1_566' title='bbox 1071 2678 1127 2701; x_wconf 70' lang='lat' dir='ltr'>flod.</span> <span class='ocrx_word' id='word_1_567' title='bbox 1145 2680 1160 2701; x_wconf 84' lang='lat' dir='ltr'>E</span> <span class='ocrx_word' id='word_1_568' title='bbox 1177 2679 1255 2702; x_wconf 77' lang='lat' dir='ltr'>nostri</span> <span class='ocrx_word' id='word_1_569' title='bbox 1268 2679 1393 2702; x_wconf 66' lang='lat' dir='ltr'>ea&#39;citativa</span> <span class='ocrx_word' id='word_1_570' title='bbox 1411 2679 1441 2702; x_wconf 83' lang='lat' dir='ltr'>sit</span> <span class='ocrx_word' id='word_1_571' title='bbox 1458 2679 1532 2702; x_wconf 76' lang='lat' dir='ltr'>divini</span> <span class='ocrx_word' id='word_1_572' title='bbox 1547 2680 1637 2704; x_wconf 63' lang='lat' dir='ltr'>attioris</span> <span class='ocrx_word' id='word_1_573' title='bbox 1657 2682 1678 2704; x_wconf 81' lang='lat' dir='ltr'>et</span> <span class='ocrx_word' id='word_1_574' title='bbox 1694 2681 1824 2705; x_wconf 75' lang='lat' dir='ltr'>dilectionis</span> 
     </span>
     <span class='ocr_line' id='line_1_83' title="bbox 981 2715 1087 2746; baseline 0.019 -9"><span class='ocrx_word' id='word_1_575' title='bbox 981 2715 1087 2746; x_wconf 74' lang='lat' dir='ltr'>affectus.</span> 
     </span>
    </p>

    <p class='ocr_par' dir='ltr' id='par_1_28' title="bbox 982 2754 1821 2865">
     <span class='ocr_line' id='line_1_84' title="bbox 1044 2754 1821 2786; baseline 0.005 -9"><span class='ocrx_word' id='word_1_576' title='bbox 1044 2754 1053 2766; x_wconf 64' lang='grc' dir='ltr'><strong>Β</strong></span> <span class='ocrx_word' id='word_1_577' title='bbox 1070 2756 1202 2778; x_wconf 78' lang='lat' dir='ltr'>Secundum</span> <span class='ocrx_word' id='word_1_578' title='bbox 1213 2756 1336 2783; x_wconf 74' lang='lat' dir='ltr'>Forcellini,</span> <span class='ocrx_word' id='word_1_579' title='bbox 1349 2756 1445 2778; x_wconf 79' lang='lat' dir='ltr'>Lexicon</span> <span class='ocrx_word' id='word_1_580' title='bbox 1457 2756 1635 2786; x_wconf 72' lang='lat' dir='ltr'>etc.‚impellm‘e</span> <span class='ocrx_word' id='word_1_581' title='bbox 1643 2758 1741 2780; x_wconf 81' lang='lat' dir='ltr'>sumitur</span> <span class='ocrx_word' id='word_1_582' title='bbox 1753 2759 1821 2781; x_wconf 79' lang='lat' dir='ltr'>ettam</span> 
     </span>
     <span class='ocr_line' id='line_1_85' title="bbox 982 2794 1819 2826; baseline 0.006 -10"><span class='ocrx_word' id='word_1_583' title='bbox 982 2800 1024 2821; x_wconf 85' lang='lat' dir='ltr'>pro</span> <span class='ocrx_word' id='word_1_584' title='bbox 1041 2794 1165 2823; x_wconf 68' lang='lat' dir='ltr'>capellare.</span> <span class='ocrx_word' id='word_1_585' title='bbox 1182 2807 1211 2810; x_wconf 86' lang='lat'>—-</span> <span class='ocrx_word' id='word_1_586' title='bbox 1229 2794 1339 2822; x_wconf 82' lang='lat' dir='ltr'>Superius</span> <span class='ocrx_word' id='word_1_587' title='bbox 1356 2801 1398 2823; x_wconf 87' lang='lat' dir='ltr'>pro</span> <span class='ocrx_word' id='word_1_588' title='bbox 1418 2795 1441 2818; x_wconf 76' lang='lat' dir='ltr'>iu</span> <span class='ocrx_word' id='word_1_589' title='bbox 1464 2795 1544 2819; x_wconf 82' lang='lat' dir='ltr'>animo</span> <span class='ocrx_word' id='word_1_590' title='bbox 1564 2797 1578 2817; x_wconf 86' lang='lat' dir='ltr'>B</span> <span class='ocrx_word' id='word_1_591' title='bbox 1600 2799 1622 2818; x_wconf 89' lang='lat' dir='ltr'>et</span> <span class='ocrx_word' id='word_1_592' title='bbox 1639 2797 1675 2819; x_wconf 86' lang='lat' dir='ltr'>ed.</span> <span class='ocrx_word' id='word_1_593' title='bbox 1700 2798 1705 2818; x_wconf 91' lang='lat' dir='ltr'>l</span> <span class='ocrx_word' id='word_1_594' title='bbox 1732 2797 1819 2826; x_wconf 59' lang='lat' dir='ltr'>alumi,</span> 
     </span>
     <span class='ocr_line' id='line_1_86' title="bbox 982 2832 1818 2865; baseline 0.006 -11"><span class='ocrx_word' id='word_1_595' title='bbox 982 2833 997 2854; x_wconf 71' lang='lat' dir='ltr'>li</span> <span class='ocrx_word' id='word_1_596' title='bbox 1007 2833 1022 2854; x_wconf 83' lang='lat' dir='ltr'>F</span> <span class='ocrx_word' id='word_1_597' title='bbox 1031 2833 1048 2855; x_wconf 91' lang='lat' dir='ltr'>G</span> <span class='ocrx_word' id='word_1_598' title='bbox 1061 2832 1176 2860; x_wconf 77' lang='lat' dir='ltr'>animum,</span> <span class='ocrx_word' id='word_1_599' title='bbox 1191 2836 1213 2855; x_wconf 88' lang='lat' dir='ltr'>et</span> <span class='ocrx_word' id='word_1_600' title='bbox 1222 2840 1264 2861; x_wconf 85' lang='lat' dir='ltr'>pro</span> <span class='ocrx_word' id='word_1_601' title='bbox 1271 2833 1441 2863; x_wconf 76' lang='lat' dir='ltr'>phantasmata</span> <span class='ocrx_word' id='word_1_602' title='bbox 1459 2834 1501 2862; x_wconf 86' lang='lat' dir='ltr'>(ita</span> <span class='ocrx_word' id='word_1_603' title='bbox 1516 2835 1532 2856; x_wconf 87' lang='lat' dir='ltr'>E</span> <span class='ocrx_word' id='word_1_604' title='bbox 1541 2835 1556 2856; x_wconf 89' lang='lat' dir='ltr'>F</span> <span class='ocrx_word' id='word_1_605' title='bbox 1565 2836 1592 2863; x_wconf 80' lang='lat' dir='ltr'>G)</span> <span class='ocrx_word' id='word_1_606' title='bbox 1605 2835 1659 2858; x_wconf 87' lang='lat' dir='ltr'>edd.</span> <span class='ocrx_word' id='word_1_607' title='bbox 1672 2835 1818 2865; x_wconf 77' lang='lat' dir='ltr'>phantasias.</span> 
     </span>
    </p>

    <p class='ocr_par' dir='ltr' id='par_1_29' title="bbox 981 2870 1820 2937">
     <span class='ocr_line' id='line_1_87' title="bbox 1043 2870 1820 2900; baseline 0.008 -8"><span class='ocrx_word' id='word_1_608' title='bbox 1043 2870 1052 2883; x_wconf 82' lang='lat'>⁰</span> <span class='ocrx_word' id='word_1_609' title='bbox 1070 2871 1123 2893; x_wconf 80' lang='lat' dir='ltr'>l’liil.</span> <span class='ocrx_word' id='word_1_610' title='bbox 1142 2871 1167 2897; x_wconf 75' lang='grc'>4,</span> <span class='ocrx_word' id='word_1_611' title='bbox 1185 2871 1207 2894; x_wconf 92' lang='grc'>7.</span> <span class='ocrx_word' id='word_1_612' title='bbox 1224 2885 1254 2888; x_wconf 88' lang='lat'>—-</span> <span class='ocrx_word' id='word_1_613' title='bbox 1271 2872 1381 2900; x_wconf 81' lang='lat' dir='ltr'>Superius</span> <span class='ocrx_word' id='word_1_614' title='bbox 1399 2873 1449 2895; x_wconf 79' lang='lat' dir='ltr'>voci</span> <span class='ocrx_word' id='word_1_615' title='bbox 1467 2873 1551 2896; x_wconf 80' lang='lat' dir='ltr'>invitat</span> <span class='ocrx_word' id='word_1_616' title='bbox 1562 2874 1615 2896; x_wconf 91' lang='lat' dir='ltr'>edd.</span> <span class='ocrx_word' id='word_1_617' title='bbox 1632 2877 1709 2897; x_wconf 85' lang='lat' dir='ltr'>contra</span> <span class='ocrx_word' id='word_1_618' title='bbox 1728 2876 1820 2898; x_wconf 77' lang='lat' dir='ltr'>BEFG</span> 
     </span>
     <span class='ocr_line' id='line_1_88' title="bbox 981 2909 1260 2937; baseline 0.007 -7"><span class='ocrx_word' id='word_1_619' title='bbox 981 2910 1109 2937; x_wconf 76' lang='lat' dir='ltr'>praefigunt</span> <span class='ocrx_word' id='word_1_620' title='bbox 1126 2909 1260 2933; x_wconf 68' lang='lat' dir='ltr'>satum-itm:</span> 
     </span>
    </p>

    <p class='ocr_par' dir='ltr' id='par_1_30' title="bbox 980 2948 1819 3015">
     <span class='ocr_line' id='line_1_89' title="bbox 1044 2948 1819 2982; baseline 0.008 -13"><span class='ocrx_word' id='word_1_621' title='bbox 1044 2948 1062 2960; x_wconf 83' lang='lat'>¹⁰</span> <span class='ocrx_word' id='word_1_622' title='bbox 1081 2949 1155 2971; x_wconf 77' lang='lat' dir='ltr'>lllattli.</span> <span class='ocrx_word' id='word_1_623' title='bbox 1174 2949 1197 2970; x_wconf 81' lang='lat' dir='ltr'>ll</span> <span class='ocrx_word' id='word_1_624' title='bbox 1209 2966 1214 2976; x_wconf 84' lang='lat'>‚</span> <span class='ocrx_word' id='word_1_625' title='bbox 1231 2950 1268 2971; x_wconf 77' lang='lat'>28.</span> <span class='ocrx_word' id='word_1_626' title='bbox 1281 2962 1311 2965; x_wconf 97' lang='lat'><strong>—</strong></span> <span class='ocrx_word' id='word_1_627' title='bbox 1324 2950 1415 2972; x_wconf 80' lang='lat' dir='ltr'>inferius</span> <span class='ocrx_word' id='word_1_628' title='bbox 1433 2951 1449 2972; x_wconf 86' lang='lat' dir='ltr'>B</span> <span class='ocrx_word' id='word_1_629' title='bbox 1460 2951 1543 2973; x_wconf 85' lang='lat' dir='ltr'>omittit</span> <span class='ocrx_word' id='word_1_630' title='bbox 1555 2958 1568 2973; x_wconf 85' lang='lat' dir='ltr'>o</span> <span class='ocrx_word' id='word_1_631' title='bbox 1580 2951 1668 2975; x_wconf 80' lang='lat' dir='ltr'>caritas</span> <span class='ocrx_word' id='word_1_632' title='bbox 1684 2952 1819 2982; x_wconf 69' lang='lat' dir='ltr'>ineffabilis,</span> 
     </span>
     <span class='ocr_line' id='line_1_90' title="bbox 980 2987 1511 3015; baseline 0.006 -6"><span class='ocrx_word' id='word_1_633' title='bbox 980 2987 1016 3009; x_wconf 82' lang='lat' dir='ltr'>cui</span> <span class='ocrx_word' id='word_1_634' title='bbox 1034 2987 1050 3009; x_wconf 93' lang='lat' dir='ltr'>C</span> <span class='ocrx_word' id='word_1_635' title='bbox 1069 2988 1174 3015; x_wconf 60' lang='lat' dir='ltr'>prat-[igit</span> <span class='ocrx_word' id='word_1_636' title='bbox 1190 2994 1203 3010; x_wconf 89' lang='lat' dir='ltr'>o</span> <span class='ocrx_word' id='word_1_637' title='bbox 1220 2988 1376 3011; x_wconf 78' lang='lat' dir='ltr'>mansuetudo</span> <span class='ocrx_word' id='word_1_638' title='bbox 1393 2989 1511 3012; x_wconf 80' lang='lat' dir='ltr'>amabilis.</span> 
     </span>
    </p>
   </div>
  </div>
 </body>
</html>
