2133 3317
790 214 1030 243 PROLEGOMENA
1052 215 1111 243 C.I

156 293 208 316 ⁴72.
218 293 313 321 Ibidem,
325 293 376 316 cod.
388 293 455 315 3609.
469 292 569 315 chamin
577 292 598 314 4.
610 298 670 314 saec.
683 292 770 314 XV.—
780 292 931 320 soliloquium

92 339 226 368 incipitsol.
246 340 266 362 1.
283 339 332 362 51110
348 338 454 361 rubrica:
470 338 549 362 Flecto
566 344 644 368 genua
660 344 713 361 mea
731 341 773 360 etc.
796 337 876 360 Deficit
893 338 930 360 101.

93 386 129 409 39.
146 386 175 409 ad
193 385 287 408 verba...
304 386 386 409 eterna
406 387 428 408 et
444 384 599 414 inseparabili
623 384 717 408 unione.
735 384 827 414 Corpus
851 386 932 407 antem

92 435 201 456 nostrum
216 439 247 456 ea:
264 434 374 462 qualitor.
393 432 451 455 Vide
468 432 525 454 intra
543 438 596 460 pag.
614 432 644 454 62
661 434 739 454 notam
757 432 778 454 8.
796 432 819 453 in
837 431 889 453 tine.

158 478 207 501 l73.
219 477 329 507 Pelplini,
347 477 484 501 bibliotheca
496 478 627 506 seminarii⁷
638 478 692 502 cod.
709 478 736 500 V.
748 478 776 500 Κ.
788 477 812 500 1).
827 477 849 500 7.
862 478 932 500 chart.

92 525 114 548 in
134 524 156 548 4.
168 530 229 547 saec.
240 524 291 547 XV.
314 524 425 551 ineuntis,
447 530 517 553 quem
539 524 697 547 recensuimus
713 530 795 552 supra,
817 529 871 552 pag.
889 524 933 546 XX

90 578 115 595 n.
133 572 184 594 198.
200 584 230 587 -
247 571 399 600 soliloquium
415 571 494 599 incipit
510 571 559 594 sine
576 571 639 594 titulo
657 572 693 594 tol.
707 571 758 593 172.
775 577 794 595 r.
811 574 834 593 et
850 571 933 593 desinit

91 622 116 642 ut
131 619 154 641 in
171 618 238 641 editis
256 619 293 641 101.
310 618 363 641 204.
381 625 412 647 v.,
429 618 513 641 additis
529 618 620 641 verbis:
641 618 746 648 Explicit
764 617 821 641 liber
838 617 933 641 medita-

91 665 194 693 tionum,
211 664 260 688 sive
284 664 421 688 orationum
443 664 533 688 domini
549 664 679 688 cardinalis
701 666 722 688 et
738 663 841 688 doctoris
863 665 935 688 Bone-

90 715 199 739 venture,
218 712 260 742 qui
269 718 355 742 ymayo
374 711 417 735 cite
433 714 510 735 eterne
526 711 620 735 dicitur.

157 758 206 781 174.
223 757 322 786 Ibidem,
340 759 391 781 cod.
411 759 434 781 Β.
451 758 504 781 254.
517 759 563 784 (hic
579 761 614 781 est
625 758 740 787 antiquior
757 765 880 785 numerus,
898 765 935 781 re-

91 810 145 827 cens
162 805 236 827 nullus
252 805 349 832 adhuc),
367 808 392 828 ut
407 805 543 833 scripsimus
559 811 628 833 supra
650 811 705 833 pag.
725 805 768 827 XX
794 812 816 827 n.
838 806 887 827 199.
903 817 934 822 —

91 850 232 879 opusculum
250 853 293 874 1100
306 852 385 880 incipit
401 853 438 875 101.
457 852 494 875 15.
505 858 524 875 r.
540 856 562 875 et
574 852 657 875 desiuit
674 853 711 874 sol.
724 852 761 874 49.
778 858 808 881 r.‚
820 852 857 875 cui
869 858 933 880 prae-

90 899 183 927 ponitur
200 902 222 921 et
246 898 365 921 subiicitur
387 900 443 922 haec
465 899 572 922 rubrica:
593 899 660 922 Liber
685 899 864 922 meditationum
886 899 935 923 sice

91 945 226 969 orationum
243 945 334 969 domini
355 945 484 969 cardinalis
506 947 529 969 et
551 945 653 969 doctoris
677 946 738 969 Bone
760 947 870 975 ventare,
893 947 935 977 qni

90 998 176 1022 ymaqo
194 992 238 1015 vite
254 994 332 1015 eterne
348 992 496 1015 nominatur.
513 993 595 1016 Amen.

154 1039 205 1061 175.
222 1038 322 1067 Ibidem,
339 1040 391 1062 cod.
414 1040 442 1062 V.
459 1040 487 1062 Κ.
504 1039 527 1062 d.
553 1040 587 1062 ¹6.
608 1040 680 1062 chart.
698 1040 719 1062 in
736 1040 773 1062 sol.
790 1046 849 1062 saec.
871 1040 932 1063 XlV.

90 1086 202 1108 exeuntis.
219 1098 248 1101 —
266 1086 415 1114 Soliloquium
429 1086 508 1114 incipit
525 1087 563 1108 Iol.
583 1086 633 1108 l38.
652 1092 679 1113 r.‚
691 1086 778 1108 omisso
796 1086 872 1109 titulo:
884 1085 934 1109 Fle-

91 1132 127 1156 cto
144 1138 222 1161 cenna
238 1138 291 1155 mea
307 1135 350 1155 etc.
367 1132 454 1155 Desinit
472 1133 507 1155 sol.
533 1133 582 1155 153,
605 1139 622 1154 r.
640 1133 736 1155 additis:
755 1132 857 1162 [implicit
876 1132 933 1156 liber

91 1179 270 1202 meditationum
292 1179 339 1202 sice
358 1179 495 1203 orationum
513 1180 575 1203 Bone
595 1181 704 1208 venture,
722 1179 763 1210 qni
784 1186 870 1210 ymaqo
887 1181 933 1204 cite

90 1227 168 1249 eterne
184 1227 291 1249 vocatur.

154 1273 206 1295 176.
223 1272 322 1301 Ibidem,
339 1273 392 1296 cod.
414 1273 442 1295 V.
459 1274 478 1295 H
503 1274 517 1295 1.
535 1273 556 1295 7.
580 1275 651 1296 chart.
669 1274 691 1296 iu
709 1274 731 1296 8.
748 1276 854 1297 exaratus
872 1280 932 1297 anno

89 1319 190 1342 MDCllll.
203 1332 233 1336 —
245 1320 347 1342 Primum
360 1326 426 1348 opus,
444 1320 507 1349 quod
519 1321 632 1343 continet:
650 1320 783 1350 Soliloqnia
799 1321 877 1344 sancti
892 1321 933 1344 Bo-

89 1367 220 1389 naventure
236 1365 264 1389 de
281 1367 384 1395 quatuor
401 1366 519 1389 eoeercitiz‘s
537 1365 690 1394 mentalibus,
711 1367 791 1395 incipit
811 1370 833 1389 et
849 1367 934 1390 desinit

91 1415 115 1434 ut
131 1412 151 1433 in
169 1411 243 1434 editis.

153 1459 205 1480 ⁴77.
224 1457 322 1486 Ibidem,
340 1459 390 1481 cod.
415 1459 442 1481 V.
467 1459 481 1481 l.
498 1465 519 1481 a.
545 1460 567 1481 9.
591 1459 691 1482 membr.
709 1460 731 1482 in
757 1460 778 1482 4.
801 1466 861 1483 saec.
879 1461 930 1483 XV.

89 1505 194 1528 ineuntis.
211 1517 242 1522 -
253 1505 300 1528 Fol.
318 1505 355 1527 47.
371 1512 391 1527 r.
402 1506 514 1533 opusculo
531 1506 684 1534 praemittitur
696 1507 752 1529 haec
769 1507 873 1530 rubrica:
891 1508 932 1531 Re-

89 1551 191 1581 qistrum
209 1551 264 1575 libri
278 1552 408 1581 sequentis,
426 1552 468 1582 qni
478 1552 615 1576 intitulatur
624 1559 711 1583 ymaqo
728 1553 773 1576 vite
784 1555 869 1577 eterne.
883 1555 931 1577 Fini

90 1599 128 1622 tol.
145 1599 182 1622 52.
198 1605 222 1621 v.
239 1599 344 1622 additur:
367 1599 472 1629 Explicit
497 1599 554 1623 liber
579 1599 758 1623 meditationum
782 1600 830 1624 sive
847 1601 931 1624 oratio-

89 1651 148 1668 num
165 1645 256 1669 (Icinini
276 1645 407 1669 cardinalis
427 1647 450 1669 et
465 1645 568 1669 doctoris
585 1646 759 1674 Bonecenture,
783 1646 824 1676 qui
844 1653 931 1677 ymayo

91 1691 134 1714 vite
159 1694 237 1714 eterne
261 1691 407 1714 nominatur.
433 1692 501 1714 Anno
529 1691 644 1714 Domini...
669 1692 731 1721 feria
755 1692 859 1715 secunda
878 1694 932 1722 post

89 1739 179 1762 Letare.
270 1728 275 1731 “

153 1787 204 1808 178.
222 1785 322 1815 Ibidem,
348 1786 399 1809 cod.
418 1787 445 1808 V.
463 1787 478 1809 l.
495 1792 515 1809 c.
541 1787 561 1808 6.
579 1786 679 1810 membr.
700 1786 722 1809 in
748 1787 769 1809 t.
791 1793 850 1809 saec.
871 1787 931 1810 XlV.

89 1833 198 1857 exeuntis.
209 1846 240 1848 —
251 1832 402 1861 soliloquium
412 1832 491 1860 incipit
502 1833 540 1855 sol.
561 1833 609 1854 183.
622 1839 640 1855 r.
652 1832 696 1855 sub
713 1832 813 1860 rubrica,
825 1832 869 1855 sub
886 1839 931 1862 qua

89 1878 242 1907 praecedens,
259 1881 281 1900 et
293 1878 375 1900 desiuit
392 1878 473 1900 iisdem
491 1877 569 1900 verbis
586 1881 610 1900 ut
629 1878 771 1906 praecedens
789 1879 825 1901 sol.
842 1879 895 1901 210.
908 1885 931 1901 v.

156 1924 205 1947 179.
228 1923 326 1947 Posonii
350 1924 498 1952 (Presburg),
523 1923 660 1947 bibliotheca
685 1925 794 1952 Capituli,
819 1925 872 1948 cod.
894 1924 932 1947 49.

89 1972 159 1993 chart.
177 1971 200 1993 in
217 1971 254 1993 101.
271 1976 332 1993 saec.
349 1971 408 1993 XlV.
426 1974 478 1998 post
495 1971 650 1993 medietatem.
663 1983 695 1987 —
707 1971 858 2000 Soliloquium
875 1971 931 1994 inci-

88 2018 122 2046 pit
140 2018 175 2040 101.
197 2018 218 2040 2.
236 2022 262 2039 r.:
279 2016 356 2040 Flecto
376 2023 454 2046 penita
471 2023 523 2040 mea
535 2020 576 2039 ete.
589 2017 674 2040 Desinit
686 2018 723 2040 sol.
746 2018 778 2040 12.
790 2024 809 2040 r.
826 2019 844 2040 A
855 2019 930 2046 prima

88 2070 157 2087 manu
176 2063 281 2086 tribuitur
306 2064 445 2091 opuseulum
467 2068 546 2087 sancto
570 2065 712 2092 AugustinO,
729 2065 769 2087 sed
795 2071 930 2093 perperam,

88 2111 196 2134 convenit
212 2111 273 2133 enim
290 2117 343 2133 cum
361 2111 422 2135 edito
440 2110 483 2134 sub
500 2111 595 2134 nomine
611 2112 682 2134 sancti
699 2112 888 2139 Bonaventurae,
907 2115 931 2135 ut

89 2161 150 2186 patet
167 2157 270 2180 intuenti.

152 2205 204 2227 180.
222 2204 329 2233 Ρνιιῃαε,
349 2204 487 2228 bibliotheca
500 2205 612 2228 Ecclesiae
624 2206 827 2233 metropolitanae,
839 2206 891 2228 cod.
903 2206 929 2228 N.

89 2251 134 2273 LV.
152 2252 223 2274 chart.
241 2251 262 2274 in
281 2251 302 2274 4.
319 2258 380 2274 saec.
397 2252 452 2279 XV,
469 2252 498 2274 de
515 2258 562 2281 quo
579 2252 647 2274 locuti
659 2259 740 2275 sumus
758 2256 813 2275 tom.
832 2253 860 2275 V.
876 2259 929 2281 pag.

89 2298 164 2321 XXXl
190 2304 212 2320 11.
229 2298 267 2320 93.
284 2310 314 2315 --
331 2299 379 2321 Hoc
395 2299 533 2326 opusculum
551 2299 630 2327 incipit
652 2299 688 2321 101.
712 2299 733 2321 1.
749 2305 768 2322 r.
784 2299 828 2322 sul)
851 2300 930 2322 titulo:

89 2343 247 2374 soliloquium
259 2344 287 2368 de
303 2351 364 2368 arra
376 2344 471 2368 animae
487 2345 659 2370 Bonaeentnre.
672 2345 753 2375 Incipit
768 2345 928 2375 Soliloqnium

89 2390 116 2414 de
126 2397 187 2413 arra
198 2391 283 2419 anime,
295 2393 323 2414 ut
333 2391 461 2420 discamus,
474 2391 590 2421 quomodo
602 2398 645 2415 nos
657 2393 764 2421 oporteat
775 2398 859 2415 vet-um
875 2398 930 2415 ora-

88 2437 150 2461 tione
167 2438 217 2466 (sic)
236 2444 334 2468 querere
345 2439 368 2461 et
383 2438 504 2468 operando
520 2438 652 2462 debeamus.
672 2439 757 2461 Desinit
768 2440 804 2462 sol.
825 2439 876 2462 137.
894 2446 928 2461 v.:

88 2484 132 2508 boc
149 2484 202 2508 totis
216 2484 348 2514 precordiis
365 2485 516 2515 concupisco,
536 2487 558 2508 et
573 2485 607 2508 sic
624 2487 657 2509 est
675 2485 730 2515 sinis
747 2485 818 2508 liuius
835 2485 930 2515 nepotii.

88 2533 170 2555 Amen.
189 2531 293 2561 Emplicit
310 2533 388 2555 teaetus
410 2532 438 2555 de
454 2538 514 2555 arra
531 2531 617 2555 anime.
634 2533 715 2555 Amen.
742 2533 765 2555 ln
783 2533 860 2556 multis
886 2533 929 2555 dis-

88 2578 156 2601 sentit
171 2577 201 2600 ab
218 2579 279 2601 edito
296 2579 421 2607 soliloquio
438 2579 509 2601 nostri
527 2579 638 2601 00010115.

155 2625 204 2647 181.
222 2624 319 2653 Ibidem,
331 2625 382 2648 cod.
395 2626 418 2647 E.
431 2626 526 2648 LXVlll.
535 2627 606 2648 chart.
619 2626 640 2648 in
653 2626 690 2648 101.
701 2632 761 2648 saec.
779 2627 837 2649 XlV.
850 2632 930 2650 exeun·

89 2671 124 2693 tis.
149 2683 180 2688 —
204 2670 268 2694 Circa
293 2672 363 2694 tinem
388 2672 511 2694 voluminis
534 2672 571 2694 tol.
593 2678 611 2694 r.
630 2678 675 2694 non
696 2676 830 2695 numerato:
847 2672 932 2702 Incipit

90 2717 255 2740 Boimventure
271 2717 388 2747 dyatoyus
405 2717 432 2741 de
449 2718 547 2741 mentali
562 2718 737 2741 ezei-citatione.
756 2718 834 2742 Flecto
852 2725 930 2748 pertua

89 2769 142 2786 mea
159 2767 200 2786 cte.
219 2764 303 2786 Desinit
319 2765 355 2786 101.
373 2771 391 2787 r.
409 2767 434 2787 ut
451 2764 472 2786 in
487 2764 562 2787 editis.

90 2857 240 2885 Soliloquium
258 2857 336 2885 incipit
355 2858 391 2880 tol.
409 2857 446 2880 46.
463 2864 487 2880 ν.
503 2861 525 2880 et
543 2858 760 2886 prosequitur-„sed
783 2858 929 2886 interpolate,

91 2906 114 2926 ut
131 2907 192 2926 recte
209 2904 295 2926 notavit
312 2903 439 2926 rubricator
456 2904 553 2932 00111015,
577 2910 649 2933 usque
666 2904 695 2926 ad
719 2905 756 2928 tol.
777 2905 814 2926 61.
836 2911 867 2927 r.:
890 2904 932 2934 qni

89 2951 123 2973 est
139 2951 234 2973 eternas
251 2951 272 2973 et
290 2956 351 2973 unus
369 2949 500 2973 benedictas
518 2950 542 2973 in
557 2950 638 2974 secula
654 2951 799 2974 seculorum.
816 2952 898 2974 Amen.

1737 216 1830 245 XXXV

1057 293 1107 315 183.
1125 292 1223 321 Ibidem,
1241 294 1292 316 cod.
1305 295 1331 316 D.
1343 294 1435 316 LXXV.
1452 295 1523 316 chart.
1535 294 1556 316 in
1570 293 1590 316 4.
1602 300 1662 316 saec.
1674 293 1725 316 XV.
1737 305 1768 310 —
1780 294 1832 317 Post

989 344 1049 366 opus
1065 340 1169 367 Hugonis
1185 340 1215 362 de
1232 341 1298 362 arrha
1311 346 1410 368 sponsae
1420 341 1524 369 sequitur
1540 339 1691 368 soliloquium
1704 340 1740 362 101.
1752 346 1771 362 r.
1784 346 1830 362 non

989 390 1122 413 numerato:
1141 386 1219 414 incipit
1235 393 1288 409 cum
1306 387 1418 409 editione:
1436 386 1513 410 [flecto
1530 392 1607 416 penita
1620 392 1671 409 nied
1689 386 1790 413 etc.,sed
1808 386 1830 408 in

990 431 1089 454 decursu
1107 432 1211 455 dissentit
1227 433 1249 455 in
1267 433 1393 462 aliquibus,
1410 433 1493 456 desinit
1509 433 1578 456 etiam
1596 433 1633 455 101.
1650 439 1672 455 ν.
1690 433 1725 455 1115
1737 432 1828 455 verbis:

986 477 1063 507 pietas
1080 478 1142 501 enim
1160 479 1192 502 ad
1208 480 1287 503 omnia
1305 480 1369 503 utitis
1393 481 1438 508 est,
1456 479 1639 509 promissionem
1660 479 1747 503 liabens
1772 479 1829 507 vite,

990 531 1034 554 que
1052 531 1115 548 nutu:
1131 527 1165 548 est
1181 527 1201 549 et
1217 526 1311 555 future,
1329 526 1361 549 ad
1377 533 1449 556 quam
1466 533 1509 550 nos
1522 526 1653 556 perducere
1675 525 1785 555 diynetnr
1801 526 1832 548 Ie-

989 577 1031 594 sus
1048 571 1163 595 Dominus
1181 573 1272 601 noster,
1290 572 1353 596 beate
1371 574 1392 596 et
1408 573 1510 603 plor-lose
1521 572 1597 597 Mai-ie
1618 572 1720 603 Virqinis
1737 572 1831 602 fructus

990 619 1010 640 et
1027 617 1099 647 filius.
1118 617 1165 646 01ιὶ
1180 618 1235 642 vivit
1251 621 1273 642 ct
1289 622 1377 649 regnat
1396 625 1451 643 cum
1470 620 1515 643 Deo
1531 620 1603 644 Patre
1619 620 1644 643 in
1666 619 1763 643 veritato
1779 618 1832 649 Spi-

990 663 1051 687 ritus
1069 665 1146 688 sancti
1158 672 1202 694 per
1220 666 1300 689 omnia
1316 666 1396 690 secata
1412 666 1556 690 seculorum.
1573 668 1656 690 Amen.

1058 711 1106 733 184.
1124 711 1223 738 Ibidem,
1243 713 1294 735 cod.
1311 714 1336 736 N.
1356 713 1412 736 Xlll.
1429 713 1528 736 membr.
1546 713 1566 736 in
1586 714 1622 735 101.
1639 719 1698 736 sace.
1725 713 1784 735 xlv.
1801 724 1832 729 —-

990 758 1089 781 Rubrica
1108 759 1176 781 huius
1193 760 1298 787 opusculi
1316 763 1350 782 est
1367 761 1404 782 sol.
1422 761 1459 782 20.
1476 766 1494 782 r.
1511 766 1617 788 expressa
1636 760 1670 782 his
1688 759 1776 782 verbis:
1794 760 1829 782 In-

991 805 1046 834 cipit
1058 804 1122 833 liber,
1135 805 1177 835 qai
1187 805 1273 829 dicitnr
1291 806 1369 835 imayo
1388 806 1430 829 vite
1447 806 1561 835 humane,
1578 806 1681 829 multum
1703 805 1832 829 consolato-

990 851 1049 874 rias.
1067 851 1145 875 Fleclo
1157 858 1234 881 penita
1251 858 1304 875 mea
1321 856 1364 875 010.
1382 853 1466 875 Desinit
1485 854 1522 876 sol.
1539 854 1576 876 37.
1592 860 1611 875 r.
1629 859 1681 876 cum
1699 853 1776 880 editis,
1794 853 1832 875 ad.-

990 898 1050 921 dito:
1070 898 1179 928 Explicit.

1054 946 1106 968 185.
1122 945 1221 974 Ibidem,
1240 946 1376 969 bibliotheca
1397 947 1553 969 Universitatis
1571 946 1593 968 in
1610 946 1762 973 clementino,
1779 946 1831 969 cod.

991 993 1044 1014 tht.
1062 992 1086 1015 C.
1104 994 1125 1015 2.

990 1038 1098 1061 rubrica:
1116 1039 1199 1068 Incipit
1215 1045 1301 1069 yniaqo
1320 1040 1376 1067 cite,
1393 1041 1479 1062 omisso
1496 1039 1589 1062 nomine
1601 1039 1707 1061 auctoris.
1725 1038 1830 1066 011115011-

1143 994 1214 1015 chart.
1232 993 1253 1015 in
1272 994 1308 1015 sol.
1325 1000 1386 1015 sacc.
1400 994 1459 1016 XlV.
1477 993 1587 1015 excuntis,
1598 1005 1628 1010 —-
1640 994 1686 1015 Fol.
1703 993 1741 1015 73.
1759 999 1780 1014 v.
1798 996 1832 1015 est

990 1087 1037 1108 lum
1055 1086 1138 1109 desinit
1155 1088 1193 1109 101.
1205 1087 1243 1109 78.
1261 1094 1284 1109 v.
1298 1093 1351 1110 cum
1370 1088 1411 1109 hac
1423 1087 1550 1109 additione:
1569 1086 1672 1115 Explicit
1688 1091 1775 1115 ynzaqo
1786 1084 1831 1108 vite

989 1132 1033 1157 sub
1049 1139 1113 1156 anno
1132 1133 1226 1157 Domini
1243 1134 1272 1157 M.
1292 1133 1351 1157 CCC.
1371 1134 1470 1157 LXXX.
1486 1134 1538 1156 IIII.
1556 1133 1623 1162 linita
1635 1133 1659 1155 in
1681 1131 1765 1162 Vistilia
1778 1131 1830 1155 Phi-

989 1179 1049 1210 lippi
1065 1181 1087 1203 et
1103 1179 1187 1203 Iacobi.

1053 1228 1105 1249 186.
1122 1226 1220 1255 Ibidem,
1238 1227 1288 1249 cod.
1307 1227 1365 1250 XlV.
1379 1228 1403 1249 D.
1422 1228 1443 1249 6.
1456 1228 1527 1249 chart.
1544 1233 1604 1249 saec.
1621 1226 1671 1248 XV.
1685 1225 1788 1248 ineuntis.
1801 1237 1831 1242 —

989 1274 1139 1303 Soliloquium
1156 1274 1237 1302 incipit
1254 1275 1290 1296 101.
1310 1274 1346 1296 41.
1362 1281 1381 1296 r.
1399 1274 1531 1296 immediate
1548 1277 1599 1302 post
1615 1273 1677 1296 aliud
1694 1279 1765 1301 opus:
1782 1272 1831 1295 Fle-

988 1323 1025 1345 cto
1042 1328 1120 1351 genua
1136 1327 1189 1344 mea
1206 1325 1248 1344 etc.
1268 1321 1353 1343 Desinit
1366 1321 1403 1343 101,
1421 1321 1457 1343 60.
1476 1327 1507 1348 ν.,
1519 1320 1598 1343 addito
1615 1323 1715 1342 tantum:
1728 1318 1832 1348 Eoeplicit

988 1368 1104 1398 dyalogsns
1121 1367 1199 1391 anime
1216 1369 1236 1390 et
1251 1367 1359 1391 rationis.

1055 1415 1104 1437 187.
1122 1414 1220 1442 Ibidem,
1238 1414 1289 1437 cod.
1312 1415 1341 1437 X.
1359 1414 1385 1436 D.
1414 1415 1431 1436 1.
1450 1415 1520 1436 chart.
1540 1413 1563 1436 in
1585 1414 1621 1435 101.
1647 1419 1707 1435 saec.
1729 1413 1779 1435 XV.
1801 1424 1832 1428 —

988 1462 1035 1484 Alia
1054 1467 1136 1483 manus
1160 1461 1264 1483 eiusdem
1291 1461 1374 1483 saeculi
1397 1461 1435 1482 101.
1458 1460 1495 1482 95.
1517 1466 1535 1482 r.
1560 1459 1671 1488 opusculo
1698 1459 1830 1487 praemisit:

993 1508 1082 1537 Ymaqo
1104 1507 1208 1530 humane
1233 1507 1275 1530 cite
1304 1507 1478 1534 Bonanmzture,
1503 1506 1549 1528 Sed
1571 1506 1606 1528 101.
1631 1506 1684 1528 111.
1709 1512 1731 1527 v.
1757 1505 1830 1533 prima

988 1561 1070 1577 manus
1087 1554 1188 1577 addidit:
1205 1553 1309 1583 Earptit-it
1321 1559 1407 1583 ymaqo
1424 1553 1527 1576 humane
1540 1552 1583 1576 vite
1600 1552 1761 1575 Bonecentme
1778 1557 1832 1574 car-

988 1600 1074 1624 dinalis
1091 1600 1201 1628 Romani,
1215 1600 1276 1630 seria
1293 1600 1362 1623 tertia
1380 1599 1403 1622 in
1419 1599 1456 1622 die
1468 1599 1590 1622 beatorum
1607 1598 1778 1628 Apostolorum
1790 1598 1832 1628 Sy-

989 1648 1066 1671 monis
1091 1649 1113 1670 et
1138 1647 1206 1675 lucie,
1228 1653 1292 1670 atino
1315 1646 1411 1669 Domini
1426 1646 1451 1669 M
1467 1645 1540 1669 CCCC
1555 1646 1657 1669 XXIIII.
1672 1651 1714 1675 per
1732 1644 1832 1668 Matthia

989 1695 1040 1723 (sic)
1059 1694 1127 1717 Losii.

1051 1742 1102 1763 188.
1121 1740 1218 1767 Ibidem,
1236 1741 1287 1763 cod.
1303 1741 1365 1763 mixt.
1378 1741 1415 1763 Xl.
1433 1741 1456 1762 E.
1474 1741 1496 1762 9.
1512 1741 1584 1762 chart.
1598 1745 1658 1762 saec.
1676 1739 1736 1761 XlV.
1748 1745 1830 1761 exeun-

988 1789 1022 1811 tis.
1040 1801 1070 1805 —
1086 1789 1131 1810 Fol.
1152 1789 1171 1811 l.
1189 1794 1207 1810 r.
1225 1794 1307 1810 manus
1324 1787 1436 1816 posterior
1454 1787 1572 1814 praemisit
1588 1787 1701 1814 opusculo
1719 1787 1777 1808 hanc
1793 1785 1831 1808 ob-

987 1835 1154 1857 servationem:
1173 1835 1340 1858 Bonaoentara
1361 1834 1422 1861 (hinc
1442 1834 1531 1859 lacuna)
1550 1832 1645 1856 titutam
1667 1838 1716 1855 esse
1736 1831 1831 1855 itinera-

987 1881 1039 1904 rias
1051 1881 1135 1904 mentis
1148 1881 1172 1904 in
1188 1881 1271 1908 Deum,
1285 1882 1306 1903 et
1318 1880 1404 1903 dicitur
1417 1886 1502 1910 ymaqo
1516 1879 1571 1908 vite,
1588 1886 1629 1902 sen.
1642 1878 1734 1909 Iipnum
1747 1878 1832 1907 ritem).

987 1928 1086 1950 Deinde:
1105 1927 1181 1951 Flecto
1199 1933 1276 1957 penna
1296 1933 1349 1950 mea
1367 1930 1409 1950 etc.
1428 1927 1513 1950 Desinit
1530 1927 1567 1949 101.
1587 1933 1606 1949 r.
1629 1933 1675 1949 non
1692 1928 1828 1949 numerato:

987 1974 1028 2004 qui
1044 1976 1079 1998 est
1094 1974 1172 1997 trinus
1189 1975 1211 1997 et
1226 1980 1290 1996 ranus
1308 1973 1439 1996 benedictus
1456 1972 1480 1996 in
1491 1972 1572 1996 secula
1588 1972 1732 1995 seculorum.
1745 1973 1829 1995 Amen.

987 2021 1063 2044 Finito
1082 2020 1140 2043 libro
1158 2020 1188 2044 sit
1205 2020 1258 2043 lans
1276 2021 1297 2043 et
1314 2019 1393 2049 plor-ia
1410 2020 1465 2042 Δ110.

1051 2068 1102 2089 189.
1116 2066 1269 2096 Repimontii,
1280 2066 1418 2089 bibliotheca
1431 2067 1600 2094 linive-sitatis,
1612 2067 1664 2089 cod.
1681 2067 1745 2089 1261.
1757 2068 1829 2089 chart.

986 2114 1009 2136 in
1028 2114 1065 2137 101.
1082 2120 1142 2136 sacc.
1160 2113 1210 2136 XV.
1227 2126 1258 2130 -
1276 2113 1419 2141 Opusculum
1442 2113 1560 2142 Soliloquii
1583 2113 1661 2141 incipit
1684 2113 1721 2135 101.
1745 2120 1768 2135 v.
1784 2119 1829 2135 non

985 2164 1105 2183 numerato
1123 2161 1171 2183 sine
1193 2160 1237 2182 ullo
1262 2160 1332 2182 titulo.
1350 2159 1437 2182 Desinit
1453 2166 1507 2183 011111
1524 2159 1602 2182 verbis
1619 2160 1725 2182 editionis
1747 2160 1784 2181 sol.
1801 2166 1830 2188 r.;

986 2207 1070 2230 deinde
1087 2207 1191 2230 additur:
1208 2206 1315 2236 Ezplicit
1337 2206 1394 2229 liber
1422 2205 1601 2229 meditationum
1623 2206 1671 2230 sice
1694 2206 1831 2229 motionum

986 2253 1077 2276 domini
1093 2253 1223 2276 cardinalis
1240 2255 1262 2276 et
1284 2252 1387 2276 doctoris
1405 2253 1467 2276 Bone
1491 2255 1599 2281 ventare,
1617 2253 1659 2283 qui
1677 2259 1764 2283 ymayo
1788 2253 1832 2276 vile

987 2302 1065 2324 eterne
1076 2301 1238 2329 nuncupatur.

1050 2347 1102 2369 190.
1122 2346 1221 2374 Ibidem,
1239 2347 1291 2369 cod.
1314 2347 1381 2369 1345.
1399 2348 1469 2369 chart.
1492 2347 1513 2369 in
1532 2347 1554 2369 4.
1570 2353 1630 2369 saec.
1650 2347 1701 2369 XV.
1720 2360 1747 2362 —
1765 2346 1830 2369 Circa

986 2393 1054 2416 finem
1072 2393 1196 2416 voluminis
1214 2394 1251 2416 fol.
1268 2400 1287 2416 r.
1302 2399 1347 2416 uon
1359 2396 1493 2416 numerato:
1506 2392 1655 2423 incipiuntur
1669 2393 1720 2421 (sic)
1732 2393 1830 2416 medita-

986 2439 1060 2462 tiones
1071 2440 1134 2462 Bone
1145 2440 1243 2463 ventare
1257 2439 1360 2464 doctoris
1372 2441 1392 2463 et
1404 2439 1543 2463 cardinalis.
1553 2439 1602 2468 Dic,
1617 2445 1711 2469 qzweso,
1726 2445 1739 2462 o
1752 2439 1830 2468 bomo,

983 2487 1038 2515 post
1050 2485 1157 2509 devotam
1168 2485 1346 2509 invocationem.
1359 2487 1396 2508 Est
1409 2486 1498 2508 initium
1512 2492 1562 2514 cap.
1585 2486 1602 2513 l,
1619 2486 1705 2508 omisso
1722 2486 1827 2514 prologo.

988 2532 1073 2554 Desinit
1089 2538 1143 2555 cum
1160 2532 1261 2555 editione
1279 2533 1315 2555 sol.
1333 2538 1351 2554 r.
1374 2533 1442 2554 lliuc:
1466 2532 1604 2562 Expliciunt
1621 2532 1827 2561 contemplationes

986 2578 1033 2601 sive
1045 2577 1206 2601 meditationes
1217 2579 1278 2601 Bone
1290 2581 1387 2602 venture
1395 2578 1497 2602 doctoris
1509 2581 1530 2602 et
1542 2578 1673 2602 cardinalis
1682 2578 1830 2602 venerabilis.

1053 2625 1103 2647 191.
1120 2624 1219 2653 Ibidem,
1237 2626 1289 2648 cod.
1308 2625 1375 2648 1347.
1397 2627 1468 2648 chart.
1486 2626 1508 2648 in
1528 2625 1548 2648 4.

987 2683 1018 2690 -
1033 2672 1081 2694 Fol.
1099 2672 1119 2693 vl.
1132 2678 1164 2694 r.:
1181 2671 1265 2701 Incipit
1281 2678 1368 2701 ymayo
1380 2671 1425 2695 vile
1436 2674 1525 2700 eterne,
1543 2671 1604 2695 alias
1616 2671 1732 2701 dyaloyns
1750 2671 1829 2695 anime

1570 2632 1630 2648 saec.
1647 2626 1698 2648 XV.
1722 2625 1829 2648 1110011115.

986 2720 1007 2741 et
1025 2718 1139 2746 bominis,
1157 2718 1181 2741 in
1198 2724 1244 2748 quo
1261 2717 1344 2741 anima
1360 2718 1494 2741 meditando
1511 2718 1651 2748 intervomit,
1669 2720 1690 2741 et
1704 2718 1773 2742 homo
1791 2718 1826 2742 in—

952 2791 953 2794 ,
988 2765 1060 2788 terior
1078 2764 1210 2788 mentaliter
1228 2764 1343 2795 loquendo
1360 2764 1496 2794 respondet,
1514 2765 1589 2789 editus
1610 2772 1625 2788 a
1642 2766 1708 2789 Bona
1726 2768 1826 2789 ventura

156 2811 204 2832 182.
223 2809 321 2838 Ibidem,
338 2810 390 2833 cod.
413 2811 436 2833 E.
456 2811 546 2834 xxxn.
569 2812 641 2834 chart.
658 2811 679 2833 in
701 2811 736 2834 101.
754 2817 814 2834 saec.
832 2812 882 2834 XV.
899 2824 930 2829 —
952 2817 953 2833 1

987 2811 1113 2835 cardinali.
1129 2812 1215 2834 Eadem
1238 2815 1372 2840 repetuntur
1390 2812 1412 2834 in
1430 2813 1485 2840 tine,
1503 2813 1542 2841 qui
1564 2813 1664 2836 occurrit
1681 2814 1718 2835 101.
1736 2814 1774 2836 63.
1796 2820 1828 2840 r.‚

986 2858 1027 2880 sed
1046 2857 1076 2880 ibi
1093 2858 1204 2883 omittitur
1221 2864 1305 2881 nomen
1323 2859 1429 2882 auctoris.

1053 2905 1102 2927 192.
1119 2905 1218 2933 Romae,
1236 2905 1374 2928 bibliotheca
1392 2906 1513 2933 Vaticana,
1530 2907 1581 2929 cod.
1600 2906 1652 2930 456.
1674 2908 1746 2929 chart.
1766 2914 1826 2930 saec.

987 2952 1037 2975 XV.
1052 2965 1080 2968 —
1092 2952 1137 2974 Fol.
1151 2952 1188 2975 55.
1200 2958 1223 2974 v.
1239 2953 1391 2980 praemittitur
1408 2953 1532 2982 Soliloquio
1549 2955 1605 2976 hacc
1622 2953 1727 2976 rubrica:
1744 2953 1828 2983 Incipit
