2133 3317
91 275 256 305 desiderare
282 274 503 312 iustificationes
534 278 602 303 tuas
629 275 660 303 in
688 276 769 304 omni
795 280 928 313 tempore.

91 322 141 351 Sed
160 321 226 358 quia
246 321 299 350 hoc
319 321 410 358 ipsum
430 321 598 350 desiderium
619 322 766 358 aliquando
787 323 871 351 nimia
890 326 930 352 te—

89 368 200 406 piditate
230 371 340 396 nostrae
371 367 494 395 incuriae
524 371 551 396 et
581 368 761 405 negligentiae
792 369 929 404 lassescit,

0 421 76 451 ¹⁰r¹²¹J³
90 414 203 452 cogitavi
225 413 358 450 quaedam
380 414 547 442 incitationis
562 414 646 442 huius
661 415 830 443 memorialia
844 424 929 444 anno-

15 448 78 466 ⁸⁸¹⁰¹¹¹⁵'
90 465 162 494 tare,
184 460 211 488 in
233 460 335 496 quibus
355 460 483 496 fugienda
497 461 506 477 ¹
527 464 637 497 pateant
652 464 679 489 et
693 461 842 498 sequenda,
857 470 929 499 quae

89 507 198 545 quidem
219 514 282 535 cum
303 506 403 535 effectu
423 506 571 535 affectuose
592 507 714 543 quotidie
738 509 928 545 speculantes,

88 553 203 591 pristino
223 553 317 589 vigore
339 556 476 586 resumto,
507 553 612 582 tamdiu
644 554 847 590 infatigabiliter
875 555 929 583 vir-

87 600 193 629 tutibus
213 602 240 628 et
260 599 356 636 gratiis
376 599 404 628 in
425 600 538 628 caritate
559 600 651 628 divina
672 608 845 635 crescamus,
859 610 926 638 quo-

86 647 209 683 adusque
229 646 382 682 perfectum
403 646 500 674 veniat
515 646 691 674 desiderium
707 647 823 675 collium
838 652 929 676 aeter-

0 702 6 722 i
24 700 70 720 am.
88 701 192 722 norum
206 693 225 720 2.
241 709 279 713 —
293 693 437 721 Ponuntur
451 696 544 721 autem
559 693 760 721 memorialium
776 694 928 730 praedicto-

87 747 149 768 rum
170 739 248 776 prius
269 739 403 775 quaedam
424 739 562 775 generalia
583 742 652 773 octo,
674 740 734 768 aliis
750 741 926 776 postmodum

85 785 248 823 specialibus
269 785 511 822 subsequentibus.

1 853 10 911 i
358 864 484 891 Exrmcrr
505 863 658 894 PROLOGUS.

298 964 498 993 MEMORIALIA
520 964 709 993 GENERALIA.

162 1050 231 1078 Sunt
252 1057 318 1086 ergo
340 1049 407 1078 haec
429 1049 546 1078 virtutes
567 1050 702 1086 quaedam
724 1050 876 1087 probatae3
899 1051 925 1079 in

84 1096 230 1125 iuvenibus
250 1099 278 1124 et
298 1096 386 1125 scalae
407 1096 519 1130 salutis,
541 1104 590 1132 per
611 1105 681 1133 quas
708 1097 767 1125 sine
788 1097 872 1126 dubio
892 1097 926 1126 ad

83 1142 277 1180 perfectionem
312 1143 447 1171 virtutum
480 1145 507 1171 et
537 1143 646 1171 culmen
677 1143 780 1180 gloriae
812 1146 926 1180 possunt

84 1188 246 1223 ascendere,
267 1188 385 1217 fideliter
405 1189 549 1218 exercitati
572 1197 621 1225 per
643 1197 702 1223 eas,
724 1189 849 1218 videlicet
864 1198 943 1229 san-V

16 1238 127 1264 wei-cta
145 1235 322 1264 verecundia
346 1235 374 1263 in
405 1235 512 1264 cunctis
543 1235 635 1264 verbis
666 1238 693 1264 et
723 1236 831 1264 actibus
852 1236 924 1270 suis,

10 1265 71 1283 ‘mm‘
83 1282 209 1310 tarditas
230 1281 379 1319 loquendi,
397 1282 599 1319 promptitudo
614 1281 776 1316 obediendi,
791 1281 925 1320 frequen-

84 1328 153 1357 tatio
174 1328 332 1362 orationis,
354 1328 456 1365 fuyere
477 1329 568 1357 otium
582 1331 607 1356 et
622 1328 837 1362 dissolutiones,
851 1337 926 1365 pure

83 1378 107 1404 et
126 1374 292 1413 frequenter
323 1375 470 1411 confiteri,
501 1375 617 1404 libenter
647 1376 757 1404 seruire
779 1379 805 1404 et
827 1374 925 1412 infmi-

84 1425 215 1451 ctuosuni
246 1422 424 1450 consortium
456 1422 592 1450 devitare.
626 1422 678 1451 liae
709 1430 828 1459 namque
860 1426 925 1451 sunt

82 1468 246 1505 margaritae
260 1468 394 1505 quaedam
405 1468 551 1505 fulgentes,
563 1476 633 1505 quae
645 1476 829 1505 possessorem
842 1477 924 1497 suum

82 1514 138 1543 Deo
157 1517 185 1543 et
204 1514 311 1551 Angelis
332 1517 360 1543 et
380 1515 539 1543 hominihus
553 1514 657 1543 faciunt
671 1515 833 1552 gratiosum.
851 1515 924 1544 Cum

82 1564 179 1590 autem
195 1561 310 1598 placuit
326 1562 352 1590 ei
368 1562 420 1599 qui
441 1565 464 1590 te
485 1561 646 1599 seyreyavit
667 1570 701 1590 eac
724 1565 803 1590 utero
818 1562 925 1590 matris

83 1611 149 1636 tuae
175 1611 201 1636 ei
220 1608 333 1636 vocavit
351 1617 405 1645 per
424 1608 555 1645 qratiam
576 1617 681 1642 suam,
704 1612 735 1636 ut
758 1608 789 1636 in
810 1611 833 1636 {e
847 1617 924 1637 reve-

0 1653 2 1665 ⁵
83 1653 155 1683 laret
175 1654 332 1691 imaginem
351 1654 423 1683 Filii
441 1655 491 1683 sui
501 1655 523 1688 4,
545 1655 578 1683 de
600 1655 747 1683 miserabili
763 1655 925 1691 Aegyptiaca

0 1667 3 1725 i
83 1700 215 1730 servitute
236 1704 262 1730 te
284 1701 453 1730 transferens
474 1701 505 1730 in
526 1701 683 1730 libertatem
705 1701 836 1738 filiorum
859 1701 923 1736 Dei,

0 1729 3 1804 ι
82 1747 193 1784 iamque
213 1748 241 1776 iu
262 1748 333 1776 viam
355 1748 417 1776 novi
440 1748 560 1776 hominis
591 1748 726 1785 inceperis
751 1748 847 1785 pedem
876 1757 924 1785 po-

0 1808 1 1818 i
81 1802 162 1829 nere,
177 1802 249 1832 quae
262 1794 334 1823 inter
350 1795 475 1823 timorem
501 1797 528 1824 et
549 1803 670 1823 amorem
697 1795 860 1824 humilitatis
883 1798 925 1824 est

0 1826 2 1871 l
83 1841 178 1870 semita
198 1841 363 1875 constituta;
385 1845 452 1870 tunc
472 1850 522 1878 per
543 1842 657 1870 eandem
674 1842 838 1871 humilitatis
853 1842 924 1871 viam

0 1874 2 1944 y
82 1887 116 1916 ad
135 1887 315 1917 eminentiora
336 1888 537 1923 conscendens,
559 1889 662 1926 poteris
684 1891 710 1917 te
731 1889 758 1917 in
780 1889 924 1917 altioribus

82 1941 228 1969 exercere,
250 1942 287 1963 ex
307 1935 410 1972 quibus
425 1938 500 1964 certa
514 1935 683 1964 memorialia
699 1935 923 1965 subscribuntur.

307 2020 507 2049 MEMORIALIA
528 2021 698 2049 SPECIALIA.

195 2099 219 2126 1.
243 2099 282 2126 De
303 2098 543 2136 concupiscentiis
564 2098 779 2135 mortificandis
792 2099 812 2126 ⁵.

159 2183 281 2212 Primum
303 2191 369 2220 ergo
389 2187 499 2221 oportet
519 2187 581 2213 ante
595 2184 702 2219 omnia,
717 2188 744 2213 te
759 2184 924 2221 concupien-

83 2231 136 2258 tem
158 2229 271 2267 vestigia
292 2230 369 2267 sequi
392 2230 555 2264 salvatoris,
576 2233 623 2264 ut,
645 2238 721 2267 spem
743 2234 819 2259 tuam
840 2233 924 2259 totam

511 198 710 227 OPUSCULUM
731 198 796 227 XXI.
820 199 975 228 EPISTOLA
995 200 1038 228 DE
1060 201 1129 229 XXV
1150 201 1400 232 MEMORIALIBUS.

1773 205 1830 235 493

987 277 1072 306 fixam
1094 279 1197 308 hahens
1218 280 1246 308 in
1267 280 1397 315 Domino,
1419 281 1452 311 de
1473 283 1601 312 omnibus
1626 284 1721 313 mundi
1744 285 1830 314 huius

987 325 1218 355 consolationibus
1239 327 1349 363 penitus
1369 328 1498 365 desperes
1510 329 1529 357 ⁶.

1194 420 1220 447 2.
1244 420 1283 448 De
1303 420 1381 449 vitiis
1401 422 1609 459 exstirpandis.

1064 503 1220 532 Secundum
1242 507 1291 538 est,
1314 508 1345 534 ut
1365 506 1399 534 ab
1429 507 1557 536 omnihus
1585 508 1658 536 vitiis
1679 511 1706 537 et
1727 517 1828 538 concu-

985 548 1123 584 piscentiis
1144 550 1237 584 malis,
1258 551 1285 579 in
1306 555 1440 588 quantum
1473 554 1590 582 sustinet
1622 554 1743 583 humana
1764 563 1828 584 con-

985 594 1066 629 ditio,
1089 599 1115 624 te
1137 596 1227 632 ipsum
1248 597 1359 626 studeas
1386 599 1496 634 penitus
1520 601 1687 635 emundare,
1709 604 1740 630 ut
1766 601 1826 639 fer-

984 646 1078 670 mento
1094 643 1181 671 veteri
1194 644 1277 672 totius
1292 645 1422 674 malitiae
1435 650 1460 674 et
1471 647 1615 684 nequitiae
1629 653 1792 686 eaepuryato
1804 649 1826 683 ⁷,

985 688 1114 717 ambules
1136 689 1167 717 in
1187 690 1313 719 novitate
1333 692 1408 720 vitae
1429 696 1490 729 post
1504 693 1660 728 Christum,
1675 695 1756 731 quia,
1775 696 1828 725 nisi

985 735 1063 771 prius
1078 735 1236 765 huiusmodi
1251 741 1360 767 catenas
1375 738 1527 775 iniquitatis
1541 740 1721 778 confregeris,
1736 743 1828 771 anima

986 783 1048 815 tua,
1070 782 1097 810 in
1120 782 1240 811 tenebris
1261 788 1423 821 aggravata,
1444 786 1478 814 ad
1499 787 1625 815 caelestia
1649 796 1703 816 non
1726 789 1827 825 poterit

984 828 1094 857 elevari.

1141 915 1167 944 3.
1190 915 1229 943 De
1250 915 1481 953 eolliyattontbus
1496 918 1669 947 resecandis.

1062 1000 1184 1028 Tertium
1207 1004 1260 1035 cst,
1283 1004 1313 1029 ut
1334 1010 1349 1030 a
1369 1005 1394 1030 te
1415 1002 1474 1038 ipso
1495 1003 1627 1032 dissolvas
1647 1012 1756 1033 omnem
1771 1005 1826 1033 col-

983 1044 1137 1081 ligationem
1159 1047 1358 1082 extrinsecam,
1381 1051 1411 1076 ut
1433 1052 1522 1077 mente
1537 1050 1624 1086 possis
1640 1050 1759 1079 totaliter
1775 1051 1827 1079 Do-

983 1092 1057 1120 mino
1079 1093 1200 1129 colligari
1213 1093 1232 1121 ⁸.

1008 1184 1034 1212 lt.
1059 1185 1098 1213 De
1119 1185 1357 1216 tribulationibus
1378 1196 1442 1216 cum
1462 1188 1607 1225 patientia
1629 1190 1796 1219 tolerandis.

1060 1269 1211 1306 Quartum,
1243 1275 1275 1299 ut
1305 1280 1398 1301 amore
1423 1273 1573 1302 Altissimi⁰
1604 1283 1699 1303 omnes
1731 1275 1826 1304 mundi

982 1315 1066 1344 huius
1098 1318 1303 1353 persecutiones
1333 1319 1533 1355 aequanimiter
1564 1320 1654 1355 feras,
1677 1322 1776 1356 immo,
1803 1322 1824 1350 si

982 1362 1109 1398 possibile
1130 1366 1179 1397 est,
1201 1368 1314 1393 cunctas
1335 1374 1386 1402 pro
1413 1369 1476 1394 volo
1497 1367 1664 1404 suscipiens,
1686 1368 1775 1396 solum
1797 1368 1825 1397 in

981 1408 1081 1437 Christi
1104 1410 1275 1446 passionibus
1296 1411 1454 1447 delecteris,
1483 1421 1658 1451 renuensque
1672 1414 1695 1431 ¹⁰
1719 1417 1825 1452 tempo-

982 1455 1067 1483 ralem
1089 1455 1235 1490 laetitiam,
1257 1457 1283 1485 in
1313 1457 1379 1494 ipsis
1410 1459 1635 1488 tribulationibus
1656 1460 1822 1495 hilarescas,

981 1509 1076 1530 omnes
1096 1506 1229 1539 reputans
1251 1504 1298 1532 tibi
1320 1512 1379 1533 esse
1410 1505 1443 1533 ad
1475 1506 1666 1542 purgationem
1688 1508 1825 1544 peccami-

981 1556 1047 1576 num
1074 1549 1239 1586 lucrumque
1260 1551 1365 1579 animae
1387 1555 1450 1580 tuae
1471 1557 1656 1589 praeparatas.

1146 1644 1170 1671 5.
1198 1643 1232 1671 Ut
1252 1644 1286 1671 de
1305 1644 1388 1672 nulla
1410 1654 1441 1672 re
1461 1646 1669 1684 conqueraris.»

1058 1727 1207 1763 Quintum,
1230 1731 1269 1762 ut,
1291 1736 1354 1757 cum
1375 1729 1532 1758 Creatorem
1555 1733 1634 1759 tuum
1657 1734 1684 1760 et
1698 1732 1822 1761 omnium

981 1776 1007 1802 te
1029 1774 1130 1802 sentias
1150 1774 1295 1804 offendisse
1307 1776 1340 1810 ¹¹,
1362 1776 1495 1804 rationem
1518 1776 1566 1805 tibi
1582 1777 1643 1806 fieri
1658 1786 1711 1806 non
1727 1786 1823 1814 poscas

980 1820 1015 1848 ah
1035 1820 1127 1857 aliqua
1148 1825 1284 1850 creatura.

1067 1913 1092 1941 6.
1118 1913 1156 1941 Dc
1173 1917 1349 1950 paupertate
1369 1918 1395 1942 et
1414 1915 1546 1952 despectu
1566 1916 1616 1944 sui
1635 1916 1738 1953 ipsius.

1059 1999 1191 2032 Sextum,
1213 2002 1244 2027 ut
1265 1999 1369 2028 habens
1389 2000 1528 2037 despectui
1544 2002 1719 2038 temetipsum
1734 2005 1761 2031 et
1775 2010 1824 2031 cu-

981 2044 1058 2081 piens
1078 2044 1112 2073 al]
1133 2045 1262 2074 omnibus
1288 2049 1314 2074 te
1336 2046 1430 2075 haberi
1444 2046 1476 2085 3²,
1505 2047 1651 2084 zelansque
1673 2048 1823 2077 sacratissi-

980 2099 1052 2119 mam
1075 2095 1281 2128 paupertatem,
1303 2093 1330 2120 in
1352 2093 1495 2127 omnibus,
1511 2102 1581 2130 quae
1595 2094 1629 2122 ad
1644 2097 1670 2123 te
1685 2098 1821 2131 spectant,

981 2137 1172 2173 asperitatem,
1194 2138 1325 2167 vilitatem
1342 2142 1369 2167 et
1384 2139 1543 2175 parcitatem
1559 2140 1668 2173 habeas,
1683 2143 1835 2177 quantum

981 2187 1073 2220 potes;
1089 2187 1250 2213 nontamen
1271 2185 1297 2213 in
1320 2185 1380 2213 aliis
1401 2186 1527 2222 requiras
1539 2182 1571 2220 1³,
1593 2186 1640 2215 sed
1655 2187 1747 2223 potius
1768 2187 1822 2216 lae-

982 2233 1026 2259 tus
1047 2233 1074 2259 et
1094 2230 1217 2267 gaudens
1237 2231 1270 2260 de
1291 2232 1364 2260 omni
1380 2232 1563 2261 consolatione
1578 2232 1712 2267 fraterna,
1728 2233 1779 2268 eis,
1799 2233 1822 2262 si

144 2397 151 2409 ¹
169 2397 224 2420 Cod.
243 2398 258 2420 C
276 2398 338 2420 addit
355 2398 454 2427 puriter.
472 2399 566 2420 iuferius
586 2405 628 2426 pro
645 2398 726 2428 effectu
745 2398 783 2427 (ita
801 2399 851 2428 EF)
869 2399 922 2421 edd.

82 2435 179 2465 affectu,
199 2443 240 2464 pro
257 2435 434 2466 insutifflln‘liter
452 2436 577 2460 virtutibus
595 2437 612 2458 G
631 2436 654 2459 in
677 2437 814 2465 vii-tutibus,
837 2440 858 2459 et
881 2444 922 2465 pro

83 2474 107 2497 in
123 2475 220 2498 caritate
237 2476 288 2498 vat.
305 2476 410 2499 caritate.

144 2513 153 2526 ²
170 2514 225 2536 Gen.
244 2514 284 2541 49,
302 2515 338 2536 ⁴26.
350 2527 381 2530 —
394 2515 488 2537 lucerius
505 2521 531 2537 ex
548 2514 589 2536 CF
603 2515 764 2542 supplevimus
781 2516 831 2537 octo
850 2514 923 2543 [quod

83 2551 151 2575 hahet
166 2553 233 2575 etiam
251 2553 278 2581 G]
294 2552 348 2576 aliis
366 2553 438 2582 [quod
456 2554 570 2575 invenitur
587 2554 655 2575 etiam
673 2554 695 2575 in
714 2553 745 2582 E].

144 2590 153 2603 ³
170 2592 222 2619 Sap.
242 2592 262 2618 i,
280 2592 305 2613 3:
323 2591 419 2614 Probata
437 2594 513 2614 autem
532 2592 603 2614 virius
620 2592 714 2620 corripit
734 2592 873 2620 insipientes.
892 2604 922 2608 —

84 2629 176 2652 iuferius
192 2636 234 2658 pro
250 2630 329 2653 scalae
349 2630 434 2653 salutis
452 2631 467 2652 Ιῐ
480 2631 521 2652 FG
544 2631 623 2653 scolae
644 2630 765 2658 salubres,
791 2633 813 2653 et
833 2637 875 2658 pro
898 2630 922 2653 in

83 2668 170 2691 cunctis
186 2668 262 2691 verbis
280 2669 321 2697 (iia
342 2670 392 2697 EG)
411 2670 463 2691 edd.
481 2669 505 2691 in
522 2669 611 2692 cunctis
627 2669 703 2692 rebus.

144 2706 153 2719 ⁴
170 2708 217 2730 Gal.
238 2708 260 2735 i,
282 2708 315 2730 ¹5.
333 2714 381 2736 seq.
399 2720 429 2725 -
452 2708 553 2730 Subinde
575 2708 696 2736 respicitur
713 2709 779 2730 Rom.
797 2709 822 2734 8,
840 2708 881 2730 2¹:
900 2708 921 2730 ln

84 2744 207 2768 libertatem
225 2748 310 2774 gloriae
328 2747 426 2769 tiliorum
445 2748 490 2769 Dei.
503 2759 534 2764 —-
545 2748 639 2770 inferius
656 2754 698 2775 pro
716 2749 779 2770 certa
796 2747 922 2770 niumm-ia-

84 2783 115 2806 lia
131 2784 148 2807 C
164 2784 255 2814 reliqua
272 2786 429 2808 memorialia.

145 2822 232 2846 ⁵11anc
249 2828 317 2853 atque
339 2831 403 2853 seqq.
426 2825 546 2853 rubricas,
569 2825 665 2847 omissas
682 2825 824 2853 quandoque
845 2831 857 2847 a
878 2826 923 2847 sere

84 2861 190 2884 omnibus
206 2862 285 2889 codd„
302 2863 447 2885 servavimus
464 2870 517 2885 cuin
534 2863 588 2885 cdd.

144 2900 154 2914 ⁰
170 2900 242 2923 Codd.
259 2901 327 2924 CEF
349 2902 444 2931 penitus
469 2904 490 2925 te
506 2901 627 2931 ἄθεμιν-εκ
652 2902 706 2924 cdd.
727 2901 819 2931 penitus
844 2901 922 2930 [lespe-

83 2943 153 2966 rtms,
170 2940 276 2968 superius
292 2940 414 2963 substituto
431 2940 517 2963 habeas
535 2947 577 2968 pro
594 2939 689 2963 hahens.

145 2976 154 2989 '¹
172 2978 241 3006 Epist.
260 2979 275 3001 l.
294 2979 344 3001 Cor.
363 2980 388 3008 ὕ,
404 2980 426 3001 7.
444 2986 506 3008 serp,
518 2982 539 3002 ct
551 2979 602 3002 dein
616 2980 680 3001 llom.
694 2980 718 3006 6,
732 2978 757 3000 4:
772 2980 800 3001 lla
812 2982 833 3001 et
847 2985 887 3001 uos
900 2978 922 3000 in

979 2400 1079 2421 novitate
1091 2400 1150 2422 vitae
1168 2399 1321 2422 ambulemus.
1333 2412 1363 2416 —
1376 2400 1470 2422 insci-ius
1487 2406 1528 2428 pro
1544 2402 1676 2430 aysll'amla
1690 2401 1728 2429 (ila
1745 2401 1760 2425 C
1771 2403 1786 2424 Ε
1796 2403 1820 2431 F)

979 2437 1033 2460 edd.
1049 2439 1194 2467 oppressum,
1212 2440 1233 2460 et
1250 2445 1292 2466 pro
1309 2444 1356 2461 non
1370 2438 1458 2467 polerit
1469 2439 1485 2460 E
1502 2445 1626 2468 nunquam.
1641 2440 1739 2468 poterit,
1756 2441 1773 2462 G
1791 2441 1820 2462 le-

980 2477 1024 2504 git:
1042 2476 1149 2499 animum
1166 2479 1232 2499 {imm
1245 2476 1267 2499 in
1280 2476 1380 2500 tenebris
1393 2479 1552 2506 aqui-uratum.
1564 2484 1610 2500 nou
1620 2478 1709 2507 poteris
1721 2478 1819 2502 elevare.

1041 2514 1050 2527 ⁸
1070 2517 1098 2537 lta
1117 2516 1171 2542 EG,
1190 2515 1276 2544 quibus
1293 2516 1405 2538 consentit
1423 2517 1448 2543 1³,
1470 2516 1510 2544 qui
1528 2516 1629 2539 totaliter
1652 2517 1746 2543 omittit,
1763 2518 1818 2540 cdd.

980 2555 1004 2576 ut
1021 2559 1082 2576 suna
1099 2555 1119 2576 ct
1136 2560 1198 2583 pnru
1217 2556 1292 2577 mente
1308 2554 1383 2583 possis
1401 2555 1447 2577 Deo
1465 2554 1581 2583 colliyuri.

1041 2591 1051 2605 ⁹
1068 2593 1136 2619 Edd.,
1149 2592 1317 2620 refragantibus
1329 2594 1345 2615 B
1355 2594 1370 2615 E
1379 2594 1394 2615 F
1404 2594 1433 2621 G,
1448 2593 1536 2615 addunt
1548 2595 1569 2616 et
1583 2594 1665 2623 sponsi
1675 2594 1711 2616 tui
1726 2594 1819 2618 Christi.

1042 2630 1061 2644 ¹⁰
1079 2631 1148 2659 Edd.‚
1165 2632 1271 2659 superius
1283 2632 1369 2653 omisso
1383 2633 1493 2659 cunctus,
1506 2632 1541 2654 liic
1553 2636 1630 2654 contra
1649 2633 1688 2654 131³
1698 2633 1714 2655 G
1733 2633 1821 2655 addunt

979 2676 1080 2693 omnem.
1098 2670 1199 2692 Subinde
1217 2676 1259 2697 pro
1280 2669 1431 2699 temporalem
1452 2671 1469 2692 D
1486 2670 1620 2699 carnalem,
1643 2674 1664 2693 et
1682 2678 1723 2699 pro
1740 2677 1821 2701 pccca-

978 2708 1070 2731 miuum
1088 2709 1104 2731 Ε
1119 2710 1277 2738 peccalorum.

1042 2746 1059 2760 ¹¹
1078 2747 1133 2769 Cod.
1151 2748 1168 2768 G
1186 2753 1240 2770 cum
1257 2747 1344 2770 sentias
1361 2749 1381 2770 le
1398 2749 1438 2770 tuo
1456 2747 1584 2771 ulmos-ium
1602 2748 1716 2771 Creatori.

1042 2784 1060 2797 ¹²
1078 2785 1134 2807 Edd.
1152 2791 1205 2807 curu
1223 2785 1303 2813 paucis
1315 2786 1383 2808 codd.
1397 2787 1421 2808 ul
1433 2785 1518 2809 liubans
1530 2785 1647 2815 despectui
1661 2787 1819 2816 leviieli‘lisziiii,

979 2823 1074 2853 cupiens
1092 2823 1121 2846 ub
1138 2823 1245 2846 omnibus
1263 2824 1356 2854 despici.
1580 2846 1609 2861 l

1041 2861 1060 2875 ¹³
1077 2862 1133 2884 Cod.
1151 2862 1192 2884 BC
1203 2863 1270 2885 EFG
1287 2863 1321 2885 sic
1339 2862 1364 2892 [Β
1381 2862 1430 2891 sed]
1443 2864 1520 2886 tumen
1533 2863 1562 2893 [C
1574 2863 1637 2886 addit
1648 2864 1707 2893 esse]
1724 2863 1747 2886 in
1765 2864 1819 2887 aliis

978 2908 1025 2924 non
1043 2901 1166 2930 requirens
1184 2901 1212 2930 [Β
1229 2901 1355 2931 requiras}
1375 2902 1468 2924 lusci-ius
1485 2909 1526 2930 pro
1538 2902 1560 2924 si
1574 2904 1663 2932 oportet
1681 2903 1722 2932 (ita
1741 2903 1817 2932 EFG)

979 2940 1031 2962 edd.
1047 2939 1109 2963 sicut
1125 2941 1226 2969 oportet,
1248 2944 1270 2962 ct
1287 2946 1329 2967 pro
1346 2940 1411 2963 omni
1426 2940 1578 2963 accusatione
1594 2941 1610 2963 C
1631 2941 1726 2965 omuino
1749 2948 1818 2965 escit-

978 2978 1080 3006 salione,
1098 2979 1137 3007 qui
1155 2979 1221 3001 etiam
1240 2982 1290 3007 post
1307 2978 1334 3001 (lc
1351 2986 1397 3009 qua
1415 2980 1478 3002 addit
1496 2981 1580 3003 tamen.
