2133 3317
7 523 33 543 aia
44 524 86 541 sunt

33 546 74 573 ibus

36 574 86 589 uma.

7 1222 52 1242 itera
55 1223 72 1240 tn
75 1227 84 1240 r

0 1245 43 1265 ustio
57 1250 86 1264 ea-

0 1275 12 1288 ι.

0 1413 85 1438 Ξεροιιείο.

646 204 842 233 OPUSCULUM
864 205 892 233 ΙΙ.
915 204 1144 241 SOLILOQUIUM.
1166 205 1234 233 CAP.
1257 205 1298 233 IV.

101 283 244 319 indignus,
267 286 357 311 mente
372 286 519 319 pertracto.
535 282 665 318 Quamvis
686 283 758 311 enim
781 283 807 310 in
830 283 874 310 illa
889 291 946 311 cae-

101 330 160 359 lesti
182 330 260 363 aula,
283 329 328 358 ubi
352 329 492 365 plenitudo
506 329 595 357 omnis
617 329 679 357 boni
701 329 728 357 in
749 329 878 357 omnibus
893 329 945 357 illis

101 376 221 413 perfecta
242 378 298 409 est,
320 376 446 412 quamvis
470 375 506 403 ibi
529 384 580 412 pro
600 375 754 404 differentia.
781 376 945 404 meritorum

101 422 234 459 quaedam
256 422 319 450 data
332 422 387 450 sint
407 422 590 455 excellenter;
606 422 674 451 nihil
693 426 782 451 tamen
806 422 841 450 ibi
857 430 893 451 ex
909 423 946 450 in·

101 469 277 498 aestimabilis
300 469 408 497 divinae
437 469 544 505 pietatis
565 469 763 503 immensitate,
792 469 944 498 secundum

101 516 264 553 Gregorium
277 517 296 549 ¹,
312 515 467 552 possidetur
482 516 667 552 singulariter.
682 516 780 544 Omnia
793 516 866 544 enim
881 519 946 545 sunt

102 563 230 592 omnibus
251 562 407 591 communia
431 566 544 599 propter
563 570 626 591 eum
645 562 692 599 qui
708 562 738 591 in
757 562 891 591 omnibus
905 566 946 591 est

102 609 210 638 omnia.
234 609 270 637 lbi
287 609 359 637 enim
375 609 458 645 Virgo
475 609 604 645 gaudebit
626 609 659 638 de
674 612 784 638 sanctae
805 608 946 637 viduitatis

101 657 213 690 merito,
229 656 264 685 ibi
281 655 369 684 Vidua
383 656 533 684 exsultabit
547 656 581 684 de
599 659 689 685 castae
710 656 874 692 virginitatis
889 656 945 692 pri-

101 703 215 740 vilegi0,
247 702 284 731 ibi
315 702 459 731 Confessor
493 702 526 731 de
562 703 713 739 Martyrum
748 702 945 731 iucundahitur

101 750 253 786 triumpho,
267 749 304 778 ibi
319 750 421 785 Martyr
443 749 604 786 tripudiabit
623 750 657 779 de
678 750 870 779 Confessorum
886 750 946 778 bra-

101 797 158 830 vio,
179 796 216 825 ibi
232 796 367 833 Propheta
381 796 503 825 laudabit
520 796 554 825 de
576 797 798 825 Patriarcharum
820 797 864 833 pia
881 804 946 825 con-

102 843 271 876 versatione,
294 843 330 871 ibi
353 843 511 871 Patriarcha
530 843 681 872 exsultabit
695 843 728 872 de
744 844 943 880 Prophetarum

101 890 155 919 fide
175 893 202 918 et
220 890 419 927 speculatione,
443 890 477 918 ibi
493 890 610 927 Apostoli
631 893 659 919 et
673 890 764 927 Angeli
786 890 946 927 gaudebunt

101 937 135 966 de
155 937 254 965 merito
275 937 399 965 omnium
423 937 599 970 interiorum,
622 937 658 965 ibi
679 945 774 965 omnes
802 937 946 965 inferiores

101 984 279 1013 laetabuntur
300 984 333 1012 de
354 983 441 1020 gloria
469 987 496 1012 et
517 992 619 1012 corona
639 984 825 1020 superiorum.
850 984 889 1012 Ex
914 983 946 1012 il-

102 1031 155 1060 lius
175 1031 247 1060 enim
270 1033 378 1059 sanctae
392 1034 419 1059 et
441 1030 576 1067 perfectae
591 1030 713 1059 caritatis
732 1030 842 1059 vinculo
854 1030 863 1045 ²
886 1030 945 1064 fiet,

101 1081 134 1107 ut
149 1078 342 1114 unusquisque
362 1077 510 1106 habiturus
525 1077 560 1105 sit
580 1077 607 1106 in
628 1077 681 1106 alio
699 1077 773 1114 quod
788 1085 841 1105 non
864 1077 946 1106 habet

102 1125 129 1154 in
152 1125 250 1153 merito
271 1124 392 1161 proprio.

184 1172 227 1200 16.
249 1172 349 1200 Auum.
371 1171 393 1199 Ο
418 1171 515 1205 home,
544 1171 635 1200 adhuc
663 1179 712 1200 nec
734 1171 785 1200 ista
806 1172 947 1200 sufficiunt

103 1222 222 1248 mentem
244 1226 333 1247 meam
354 1218 494 1255 qnietare;
516 1218 589 1247 unde
614 1226 732 1255 quaeso,
755 1226 788 1247 ne
808 1222 947 1255 pertrans-

102 1274 163 1299 eas,
185 1265 251 1294 mihi
274 1266 367 1302 aliqua
386 1265 419 1293 de
440 1265 512 1294 dicto
533 1265 658 1293 convivio
679 1265 836 1301 singillatim
860 1269 886 1294 et
907 1265 947 1294 di-

103 1312 201 1342 stincte
222 1312 371 1349 explicare.

182 1359 267 1388 Homo.
283 1358 305 1387 O
320 1359 423 1392 anima,
439 1359 507 1387 bene
522 1359 606 1393 nosti,
628 1359 703 1396 quod
729 1371 742 1384 α
755 1359 946 1393 balbutiendo,

102 1409 134 1436 ut
148 1414 309 1444 possumus,
325 1406 434 1434 excelsa
448 1405 495 1434 Dei
512 1414 674 1435 resonamus
686 1407 696 1423 ³
712 1418 737 1435 n.
760 1407 813 1435 Nec
831 1407 946 1440 mirum,

102 1454 180 1491 quia,
196 1461 259 1482 cum
275 1453 362 1482 simus
376 1453 468 1481 minus
483 1452 571 1481 idonei
586 1453 620 1481 ad
635 1453 859 1490 intelligendum,
879 1462 948 1491 quo-

101 1500 182 1529 modo
196 1508 346 1537 possumus
366 1507 426 1528 esse
440 1499 609 1528 sufficientes
629 1500 662 1528 ad
684 1500 867 1537 loquendum,
883 1508 947 1529 cum

58 1575 67 1582 ,
102 1547 148 1576 illa
168 1547 396 1584 supercaelestia,
418 1555 489 1584 quae
513 1547 691 1584 lippientibus
718 1547 806 1576 oculis
827 1550 948 1576 contem-

0 1739 40 1759 tino
49 1745 91 1759 cou-

0 1768 11 1782 ο
21 1765 92 1788 septem

0 1791 46 1806 flim-

101 1594 221 1632 plamur,
242 1594 336 1623 verius
353 1594 420 1628 sint,
440 1602 523 1631 quam
539 1594 736 1631 intelligantur,
757 1598 784 1623 et
801 1594 892 1623 verius
907 1595 947 1623 in-

102 1641 277 1678 telligantur,
299 1648 383 1677 quam
398 1640 594 1677 exprimantur
615 1640 748 1669 vocibus?
763 1640 800 1669 Ne
815 1643 841 1669 te
857 1643 946 1669 tamen

103 1687 208 1716 diutius
222 1687 398 1724 protraham,
420 1686 497 1721 audi,
513 1686 579 1724 quid
596 1687 760 1724 imaginatur
779 1687 946 1722 intellectus,

103 1735 167 1764 licet
187 1734 278 1763 adhuc
307 1734 443 1762 modicum
471 1733 598 1770 degustet
618 1734 740 1763 affectus.
769 1735 852 1768 Puto,
874 1734 948 1772 quod

104 1782 143 1810 illi
168 1786 272 1818 septem
292 1781 361 1817 filii,
389 1781 422 1809 de
450 1781 553 1818 quibus
580 1782 691 1818 supra⁴
718 1781 948 1816 memoravimus,

104 1831 170 1857 sunt
190 1835 285 1856 omnes
305 1827 392 1856 sancti
413 1830 440 1856 et
465 1827 542 1856 electi
565 1827 695 1864 spiritus,
717 1827 840 1856 altissimi
863 1828 950 1857 Patris

104 1875 221 1904 heredes
242 1878 269 1903 et
290 1874 347 1903 filii.
363 1874 392 1902 Hi
415 1874 548 1902 ιὀηυίωῖιι
563 1874 764 1912 unusquisque
781 1874 812 1902 in
836 1875 882 1903 (tie
895 1883 949 1903 suo

104 1921 238 1959 faciunt,
261 1921 371 1958 quando
393 1929 421 1949 se
443 1921 558 1949 invicem
581 1921 638 1949 suis
659 1921 822 1950 caelestibus
843 1920 950 1958 gaudiis

105 1971 233 2005 pascunt;
247 1967 274 1996 in
289 1976 345 2005 quo
359 1968 393 1996 de
405 1967 511 1996 meritis
522 1967 580 1996 suis
591 1967 691 2004 singuli
703 1967 783 1996 iuxta
794 1968 884 1996 datam
899 1968 949 1997 sibi

104 2015 219 2052 gloriam
234 2015 339 2044 fercula
359 2014 565 2043 deliciosissima
578 2014 734 2051 propinant.
757 2015 847 2043 Primo
866 2015 950 2052 igitur

104 2061 148 2090 die
172 2061 389 2098 primogenitus,
412 2061 463 2090 hoc
478 2064 520 2090 est
541 2061 585 2090 ille
604 2061 762 2090 caelestium
784 2062 949 2099 Angelorum

1809 208 1841 236 61

1001 291 1150 317 numerus,
1172 283 1218 320 qui
1235 292 1289 312 non
1308 284 1444 313 immerito
1459 284 1568 313 nomine
1580 284 1770 321 primoqeniti
1783 293 1846 313 cen-

1002 333 1098 358 sentur
1109 330 1130 364 ⁵,
1151 330 1217 367 quia
1238 331 1345 367 priores
1366 334 1430 359 sunt
1452 331 1589 360 creatione
1617 334 1644 359 et
1668 332 1845 360 conversione

1001 375 1034 403 ad
1050 376 1151 410 Deum,
1166 384 1182 405 a
1203 385 1258 413 quo
1272 385 1415 414 nunquam
1434 381 1609 406 recesserunt
1624 385 1673 414 per
1688 381 1845 414 peccatum,

1001 422 1048 451 sed
1070 430 1178 459 semper
1199 423 1330 452 immobili
1356 424 1469 452 caritate
1491 424 1546 452 Deo
1568 425 1639 453 Patri
1661 424 1847 453 adhaeserunt

1001 472 1028 497 et
1042 469 1115 497 illam
1138 470 1318 499 hereditatem
1340 471 1446 499 beatam
1475 472 1599 500 caelestis
1621 471 1697 509 regni
1718 472 1847 501 omnibus

1001 516 1109 552 priores
1129 516 1319 552 possederunt.
1342 518 1385 546 Isti
1409 518 1473 552 tibi,
1494 526 1510 546 o
1531 518 1636 552 anima,
1660 519 1684 547 in
1711 527 1761 547 suo
1783 527 1846 547 con-

1002 563 1074 591 vivio
1092 563 1202 592 diversa
1222 563 1325 592 fercula
1346 564 1475 593 deliciosa
1493 568 1520 593 et
1541 565 1661 601 pretiosa
1683 566 1845 602 propinant,

1001 618 1065 639 cnm
1087 610 1281 647 unusquisque
1302 611 1370 639 ordo
1391 611 1424 640 de
1445 620 1477 640 eo
1498 612 1571 649 quod
1593 613 1775 642 excellentius
1804 621 1846 642 re-

1001 657 1073 694 cepit
1093 657 1120 686 in
1142 665 1256 686 munere
1268 657 1289 691 ⁶,
1310 658 1410 694 gaudia
1427 658 1553 694 specialia
1572 659 1752 688 administrat.

1083 705 1125 732 17.
1151 704 1203 732 lam
1232 704 1335 741 cogita,
1357 712 1373 732 o
1401 704 1507 738 anima,
1528 706 1610 742 quale
1631 706 1678 734 tibi
1709 706 1844 734 ferculum
1856 714 1933 733 remia
1949 719 1981 732 no-

1002 751 1150 788 propinant
1171 750 1209 779 illl
1229 751 1329 779 summi
1351 750 1465 787 spiritus
1491 751 1639 788 seraphici
1658 752 1775 787 ordinis,
1797 753 1844 790 qui
1862 742 1903 779 ἷιῗῖἒ
1916 738 1981 784 ⁰.ssssssssss

1006 809 1020 823 «
1035 797 1101 826 adeo
1122 797 1202 826 vicini
1225 797 1263 825 illi
1284 801 1396 826 aeterno
1418 798 1490 826 Patri
1505 801 1583 832 sunt,
1598 799 1671 835 quod
1687 799 1758 828 inter
1773 799 1846 836 ipsos
1861 784 1928 803 ¹⁰⁹⁰m'

1002 848 1029 873 et
1043 845 1118 873 hunc
1139 844 1207 873 nulli
1229 844 1272 872 alii
1289 845 1403 881 spiritus
1425 845 1552 873 intersint
1563 845 1573 862 ⁷
1585 857 1613 879 υ,
1628 846 1675 882 qui
1691 846 1781 883 ipsum
1796 847 1847 875 im-

1003 891 1148 920 mediatius
1170 891 1391 928 contemplentur
1407 894 1433 919 et
1454 891 1512 920 suis
1533 892 1611 920 bonis
1625 893 1744 921 aeternis
1759 893 1847 930 perfe—

1002 938 1074 967 ctius
1095 937 1284 974 perfruantur.
1312 938 1414 974 Quale,
1436 942 1532 974 putas,
1555 938 1582 966 hi
1612 940 1759 976 propinant
1780 949 1847 977 gau-

1002 985 1078 1014 dium
1101 985 1134 1014 de
1154 988 1270 1013 naturae
1298 992 1364 1013 suae
1385 985 1542 1019 nobilitate,
1564 986 1645 1022 quale
1673 986 1706 1014 de
1727 990 1848 1015 contem-

1003 1032 1130 1069 plationis
1158 1032 1297 1066 claritate,
1320 1031 1401 1068 quale
1426 1031 1459 1060 de
1487 1031 1640 1061 dilectionis
1668 1033 1848 1062 sinceritate?

1004 1079 1032 1107 Hi
1062 1086 1141 1115 ergo,
1171 1079 1222 1106 hoc
1243 1081 1300 1111 est,
1329 1078 1366 1106 illi
1395 1078 1441 1115 qui
1472 1078 1626 1116 Seraphim
1655 1080 1848 1114 nominantur,

1002 1126 1076 1155 istud
1098 1125 1254 1154 convivium
1273 1128 1373 1154 ornant
1393 1125 1491 1154 ardore
1506 1125 1613 1155 divinae
1635 1127 1765 1162 caritatis,
1783 1126 1849 1156 Clie-

1003 1172 1099 1201 rubim
1117 1172 1262 1209 splendore
1276 1175 1404 1201 aeternae
1422 1172 1566 1206 claritatis,
1589 1171 1699 1201 Tltroni
1712 1173 1849 1210 aequitate

1003 1219 1111 1248 divinae
1125 1219 1290 1252 maiestatis,
1308 1218 1524 1247 Dominatz‘ones
1538 1218 1572 1247 de
1590 1219 1746 1248 dominandi
1765 1227 1849 1256 super

1003 1267 1071 1295 alios
1091 1266 1267 1299 excellentia,
1298 1265 1491 1302 Princz'patus
1518 1266 1551 1294 de
1582 1266 1753 1302 principandi
1783 1266 1850 1295 inse-

1004 1313 1125 1342 rioribus
1147 1312 1361 1349 magnificentia,
1384 1313 1539 1341 Potes-actes
1554 1313 1587 1341 de
1608 1314 1771 1342 auctoritate
1793 1322 1850 1342 ma-

1003 1360 1091 1397 lignos
1112 1359 1227 1396 spiritus
1248 1359 1404 1393 coercendi,
1427 1359 1551 1387 Virtutes
1572 1359 1605 1387 de
1621 1362 1753 1396 potestate
1768 1360 1851 1388 mira—

1004 1407 1066 1435 cula
1080 1405 1208 1439 faciendi,
1225 1404 1403 1442 Archaozyeli
1419 1405 1452 1434 de
1466 1405 1597 1442 dignitate
1619 1407 1764 1442 superiora
1778 1415 1850 1435 nun-

1003 1452 1104 1486 tiandi,
1127 1452 1231 1489 Aayeli
1250 1451 1284 1480 de
1311 1452 1431 1489 agilitate
1453 1452 1560 1481 minora
1587 1452 1695 1481 divinae
1723 1453 1851 1482 scientiae

1004 1502 1110 1528 secreta
1131 1498 1278 1527 revelandi.
1302 1499 1385 1532 Ecce,
1407 1498 1495 1532 vides,
1517 1499 1636 1536 qualiter
1652 1499 1752 1536 singuli
1774 1508 1851 1529 men-

1005 1550 1045 1576 tes
1066 1546 1212 1575 Beatorum
1231 1546 1395 1574 caelestibus
1409 1546 1516 1583 gaudiis
1537 1550 1654 1582 pascunt
1674 1546 1708 1575 de
1724 1547 1766 1575 liis
1780 1556 1851 1584 qnae

1004 1594 1038 1622 ab
1059 1593 1105 1622 illa
1126 1592 1320 1630 supercaelesti
1342 1593 1405 1621 aula
1426 1593 1572 1629 specialius
1593 1593 1619 1621 in
1638 1601 1754 1622 munere
1777 1602 1852 1623 rece-

1004 1643 1114 1678 perunt.
1132 1656 1166 1660 —
1182 1640 1235 1668 Nec
1249 1642 1291 1668 est
1309 1639 1479 1674 mirandum,
1496 1639 1569 1677 quod
1586 1640 1652 1669 haec
1673 1641 1812 1678 praedicta
1825 1645 1852 1671 et

1004 1687 1092 1716 multa
1119 1686 1171 1715 alia
1202 1686 1281 1714 nobis
1311 1686 1402 1715 adhuc
1433 1686 1584 1715 occultiora
1612 1687 1648 1715 illi
1682 1688 1796 1724 spiritus
1824 1689 1852 1718 in

1005 1736 1132 1763 nostrum
1153 1732 1285 1770 gaudium
1306 1733 1386 1762 nobis
1404 1733 1565 1770 propinant,
1587 1734 1634 1771 qui
1658 1737 1712 1763 tam
1735 1735 1852 1764 fideliter

1005 1779 1113 1809 inluta
1144 1779 1349 1817 lacrymarum
1370 1779 1464 1808 valles
1487 1788 1536 1809 nos
1563 1781 1723 1809 custodiunt
1750 1785 1776 1810 et
1804 1790 1853 1811 nos

1005 1827 1039 1856 ad
1057 1827 1130 1855 illam
1146 1829 1274 1855 aeternae
1293 1826 1471 1855 beatitudinis
1486 1827 1603 1864 patriam
1623 1828 1774 1864 perducere
1791 1829 1853 1857 totis

1006 1874 1114 1903 viribus
1135 1873 1342 1910 concupiscunt.
1366 1873 1560 1902 Bernardus⁹z
1588 1886 1601 1899 α
1616 1875 1651 1909 O,
1674 1875 1695 1904 si
1718 1876 1781 1912 quis
1809 1884 1853 1905 co—

1006 1924 1165 1958 gnosceret,
1187 1928 1243 1957 qua
1271 1928 1339 1949 cura
1359 1923 1386 1949 et
1414 1921 1598 1950 sollicitudine
1619 1922 1656 1950 illi
1680 1922 1749 1951 beati
1773 1923 1854 1959 spiri-

1006 1970 1052 1996 tus
1073 1967 1211 1996 intersunt
1238 1967 1428 2002 cantantibus,
1450 1967 1550 1996 adsunt
1577 1969 1737 2003 orantibus,
1759 1969 1854 1998 insunt

1006 2013 1214 2048 meditantibus,
1236 2017 1387 2050 supersunt
1401 2014 1621 2051 quiescentibus,
1643 2019 1775 2052 praesunt
1790 2024 1854 2053 pro-

1006 2061 1170 2090 curantibus
1184 2063 1214 2089 »t
1247 2060 1269 2089 O
1290 2061 1380 2089 anima
1412 2061 1503 2089 ieiuna
1533 2064 1560 2090 et
1590 2061 1730 2096 famelica,
1760 2063 1782 2092 si
1811 2063 1854 2092 vel

1868 1647 1930 1667 nano.

168 2214 176 2227 ¹
194 2214 255 2237 Libr.
272 2215 309 2237 tv.
327 2215 402 2237 Moral.
420 2222 440 2237 c.
463 2216 500 2237 36.
518 2222 541 2238 n.
563 2215 604 2243 70;
622 2216 650 2238 V.
668 2222 688 2238 c.
706 2215 743 2238 46.
761 2223 783 2238 n.
801 2216 829 2238 86
848 2215 899 2245 [cfr.
915 2223 950 2238 su-

107 2260 146 2281 pra
165 2259 217 2281 pag.
236 2253 278 2281 Qi,
296 2257 348 2275 nota
367 2253 412 2283 5.];
431 2254 453 2276 ll.
471 2254 554 2276 Homil.
570 2254 592 2276 in
610 2255 691 2277 Ezech.
708 2255 786 2277 homil.
807 2255 828 2277 4.
849 2261 871 2277 n.
891 2255 913 2278 5.
930 2258 951 2277 et

107 2292 143 2314 lV.
161 2292 249 2320 Dialog.
270 2299 289 2314 c.
308 2292 344 2314 35
363 2293 472 2321 August„
489 2293 511 2315 in
530 2293 587 2315 loan.
605 2294 691 2322 Evang.
710 2297 736 2316 tr.
754 2295 792 2316 67.
809 2301 830 2316 n.
851 2295 876 2316 2:
893 2295 951 2316 Tan-

106 2338 176 2360 quam
189 2332 265 2353 stellae
282 2330 331 2360 [cfr.
345 2332 358 2353 l.
370 2331 422 2354 Cor.
442 2333 478 2358 15,
491 2332 537 2360 ‘284
551 2332 627 2354 Sancti
639 2333 743 2355 diversas
754 2334 887 2356 mansiones
898 2333 951 2363 [cfr.

107 2371 168 2393 loan.
190 2370 231 2398 tt,
248 2369 282 2400 2.]
305 2370 410 2392 diversae
433 2371 550 2398 claritatis,
567 2374 676 2400 tanquam
696 2372 716 2394 in
734 2373 808 2399 caelo,
826 2373 952 2395 sortiuntur

106 2409 130 2431 in
146 2415 232 2437 regno3
250 2410 289 2431 sed
309 2412 403 2437 propter
420 2416 491 2431 nuum
509 2410 628 2432 denarium
647 2410 887 2440 [csr.ntat111.20,9.]
903 2412 953 2433 nul-

106 2448 142 2470 lus
158 2451 278 2476 separatur
295 2454 306 2470 a
325 2454 411 2476 regn03
432 2452 500 2477 atque
518 2449 547 2470 ita
565 2449 627 2471 Deus
644 2449 689 2472 erit
705 2449 785 2472 omma
802 2450 826 2472 in
843 2449 951 2473 omuibus

107 2486 134 2515 [l.
150 2486 202 2509 Cor.
225 2487 261 2514 15,
274 2486 333 2516 28.],
351 2491 388 2515 ut,
405 2488 514 2516 quoniam
532 2488 593 2510 Deus
610 2488 692 2510 caritas
703 2491 737 2510 est
750 2487 773 2517 [1.
787 2489 846 2510 loan.
864 2488 889 2515 4,
906 2487 951 2517 8.],

107 2531 149 2553 per
171 2526 287 2548 caritatem
305 2526 358 2554 fiat,
382 2529 405 2548 ut
422 2526 485 2555 quod
503 2526 587 2549 habent
604 2527 687 2554 singuli
705 2533 828 2549 commune
839 2527 868 2549 sit
879 2527 953 2549 omni-

108 2564 159 2587 bus.
178 2565 214 2587 Sic
232 2565 293 2587 enim
310 2565 409 2594 quisque
426 2566 494 2587 etiam
512 2566 561 2593 ipse
584 2565 664 2592 nabet,
682 2572 735 2588 cum
758 2569 820 2588 amat
841 2566 863 2588 in
882 2566 952 2588 altero

108 2604 238 2632 qnod'ipse
250 2611 295 2626 non
313 2604 388 2627 habet.
407 2605 454 2627 Non
472 2605 515 2627 erit
532 2605 608 2633 itaque
620 2605 695 2633 aliqua
708 2605 793 2627 invidia
807 2605 900 2632 imparis
912 2605 953 2627 cla-

107 2643 192 2671 ritatis,
210 2643 319 2672 quoniam
338 2643 444 2671 regnabit
461 2644 484 2665 in
501 2643 611 2666 omnibus
629 2643 703 2665 unitas
720 2643 826 2665 raritatis.

170 2681 179 2694 ²
196 2681 270 2705 Codd.
287 2681 330 2704 AC
341 2682 358 2704 D
369 2683 384 2704 Ε
401 2681 496 2709 merito,
515 2683 519 2704 l
538 2682 631 2705 virtute.

170 2719 180 2732 ³
197 2721 305 2748 Gregor„
323 2721 350 2743 V.
363 2721 440 2743 Moral.
456 2728 475 2744 c.
488 2721 526 2749 36,
541 2728 563 2744 n.
575 2722 616 2748 66,
634 2720 672 2744 ubi
686 2721 755 2743 etiam
772 2721 872 2744 occurrit
883 2721 952 2744 dIctio

109 2759 257 2790 lippimztibus
273 2759 348 2784 oculis
366 2760 459 2783 inferius
476 2760 562 2789 posita;
578 2761 618 2783 cfr.
636 2764 691 2783 tom.
709 2761 741 2783 ill.
754 2767 808 2789 pag.
829 2761 882 2789 ¹75,
901 2763 953 2783 nota

109 2800 132 2821 2.
149 2812 180 2815 —
197 2800 306 2827 August.,
325 2799 368 2822 vn.
386 2800 416 2822 de
433 2799 495 2822 Trin.
513 2806 534 2822 c.
552 2799 573 2822 4.
591 2806 613 2822 n.
629 2800 657 2822 7:
675 2799 767 2822 Excedit
783 2800 954 2827 supereminen-

110 2837 138 2860 tia
157 2837 285 2860 Divinitatis
303 2838 378 2860 usitati
396 2838 480 2867 eloquii
499 2838 635 2860 facultatem.
653 2838 736 2860 Verius
758 2838 819 2860 enim
841 2838 954 2866 cogitatur

110 2876 182 2903 Deus,
199 2882 269 2905 quam
288 2877 383 2904 dicitur,
400 2880 422 2899 et
439 2877 517 2899 verius
533 2880 579 2904 est,
596 2883 667 2906 quam
685 2877 806 2905 cogitatur.

172 2914 182 2927 ⁴
199 2916 265 2938 Num.
287 2916 321 2938 ¹4.
339 2915 384 2938 Csr.
402 2915 440 2938 lob
459 2916 483 2943 l,
501 2917 522 2938 2.
539 2919 561 2938 et
580 2916 599 2939 4.

173 2954 182 2967 ⁵
199 2955 271 2977 Codd.
289 2956 305 2978 Α
316 2954 332 2978 C
342 2956 357 2977 F
367 2956 382 2978 L
400 2957 578 2985 nuncupantur.

172 2993 182 3006 ⁶
199 2994 310 3022 Gregor.,
326 2995 349 3016 ll.
368 2994 451 3016 llomil.
469 2994 491 3016 in
509 2995 596 3023 Evang.
614 2994 691 3017 homil.
709 2994 747 3017 34.
764 3001 786 3017 n,
803 2994 840 3017 14:
858 2995 904 3017 sed
922 2994 955 3017 id-

1007 2216 1067 2238 circo
1085 2222 1130 2237 uno
1148 2215 1278 2244 eodemque
1295 2214 1408 2237 vocabulo
1425 2216 1580 2238 communiter
1593 2223 1637 2239 non
1650 2220 1771 2239 censentur
1784 2216 1852 2246 [ordi-

1007 2261 1047 2277 nes
1060 2253 1220 2284 Angelorum}
1232 2257 1256 2276 ut
1268 2254 1303 2276 ille
1314 2254 1372 2276 ordo
1384 2255 1462 2277 vocari
1475 2255 1565 2282 privato
1579 2256 1759 2284 uniuscuiusque
1769 2256 1800 2278 rei
1814 2262 1854 2278 no-

1007 2294 1069 2316 mine
1086 2293 1181 2321 debeat,
1199 2293 1238 2322 qui
1256 2294 1314 2315 lianc
1327 2293 1349 2315 in
1367 2300 1462 2316 munere
1481 2294 1569 2321 plenius
1581 2295 1676 2323 accepit.
1693 2295 1738 2317 Csr.
1751 2296 1774 2317 11.
1792 2296 1853 2317 Seni.

1007 2333 1039 2355 lit.
1057 2332 1169 2360 Magistri,
1186 2332 1209 2354 d.
1227 2332 1263 2354 lx.
1282 2338 1302 2354 c.
1320 2332 1341 2359 3,
1359 2335 1381 2354 et
1398 2331 1454 2355 ibid.
1471 2333 1598 2355 Comment.
1617 2334 1639 2355 S.
1657 2334 1742 2355 Bonav.
1759 2340 1781 2362 q.
1802 2333 1823 2355 4.

1070 2370 1078 2384 ⁷
1097 2372 1202 2399 Gregor.,
1219 2371 1262 2393 loc.
1278 2371 1315 2393 cit.
1333 2377 1355 2393 n.
1376 2371 1413 2393 10:
1429 2380 1438 2391 e
1449 2371 1574 2401 Seraphim
1588 2378 1687 2400 namque
1700 2372 1805 2394 ardentes
1817 2373 1854 2394 vel

1008 2411 1157 2433 incendentes
1179 2414 1298 2432 vocantur.
1317 2410 1392 2439 Quae,
1415 2411 1469 2439 qnia
1492 2411 1522 2433 ita
1541 2411 1587 2433 Deo
1610 2411 1729 2433 coniuncta
1747 2414 1812 2437 sunt,
1830 2414 1854 2433 ut

1008 2450 1066 2473 inter
1083 2451 1139 2472 ltaec
1156 2452 1178 2472 et
1196 2450 1267 2472 Deum
1285 2449 1338 2472 nulli
1355 2450 1392 2471 alii
1410 2449 1503 2477 spiritns
1522 2450 1633 2477 intersint,
1652 2453 1714 2472 tanto
1730 2450 1804 2477 magis
1821 2456 1855 2472 ar-

1008 2489 1075 2517 dent,
1092 2492 1179 2517 quanto
1203 2489 1263 2510 nunc
1280 2488 1378 2511 vicinius
1395 2488 1474 2511 vident
1486 2497 1507 2510 n.
1526 2488 1612 2511 ibidem
1629 2489 1698 2511 etiam
1715 2489 1854 2516 etymologia

1009 2528 1129 2550 nominum
1147 2527 1243 2549 aliorum
1261 2527 1369 2550 ordinum
1388 2527 1538 2555 proponitur,
1555 2527 1584 2549 de
1596 2533 1641 2556 qua
1660 2527 1714 2549 vide
1732 2528 1854 2554 Bernard.,

1010 2567 1036 2589 V.
1055 2567 1084 2589 de
1101 2566 1242 2589 considerat.
1258 2572 1279 2588 c.
1299 2566 1320 2588 4.
1338 2573 1359 2588 n.
1372 2567 1394 2588 8.
1411 2572 1487 2595 seqq,
1499 2569 1521 2588 et
1535 2567 1591 2588 Petr.
1604 2565 1741 2593 Londmrd„
1759 2567 1780 2588 ll.
1794 2568 1854 2588 sent.

1009 2605 1031 2628 d.
1050 2606 1088 2627 lx.
1105 2612 1124 2627 c.
1142 2606 1164 2627 ⁴2.
1181 2618 1211 2621 —
1237 2605 1349 2633 Superius
1371 2611 1413 2633 pro
1434 2604 1533 2634 spiritus
1555 2604 1675 2634 seraphici
1695 2605 1785 2628 ordinis
1809 2606 1827 2628 D
1840 2606 1856 2628 Ε

1009 2644 1107 2674 spiritus
1125 2643 1260 2673 Seraphim.

1072 2682 1081 2695 ⁸
1099 2683 1181 2705 Psalm.
1199 2683 1240 2711 83,
1257 2683 1278 2705 7.
1297 2695 1327 2699 —
1343 2683 1438 2705 lntcrins
1455 2682 1498 2705 AC
1509 2683 1578 2705 DEL
1595 2683 1702 2705 omittunt
1723 2685 1840 2706 aeternae.

1073 2720 1082 2733 ⁹
1100 2721 1198 2744 llleditat.
1216 2724 1258 2743 etc.
1276 2727 1295 2744 c.
1314 2721 1334 2743 6.
1353 2727 1376 2743 ιι.
1396 2721 1430 2743 16.
1448 2721 1490 2743 Pro
1513 2721 1601 2745 adsunt
1621 2721 1757 2750 orantibus,
1776 2722 1857 2745 insunt

1010 2760 1177 2784 meditantibus
1195 2763 1268 2783 textus
1285 2761 1402 2789 originalis
1419 2760 1534 2784 assistunt
1551 2760 1688 2790 orantibus,
1705 2761 1792 2785 adsunt
1812 2768 1857 2792 me-

1010 2799 1146 2823 ditantibus.
1162 2800 1224 2826 Vnt„
1242 2799 1411 2828 refragantibus
1428 2799 1471 2822 AC
1482 2800 1583 2827 DEFL,
1601 2800 1667 2828 legit:
1685 2801 1702 2823 0
1720 2801 1738 2823 si
1756 2801 1807 2830 quis
1821 2807 1856 2824 co-

1011 2841 1144 2867 gnosceret,
1157 2838 1356 2867 quemadmodum
1367 2838 1524 2868 praeveniunt
1535 2838 1654 2868 principes
1666 2839 1785 2863 coniuncti
1793 2839 1856 2869 psat-

1011 2877 1110 2901 lentibus
1137 2877 1160 2900 iu
1186 2877 1262 2900 medio
1285 2877 1467 2901 iucencutarum
1490 2878 1714 2908 tympanistriarum
1741 2878 1786 2908 [ΡΞ.
1811 2879 1854 2907 67,

1011 2917 1072 2945 26.],
1090 2916 1179 2939 videret
1197 2917 1273 2945 itaque
1290 2916 1309 2946 [l
1326 2916 1418 2946 utique,
1433 2920 1506 2940 textus
1523 2917 1639 2945 originalis
1653 2917 1741 2947 procul
1757 2917 1852 2948 dubio}

1012 2962 1057 2984 qua
1076 2962 1144 2982 cura,
1161 2962 1238 2984 quove
1257 2955 1357 2984 tripudio
1375 2956 1486 2978 intersunt
1503 2956 1649 2979 cantantibus
1665 2960 1707 2979 etc.
