2133 3317
716 217 885 247 OPUSCULU
888 219 913 247 M
934 219 987 248 Vll.
1010 220 1208 249 RHYTHMICA.

248 294 290 320 19.
310 295 342 320 Te
361 295 482 321 Crucifixo
501 296 602 327 iungere

336 338 370 363 Et
387 338 474 363 intime
491 338 644 369 compatere,

335 381 411 411 Quasi
430 380 547 412 pendenti
565 380 664 412 loquere

335 424 369 448 Et
386 423 469 448 verbis
487 423 543 448 istis
561 423 644 448 utere:

248 466 290 491 20.
309 466 395 491 Dulcis
413 466 479 496 Iesu,
498 473 542 491 cur
560 467 663 491 moreris

336 509 385 534 Pro
404 509 516 540 reprobis
535 509 560 534 et
578 509 695 534 miseris?

336 551 459 583 Quidquid
478 552 503 576 in
522 559 592 577 cruce
611 552 719 584 pateris,

337 594 426 619 Totum
446 594 494 619 fuit
513 602 558 626 pro
576 595 673 620 ceteris.

246 635 288 661 21.
308 637 357 662 Cur
377 636 486 669 pendes¹
507 638 531 662 in
551 638 677 669 patibulo,

333 680 425 705 Tactus
444 681 535 705 amoris
554 681 668 710 stimulo.

332 723 422 748 Mortis
441 731 573 754 percussus
591 724 671 749 iaculo

332 765 382 791 Pro
400 766 527 791 liberando
547 767 659 797 populo?

245 807 286 832 22.
306 807 356 833 Cur
374 815 400 832 es
419 809 444 833 iu
463 816 533 834 cruce
552 809 639 834 sitiens

333 850 366 875 Et
384 851 437 875 tam
456 851 569 883 despecte
589 852 709 882 moriens,

332 893 392 918 Iesu
402 892 420 924 ²,
440 894 495 919 fons
514 894 669 924 indeficiens,

333 936 379 966 Qui
399 944 425 962 es
443 937 568 968 perfectus
586 937 695 963 Oriens?

246 979 288 1004 23.
307 979 379 1009 Iesu,
399 980 452 1004 vita
470 980 626 1009 dulcissima,

333 1022 388 1047 Lux
406 1023 502 1048 animae
521 1023 673 1053 clarissima,

334 1065 384 1090 Cur
402 1066 428 1090 iu
445 1073 516 1090 cruce
534 1065 656 1091 vilissima

332 1108 428 1133 Pendes
439 1107 448 1120 ⁸
468 1109 547 1134 morte
565 1108 711 1140 turpissima
721 1110 733 1134 ⁴?

245 1151 286 1176 24.
307 1151 376 1181 Quod
396 1151 490 1183 pateris
508 1158 554 1177 nos
573 1151 685 1181 fecimus,

331 1194 401 1224 Quod
419 1194 483 1219 bibis
502 1202 548 1220 nos
566 1194 715 1225 infudimus,

333 1238 384 1267 Tu,
404 1237 455 1263 Rex
473 1238 703 1268 innocentissimus,

332 1280 385 1305 Nos
405 1287 503 1310 sumus,
523 1281 565 1312 qui
584 1281 754 1312 peccavimus!

247 1323 290 1347 25.
309 1323 395 1348 Dulcis
414 1322 485 1352 Iesu,
504 1330 575 1354 quem
596 1322 667 1352 sitio,

333 1366 439 1392 Praesta
457 1366 518 1391 mihi
536 1366 600 1397 quod
618 1366 701 1397 cupio,

333 1410 368 1434 Ut
388 1409 488 1434 sanctae
506 1410 585 1434 crucis
603 1409 679 1434 nimio

332 1452 371 1477 Me
391 1459 478 1484 pascas
497 1452 625 1477 desiderio.

245 1496 286 1521 26.
306 1496 356 1521 Fac
374 1495 435 1520 mihi
453 1495 596 1520 delectabile

1781 224 1836 252 677

1239 299 1341 330 Signum
1360 301 1439 325 crucis
1458 300 1583 330 mirabile,

1240 341 1300 366 Tam
1319 342 1402 372 dulce,
1421 343 1473 368 tam
1491 344 1610 373 amabile,

1239 384 1308 414 Quod
1327 386 1360 410 sit
1379 386 1553 412 inenarrabile.
1603 413 1607 416 ,

1151 426 1194 451 27.
1213 427 1273 457 Fae,
1293 428 1322 453 ut
1340 429 1366 453 in
1384 436 1455 454 cruce
1473 430 1608 461 gaudeam,

1239 470 1324 495 Crucis
1343 479 1425 497 amore
1443 472 1576 504 langueam

1238 513 1289 538 Nec
1309 514 1397 539 satiari
1416 515 1526 545 valeam,

1238 556 1320 582 Donec
1338 558 1363 582 in
1382 565 1455 583 carne
1474 566 1595 584 maneam.

1150 598 1191 624 28.
1212 599 1245 623 Et
1263 599 1314 629 fac,
1334 600 1363 625 ut
1380 608 1429 626 non
1448 602 1602 632 praeteream

1238 641 1352 672 Crucem,
1371 643 1455 669 clavos
1473 644 1498 668 et
1516 644 1641 675 lanceam,

1237 684 1328 716 Sputa,
1348 693 1462 711 coronam
1483 687 1607 718 spineam,

1236 727 1314 752 Tuam
1334 729 1427 754 vestem
1446 737 1605 761 purpuream.

1150 768 1192 793 29.
1211 769 1242 794 In
1260 769 1300 795 his
1319 770 1379 795 mihi
1398 771 1502 796 satietas

1237 812 1270 837 Et
1289 813 1375 839 dulcor
1393 814 1418 839 et
1436 814 1557 844 ebrietas,

1237 855 1285 881 Mei
1303 857 1383 882 cordis
1401 858 1542 882 iucunditas

1239 899 1277 923 Sit
1296 899 1411 925 crucifixi
1429 901 1518 932 pietas.

1149 940 1191 965 30.
1211 941 1316 967 Sanctae
1335 943 1414 968 crucis
1434 944 1551 969 memoria

1238 984 1275 1008 Sit
1294 984 1354 1009 mihi
1373 992 1418 1016 pro
1437 986 1548 1016 victoria,

1237 1026 1291 1056 Qua
1310 1027 1376 1052 mala
1395 1028 1491 1053 vincam
1511 1030 1606 1059 omnia,

1237 1069 1288 1093 Sim
1306 1070 1332 1094 in
1351 1070 1451 1095 caelesti
1465 1070 1475 1083 ⁴
1493 1071 1581 1103 gloria.

1147 1110 1190 1135 31.
1209 1110 1229 1136 Ο
1248 1112 1287 1141 tu,
1307 1113 1349 1143 qui
1367 1113 1430 1144 legis
1449 1113 1523 1143 talia,

1237 1154 1297 1179 Tam
1316 1155 1389 1186 gesta.
1408 1156 1583 1188 triumphalia,

1238 1196 1304 1222 Pone
1323 1199 1403 1223 crucis
1422 1200 1547 1231 magnalia

1237 1240 1277 1264 Ad
1296 1241 1375 1266 cordis
1395 1242 1541 1272 penetralia.

1149 1281 1192 1307 32.
1211 1282 1316 1308 Intende
1336 1284 1510 1315 spiritualibus

1236 1325 1328 1351 Beatae
1346 1327 1426 1351 crucis
1444 1327 1574 1357 laudibus,

1236 1369 1271 1393 Ut
1289 1370 1442 1401 Angelorum
1461 1371 1571 1396 coetibus

1235 1411 1354 1444 Iungaris
1373 1413 1398 1437 in
1418 1413 1565 1439 caelestibus
1577 1413 1594 1439 ⁵.
1614 1414 1701 1440 Amen.

1076 1496 1200 1522 Exrmcrr
1215 1497 1359 1523 Maon-evo
1378 1506 1409 1523 nn
1428 1505 1544 1524 PAssmnn
1563 1507 1619 1525 msu
1637 1507 1744 1525 cums‘rx.

676 1630 706 1658 V.
729 1629 862 1659 CORONA
884 1630 911 1658 Β.
933 1630 1053 1659 ΜΑΒΙΑΕ
1076 1630 1247 1660 leG1NlS⁶.

157 1753 217 1778 Cum
242 1752 395 1778 iucunditate
416 1753 558 1777 memoriam
583 1753 690 1778 nominis
708 1752 801 1778 Mariae
825 1753 932 1778 celebre-

87 1802 155 1826 mus,
174 1795 203 1821 ut
221 1796 276 1827 ipsa
295 1802 340 1827 pro
359 1795 430 1820 nobis
449 1794 586 1820 intercedat
605 1795 636 1820 ad
660 1795 792 1821 Dominum
817 1796 930 1821 nostrum

84 1838 171 1865 Iesum
190 1838 326 1864 Christum.
345 1838 433 1863 Amen.

244 1924 266 1949 I.
286 1923 387 1953 Gaude,
407 1924 485 1955 Virgo
499 1922 521 1953 ⁷,
540 1924 622 1948 Mater
640 1923 745 1953 Christi,

333 1967 400 1997 Quae
420 1974 463 1998 per
481 1974 566 1992 aurem
584 1967 731 1998 concepisti,

333 2010 447 2035 Gabriele
465 2010 562 2035 nuntio.

298 2052 381 2082 Iesus,
401 2052 498 2077 fructus
516 2052 612 2077 ventris
629 2053 679 2082 tui,

333 2095 387 2120 Per*
401 2096 425 2120 te
444 2095 517 2120 detur
535 2095 606 2121 nobis
623 2095 673 2120 frui

334 2138 366 2163 In
385 2139 487 2170 perenni
505 2138 604 2170 gaudio.
623 2138 711 2163 Amen.

158 2181 269 2213 Antiph.
288 2181 341 2206 Ave
360 2181 447 2206 Maria.
468 2180 569 2206 Psalm.
588 2180 734 2212 Magnificat
747 2179 765 2205 Β.

151 2382 160 2395 1
177 2382 208 2404 lta
225 2382 255 2410 B,
272 2382 290 2404 Α
304 2380 418 2411 pendens.

149 2412 158 2426 ²
176 2414 205 2436 lta
222 2414 253 2440 B,
270 2413 288 2435 A
306 2413 378 2436 lesus.

149 2443 159 2457 ³
176 2445 207 2467 lta
224 2445 254 2473 B,
270 2445 288 2466 A
303 2443 416 2473 pendens.

151 2475 161 2488 ⁴
178 2476 208 2498 lta
225 2476 256 2502 B,
273 2476 291 2498 A
309 2474 443 2498 caelestialz'.

151 2506 161 2519 ⁵
177 2506 233 2530 Cod.
251 2507 268 2529 B
286 2506 446 2536 Gonz'unqaris
464 2505 608 2529 caelestibus.

152 2537 162 2550 ⁶
179 2538 280 2560 Titulum
298 2539 359 2560 hunc
376 2543 429 2560 cum
447 2537 575 2560 editoribus
592 2537 685 2560 Venetis
697 2538 756 2560 male
773 2537 878 2561 intellexit
889 2537 934 2560 Ou-

91 2569 160 2592 dinus
176 2569 316 2598 (Comment.
335 2569 368 2591 lll.
385 2569 428 2591 col.
446 2568 513 2596 408),
535 2574 655 2591 asserens:
678 2577 688 2589 ε
700 2569 748 2591 Hae
767 2575 847 2597 preces
872 2575 935 2592 coro·

91 2606 174 2623 narum
192 2604 234 2623 etc.
251 2603 382 2628 temporum
400 2600 580 2622 novissimorum
598 2602 661 2627 sunt,
678 2606 763 2628 nempe
779 2601 864 2623 saeculi
881 2600 932 2623 XV.

92 2631 242 2654 inchoantis»
263 2635 306 2654 etc.
323 2631 442 2660 Quidquid
466 2631 493 2653 sit
513 2631 542 2653 de
559 2632 601 2653 hac
623 2632 744 2660 sementia,
765 2632 809 2654 boc
831 2632 881 2654 loco
899 2632 935 2654 illa

92 2662 186 2686 Corona
211 2669 256 2685 non
279 2665 313 2685 est
329 2663 371 2685 nisi
395 2662 514 2691 quoddam
532 2668 631 2690 parvum
657 2662 762 2685 Officium
780 2663 809 2685 de
831 2663 934 2691 quinque

91 2694 182 2722 gaudiis
198 2694 223 2716 Β.
241 2694 324 2716 Mariae
336 2694 436 2721 Virginis
453 2694 582 2716 secundum
594 2699 716 2716 numerum
734 2694 837 2723 quinque
853 2694 934 2716 littera-

90 2731 143 2747 rum
167 2725 267 2748 nominis
289 2725 387 2749 Mariae.
414 2725 475 2747 Haec
497 2731 581 2747 corona
603 2725 683 2747 similis
707 2727 741 2748 est
761 2725 791 2747 illi
813 2731 884 2754 quam
907 2725 931 2748 B.

91 2756 201 2779 Iordanus
217 2762 229 2778 a
248 2757 357 2783 saxonia,
375 2756 459 2779 clectus
475 2762 512 2778 an.
536 2757 594 2778 1222
610 2756 716 2783 Magister
738 2756 855 2779 Generalis
877 2756 932 2779 Ord.

92 2787 184 2814 Praed.,
201 2788 297 2810 recitare
314 2787 414 2815 solebat,
431 2790 488 2809 teste
505 2787 608 2810 Echardo
626 2787 764 2815 (Scriptores
780 2787 835 2810 Ord.
853 2787 932 2810 Praed.

91 2821 147 2841 tom.
163 2819 178 2841 l.
195 2824 249 2846 pag.
274 2819 322 2847 98).
339 2818 374 2841 Ab
400 2819 450 2847 ipso
467 2818 528 2840 enim
553 2820 650 2841 refertur
672 2819 730 2841 inter
751 2819 840 2841 lordani
862 2825 932 2847 opera

92 2858 103 2869 α
116 2848 210 2873 Corona
227 2850 253 2872 Β.
268 2849 371 2879 Virginis
389 2856 416 2872 ex
434 2850 468 2872 his
480 2852 597 2872 constans:
615 2850 704 2877 primo,
721 2851 807 2878 hymno
825 2850 871 2873 Ave
882 2856 933 2873 ma-

89 2880 124 2904 ris
140 2880 209 2904 stella
221 2886 274 2903 cum
286 2881 389 2909 quinque
407 2881 512 2903 Psalmis:
525 2880 674 2911 Muynz'ficat,
687 2880 723 2904 Ad
735 2882 767 2908 te,
780 2880 889 2909 Domine,
904 2880 932 2904 le-

89 2911 156 2940 vavi,
174 2911 292 2939 Reli-ibae,
310 2912 337 2934 Ιη
353 2911 519 2940 convertendo,
540 2912 576 2936 Ad
593 2913 613 2935 te
625 2911 712 2940 levavi,
730 2912 817 2935 adiecta
835 2912 932 2941 singulis

90 2942 239 2966 Sululalione
255 2942 367 2972 Anyelica
378 2951 388 2963 n
410 2943 459 2971 (cfr.
472 2943 591 2971 Sbaralea,
609 2943 727 2971 Supplem.
744 2949 798 2971 pag.
817 2943 874 2971 ⁴49;
891 2944 931 2966 Bo·

91 2973 153 3002 nelli,
171 2974 290 2996 Prodrom.
307 2974 349 2996 col.
367 2974 429 3003 587).
442 2987 472 2990 —
485 2975 591 3003 Quinque
607 2975 715 3002 strophae
734 2975 802 2997 huius
818 2975 890 2997 Officii
903 2975 932 2997 de

91 3004 105 3027 5
122 3005 213 3033 gaudiis
229 3005 278 3028 sinc
295 3005 344 3028 aliis
361 3005 429 3028 huius
446 3005 518 3028 Officii
535 3005 640 3033 partibus
659 3011 728 3034 saepe
745 3006 892 3029 inveniuntur
909 3006 931 3028 in

1164 1754 1296 1779 Mediatrix
1316 1754 1361 1779 Dei
1380 1755 1405 1779 et
1423 1755 1564 1785 hominum,

1200 1796 1237 1821 Tu
1256 1796 1329 1828 digne
1348 1797 1494 1829 magnificas
1515 1798 1661 1829 Dominum,

1200 1839 1266 1869 Quae
1286 1840 1339 1865 sola
1357 1840 1491 1871 concepisti
1509 1841 1612 1871 Filium,

1201 1882 1248 1912 Qui
1266 1882 1305 1907 est
1324 1890 1383 1908 vera
1402 1883 1470 1908 salus
1488 1883 1631 1914 humilium;

1200 1925 1265 1950 Hinc
1283 1926 1392 1950 omnium
1411 1926 1490 1951 Deum
1508 1927 1680 1958 quaerentium

1201 1968 1333 1994 Generatio
1352 1968 1376 1994 te
1395 1969 1494 1994 beatam
1512 1969 1591 1995 dicere

1200 2010 1234 2035 Et
1252 2011 1338 2036 devote
1357 2012 1468 2037 salutare
1486 2012 1571 2042 debet,
1590 2013 1688 2039 dicens:

1059 2053 1112 2078 Ave
1131 2053 1223 2084 Maria,
1242 2054 1326 2085 gratia
1352 2055 1437 2086 plena,
1457 2055 1577 2080 Dominus
1596 2056 1688 2086 tecum,
1708 2056 1834 2082 benedicta

988 2094 1017 2120 tu
1035 2096 1061 2120 in
1080 2096 1233 2126 mulieribus,
1252 2096 1277 2121 et
1296 2096 1438 2122 benedictus
1457 2097 1554 2122 fructus
1572 2097 1667 2123 ventris
1683 2098 1728 2123 tui.

1059 2138 1086 2171 13l.
1105 2139 1138 2163 Et
1156 2139 1245 2164 beatus
1269 2140 1368 2170 venter,
1388 2141 1430 2171 qui
1454 2140 1479 2165 te
1498 2140 1622 2172 portavit,
1648 2141 1751 2167 Domine
1778 2141 1836 2167 Iesu

989 2180 1101 2211 Christe,
1121 2181 1146 2206 et
1164 2181 1237 2207 beata
1255 2182 1344 2212 ubera,
1364 2190 1426 2214 quae
1445 2183 1542 2208 suxisti.

991 2382 1118 2410 codicibus,
1129 2383 1171 2405 sed
1183 2385 1262 2405 auctae
1274 2383 1322 2406 allis
1334 2384 1441 2411 strophis,
1453 2383 1590 2413 plerumque
1601 2384 1639 2412 ita,
1649 2387 1673 2406 ut
1684 2385 1770 2413 septem
1782 2390 1836 2412 gau·

991 2414 1035 2437 diis
1051 2415 1076 2436 B.
1094 2414 1177 2436 Mariae
1193 2414 1359 2442 respondeant,
1376 2415 1417 2443 qui
1435 2421 1544 2437 numerus
1561 2414 1591 2437 ab
1608 2415 1672 2438 initio
1689 2416 1772 2438 saeculi
1785 2416 1835 2438 XV.

991 2448 1040 2468 tum
1057 2445 1177 2468 doloribus
1194 2448 1243 2468 tum
1261 2446 1352 2472 gaudiis
1369 2446 1393 2468 B.
1410 2446 1493 2468 Mariae
1511 2446 1581 2474 vulgo
1603 2445 1754 2469 tribuebatur.
1770 2447 1836 2469 luter-

991 2476 1046 2499 dum
1065 2483 1176 2499 numerus
1197 2478 1345 2504 stropharum
1363 2483 1437 2505 usque
1460 2477 1488 2499 ad
1509 2477 1536 2499 15
1557 2480 1638 2500 auctus
1655 2477 1782 2506 invenitur,
1806 2478 1835 2500 de

991 2514 1038 2536 quo
1056 2508 1096 2530 cfr.
1113 2508 1191 2534 Mone,
1211 2507 1299 2537 Hymni
1319 2507 1388 2531 latini
1403 2507 1474 2530 medii
1493 2507 1557 2536 aevi,
1575 2511 1632 2531 tom.
1649 2509 1676 2535 ll,
1700 2509 1834 2536 praesertim

991 2545 1013 2561 n.
1031 2538 1075 2561 454
1098 2541 1120 2561 et
1139 2538 1191 2561 460.
1213 2538 1305 2561 Certum
1323 2545 1373 2561 esse
1396 2539 1500 2567 videtur,
1517 2545 1641 2562 numerum
1663 2539 1765 2569 quinque
1783 2546 1836 2568 gau-

991 2570 1083 2592 diorum
1100 2572 1122 2592 et
1139 2571 1287 2598 stropharum
1298 2576 1351 2592 cum
1364 2571 1466 2599 quinque
1478 2570 1573 2593 Psalmis
1584 2571 1683 2599 eisdem,
1696 2577 1755 2600 quos
1767 2571 1836 2594 hahet

991 2601 1015 2624 B.
1033 2601 1154 2629 lordanus,
1171 2601 1288 2629 antiquius
1305 2604 1396 2629 tempus
1413 2601 1527 2628 indicare,
1548 2605 1570 2624 et
1587 2601 1638 2624 ideo
1655 2602 1759 2631 quinque
1781 2606 1834 2625 stro·

990 2633 1051 2660 phae
1068 2638 1121 2654 cum
1147 2632 1249 2660 repetitis
1266 2632 1384 2655 versibus:
1411 2633 1489 2660 lesus,
1506 2632 1599 2662 [ruem
1624 2632 1712 2656 ventris
1736 2633 1772 2656 tui
1792 2636 1834 2656 etc.

991 2663 1058 2692 primi
1077 2663 1176 2686 auctoris
1192 2669 1242 2686 esse
1259 2663 1379 2691 videntur,
1392 2668 1470 2691 posrea
1483 2664 1636 2692 multipliciter
1652 2667 1731 2687 auctae
1748 2667 1770 2687 et
1787 2671 1836 2687 mu-

991 2698 1058 2717 tatae.
1074 2694 1132 2717 Cum
1151 2694 1257 2717 Sbaralea
1275 2697 1297 2717 et
1314 2695 1399 2717 Bonelli
1416 2695 1470 2717 nihil
1490 2694 1583 2717 obstare
1605 2694 1671 2718 nobis
1687 2696 1792 2724 videtur,
1810 2699 1835 2719 ut

991 2729 1064 2748 totum
1081 2727 1125 2748 hoc
1137 2725 1243 2748 Officium
1262 2726 1283 2748 S.
1296 2726 1470 2749 Bonaventurae
1488 2726 1607 2749 tribuatur.
1620 2739 1649 2742 —
1662 2726 1769 2749 Sbaralea
1782 2728 1834 2756 (loc.

990 2757 1035 2785 cit.)
1054 2763 1081 2779 ex
1098 2757 1178 2779 codice
1193 2757 1344 2779 bibliothecae
1358 2758 1500 2780 Florentinae
1517 2758 1539 2780 S.
1556 2757 1635 2781 Crucis
1653 2757 1723 2786 (nunc
1741 2758 1762 2780 in
1779 2759 1835 2781 Lau—

989 2788 1105 2816 rentiana,
1123 2789 1180 2810 Plut.
1197 2788 1265 2810 XVll.
1282 2788 1341 2811 dext.
1353 2788 1405 2811 cod.
1418 2789 1465 2818 Μ.)
1482 2789 1623 2817 transcripsit
1635 2789 1648 2811 8
1661 2790 1768 2818 strophas
1785 2789 1833 2812 sine

990 2819 1081 2842 nomine
1097 2820 1209 2846 auctoris,
1234 2825 1333 2848 quarum
1359 2826 1397 2842 sex
1418 2820 1557 2843 conveniunt
1582 2826 1635 2842 cum
1658 2821 1756 2849 nostris;
1778 2821 1833 2843 alias

989 2850 1047 2873 duas
1064 2850 1140 2872 minus
1158 2850 1231 2873 bonas
1248 2856 1301 2873 cum
1319 2851 1378 2873 nnau
1395 2851 1498 2874 oratione
1514 2851 1544 2874 ad
1560 2851 1647 2874 calcem
1665 2852 1793 2880 posuimus.
1850 2859 1853 2861 ·

1052 2880 1060 2894 ⁷
1078 2881 1129 2904 Vat.
1146 2881 1210 2904 addit
1227 2881 1314 2904 Maria.
1326 2894 1356 2899 -·
1368 2882 1451 2911 Quoad
1467 2888 1516 2911 seq.
1534 2888 1627 2905 versum
1645 2883 1710 2906 Mone
1727 2883 1779 2912 (loc.
1796 2883 1833 2906 cit.

989 2918 1043 2941 pag.
1062 2912 1114 2941 154)
1138 2915 1244 2940 annotat,
1270 2914 1328 2936 hanc
1353 2914 1455 2941 phrasim
1481 2914 1587 2936 usitatam
1612 2920 1663 2936 esse
1688 2914 1709 2937 in
1735 2914 1833 2944 antiquis

989 2943 1080 2971 hymnis
1096 2949 1117 2966 e.
1134 2950 1156 2972 g.
1174 2943 1203 2966 ab
1220 2943 1312 2967 Ennod.
1330 2945 1408 2972 hymn.
1429 2945 1468 2973 lo,
1487 2945 1527 2967 ll:
1546 2944 1656 2974 Concepit
1673 2951 1728 2968 aure
1744 2946 1833 2968 Filium.

989 2975 1050 2997 ldem
1067 2975 1180 3003 significat
1197 2981 1222 2998 ac
1239 2974 1284 3005 fide
1300 2975 1410 3005 concepit.

1050 3004 1059 3018 Β
1077 3007 1131 3029 Luc.
1149 3006 1173 3033 l,
1192 3006 1228 3029 46.
