<?xml version="1.0" encoding="UTF-8"?>
<!DOCTYPE html PUBLIC "-//W3C//DTD XHTML 1.0 Transitional//EN"
    "http://www.w3.org/TR/xhtml1/DTD/xhtml1-transitional.dtd">
<html xmlns="http://www.w3.org/1999/xhtml" xml:lang="en" lang="en">
 <head>
  <title>
</title>
<meta http-equiv="Content-Type" content="text/html;charset=utf-8" />
  <meta name='ocr-system' content='tesseract 3.04.00' />
  <meta name='ocr-capabilities' content='ocr_page ocr_carea ocr_par ocr_line ocrx_word'/>
</head>
<body>
  <div class='ocr_page' id='page_1' title='image "./doctorisseraphic08bona_0211.png"; bbox 0 0 2133 3317; ppageno 0'>
   <div class='ocr_carea' id='block_1_1' title="bbox 7 371 76 393">
    <p class='ocr_par' dir='ltr' id='par_1_1' title="bbox 7 371 76 393">
     <span class='ocr_line' id='line_1_1' title="bbox 7 371 76 393; baseline -0.029 -1"><span class='ocrx_word' id='word_1_1' title='bbox 7 379 21 393; x_wconf 70' lang='lat' dir='ltr'>ia</span> <span class='ocrx_word' id='word_1_2' title='bbox 31 371 76 392; x_wconf 75' lang='lat' dir='ltr'>vidit</span> 
     </span>
    </p>
   </div>
   <div class='ocr_carea' id='block_1_2' title="bbox 10 419 67 460">
    <p class='ocr_par' dir='ltr' id='par_1_2' title="bbox 10 419 67 460">
     <span class='ocr_line' id='line_1_2' title="bbox 10 419 67 460; baseline 0 0"><span class='ocrx_word' id='word_1_3' title='bbox 10 419 67 460; x_wconf 61' lang='lat'>¹⁹⁹2?</span> 
     </span>
    </p>
   </div>
   <div class='ocr_carea' id='block_1_3' title="bbox 0 732 75 788">
    <p class='ocr_par' dir='ltr' id='par_1_3' title="bbox 0 732 75 788">
     <span class='ocr_line' id='line_1_3' title="bbox 0 732 75 774; baseline -0.027 -9"><span class='ocrx_word' id='word_1_4' title='bbox 0 732 75 774; x_wconf 37' lang='lat' dir='ltr'>lentiam</span> 
     </span>
     <span class='ocr_line' id='line_1_4' title="bbox 0 773 69 788; baseline -0.014 0"><span class='ocrx_word' id='word_1_5' title='bbox 0 773 69 788; x_wconf 65' lang='grc'><strong>[11111138-</strong></span> 
     </span>
    </p>
   </div>
   <div class='ocr_carea' id='block_1_4' title="bbox 0 1856 78 1923">
    <p class='ocr_par' dir='ltr' id='par_1_4' title="bbox 0 1856 78 1923">
     <span class='ocr_line' id='line_1_5' title="bbox 0 1856 78 1899; baseline -0.013 0"><span class='ocrx_word' id='word_1_6' title='bbox 0 1856 78 1899; x_wconf 52' lang='lat' dir='ltr'>iffi?</span> 
     </span>
     <span class='ocr_line' id='line_1_6' title="bbox 0 1903 70 1923; baseline -0.014 0"><span class='ocrx_word' id='word_1_7' title='bbox 0 1903 70 1923; x_wconf 65' lang='lat' dir='ltr'>Christi.</span> 
     </span>
    </p>
   </div>
   <div class='ocr_carea' id='block_1_5' title="bbox 488 192 1846 223">
    <p class='ocr_par' dir='ltr' id='par_1_5' title="bbox 488 192 1846 223">
     <span class='ocr_line' id='line_1_7' title="bbox 488 192 1846 223; baseline 0.001 -2"><span class='ocrx_word' id='word_1_8' title='bbox 488 192 683 221; x_wconf 86' lang='lat' dir='ltr'>OPUSCULUM</span> <span class='ocrx_word' id='word_1_9' title='bbox 705 192 744 220; x_wconf 84' lang='lat'>111.</span> <span class='ocrx_word' id='word_1_10' title='bbox 767 192 890 221; x_wconf 85' lang='lat' dir='ltr'>LIGNUM</span> <span class='ocrx_word' id='word_1_11' title='bbox 911 193 1016 221; x_wconf 74' lang='lat' dir='ltr'>VITAE.</span> <span class='ocrx_word' id='word_1_12' title='bbox 1039 193 1081 221; x_wconf 91' lang='lat' dir='ltr'>DE</span> <span class='ocrx_word' id='word_1_13' title='bbox 1103 193 1268 222; x_wconf 76' lang='lat' dir='ltr'>MYSTEfflO</span> <span class='ocrx_word' id='word_1_14' title='bbox 1290 193 1460 222; x_wconf 76' lang='lat' dir='ltr'>PASStONts.</span> <span class='ocrx_word' id='word_1_15' title='bbox 1811 195 1846 223; x_wconf 83' lang='lat'>79</span> 
     </span>
    </p>
   </div>
   <div class='ocr_carea' id='block_1_6' title="bbox 103 269 948 1506">
    <p class='ocr_par' dir='ltr' id='par_1_6' title="bbox 103 269 948 1506">
     <span class='ocr_line' id='line_1_8' title="bbox 104 269 948 307; baseline -0.002 -8"><span class='ocrx_word' id='word_1_16' title='bbox 104 271 179 307; x_wconf 87' lang='lat' dir='ltr'>Quae</span> <span class='ocrx_word' id='word_1_17' title='bbox 203 270 360 307; x_wconf 81' lang='lat' dir='ltr'>praemissis</span> <span class='ocrx_word' id='word_1_18' title='bbox 384 270 512 298; x_wconf 89' lang='lat' dir='ltr'>omnibus</span> <span class='ocrx_word' id='word_1_19' title='bbox 532 277 663 306; x_wconf 78' lang='lat' dir='ltr'><strong>praesens</strong></span> <span class='ocrx_word' id='word_1_20' title='bbox 683 269 812 297; x_wconf 78' lang='lat' dir='ltr'>assistens</span> <span class='ocrx_word' id='word_1_21' title='bbox 837 272 864 298; x_wconf 90' lang='lat' dir='ltr'>et</span> <span class='ocrx_word' id='word_1_22' title='bbox 885 277 948 306; x_wconf 88' lang='lat' dir='ltr'>par-</span> 
     </span>
     <span class='ocr_line' id='line_1_9' title="bbox 104 315 948 354; baseline -0.004 -8"><span class='ocrx_word' id='word_1_23' title='bbox 104 318 189 354; x_wconf 79' lang='lat' dir='ltr'>ticeps</span> <span class='ocrx_word' id='word_1_24' title='bbox 214 325 263 354; x_wconf 89' lang='lat' dir='ltr'>per</span> <span class='ocrx_word' id='word_1_25' title='bbox 284 324 393 345; x_wconf 90' lang='lat' dir='ltr'>omnem</span> <span class='ocrx_word' id='word_1_26' title='bbox 413 316 526 345; x_wconf 90' lang='lat' dir='ltr'>modum</span> <span class='ocrx_word' id='word_1_27' title='bbox 546 316 657 350; x_wconf 81' lang='lat' dir='ltr'>effecta,</span> <span class='ocrx_word' id='word_1_28' title='bbox 683 315 853 344; x_wconf 83' lang='lat' dir='ltr'>benedictam</span> <span class='ocrx_word' id='word_1_29' title='bbox 875 316 948 344; x_wconf 89' lang='lat' dir='ltr'>illam</span> 
     </span>
     <span class='ocr_line' id='line_1_10' title="bbox 104 361 947 399; baseline -0.004 -6"><span class='ocrx_word' id='word_1_30' title='bbox 104 367 130 393; x_wconf 92' lang='lat' dir='ltr'>et</span> <span class='ocrx_word' id='word_1_31' title='bbox 151 363 350 392; x_wconf 82' lang='lat' dir='ltr'>sanctissimam</span> <span class='ocrx_word' id='word_1_32' title='bbox 366 371 495 397; x_wconf 86' lang='lat' dir='ltr'>carnem,</span> <span class='ocrx_word' id='word_1_33' title='bbox 517 370 600 399; x_wconf 89' lang='lat' dir='ltr'>quam</span> <span class='ocrx_word' id='word_1_34' title='bbox 622 365 678 390; x_wconf 89' lang='lat' dir='ltr'>tam</span> <span class='ocrx_word' id='word_1_35' title='bbox 693 364 766 390; x_wconf 88' lang='lat' dir='ltr'>caste</span> <span class='ocrx_word' id='word_1_36' title='bbox 787 361 947 398; x_wconf 83' lang='lat' dir='ltr'>concepisti,</span> 
     </span>
     <span class='ocr_line' id='line_1_11' title="bbox 103 408 947 445; baseline -0.004 -6"><span class='ocrx_word' id='word_1_37' title='bbox 103 413 158 439; x_wconf 88' lang='lat' dir='ltr'>tam</span> <span class='ocrx_word' id='word_1_38' title='bbox 178 409 296 438; x_wconf 88' lang='lat' dir='ltr'>dulciter</span> <span class='ocrx_word' id='word_1_39' title='bbox 317 409 409 438; x_wconf 78' lang='lat' dir='ltr'>aluisti</span> <span class='ocrx_word' id='word_1_40' title='bbox 429 412 457 438; x_wconf 90' lang='lat' dir='ltr'>et</span> <span class='ocrx_word' id='word_1_41' title='bbox 483 409 552 438; x_wconf 85' lang='lat' dir='ltr'>lacte</span> <span class='ocrx_word' id='word_1_42' title='bbox 573 408 688 445; x_wconf 86' lang='lat' dir='ltr'>potasti,</span> <span class='ocrx_word' id='word_1_43' title='bbox 717 411 772 436; x_wconf 91' lang='lat' dir='ltr'>tam</span> <span class='ocrx_word' id='word_1_44' title='bbox 800 408 899 436; x_wconf 85' lang='lat' dir='ltr'>crebro</span> <span class='ocrx_word' id='word_1_45' title='bbox 920 408 947 436; x_wconf 93' lang='lat' dir='ltr'>in</span> 
     </span>
     <span class='ocr_line' id='line_1_12' title="bbox 104 454 948 491; baseline -0.002 -6"><span class='ocrx_word' id='word_1_46' title='bbox 104 460 152 486; x_wconf 91' lang='lat' dir='ltr'>tuo</span> <span class='ocrx_word' id='word_1_47' title='bbox 173 456 311 485; x_wconf 87' lang='lat' dir='ltr'>reclinasti</span> <span class='ocrx_word' id='word_1_48' title='bbox 332 456 395 484; x_wconf 88' lang='lat' dir='ltr'>sinu</span> <span class='ocrx_word' id='word_1_49' title='bbox 416 458 443 484; x_wconf 86' lang='lat' dir='ltr'>et</span> <span class='ocrx_word' id='word_1_50' title='bbox 463 455 535 484; x_wconf 84' lang='lat' dir='ltr'>labia</span> <span class='ocrx_word' id='word_1_51' title='bbox 548 455 627 483; x_wconf 88' lang='lat' dir='ltr'>labiis</span> <span class='ocrx_word' id='word_1_52' title='bbox 648 454 828 491; x_wconf 85' lang='lat' dir='ltr'>impressisti,</span> <span class='ocrx_word' id='word_1_53' title='bbox 848 462 948 483; x_wconf 89' lang='lat' dir='ltr'>carneo</span> 
     </span>
     <span class='ocr_line' id='line_1_13' title="bbox 104 501 947 539; baseline -0.002 -8"><span class='ocrx_word' id='word_1_54' title='bbox 104 502 287 539; x_wconf 85' lang='lat' dir='ltr'>contemplata</span> <span class='ocrx_word' id='word_1_55' title='bbox 301 509 330 530; x_wconf 90' lang='lat' dir='ltr'>es</span> <span class='ocrx_word' id='word_1_56' title='bbox 345 502 406 530; x_wconf 84' lang='lat' dir='ltr'>visu</span> <span class='ocrx_word' id='word_1_57' title='bbox 419 503 439 536; x_wconf 87' lang='lat'>¹,</span> <span class='ocrx_word' id='word_1_58' title='bbox 453 509 528 530; x_wconf 90' lang='lat' dir='ltr'>nunc</span> <span class='ocrx_word' id='word_1_59' title='bbox 542 501 642 530; x_wconf 87' lang='lat' dir='ltr'>ictibus</span> <span class='ocrx_word' id='word_1_60' title='bbox 656 501 828 538; x_wconf 83' lang='lat' dir='ltr'>flagellorum</span> <span class='ocrx_word' id='word_1_61' title='bbox 843 501 947 535; x_wconf 86' lang='lat' dir='ltr'>divelli,</span> 
     </span>
     <span class='ocr_line' id='line_1_14' title="bbox 103 546 948 584; baseline -0.001 -8"><span class='ocrx_word' id='word_1_62' title='bbox 103 556 178 577; x_wconf 88' lang='lat' dir='ltr'>nunc</span> <span class='ocrx_word' id='word_1_63' title='bbox 193 548 336 584; x_wconf 90' lang='lat' dir='ltr'>spinarum</span> <span class='ocrx_word' id='word_1_64' title='bbox 357 547 491 584; x_wconf 77' lang='lat' dir='ltr'>perforari</span> <span class='ocrx_word' id='word_1_65' title='bbox 506 547 621 581; x_wconf 82' lang='lat' dir='ltr'>aculeis,</span> <span class='ocrx_word' id='word_1_66' title='bbox 641 555 715 575; x_wconf 88' lang='lat' dir='ltr'>nunc</span> <span class='ocrx_word' id='word_1_67' title='bbox 735 546 870 575; x_wconf 84' lang='lat' dir='ltr'>arundine</span> <span class='ocrx_word' id='word_1_68' title='bbox 885 554 948 583; x_wconf 88' lang='lat' dir='ltr'>per-</span> 
     </span>
     <span class='ocr_line' id='line_1_15' title="bbox 104 593 948 632; baseline -0.002 -8"><span class='ocrx_word' id='word_1_69' title='bbox 104 595 176 629; x_wconf 90' lang='lat' dir='ltr'>cuti,</span> <span class='ocrx_word' id='word_1_70' title='bbox 198 603 272 624; x_wconf 93' lang='lat' dir='ltr'>nunc</span> <span class='ocrx_word' id='word_1_71' title='bbox 293 594 391 632; x_wconf 90' lang='lat' dir='ltr'>palmis</span> <span class='ocrx_word' id='word_1_72' title='bbox 412 594 567 631; x_wconf 82' lang='lat' dir='ltr'>pugnisque</span> <span class='ocrx_word' id='word_1_73' title='bbox 588 593 718 623; x_wconf 92' lang='lat' dir='ltr'>contundi</span> <span class='ocrx_word' id='word_1_74' title='bbox 731 594 751 627; x_wconf 56' lang='grc' dir='ltr'>Β,</span> <span class='ocrx_word' id='word_1_75' title='bbox 772 601 845 622; x_wconf 90' lang='lat' dir='ltr'>nunc</span> <span class='ocrx_word' id='word_1_76' title='bbox 864 593 948 622; x_wconf 89' lang='lat' dir='ltr'>clavis</span> 
     </span>
     <span class='ocr_line' id='line_1_16' title="bbox 104 639 948 679; baseline -0.002 -9"><span class='ocrx_word' id='word_1_77' title='bbox 104 641 209 679; x_wconf 82' lang='lat' dir='ltr'>perfodi</span> <span class='ocrx_word' id='word_1_78' title='bbox 224 644 251 670; x_wconf 90' lang='lat' dir='ltr'>et</span> <span class='ocrx_word' id='word_1_79' title='bbox 272 641 356 678; x_wconf 86' lang='lat' dir='ltr'>stipiti</span> <span class='ocrx_word' id='word_1_80' title='bbox 371 641 463 670; x_wconf 85' lang='lat' dir='ltr'>crucis</span> <span class='ocrx_word' id='word_1_81' title='bbox 480 641 593 670; x_wconf 84' lang='lat' dir='ltr'>affixam</span> <span class='ocrx_word' id='word_1_82' title='bbox 609 644 692 677; x_wconf 85' lang='lat' dir='ltr'>atque</span> <span class='ocrx_word' id='word_1_83' title='bbox 707 639 870 677; x_wconf 85' lang='lat' dir='ltr'>pendentem</span> <span class='ocrx_word' id='word_1_84' title='bbox 885 648 948 677; x_wconf 82' lang='lat' dir='ltr'>gra-</span> 
     </span>
     <span class='ocr_line' id='line_1_17' title="bbox 103 686 948 722; baseline -0.002 -6"><span class='ocrx_word' id='word_1_85' title='bbox 103 688 175 717; x_wconf 87' lang='lat' dir='ltr'>viter</span> <span class='ocrx_word' id='word_1_86' title='bbox 196 687 306 722; x_wconf 82' lang='lat' dir='ltr'>laniari,</span> <span class='ocrx_word' id='word_1_87' title='bbox 327 695 401 716; x_wconf 90' lang='lat' dir='ltr'>nunc</span> <span class='ocrx_word' id='word_1_88' title='bbox 422 687 495 716; x_wconf 93' lang='lat' dir='ltr'>omni</span> <span class='ocrx_word' id='word_1_89' title='bbox 518 687 637 715; x_wconf 89' lang='lat' dir='ltr'>ludibrio</span> <span class='ocrx_word' id='word_1_90' title='bbox 652 686 788 721; x_wconf 83' lang='lat' dir='ltr'>habitam,</span> <span class='ocrx_word' id='word_1_91' title='bbox 809 686 871 715; x_wconf 86' lang='lat' dir='ltr'>felle</span> <span class='ocrx_word' id='word_1_92' title='bbox 888 689 948 715; x_wconf 86' lang='lat' dir='ltr'>tan—</span> 
     </span>
     <span class='ocr_line' id='line_1_18' title="bbox 104 732 947 770; baseline -0.002 -7"><span class='ocrx_word' id='word_1_93' title='bbox 104 734 165 763; x_wconf 92' lang='lat' dir='ltr'>dem</span> <span class='ocrx_word' id='word_1_94' title='bbox 187 737 214 763; x_wconf 89' lang='lat' dir='ltr'>et</span> <span class='ocrx_word' id='word_1_95' title='bbox 240 737 317 762; x_wconf 89' lang='lat' dir='ltr'>aceto</span> <span class='ocrx_word' id='word_1_96' title='bbox 338 734 435 770; x_wconf 87' lang='lat' dir='ltr'>potari.</span> <span class='ocrx_word' id='word_1_97' title='bbox 465 749 501 754; x_wconf 94' lang='lat'>—</span> <span class='ocrx_word' id='word_1_98' title='bbox 527 733 578 762; x_wconf 89' lang='lat' dir='ltr'>Sed</span> <span class='ocrx_word' id='word_1_99' title='bbox 602 736 628 762; x_wconf 90' lang='lat' dir='ltr'>et</span> <span class='ocrx_word' id='word_1_100' title='bbox 656 732 852 761; x_wconf 81' lang='lat' dir='ltr'>divinissimam</span> <span class='ocrx_word' id='word_1_101' title='bbox 874 733 947 761; x_wconf 89' lang='lat' dir='ltr'>illam</span> 
     </span>
     <span class='ocr_line' id='line_1_19' title="bbox 104 778 948 816; baseline -0.002 -7"><span class='ocrx_word' id='word_1_102' title='bbox 104 780 237 809; x_wconf 84' lang='lat' dir='ltr'>animam</span> <span class='ocrx_word' id='word_1_103' title='bbox 259 780 346 808; x_wconf 91' lang='lat' dir='ltr'>oculis</span> <span class='ocrx_word' id='word_1_104' title='bbox 367 779 534 816; x_wconf 87' lang='lat' dir='ltr'>conspexisti</span> <span class='ocrx_word' id='word_1_105' title='bbox 556 779 722 808; x_wconf 85' lang='lat' dir='ltr'>mentalibus</span> <span class='ocrx_word' id='word_1_106' title='bbox 742 778 831 807; x_wconf 91' lang='lat' dir='ltr'>omnis</span> <span class='ocrx_word' id='word_1_107' title='bbox 848 778 948 807; x_wconf 88' lang='lat' dir='ltr'>amari-</span> 
     </span>
     <span class='ocr_line' id='line_1_20' title="bbox 103 825 947 863; baseline -0.002 -8"><span class='ocrx_word' id='word_1_108' title='bbox 103 827 207 856; x_wconf 86' lang='lat' dir='ltr'>tudinis</span> <span class='ocrx_word' id='word_1_109' title='bbox 222 826 283 855; x_wconf 88' lang='lat' dir='ltr'>felle</span> <span class='ocrx_word' id='word_1_110' title='bbox 305 826 438 863; x_wconf 86' lang='lat' dir='ltr'>repletam</span> <span class='ocrx_word' id='word_1_111' title='bbox 449 849 456 860; x_wconf 91' lang='lat'>,</span> <span class='ocrx_word' id='word_1_112' title='bbox 477 834 551 854; x_wconf 90' lang='lat' dir='ltr'>nunc</span> <span class='ocrx_word' id='word_1_113' title='bbox 567 826 667 862; x_wconf 90' lang='lat' dir='ltr'>spiritu</span> <span class='ocrx_word' id='word_1_114' title='bbox 681 825 857 859; x_wconf 84' lang='lat' dir='ltr'>frementem,</span> <span class='ocrx_word' id='word_1_115' title='bbox 873 833 947 854; x_wconf 92' lang='lat' dir='ltr'>nunc</span> 
     </span>
     <span class='ocr_line' id='line_1_21' title="bbox 103 871 948 910; baseline -0.002 -9"><span class='ocrx_word' id='word_1_116' title='bbox 103 875 261 910; x_wconf 89' lang='lat' dir='ltr'>paventem,</span> <span class='ocrx_word' id='word_1_117' title='bbox 283 880 357 901; x_wconf 86' lang='lat' dir='ltr'>nunc</span> <span class='ocrx_word' id='word_1_118' title='bbox 379 872 545 906; x_wconf 86' lang='lat' dir='ltr'>taedentem,</span> <span class='ocrx_word' id='word_1_119' title='bbox 561 879 635 900; x_wconf 89' lang='lat' dir='ltr'>nunc</span> <span class='ocrx_word' id='word_1_120' title='bbox 656 871 858 908; x_wconf 81' lang='lat' dir='ltr'>agonizantem,</span> <span class='ocrx_word' id='word_1_121' title='bbox 873 879 948 900; x_wconf 89' lang='lat' dir='ltr'>nunc</span> 
     </span>
     <span class='ocr_line' id='line_1_22' title="bbox 103 917 948 953; baseline -0.002 -5"><span class='ocrx_word' id='word_1_122' title='bbox 103 919 256 953; x_wconf 85' lang='lat' dir='ltr'>anxiatam,</span> <span class='ocrx_word' id='word_1_123' title='bbox 278 927 352 948; x_wconf 90' lang='lat' dir='ltr'>nunc</span> <span class='ocrx_word' id='word_1_124' title='bbox 367 919 519 952; x_wconf 83' lang='lat' dir='ltr'>turbatam,</span> <span class='ocrx_word' id='word_1_125' title='bbox 541 926 615 946; x_wconf 90' lang='lat' dir='ltr'>nunc</span> <span class='ocrx_word' id='word_1_126' title='bbox 636 917 709 946; x_wconf 91' lang='lat' dir='ltr'>omni</span> <span class='ocrx_word' id='word_1_127' title='bbox 731 917 842 946; x_wconf 83' lang='lat' dir='ltr'>tristitia</span> <span class='ocrx_word' id='word_1_128' title='bbox 860 920 887 946; x_wconf 87' lang='lat' dir='ltr'>et</span> <span class='ocrx_word' id='word_1_129' title='bbox 900 917 948 946; x_wconf 90' lang='lat' dir='ltr'>do-</span> 
     </span>
     <span class='ocr_line' id='line_1_23' title="bbox 103 964 947 1002; baseline -0.004 -7"><span class='ocrx_word' id='word_1_130' title='bbox 103 966 161 995; x_wconf 89' lang='lat' dir='ltr'>lore</span> <span class='ocrx_word' id='word_1_131' title='bbox 183 965 394 994; x_wconf 86' lang='lat' dir='ltr'>moestissimam</span> <span class='ocrx_word' id='word_1_132' title='bbox 420 965 520 1002; x_wconf 90' lang='lat' dir='ltr'>partim</span> <span class='ocrx_word' id='word_1_133' title='bbox 551 967 665 1001; x_wconf 89' lang='lat' dir='ltr'>propter</span> <span class='ocrx_word' id='word_1_134' title='bbox 685 964 820 1001; x_wconf 82' lang='lat' dir='ltr'>passionis</span> <span class='ocrx_word' id='word_1_135' title='bbox 851 972 947 1001; x_wconf 89' lang='lat' dir='ltr'>corpo-</span> 
     </span>
     <span class='ocr_line' id='line_1_24' title="bbox 103 1010 947 1048; baseline -0.002 -7"><span class='ocrx_word' id='word_1_136' title='bbox 103 1020 167 1041; x_wconf 85' lang='lat' dir='ltr'>reae</span> <span class='ocrx_word' id='word_1_137' title='bbox 193 1012 395 1041; x_wconf 86' lang='lat' dir='ltr'>vivacissimum</span> <span class='ocrx_word' id='word_1_138' title='bbox 427 1019 554 1045; x_wconf 85' lang='lat' dir='ltr'>sensum,</span> <span class='ocrx_word' id='word_1_139' title='bbox 586 1011 687 1048; x_wconf 90' lang='lat' dir='ltr'>partim</span> <span class='ocrx_word' id='word_1_140' title='bbox 719 1013 832 1047; x_wconf 88' lang='lat' dir='ltr'>propter</span> <span class='ocrx_word' id='word_1_141' title='bbox 863 1010 947 1039; x_wconf 87' lang='lat' dir='ltr'>dlvini</span> 
     </span>
     <span class='ocr_line' id='line_1_25' title="bbox 104 1056 948 1095; baseline -0.002 -8"><span class='ocrx_word' id='word_1_142' title='bbox 104 1058 217 1088; x_wconf 91' lang='lat' dir='ltr'>honoris</span> <span class='ocrx_word' id='word_1_143' title='bbox 238 1066 288 1095; x_wconf 90' lang='lat' dir='ltr'>per</span> <span class='ocrx_word' id='word_1_144' title='bbox 315 1060 459 1095; x_wconf 85' lang='lat' dir='ltr'>peccatum</span> <span class='ocrx_word' id='word_1_145' title='bbox 480 1057 614 1086; x_wconf 87' lang='lat' dir='ltr'>subtracti</span> <span class='ocrx_word' id='word_1_146' title='bbox 642 1056 875 1085; x_wconf 85' lang='lat' dir='ltr'>ferventissimum</span> <span class='ocrx_word' id='word_1_147' title='bbox 904 1064 948 1085; x_wconf 81' lang='lat' dir='ltr'>ze-</span> 
     </span>
     <span class='ocr_line' id='line_1_26' title="bbox 103 1103 948 1142; baseline -0.004 -8"><span class='ocrx_word' id='word_1_148' title='bbox 103 1105 177 1139; x_wconf 93' lang='lat' dir='ltr'>lum,</span> <span class='ocrx_word' id='word_1_149' title='bbox 199 1104 300 1142; x_wconf 88' lang='lat' dir='ltr'>partim</span> <span class='ocrx_word' id='word_1_150' title='bbox 315 1106 429 1141; x_wconf 88' lang='lat' dir='ltr'>propter</span> <span class='ocrx_word' id='word_1_151' title='bbox 450 1104 570 1132; x_wconf 82' lang='lat' dir='ltr'>effusum</span> <span class='ocrx_word' id='word_1_152' title='bbox 590 1103 618 1132; x_wconf 91' lang='lat' dir='ltr'>in</span> <span class='ocrx_word' id='word_1_153' title='bbox 633 1103 748 1132; x_wconf 88' lang='lat' dir='ltr'>miseros</span> <span class='ocrx_word' id='word_1_154' title='bbox 763 1103 948 1132; x_wconf 87' lang='lat' dir='ltr'>miserationis</span> 
     </span>
     <span class='ocr_line' id='line_1_27' title="bbox 103 1149 947 1188; baseline -0.004 -8"><span class='ocrx_word' id='word_1_155' title='bbox 103 1152 230 1180; x_wconf 85' lang='lat' dir='ltr'>affectum</span> <span class='ocrx_word' id='word_1_156' title='bbox 252 1153 280 1179; x_wconf 88' lang='lat' dir='ltr'>et</span> <span class='ocrx_word' id='word_1_157' title='bbox 300 1151 399 1188; x_wconf 89' lang='lat' dir='ltr'>partim</span> <span class='ocrx_word' id='word_1_158' title='bbox 421 1153 534 1187; x_wconf 85' lang='lat' dir='ltr'>propter</span> <span class='ocrx_word' id='word_1_159' title='bbox 555 1150 750 1187; x_wconf 84' lang='lat' dir='ltr'>compassionis</span> <span class='ocrx_word' id='word_1_160' title='bbox 774 1149 808 1178; x_wconf 86' lang='lat' dir='ltr'>ad</span> <span class='ocrx_word' id='word_1_161' title='bbox 830 1152 871 1184; x_wconf 83' lang='lat' dir='ltr'>te,</span> <span class='ocrx_word' id='word_1_162' title='bbox 893 1150 947 1178; x_wconf 86' lang='lat' dir='ltr'>Ma-</span> 
     </span>
     <span class='ocr_line' id='line_1_28' title="bbox 103 1195 946 1231; baseline -0.002 -5"><span class='ocrx_word' id='word_1_163' title='bbox 103 1200 175 1226; x_wconf 89' lang='lat' dir='ltr'>trem</span> <span class='ocrx_word' id='word_1_164' title='bbox 195 1197 395 1231; x_wconf 88' lang='lat' dir='ltr'>dulcissimam,</span> <span class='ocrx_word' id='word_1_165' title='bbox 417 1196 535 1225; x_wconf 86' lang='lat' dir='ltr'>infixum</span> <span class='ocrx_word' id='word_1_166' title='bbox 560 1196 588 1224; x_wconf 89' lang='lat' dir='ltr'>in</span> <span class='ocrx_word' id='word_1_167' title='bbox 616 1195 707 1224; x_wconf 89' lang='lat' dir='ltr'>cordis</span> <span class='ocrx_word' id='word_1_168' title='bbox 727 1195 824 1224; x_wconf 86' lang='lat' dir='ltr'>intima</span> <span class='ocrx_word' id='word_1_169' title='bbox 845 1195 946 1229; x_wconf 88' lang='lat' dir='ltr'>telum,</span> 
     </span>
     <span class='ocr_line' id='line_1_29' title="bbox 104 1242 948 1279; baseline -0.002 -7"><span class='ocrx_word' id='word_1_170' title='bbox 104 1251 166 1272; x_wconf 89' lang='lat' dir='ltr'>cum</span> <span class='ocrx_word' id='word_1_171' title='bbox 189 1247 215 1272; x_wconf 90' lang='lat' dir='ltr'>te</span> <span class='ocrx_word' id='word_1_172' title='bbox 237 1251 330 1272; x_wconf 89' lang='lat' dir='ltr'>coram</span> <span class='ocrx_word' id='word_1_173' title='bbox 351 1250 380 1272; x_wconf 90' lang='lat' dir='ltr'>se</span> <span class='ocrx_word' id='word_1_174' title='bbox 401 1243 517 1279; x_wconf 87' lang='lat' dir='ltr'>positam</span> <span class='ocrx_word' id='word_1_175' title='bbox 538 1245 565 1271; x_wconf 90' lang='lat' dir='ltr'>et</span> <span class='ocrx_word' id='word_1_176' title='bbox 586 1242 638 1279; x_wconf 90' lang='lat' dir='ltr'>piis</span> <span class='ocrx_word' id='word_1_177' title='bbox 663 1242 834 1278; x_wconf 87' lang='lat' dir='ltr'>conspiceret</span> <span class='ocrx_word' id='word_1_178' title='bbox 860 1242 948 1270; x_wconf 90' lang='lat' dir='ltr'>oculis</span> 
     </span>
     <span class='ocr_line' id='line_1_30' title="bbox 103 1287 948 1326; baseline -0.004 -7"><span class='ocrx_word' id='word_1_179' title='bbox 103 1293 131 1319; x_wconf 89' lang='lat' dir='ltr'>et</span> <span class='ocrx_word' id='word_1_180' title='bbox 159 1290 264 1319; x_wconf 86' lang='lat' dir='ltr'>blandis</span> <span class='ocrx_word' id='word_1_181' title='bbox 295 1289 486 1326; x_wconf 87' lang='lat' dir='ltr'>alloqueretur</span> <span class='ocrx_word' id='word_1_182' title='bbox 517 1288 731 1317; x_wconf 62' lang='lat' dir='ltr'>sermonibuss:</span> <span class='ocrx_word' id='word_1_183' title='bbox 763 1287 885 1322; x_wconf 77' lang='lat' dir='ltr'>Mulier,</span> <span class='ocrx_word' id='word_1_184' title='bbox 907 1288 948 1316; x_wconf 92' lang='lat' dir='ltr'>in-</span> 
     </span>
     <span class='ocr_line' id='line_1_31' title="bbox 104 1335 948 1374; baseline -0.005 -8"><span class='ocrx_word' id='word_1_185' title='bbox 104 1337 218 1374; x_wconf 85' lang='lat' dir='ltr'>quiens,</span> <span class='ocrx_word' id='word_1_186' title='bbox 239 1345 313 1371; x_wconf 88' lang='lat' dir='ltr'>ecce,</span> <span class='ocrx_word' id='word_1_187' title='bbox 327 1335 408 1373; x_wconf 78' lang='lat' dir='ltr'>filius</span> <span class='ocrx_word' id='word_1_188' title='bbox 423 1340 505 1369; x_wconf 83' lang='lat' dir='ltr'>tuus,</span> <span class='ocrx_word' id='word_1_189' title='bbox 527 1339 559 1364; x_wconf 92' lang='lat' dir='ltr'>ut</span> <span class='ocrx_word' id='word_1_190' title='bbox 579 1338 655 1364; x_wconf 86' lang='lat' dir='ltr'>tuam</span> <span class='ocrx_word' id='word_1_191' title='bbox 672 1335 861 1363; x_wconf 84' lang='lat' dir='ltr'>consolaretur</span> <span class='ocrx_word' id='word_1_192' title='bbox 876 1335 948 1363; x_wconf 89' lang='lat' dir='ltr'>inter</span> 
     </span>
     <span class='ocr_line' id='line_1_32' title="bbox 103 1380 948 1420; baseline -0.005 -8"><span class='ocrx_word' id='word_1_193' title='bbox 103 1383 244 1420; x_wconf 86' lang='lat' dir='ltr'>angustias</span> <span class='ocrx_word' id='word_1_194' title='bbox 271 1383 406 1416; x_wconf 89' lang='lat' dir='ltr'>animam,</span> <span class='ocrx_word' id='word_1_195' title='bbox 427 1390 512 1419; x_wconf 91' lang='lat' dir='ltr'>quam</span> <span class='ocrx_word' id='word_1_196' title='bbox 543 1381 738 1418; x_wconf 89' lang='lat' dir='ltr'>compassionis</span> <span class='ocrx_word' id='word_1_197' title='bbox 765 1388 831 1409; x_wconf 89' lang='lat' dir='ltr'>suae</span> <span class='ocrx_word' id='word_1_198' title='bbox 859 1380 948 1417; x_wconf 83' lang='lat' dir='ltr'>gladio</span> 
     </span>
     <span class='ocr_line' id='line_1_33' title="bbox 103 1428 948 1467; baseline -0.005 -8"><span class='ocrx_word' id='word_1_199' title='bbox 103 1430 234 1467; x_wconf 85' lang='lat' dir='ltr'>amplius,</span> <span class='ocrx_word' id='word_1_200' title='bbox 256 1437 339 1466; x_wconf 83' lang='lat' dir='ltr'>quam</span> <span class='ocrx_word' id='word_1_201' title='bbox 361 1429 383 1457; x_wconf 92' lang='lat' dir='ltr'>si</span> <span class='ocrx_word' id='word_1_202' title='bbox 404 1428 517 1466; x_wconf 88' lang='lat' dir='ltr'>proprio</span> <span class='ocrx_word' id='word_1_203' title='bbox 537 1428 672 1465; x_wconf 89' lang='lat' dir='ltr'>patereris</span> <span class='ocrx_word' id='word_1_204' title='bbox 687 1428 715 1456; x_wconf 90' lang='lat' dir='ltr'>in</span> <span class='ocrx_word' id='word_1_205' title='bbox 736 1435 867 1464; x_wconf 88' lang='lat' dir='ltr'>corpore,</span> <span class='ocrx_word' id='word_1_206' title='bbox 882 1435 948 1456; x_wconf 85' lang='lat' dir='ltr'>vere</span> 
     </span>
     <span class='ocr_line' id='line_1_34' title="bbox 103 1475 478 1506; baseline -0.008 0"><span class='ocrx_word' id='word_1_207' title='bbox 103 1477 206 1506; x_wconf 84' lang='lat' dir='ltr'>sciebat</span> <span class='ocrx_word' id='word_1_208' title='bbox 226 1484 285 1506; x_wconf 88' lang='lat' dir='ltr'>esse</span> <span class='ocrx_word' id='word_1_209' title='bbox 305 1475 478 1505; x_wconf 86' lang='lat' dir='ltr'>transfixam.</span> 
     </span>
    </p>
   </div>
   <div class='ocr_carea' id='block_1_7' title="bbox 172 1569 881 1697">
    <p class='ocr_par' dir='ltr' id='par_1_7' title="bbox 172 1569 881 1697">
     <span class='ocr_line' id='line_1_35' title="bbox 172 1569 881 1599; baseline -0.004 -1"><span class='ocrx_word' id='word_1_210' title='bbox 172 1571 296 1599; x_wconf 74' lang='lat' dir='ltr'>Fnucms</span> <span class='ocrx_word' id='word_1_211' title='bbox 316 1569 381 1598; x_wconf 84' lang='lat' dir='ltr'>Vltt.</span> <span class='ocrx_word' id='word_1_212' title='bbox 402 1569 534 1598; x_wconf 77' lang='lat' dir='ltr'>VicTomA</span> <span class='ocrx_word' id='word_1_213' title='bbox 554 1576 583 1596; x_wconf 75' lang='lat' dir='ltr'>IN</span> <span class='ocrx_word' id='word_1_214' title='bbox 604 1575 756 1597; x_wconf 75' lang='lat' dir='ltr'>CONFLtCTU</span> <span class='ocrx_word' id='word_1_215' title='bbox 776 1575 881 1596; x_wconf 69' lang='lat' dir='ltr'>nonus.</span> 
     </span>
     <span class='ocr_line' id='line_1_36' title="bbox 313 1659 743 1697; baseline -0.007 -7"><span class='ocrx_word' id='word_1_216' title='bbox 313 1662 408 1696; x_wconf 76' lang='lat' dir='ltr'>Iesus,</span> <span class='ocrx_word' id='word_1_217' title='bbox 429 1661 472 1690; x_wconf 86' lang='lat' dir='ltr'>sol</span> <span class='ocrx_word' id='word_1_218' title='bbox 491 1664 581 1689; x_wconf 87' lang='lat' dir='ltr'>morte</span> <span class='ocrx_word' id='word_1_219' title='bbox 599 1659 743 1697; x_wconf 78' lang='lat' dir='ltr'>pallidas.-</span> 
     </span>
    </p>
   </div>
   <div class='ocr_carea' id='block_1_8' title="bbox 104 1752 950 2255">
    <p class='ocr_par' dir='ltr' id='par_1_8' title="bbox 104 1752 950 2255">
     <span class='ocr_line' id='line_1_37' title="bbox 184 1752 948 1792; baseline -0.005 -8"><span class='ocrx_word' id='word_1_220' title='bbox 184 1756 230 1784; x_wconf 84' lang='grc'>29.</span> <span class='ocrx_word' id='word_1_221' title='bbox 251 1755 388 1792; x_wconf 89' lang='lat' dir='ltr'>Denique,</span> <span class='ocrx_word' id='word_1_222' title='bbox 404 1762 468 1783; x_wconf 91' lang='lat' dir='ltr'>cum</span> <span class='ocrx_word' id='word_1_223' title='bbox 482 1755 575 1791; x_wconf 81' lang='lat' dir='ltr'>Agnus</span> <span class='ocrx_word' id='word_1_224' title='bbox 589 1753 732 1787; x_wconf 86' lang='lat' dir='ltr'>innocens,</span> <span class='ocrx_word' id='word_1_225' title='bbox 747 1752 794 1789; x_wconf 90' lang='lat' dir='ltr'>qni</span> <span class='ocrx_word' id='word_1_226' title='bbox 810 1755 851 1781; x_wconf 90' lang='lat' dir='ltr'>est</span> <span class='ocrx_word' id='word_1_227' title='bbox 865 1760 948 1781; x_wconf 84' lang='lat' dir='ltr'>verus</span> 
     </span>
     <span class='ocr_line' id='line_1_38' title="bbox 105 1799 948 1836; baseline -0.005 -5"><span class='ocrx_word' id='word_1_228' title='bbox 105 1802 146 1831; x_wconf 93' lang='lat' dir='ltr'>sol</span> <span class='ocrx_word' id='word_1_229' title='bbox 167 1801 299 1835; x_wconf 87' lang='lat' dir='ltr'>iustitiae,</span> <span class='ocrx_word' id='word_1_230' title='bbox 330 1800 416 1829; x_wconf 88' lang='lat' dir='ltr'>trium</span> <span class='ocrx_word' id='word_1_231' title='bbox 437 1800 571 1829; x_wconf 90' lang='lat' dir='ltr'>horarum</span> <span class='ocrx_word' id='word_1_232' title='bbox 600 1799 688 1836; x_wconf 87' lang='lat' dir='ltr'>spatio</span> <span class='ocrx_word' id='word_1_233' title='bbox 719 1799 893 1836; x_wconf 88' lang='lat' dir='ltr'>pependisset</span> <span class='ocrx_word' id='word_1_234' title='bbox 920 1799 948 1827; x_wconf 91' lang='lat' dir='ltr'>in</span> 
     </span>
     <span class='ocr_line' id='line_1_39' title="bbox 105 1845 948 1884; baseline -0.005 -6"><span class='ocrx_word' id='word_1_235' title='bbox 105 1857 204 1883; x_wconf 89' lang='lat' dir='ltr'>cruce,</span> <span class='ocrx_word' id='word_1_236' title='bbox 225 1851 253 1877; x_wconf 88' lang='lat' dir='ltr'>et</span> <span class='ocrx_word' id='word_1_237' title='bbox 283 1847 377 1877; x_wconf 89' lang='lat' dir='ltr'>eodem</span> <span class='ocrx_word' id='word_1_238' title='bbox 406 1850 529 1884; x_wconf 90' lang='lat' dir='ltr'>tempore</span> <span class='ocrx_word' id='word_1_239' title='bbox 560 1847 600 1875; x_wconf 91' lang='lat' dir='ltr'>sol</span> <span class='ocrx_word' id='word_1_240' title='bbox 621 1847 672 1875; x_wconf 91' lang='lat' dir='ltr'>iste</span> <span class='ocrx_word' id='word_1_241' title='bbox 694 1846 821 1879; x_wconf 89' lang='lat' dir='ltr'>visibilis,</span> <span class='ocrx_word' id='word_1_242' title='bbox 843 1845 948 1874; x_wconf 87' lang='lat' dir='ltr'>Factori</span> 
     </span>
     <span class='ocr_line' id='line_1_40' title="bbox 105 1892 948 1932; baseline -0.005 -8"><span class='ocrx_word' id='word_1_243' title='bbox 105 1903 156 1925; x_wconf 90' lang='lat' dir='ltr'>suo</span> <span class='ocrx_word' id='word_1_244' title='bbox 176 1895 360 1932; x_wconf 84' lang='lat' dir='ltr'>compatiens,</span> <span class='ocrx_word' id='word_1_245' title='bbox 388 1894 458 1923; x_wconf 89' lang='lat' dir='ltr'>lucis</span> <span class='ocrx_word' id='word_1_246' title='bbox 482 1901 548 1922; x_wconf 89' lang='lat' dir='ltr'>suae</span> <span class='ocrx_word' id='word_1_247' title='bbox 570 1892 660 1921; x_wconf 87' lang='lat' dir='ltr'>radios</span> <span class='ocrx_word' id='word_1_248' title='bbox 687 1893 866 1926; x_wconf 87' lang='lat' dir='ltr'>occultasset;</span> <span class='ocrx_word' id='word_1_249' title='bbox 895 1892 948 1920; x_wconf 88' lang='lat' dir='ltr'>iam</span> 
     </span>
     <span class='ocr_line' id='line_1_41' title="bbox 104 1938 948 1976; baseline -0.004 -6"><span class='ocrx_word' id='word_1_250' title='bbox 104 1941 233 1970; x_wconf 90' lang='lat' dir='ltr'>omnibus</span> <span class='ocrx_word' id='word_1_251' title='bbox 253 1941 462 1975; x_wconf 88' lang='lat' dir='ltr'>consummatis,</span> <span class='ocrx_word' id='word_1_252' title='bbox 477 1940 546 1969; x_wconf 87' lang='lat' dir='ltr'>Fons</span> <span class='ocrx_word' id='word_1_253' title='bbox 564 1940 621 1976; x_wconf 89' lang='lat' dir='ltr'>ipse</span> <span class='ocrx_word' id='word_1_254' title='bbox 641 1939 710 1968; x_wconf 84' lang='lat' dir='ltr'>vitae</span> <span class='ocrx_word' id='word_1_255' title='bbox 725 1939 794 1967; x_wconf 86' lang='lat' dir='ltr'>hora</span> <span class='ocrx_word' id='word_1_256' title='bbox 812 1947 883 1967; x_wconf 89' lang='lat' dir='ltr'>nona</span> <span class='ocrx_word' id='word_1_257' title='bbox 897 1938 948 1967; x_wconf 89' lang='lat' dir='ltr'>sic-</span> 
     </span>
     <span class='ocr_line' id='line_1_42' title="bbox 105 1985 950 2022; baseline -0.005 -6"><span class='ocrx_word' id='word_1_258' title='bbox 105 1990 200 2022; x_wconf 89' lang='lat' dir='ltr'>catur,</span> <span class='ocrx_word' id='word_1_259' title='bbox 221 1987 288 2016; x_wconf 86' lang='lat' dir='ltr'>dum</span> <span class='ocrx_word' id='word_1_260' title='bbox 309 1987 384 2016; x_wconf 90' lang='lat' dir='ltr'>Dens</span> <span class='ocrx_word' id='word_1_261' title='bbox 404 1989 431 2015; x_wconf 91' lang='lat' dir='ltr'>et</span> <span class='ocrx_word' id='word_1_262' title='bbox 451 1987 535 2015; x_wconf 90' lang='lat' dir='ltr'>homo</span> <span class='ocrx_word' id='word_1_263' title='bbox 556 1986 631 2015; x_wconf 93' lang='lat' dir='ltr'>Iesus</span> <span class='ocrx_word' id='word_1_264' title='bbox 655 1993 722 2014; x_wconf 82' lang='lat' dir='ltr'>cum</span> <span class='ocrx_word' id='word_1_265' title='bbox 743 1985 871 2014; x_wconf 82' lang='lat' dir='ltr'>clamore</span> <span class='ocrx_word' id='word_1_266' title='bbox 899 1993 950 2013; x_wconf 83' lang='lat' dir='ltr'>va-</span> 
     </span>
     <span class='ocr_line' id='line_1_43' title="bbox 105 2031 948 2071; baseline -0.005 -8"><span class='ocrx_word' id='word_1_267' title='bbox 105 2034 163 2063; x_wconf 83' lang='lat' dir='ltr'>lido</span> <span class='ocrx_word' id='word_1_268' title='bbox 184 2037 210 2062; x_wconf 83' lang='lat' dir='ltr'>et</span> <span class='ocrx_word' id='word_1_269' title='bbox 229 2033 370 2071; x_wconf 75' lang='lat' dir='ltr'>lacrymis</span> <span class='ocrx_word' id='word_1_270' title='bbox 381 2033 393 2050; x_wconf 68' lang='lat'>4</span> <span class='ocrx_word' id='word_1_271' title='bbox 413 2033 448 2062; x_wconf 85' lang='lat' dir='ltr'>ad</span> <span class='ocrx_word' id='word_1_272' title='bbox 461 2032 645 2062; x_wconf 86' lang='lat' dir='ltr'>miserationis</span> <span class='ocrx_word' id='word_1_273' title='bbox 664 2031 895 2060; x_wconf 83' lang='lat' dir='ltr'>manifestandum</span> <span class='ocrx_word' id='word_1_274' title='bbox 910 2031 948 2059; x_wconf 85' lang='lat' dir='ltr'>af-</span> 
     </span>
     <span class='ocr_line' id='line_1_44' title="bbox 105 2078 948 2116; baseline -0.005 -6"><span class='ocrx_word' id='word_1_275' title='bbox 105 2082 207 2110; x_wconf 87' lang='lat' dir='ltr'>fectum</span> <span class='ocrx_word' id='word_1_276' title='bbox 240 2083 267 2110; x_wconf 89' lang='lat' dir='ltr'>et</span> <span class='ocrx_word' id='word_1_277' title='bbox 292 2080 447 2109; x_wconf 85' lang='lat' dir='ltr'>Divinitatis</span> <span class='ocrx_word' id='word_1_278' title='bbox 473 2079 665 2108; x_wconf 84' lang='lat' dir='ltr'>declarandam</span> <span class='ocrx_word' id='word_1_279' title='bbox 692 2079 842 2116; x_wconf 88' lang='lat' dir='ltr'>potentiam</span> <span class='ocrx_word' id='word_1_280' title='bbox 867 2078 948 2115; x_wconf 89' lang='lat' dir='ltr'>spiri-</span> 
     </span>
     <span class='ocr_line' id='line_1_45' title="bbox 105 2125 948 2162; baseline -0.002 -7"><span class='ocrx_word' id='word_1_281' title='bbox 105 2130 166 2156; x_wconf 91' lang='lat' dir='ltr'>tum</span> <span class='ocrx_word' id='word_1_282' title='bbox 190 2127 218 2155; x_wconf 91' lang='lat' dir='ltr'>in</span> <span class='ocrx_word' id='word_1_283' title='bbox 248 2134 347 2155; x_wconf 87' lang='lat' dir='ltr'>manus</span> <span class='ocrx_word' id='word_1_284' title='bbox 377 2126 465 2154; x_wconf 89' lang='lat' dir='ltr'>Patris</span> <span class='ocrx_word' id='word_1_285' title='bbox 492 2125 687 2154; x_wconf 88' lang='lat' dir='ltr'>commendans</span> <span class='ocrx_word' id='word_1_286' title='bbox 710 2125 842 2162; x_wconf 83' lang='lat' dir='ltr'>exspirat.</span> <span class='ocrx_word' id='word_1_287' title='bbox 872 2125 948 2153; x_wconf 91' lang='lat' dir='ltr'>Tunc</span> 
     </span>
     <span class='ocr_line' id='line_1_46' title="bbox 105 2171 947 2210; baseline -0.004 -8"><span class='ocrx_word' id='word_1_288' title='bbox 105 2173 200 2202; x_wconf 82' lang='lat' dir='ltr'>velum</span> <span class='ocrx_word' id='word_1_289' title='bbox 215 2173 312 2210; x_wconf 85' lang='lat' dir='ltr'>templi</span> <span class='ocrx_word' id='word_1_290' title='bbox 331 2172 457 2201; x_wconf 79' lang='lat' dir='ltr'>scissam</span> <span class='ocrx_word' id='word_1_291' title='bbox 472 2175 511 2200; x_wconf 78' lang='lat' dir='ltr'>est</span> <span class='ocrx_word' id='word_1_292' title='bbox 529 2181 548 2200; x_wconf 84' lang='lat' dir='ltr'>a</span> <span class='ocrx_word' id='word_1_293' title='bbox 562 2180 676 2200; x_wconf 79' lang='lat' dir='ltr'>summo</span> <span class='ocrx_word' id='word_1_294' title='bbox 691 2179 781 2209; x_wconf 77' lang='lat' dir='ltr'>usque</span> <span class='ocrx_word' id='word_1_295' title='bbox 796 2171 947 2204; x_wconf 80' lang='lat' dir='ltr'>deorsum,</span> 
     </span>
     <span class='ocr_line' id='line_1_47' title="bbox 106 2218 948 2255; baseline -0.002 -7"><span class='ocrx_word' id='word_1_296' title='bbox 106 2223 132 2248; x_wconf 85' lang='lat' dir='ltr'>et</span> <span class='ocrx_word' id='word_1_297' title='bbox 152 2223 233 2248; x_wconf 84' lang='lat' dir='ltr'>terra</span> <span class='ocrx_word' id='word_1_298' title='bbox 254 2222 333 2248; x_wconf 84' lang='lat' dir='ltr'>mota</span> <span class='ocrx_word' id='word_1_299' title='bbox 353 2223 410 2253; x_wconf 87' lang='lat' dir='ltr'>est,</span> <span class='ocrx_word' id='word_1_300' title='bbox 438 2222 463 2247; x_wconf 85' lang='lat' dir='ltr'>ct</span> <span class='ocrx_word' id='word_1_301' title='bbox 480 2222 581 2255; x_wconf 79' lang='lat' dir='ltr'>petrae</span> <span class='ocrx_word' id='word_1_302' title='bbox 608 2218 716 2247; x_wconf 84' lang='lat' dir='ltr'>scissae</span> <span class='ocrx_word' id='word_1_303' title='bbox 736 2221 821 2252; x_wconf 80' lang='lat' dir='ltr'>sant,</span> <span class='ocrx_word' id='word_1_304' title='bbox 843 2221 868 2246; x_wconf 86' lang='lat' dir='ltr'>et</span> <span class='ocrx_word' id='word_1_305' title='bbox 888 2226 948 2246; x_wconf 87' lang='lat' dir='ltr'>mo-</span> 
     </span>
    </p>
   </div>
   <div class='ocr_carea' id='block_1_9' title="bbox 107 2378 950 2446">
    <p class='ocr_par' dir='ltr' id='par_1_9' title="bbox 107 2378 950 2446">
     <span class='ocr_line' id='line_1_48' title="bbox 169 2378 950 2402; baseline 0.001 -1"><span class='ocrx_word' id='word_1_306' title='bbox 169 2379 177 2392; x_wconf 91' lang='lat'>²</span> <span class='ocrx_word' id='word_1_307' title='bbox 195 2378 267 2402; x_wconf 90' lang='lat' dir='ltr'>Codd.</span> <span class='ocrx_word' id='word_1_308' title='bbox 283 2380 300 2401; x_wconf 79' lang='lat' dir='ltr'>A</span> <span class='ocrx_word' id='word_1_309' title='bbox 311 2378 392 2401; x_wconf 87' lang='lat' dir='ltr'>CWZ</span> <span class='ocrx_word' id='word_1_310' title='bbox 409 2381 430 2400; x_wconf 89' lang='lat' dir='ltr'>ct</span> <span class='ocrx_word' id='word_1_311' title='bbox 450 2379 456 2400; x_wconf 86' lang='lat' dir='ltr'>l</span> <span class='ocrx_word' id='word_1_312' title='bbox 478 2378 650 2400; x_wconf 86' lang='lat' dir='ltr'>meditationem</span> <span class='ocrx_word' id='word_1_313' title='bbox 672 2378 705 2401; x_wconf 90' lang='lat' dir='ltr'>sic</span> <span class='ocrx_word' id='word_1_314' title='bbox 727 2379 874 2401; x_wconf 85' lang='lat' dir='ltr'>continuant:</span> <span class='ocrx_word' id='word_1_315' title='bbox 890 2385 950 2402; x_wconf 89' lang='lat' dir='ltr'>nunc</span> 
     </span>
     <span class='ocr_line' id='line_1_49' title="bbox 107 2417 950 2446; baseline 0 -6"><span class='ocrx_word' id='word_1_316' title='bbox 107 2418 225 2446; x_wconf 82' lang='lat' dir='ltr'>alaparum</span> <span class='ocrx_word' id='word_1_317' title='bbox 243 2417 325 2440; x_wconf 84' lang='lat' dir='ltr'>ictibus</span> <span class='ocrx_word' id='word_1_318' title='bbox 342 2417 463 2444; x_wconf 82' lang='lat' dir='ltr'>contundi,</span> <span class='ocrx_word' id='word_1_319' title='bbox 481 2422 541 2439; x_wconf 89' lang='lat' dir='ltr'>nunc</span> <span class='ocrx_word' id='word_1_320' title='bbox 566 2417 708 2445; x_wconf 79' lang='lat' dir='ltr'>flagellorum</span> <span class='ocrx_word' id='word_1_321' title='bbox 731 2418 874 2445; x_wconf 84' lang='lat' dir='ltr'>percussuris</span> <span class='ocrx_word' id='word_1_322' title='bbox 899 2424 950 2440; x_wconf 86' lang='lat' dir='ltr'>con-</span> 
     </span>
    </p>
   </div>
   <div class='ocr_carea' id='block_1_10' title="bbox 107 2455 952 2484">
    <p class='ocr_par' dir='ltr' id='par_1_10' title="bbox 107 2455 952 2484">
     <span class='ocr_line' id='line_1_50' title="bbox 107 2455 952 2484; baseline 0 -5"><span class='ocrx_word' id='word_1_323' title='bbox 107 2457 172 2484; x_wconf 73' lang='lat' dir='ltr'>velli,</span> <span class='ocrx_word' id='word_1_324' title='bbox 194 2463 254 2479; x_wconf 87' lang='lat' dir='ltr'>nunc</span> <span class='ocrx_word' id='word_1_325' title='bbox 270 2456 389 2484; x_wconf 86' lang='lat' dir='ltr'>spinarum</span> <span class='ocrx_word' id='word_1_326' title='bbox 412 2456 532 2483; x_wconf 82' lang='lat' dir='ltr'>puncturis</span> <span class='ocrx_word' id='word_1_327' title='bbox 554 2455 636 2484; x_wconf 79' lang='lat' dir='ltr'>afiligi,</span> <span class='ocrx_word' id='word_1_328' title='bbox 659 2462 718 2478; x_wconf 89' lang='lat' dir='ltr'>nunc</span> <span class='ocrx_word' id='word_1_329' title='bbox 736 2456 854 2478; x_wconf 73' lang='lat' dir='ltr'>clavorum</span> <span class='ocrx_word' id='word_1_330' title='bbox 877 2457 952 2484; x_wconf 85' lang='lat' dir='ltr'>perso-</span> 
     </span>
    </p>
   </div>
   <div class='ocr_carea' id='block_1_11' title="bbox 106 2494 950 2600">
    <p class='ocr_par' dir='ltr' id='par_1_11' title="bbox 106 2494 950 2600">
     <span class='ocr_line' id='line_1_51' title="bbox 106 2494 950 2523; baseline -0.001 -5"><span class='ocrx_word' id='word_1_331' title='bbox 106 2494 233 2518; x_wconf 82' lang='lat' dir='ltr'>rationibus</span> <span class='ocrx_word' id='word_1_332' title='bbox 250 2495 328 2517; x_wconf 84' lang='lat' dir='ltr'>laniari</span> <span class='ocrx_word' id='word_1_333' title='bbox 345 2496 368 2517; x_wconf 89' lang='lat' dir='ltr'>et</span> <span class='ocrx_word' id='word_1_334' title='bbox 383 2494 453 2522; x_wconf 75' lang='lat' dir='ltr'>stipiti</span> <span class='ocrx_word' id='word_1_335' title='bbox 470 2494 545 2516; x_wconf 84' lang='lat' dir='ltr'>crucis</span> <span class='ocrx_word' id='word_1_336' title='bbox 556 2494 641 2516; x_wconf 81' lang='lat' dir='ltr'>affixari</span> <span class='ocrx_word' id='word_1_337' title='bbox 659 2497 728 2523; x_wconf 81' lang='lat' dir='ltr'>atque</span> <span class='ocrx_word' id='word_1_338' title='bbox 742 2495 881 2522; x_wconf 84' lang='lat' dir='ltr'>pendentem</span> <span class='ocrx_word' id='word_1_339' title='bbox 894 2498 950 2517; x_wconf 85' lang='lat' dir='ltr'>atro-</span> 
     </span>
     <span class='ocr_line' id='line_1_52' title="bbox 107 2532 949 2562; baseline 0 -6"><span class='ocrx_word' id='word_1_340' title='bbox 107 2534 163 2556; x_wconf 86' lang='lat' dir='ltr'>citer</span> <span class='ocrx_word' id='word_1_341' title='bbox 179 2533 288 2561; x_wconf 82' lang='lat' dir='ltr'>cruciari,</span> <span class='ocrx_word' id='word_1_342' title='bbox 305 2539 364 2556; x_wconf 90' lang='lat' dir='ltr'>nunc</span> <span class='ocrx_word' id='word_1_343' title='bbox 381 2532 461 2555; x_wconf 81' lang='lat' dir='ltr'>haberi</span> <span class='ocrx_word' id='word_1_344' title='bbox 477 2532 590 2561; x_wconf 83' lang='lat' dir='ltr'>ludibrio,</span> <span class='ocrx_word' id='word_1_345' title='bbox 608 2539 669 2555; x_wconf 89' lang='lat' dir='ltr'>nunc</span> <span class='ocrx_word' id='word_1_346' title='bbox 686 2533 735 2555; x_wconf 81' lang='lat' dir='ltr'>selle</span> <span class='ocrx_word' id='word_1_347' title='bbox 751 2536 773 2555; x_wconf 85' lang='lat' dir='ltr'>ct</span> <span class='ocrx_word' id='word_1_348' title='bbox 787 2536 851 2556; x_wconf 87' lang='lat' dir='ltr'>aceto</span> <span class='ocrx_word' id='word_1_349' title='bbox 863 2534 949 2562; x_wconf 86' lang='lat' dir='ltr'>potari,</span> 
     </span>
     <span class='ocr_line' id='line_1_53' title="bbox 107 2571 950 2600; baseline -0.001 -5"><span class='ocrx_word' id='word_1_350' title='bbox 107 2578 167 2595; x_wconf 89' lang='lat' dir='ltr'>nunc</span> <span class='ocrx_word' id='word_1_351' title='bbox 185 2575 258 2595; x_wconf 87' lang='lat' dir='ltr'>morte</span> <span class='ocrx_word' id='word_1_352' title='bbox 275 2572 411 2600; x_wconf 83' lang='lat' dir='ltr'>pallescere,</span> <span class='ocrx_word' id='word_1_353' title='bbox 429 2577 490 2594; x_wconf 86' lang='lat' dir='ltr'>nunc</span> <span class='ocrx_word' id='word_1_354' title='bbox 507 2577 589 2594; x_wconf 84' lang='lat' dir='ltr'>cruore</span> <span class='ocrx_word' id='word_1_355' title='bbox 605 2571 724 2599; x_wconf 83' lang='lat' dir='ltr'>pertundi,</span> <span class='ocrx_word' id='word_1_356' title='bbox 738 2578 798 2594; x_wconf 90' lang='lat' dir='ltr'>nunc</span> <span class='ocrx_word' id='word_1_357' title='bbox 811 2572 888 2594; x_wconf 83' lang='lat' dir='ltr'>lancea</span> <span class='ocrx_word' id='word_1_358' title='bbox 901 2572 950 2594; x_wconf 86' lang='lat' dir='ltr'>vul-</span> 
     </span>
    </p>
   </div>
   <div class='ocr_carea' id='block_1_12' title="bbox 107 2610 949 2716">
    <p class='ocr_par' dir='ltr' id='par_1_12' title="bbox 107 2610 949 2716">
     <span class='ocr_line' id='line_1_54' title="bbox 107 2610 884 2639; baseline 0 -6"><span class='ocrx_word' id='word_1_359' title='bbox 107 2611 191 2633; x_wconf 86' lang='lat' dir='ltr'>nerari.</span> <span class='ocrx_word' id='word_1_360' title='bbox 206 2623 237 2627; x_wconf 97' lang='lat'><strong>—</strong></span> <span class='ocrx_word' id='word_1_361' title='bbox 254 2611 298 2633; x_wconf 83' lang='lat' dir='ltr'>Sed</span> <span class='ocrx_word' id='word_1_362' title='bbox 316 2614 338 2633; x_wconf 89' lang='lat' dir='ltr'>et</span> <span class='ocrx_word' id='word_1_363' title='bbox 355 2610 522 2633; x_wconf 87' lang='lat' dir='ltr'>divinissimam</span> <span class='ocrx_word' id='word_1_364' title='bbox 540 2614 582 2632; x_wconf 85' lang='lat' dir='ltr'>etc.</span> <span class='ocrx_word' id='word_1_365' title='bbox 599 2610 645 2632; x_wconf 83' lang='lat' dir='ltr'>Csr.</span> <span class='ocrx_word' id='word_1_366' title='bbox 662 2616 715 2638; x_wconf 81' lang='lat' dir='ltr'>pag.</span> <span class='ocrx_word' id='word_1_367' title='bbox 733 2611 775 2639; x_wconf 85' lang='lat'>80,</span> <span class='ocrx_word' id='word_1_368' title='bbox 793 2613 844 2633; x_wconf 88' lang='lat' dir='ltr'>nota</span> <span class='ocrx_word' id='word_1_369' title='bbox 863 2611 884 2633; x_wconf 88' lang='lat'>4.</span> 
     </span>
     <span class='ocr_line' id='line_1_55' title="bbox 170 2648 598 2677; baseline -0.002 -6"><span class='ocrx_word' id='word_1_370' title='bbox 170 2648 179 2661; x_wconf 79' lang='lat'>2</span> <span class='ocrx_word' id='word_1_371' title='bbox 196 2650 227 2672; x_wconf 88' lang='lat' dir='ltr'>lta</span> <span class='ocrx_word' id='word_1_372' title='bbox 245 2649 287 2671; x_wconf 90' lang='lat' dir='ltr'>DF</span> <span class='ocrx_word' id='word_1_373' title='bbox 297 2649 315 2672; x_wconf 94' lang='lat' dir='ltr'>O</span> <span class='ocrx_word' id='word_1_374' title='bbox 326 2649 340 2670; x_wconf 82' lang='grc' dir='ltr'>Ρ</span> <span class='ocrx_word' id='word_1_375' title='bbox 350 2649 368 2677; x_wconf 89' lang='lat' dir='ltr'><strong>Q</strong></span> <span class='ocrx_word' id='word_1_376' title='bbox 378 2655 415 2677; x_wconf 86' lang='lat' dir='ltr'>cc;</span> <span class='ocrx_word' id='word_1_377' title='bbox 433 2649 484 2671; x_wconf 85' lang='lat' dir='ltr'>Vat.</span> <span class='ocrx_word' id='word_1_378' title='bbox 501 2648 598 2672; x_wconf 80' lang='lat' dir='ltr'>concidi.</span> 
     </span>
     <span class='ocr_line' id='line_1_56' title="bbox 170 2686 949 2716; baseline 0 -6"><span class='ocrx_word' id='word_1_379' title='bbox 170 2686 179 2699; x_wconf 80' lang='lat'><strong>⁸</strong></span> <span class='ocrx_word' id='word_1_380' title='bbox 197 2689 256 2710; x_wconf 87' lang='lat' dir='ltr'>toan.</span> <span class='ocrx_word' id='word_1_381' title='bbox 275 2688 315 2715; x_wconf 72' lang='grc'>19,</span> <span class='ocrx_word' id='word_1_382' title='bbox 333 2688 371 2710; x_wconf 87' lang='grc'>26.</span> <span class='ocrx_word' id='word_1_383' title='bbox 389 2687 426 2710; x_wconf 82' lang='grc'>27.</span> <span class='ocrx_word' id='word_1_384' title='bbox 446 2699 476 2704; x_wconf 92' lang='lat'>·—</span> <span class='ocrx_word' id='word_1_385' title='bbox 498 2688 556 2710; x_wconf 81' lang='lat' dir='ltr'>infra</span> <span class='ocrx_word' id='word_1_386' title='bbox 577 2693 620 2715; x_wconf 86' lang='lat' dir='ltr'>pro</span> <span class='ocrx_word' id='word_1_387' title='bbox 638 2686 807 2716; x_wconf 77' lang='lat' dir='ltr'>compassionis</span> <span class='ocrx_word' id='word_1_388' title='bbox 823 2693 881 2710; x_wconf 70' lang='lat' dir='ltr'>stiae</span> <span class='ocrx_word' id='word_1_389' title='bbox 898 2687 949 2710; x_wconf 84' lang='lat' dir='ltr'>vat.</span> 
     </span>
    </p>
   </div>
   <div class='ocr_carea' id='block_1_13' title="bbox 104 2725 950 2987">
    <p class='ocr_par' dir='ltr' id='par_1_13' title="bbox 104 2725 950 2987">
     <span class='ocr_line' id='line_1_57' title="bbox 104 2725 950 2756; baseline -0.001 -7"><span class='ocrx_word' id='word_1_390' title='bbox 104 2725 224 2756; x_wconf 79' lang='lat' dir='ltr'>passionis</span> <span class='ocrx_word' id='word_1_391' title='bbox 241 2732 306 2749; x_wconf 81' lang='lat' dir='ltr'>suae.</span> <span class='ocrx_word' id='word_1_392' title='bbox 324 2726 377 2749; x_wconf 81' lang='lat' dir='ltr'>Post</span> <span class='ocrx_word' id='word_1_393' title='bbox 395 2725 540 2755; x_wconf 63' lang='lat' dir='ltr'>transfixum</span> <span class='ocrx_word' id='word_1_394' title='bbox 565 2727 635 2748; x_wconf 83' lang='lat' dir='ltr'>altera</span> <span class='ocrx_word' id='word_1_395' title='bbox 660 2726 744 2748; x_wconf 81' lang='lat' dir='ltr'>familia</span> <span class='ocrx_word' id='word_1_396' title='bbox 769 2726 887 2754; x_wconf 77' lang='lat' dir='ltr'>adiungit:</span> <span class='ocrx_word' id='word_1_397' title='bbox 904 2726 950 2748; x_wconf 80' lang='lat' dir='ltr'>Ad-</span> 
     </span>
     <span class='ocr_line' id='line_1_58' title="bbox 109 2764 950 2793; baseline 0 -6"><span class='ocrx_word' id='word_1_398' title='bbox 109 2765 167 2787; x_wconf 88' lang='lat' dir='ltr'>didit</span> <span class='ocrx_word' id='word_1_399' title='bbox 188 2771 283 2793; x_wconf 86' lang='lat' dir='ltr'>quoque</span> <span class='ocrx_word' id='word_1_400' title='bbox 304 2771 348 2787; x_wconf 88' lang='lat' dir='ltr'>non</span> <span class='ocrx_word' id='word_1_401' title='bbox 366 2764 483 2787; x_wconf 85' lang='lat' dir='ltr'>modicum</span> <span class='ocrx_word' id='word_1_402' title='bbox 501 2764 530 2787; x_wconf 84' lang='lat' dir='ltr'>ad</span> <span class='ocrx_word' id='word_1_403' title='bbox 552 2765 712 2787; x_wconf 74' lang='lat' dir='ltr'>vehementem</span> <span class='ocrx_word' id='word_1_404' title='bbox 731 2767 782 2786; x_wconf 86' lang='lat' dir='ltr'>tuae</span> <span class='ocrx_word' id='word_1_405' title='bbox 804 2765 950 2787; x_wconf 83' lang='lat' dir='ltr'>desolationis</span> 
     </span>
     <span class='ocr_line' id='line_1_59' title="bbox 108 2803 949 2832; baseline 0 -6"><span class='ocrx_word' id='word_1_406' title='bbox 108 2809 227 2826; x_wconf 85' lang='lat' dir='ltr'>excessum</span> <span class='ocrx_word' id='word_1_407' title='bbox 245 2803 319 2826; x_wconf 88' lang='lat' dir='ltr'>dilecti</span> <span class='ocrx_word' id='word_1_408' title='bbox 336 2803 384 2825; x_wconf 84' lang='lat' dir='ltr'>Filii</span> <span class='ocrx_word' id='word_1_409' title='bbox 401 2803 433 2825; x_wconf 91' lang='lat' dir='ltr'>tui</span> <span class='ocrx_word' id='word_1_410' title='bbox 450 2809 497 2825; x_wconf 88' lang='lat' dir='ltr'>non</span> <span class='ocrx_word' id='word_1_411' title='bbox 514 2803 587 2826; x_wconf 87' lang='lat' dir='ltr'>solum</span> <span class='ocrx_word' id='word_1_412' title='bbox 606 2809 647 2832; x_wconf 89' lang='lat' dir='ltr'>per</span> <span class='ocrx_word' id='word_1_413' title='bbox 665 2806 869 2832; x_wconf 77' lang='lat' dir='ltr'>morteni,ve1·um</span> <span class='ocrx_word' id='word_1_414' title='bbox 881 2803 949 2826; x_wconf 81' lang='lat' dir='ltr'>etiam</span> 
     </span>
     <span class='ocr_line' id='line_1_60' title="bbox 108 2841 950 2870; baseline 0 -6"><span class='ocrx_word' id='word_1_415' title='bbox 108 2847 150 2870; x_wconf 85' lang='lat' dir='ltr'>per</span> <span class='ocrx_word' id='word_1_416' title='bbox 169 2842 312 2870; x_wconf 83' lang='lat' dir='ltr'>sepulturam</span> <span class='ocrx_word' id='word_1_417' title='bbox 329 2841 454 2870; x_wconf 82' lang='lat' dir='ltr'>corporalis</span> <span class='ocrx_word' id='word_1_418' title='bbox 469 2841 624 2864; x_wconf 88' lang='lat' dir='ltr'>subtrahenda</span> <span class='ocrx_word' id='word_1_419' title='bbox 641 2842 781 2870; x_wconf 78' lang='lat' dir='ltr'>praesentia,</span> <span class='ocrx_word' id='word_1_420' title='bbox 798 2844 822 2864; x_wconf 89' lang='lat' dir='ltr'>nt</span> <span class='ocrx_word' id='word_1_421' title='bbox 839 2842 950 2864; x_wconf 78' lang='lat' dir='ltr'>veraciter</span> 
     </span>
     <span class='ocr_line' id='line_1_61' title="bbox 108 2879 949 2910; baseline 0.001 -8"><span class='ocrx_word' id='word_1_422' title='bbox 108 2880 254 2902; x_wconf 87' lang='lat' dir='ltr'>lamentando</span> <span class='ocrx_word' id='word_1_423' title='bbox 271 2880 347 2902; x_wconf 85' lang='lat' dir='ltr'>dicere</span> <span class='ocrx_word' id='word_1_424' title='bbox 364 2880 453 2902; x_wconf 81' lang='lat' dir='ltr'>valeas:</span> <span class='ocrx_word' id='word_1_425' title='bbox 470 2880 556 2903; x_wconf 82' lang='lat' dir='ltr'>idcirco</span> <span class='ocrx_word' id='word_1_426' title='bbox 573 2885 614 2910; x_wconf 70' lang='lat' dir='ltr'>eqo</span> <span class='ocrx_word' id='word_1_427' title='bbox 624 2880 737 2910; x_wconf 77' lang='lat' dir='ltr'>plorans,</span> <span class='ocrx_word' id='word_1_428' title='bbox 752 2881 773 2903; x_wconf 77' lang='lat' dir='ltr'>et</span> <span class='ocrx_word' id='word_1_429' title='bbox 789 2879 872 2903; x_wconf 73' lang='lat' dir='ltr'>oculas</span> <span class='ocrx_word' id='word_1_430' title='bbox 884 2886 949 2903; x_wconf 75' lang='lat' dir='ltr'>mens</span> 
     </span>
     <span class='ocr_line' id='line_1_62' title="bbox 108 2918 949 2948; baseline 0.001 -7"><span class='ocrx_word' id='word_1_431' title='bbox 108 2918 223 2942; x_wconf 82' lang='lat' dir='ltr'>deducens</span> <span class='ocrx_word' id='word_1_432' title='bbox 240 2924 342 2948; x_wconf 80' lang='lat' dir='ltr'>aquam,</span> <span class='ocrx_word' id='word_1_433' title='bbox 359 2918 415 2948; x_wconf 77' lang='lat' dir='ltr'>quia</span> <span class='ocrx_word' id='word_1_434' title='bbox 431 2918 526 2942; x_wconf 76' lang='lat' dir='ltr'>recessit</span> <span class='ocrx_word' id='word_1_435' title='bbox 542 2925 557 2942; x_wconf 87' lang='grc' dir='ltr'>ιι</span> <span class='ocrx_word' id='word_1_436' title='bbox 569 2925 606 2942; x_wconf 78' lang='lat' dir='ltr'>mc</span> <span class='ocrx_word' id='word_1_437' title='bbox 617 2919 753 2942; x_wconf 76' lang='lat' dir='ltr'>consolator</span> <span class='ocrx_word' id='word_1_438' title='bbox 764 2925 843 2947; x_wconf 83' lang='lat' dir='ltr'>meus,</span> <span class='ocrx_word' id='word_1_439' title='bbox 856 2925 949 2942; x_wconf 79' lang='lat' dir='ltr'>conver—</span> 
     </span>
     <span class='ocr_line' id='line_1_63' title="bbox 108 2956 607 2987; baseline -0.002 -7"><span class='ocrx_word' id='word_1_440' title='bbox 108 2958 158 2980; x_wconf 82' lang='lat' dir='ltr'>tens</span> <span class='ocrx_word' id='word_1_441' title='bbox 175 2956 282 2980; x_wconf 84' lang='lat' dir='ltr'>animam</span> <span class='ocrx_word' id='word_1_442' title='bbox 298 2963 376 2980; x_wconf 77' lang='lat' dir='ltr'>meam</span> <span class='ocrx_word' id='word_1_443' title='bbox 393 2956 490 2986; x_wconf 85' lang='lat' dir='ltr'>[Thren.</span> <span class='ocrx_word' id='word_1_444' title='bbox 509 2957 532 2986; x_wconf 73' lang='lat' dir='ltr'>l,</span> <span class='ocrx_word' id='word_1_445' title='bbox 551 2957 607 2987; x_wconf 81' lang='lat' dir='ltr'>t6.].</span> 
     </span>
    </p>
   </div>
   <div class='ocr_carea' id='block_1_14' title="bbox 975 270 978 2100">
    <p class='ocr_par' dir='ltr' id='par_1_14' title="bbox 975 270 978 2100">
     <span class='ocr_line' id='line_1_64' title="bbox 975 270 978 2100; baseline 0 0"><span class='ocrx_word' id='word_1_446' title='bbox 975 270 978 2100; x_wconf 95' lang='lat' dir='ltr'> </span> 
     </span>
    </p>
   </div>
   <div class='ocr_carea' id='block_1_15' title="bbox 977 2392 979 2986">
    <p class='ocr_par' dir='ltr' id='par_1_15' title="bbox 977 2392 979 2986">
     <span class='ocr_line' id='line_1_65' title="bbox 977 2392 979 2986; baseline 0 0"><span class='ocrx_word' id='word_1_447' title='bbox 977 2392 979 2986; x_wconf 95' lang='lat' dir='ltr'> </span> 
     </span>
    </p>
   </div>
   <div class='ocr_carea' id='block_1_16' title="bbox 1001 271 1848 1235">
    <p class='ocr_par' dir='ltr' id='par_1_16' title="bbox 1004 271 1848 623">
     <span class='ocr_line' id='line_1_66' title="bbox 1005 271 1847 308; baseline 0.001 -10"><span class='ocrx_word' id='word_1_448' title='bbox 1005 274 1144 298; x_wconf 61' lang='lat' dir='ltr'>flumenta</span> <span class='ocrx_word' id='word_1_449' title='bbox 1170 274 1273 307; x_wconf 81' lang='lat' dir='ltr'>aperta</span> <span class='ocrx_word' id='word_1_450' title='bbox 1302 275 1379 299; x_wconf 79' lang='lat' dir='ltr'>sunt.</span> <span class='ocrx_word' id='word_1_451' title='bbox 1408 272 1485 300; x_wconf 88' lang='lat' dir='ltr'>Tunc</span> <span class='ocrx_word' id='word_1_452' title='bbox 1516 271 1573 308; x_wconf 90' lang='lat' dir='ltr'>ipse</span> <span class='ocrx_word' id='word_1_453' title='bbox 1604 271 1730 300; x_wconf 88' lang='lat' dir='ltr'>centurio</span> <span class='ocrx_word' id='word_1_454' title='bbox 1760 271 1847 300; x_wconf 91' lang='lat' dir='ltr'>Deum</span> 
     </span>
     <span class='ocr_line' id='line_1_67' title="bbox 1005 317 1848 354; baseline 0.002 -10"><span class='ocrx_word' id='word_1_455' title='bbox 1005 324 1103 345; x_wconf 89' lang='lat' dir='ltr'>verum</span> <span class='ocrx_word' id='word_1_456' title='bbox 1124 317 1215 353; x_wconf 91' lang='lat' dir='ltr'>ipsum</span> <span class='ocrx_word' id='word_1_457' title='bbox 1236 325 1294 346; x_wconf 86' lang='lat' dir='ltr'>esse</span> <span class='ocrx_word' id='word_1_458' title='bbox 1315 317 1450 354; x_wconf 81' lang='lat' dir='ltr'>cognovit.</span> <span class='ocrx_word' id='word_1_459' title='bbox 1478 318 1555 346; x_wconf 89' lang='lat' dir='ltr'>Tunc</span> <span class='ocrx_word' id='word_1_460' title='bbox 1576 317 1624 354; x_wconf 87' lang='lat' dir='ltr'>qui</span> <span class='ocrx_word' id='word_1_461' title='bbox 1646 317 1679 346; x_wconf 90' lang='lat' dir='ltr'>ad</span> <span class='ocrx_word' id='word_1_462' title='bbox 1707 320 1848 354; x_wconf 85' lang='lat' dir='ltr'>spectacu-</span> 
     </span>
     <span class='ocr_line' id='line_1_68' title="bbox 1006 363 1847 401; baseline 0.002 -10"><span class='ocrx_word' id='word_1_463' title='bbox 1006 363 1063 391; x_wconf 93' lang='lat' dir='ltr'>lum</span> <span class='ocrx_word' id='word_1_464' title='bbox 1088 363 1247 392; x_wconf 85' lang='lat' dir='ltr'>insultaturi</span> <span class='ocrx_word' id='word_1_465' title='bbox 1275 367 1460 392; x_wconf 79' lang='lat' dir='ltr'>convenerant</span> <span class='ocrx_word' id='word_1_466' title='bbox 1483 364 1717 398; x_wconf 69' lang='lat' dir='ltr'>revertebantur,</span> <span class='ocrx_word' id='word_1_467' title='bbox 1743 373 1847 401; x_wconf 78' lang='lat' dir='ltr'>percu-</span> 
     </span>
     <span class='ocr_line' id='line_1_69' title="bbox 1006 403 1847 448; baseline 0.004 -12"><span class='ocrx_word' id='word_1_468' title='bbox 1006 409 1103 437; x_wconf 80' lang='lat' dir='ltr'>tientes</span> <span class='ocrx_word' id='word_1_469' title='bbox 1121 413 1240 446; x_wconf 77' lang='lat' dir='ltr'>pectora</span> <span class='ocrx_word' id='word_1_470' title='bbox 1260 419 1325 438; x_wconf 75' lang='lat' dir='ltr'>saci.</span> <span class='ocrx_word' id='word_1_471' title='bbox 1341 411 1418 439; x_wconf 90' lang='lat' dir='ltr'>Tunc</span> <span class='ocrx_word' id='word_1_472' title='bbox 1432 403 1571 439; x_wconf 78' lang='lat' dir='ltr'>formosus</span> <span class='ocrx_word' id='word_1_473' title='bbox 1582 419 1657 448; x_wconf 75' lang='lat' dir='ltr'>prae</span> <span class='ocrx_word' id='word_1_474' title='bbox 1669 410 1740 448; x_wconf 76' lang='lat' dir='ltr'>filiis</span> <span class='ocrx_word' id='word_1_475' title='bbox 1757 410 1847 439; x_wconf 67' lang='lat' dir='ltr'>laomi-</span> 
     </span>
     <span class='ocr_line' id='line_1_70' title="bbox 1004 455 1848 494; baseline 0.004 -12"><span class='ocrx_word' id='word_1_476' title='bbox 1004 463 1077 483; x_wconf 58' lang='lat' dir='ltr'>snum</span> <span class='ocrx_word' id='word_1_477' title='bbox 1089 455 1109 488; x_wconf 89' lang='lat'>⁵,</span> <span class='ocrx_word' id='word_1_478' title='bbox 1131 456 1312 492; x_wconf 82' lang='lat' dir='ltr'>caligantibus</span> <span class='ocrx_word' id='word_1_479' title='bbox 1336 457 1423 485; x_wconf 88' lang='lat' dir='ltr'>oculis</span> <span class='ocrx_word' id='word_1_480' title='bbox 1443 459 1471 485; x_wconf 89' lang='lat' dir='ltr'>et</span> <span class='ocrx_word' id='word_1_481' title='bbox 1495 457 1660 493; x_wconf 84' lang='lat' dir='ltr'>pallentibus</span> <span class='ocrx_word' id='word_1_482' title='bbox 1681 457 1772 494; x_wconf 82' lang='lat' dir='ltr'>genis,</span> <span class='ocrx_word' id='word_1_483' title='bbox 1797 466 1848 494; x_wconf 92' lang='lat' dir='ltr'>pro</span> 
     </span>
     <span class='ocr_line' id='line_1_71' title="bbox 1005 501 1847 539; baseline 0.004 -10"><span class='ocrx_word' id='word_1_484' title='bbox 1005 501 1068 529; x_wconf 85' lang='lat' dir='ltr'>filiis</span> <span class='ocrx_word' id='word_1_485' title='bbox 1083 501 1227 530; x_wconf 88' lang='lat' dir='ltr'>hominum</span> <span class='ocrx_word' id='word_1_486' title='bbox 1243 502 1372 531; x_wconf 82' lang='lat' dir='ltr'>deformis</span> <span class='ocrx_word' id='word_1_487' title='bbox 1386 503 1530 539; x_wconf 88' lang='lat' dir='ltr'>apparuit,</span> <span class='ocrx_word' id='word_1_488' title='bbox 1551 502 1639 532; x_wconf 86' lang='lat' dir='ltr'>factus</span> <span class='ocrx_word' id='word_1_489' title='bbox 1654 503 1847 532; x_wconf 86' lang='lat' dir='ltr'>holocaustum</span> 
     </span>
     <span class='ocr_line' id='line_1_72' title="bbox 1005 547 1848 586; baseline 0.004 -11"><span class='ocrx_word' id='word_1_490' title='bbox 1005 547 1159 576; x_wconf 76' lang='lat' dir='ltr'>suavissimi</span> <span class='ocrx_word' id='word_1_491' title='bbox 1180 548 1272 577; x_wconf 88' lang='lat' dir='ltr'>odoris</span> <span class='ocrx_word' id='word_1_492' title='bbox 1293 548 1320 576; x_wconf 94' lang='lat' dir='ltr'>in</span> <span class='ocrx_word' id='word_1_493' title='bbox 1349 552 1497 585; x_wconf 87' lang='lat' dir='ltr'>conspectu</span> <span class='ocrx_word' id='word_1_494' title='bbox 1518 552 1648 586; x_wconf 86' lang='lat' dir='ltr'>paternae</span> <span class='ocrx_word' id='word_1_495' title='bbox 1669 549 1787 586; x_wconf 85' lang='lat' dir='ltr'>gloriae,</span> <span class='ocrx_word' id='word_1_496' title='bbox 1815 552 1848 577; x_wconf 80' lang='lat' dir='ltr'>ut</span> 
     </span>
     <span class='ocr_line' id='line_1_73' title="bbox 1005 594 1504 623; baseline 0.004 -2"><span class='ocrx_word' id='word_1_497' title='bbox 1005 597 1145 622; x_wconf 75' lang='lat' dir='ltr'>averteret</span> <span class='ocrx_word' id='word_1_498' title='bbox 1166 594 1246 622; x_wconf 82' lang='lat' dir='ltr'>iram</span> <span class='ocrx_word' id='word_1_499' title='bbox 1266 603 1353 623; x_wconf 82' lang='lat' dir='ltr'>suam</span> <span class='ocrx_word' id='word_1_500' title='bbox 1374 603 1394 623; x_wconf 84' lang='grc' dir='ltr'><em>α</em></span> <span class='ocrx_word' id='word_1_501' title='bbox 1415 595 1504 623; x_wconf 82' lang='lat' dir='ltr'>nobis.</span> 
     </span>
    </p>

    <p class='ocr_par' dir='ltr' id='par_1_17' title="bbox 1001 640 1848 1235">
     <span class='ocr_line' id='line_1_74' title="bbox 1083 640 1847 677; baseline 0.004 -9"><span class='ocrx_word' id='word_1_502' title='bbox 1083 640 1200 677; x_wconf 75' lang='lat' dir='ltr'>Respice</span> <span class='ocrx_word' id='word_1_503' title='bbox 1214 640 1308 677; x_wconf 83' lang='lat' dir='ltr'>igitur,</span> <span class='ocrx_word' id='word_1_504' title='bbox 1321 641 1434 670; x_wconf 88' lang='lat' dir='ltr'>Domine</span> <span class='ocrx_word' id='word_1_505' title='bbox 1449 645 1542 671; x_wconf 88' lang='lat' dir='ltr'>sancte</span> <span class='ocrx_word' id='word_1_506' title='bbox 1559 642 1647 677; x_wconf 84' lang='lat' dir='ltr'>Pater,</span> <span class='ocrx_word' id='word_1_507' title='bbox 1661 643 1695 671; x_wconf 82' lang='lat' dir='ltr'>de</span> <span class='ocrx_word' id='word_1_508' title='bbox 1708 646 1847 671; x_wconf 78' lang='lat' dir='ltr'>sanctua-</span> 
     </span>
     <span class='ocr_line' id='line_1_75' title="bbox 1004 685 1846 725; baseline 0.005 -12"><span class='ocrx_word' id='word_1_509' title='bbox 1004 685 1051 714; x_wconf 78' lang='lat' dir='ltr'>rio</span> <span class='ocrx_word' id='word_1_510' title='bbox 1066 689 1114 714; x_wconf 80' lang='lat' dir='ltr'>tao</span> <span class='ocrx_word' id='word_1_511' title='bbox 1129 689 1153 714; x_wconf 85' lang='lat' dir='ltr'>ct</span> <span class='ocrx_word' id='word_1_512' title='bbox 1174 687 1207 714; x_wconf 85' lang='lat' dir='ltr'>alc</span> <span class='ocrx_word' id='word_1_513' title='bbox 1221 687 1327 715; x_wconf 69' lang='lat' dir='ltr'>excelso</span> <span class='ocrx_word' id='word_1_514' title='bbox 1349 687 1497 716; x_wconf 82' lang='lat' dir='ltr'>caelorum</span> <span class='ocrx_word' id='word_1_515' title='bbox 1518 687 1703 722; x_wconf 62' lang='lat' dir='ltr'>lzabztaculoe</span> <span class='ocrx_word' id='word_1_516' title='bbox 1725 689 1846 725; x_wconf 86' lang='lat' dir='ltr'>respice,</span> 
     </span>
     <span class='ocr_line' id='line_1_76' title="bbox 1005 732 1847 771; baseline 0.005 -11"><span class='ocrx_word' id='word_1_517' title='bbox 1005 732 1133 769; x_wconf 86' lang='lat' dir='ltr'>inquam,</span> <span class='ocrx_word' id='word_1_518' title='bbox 1156 733 1183 761; x_wconf 90' lang='lat' dir='ltr'>in</span> <span class='ocrx_word' id='word_1_519' title='bbox 1211 732 1306 762; x_wconf 82' lang='lat' dir='ltr'>faciem</span> <span class='ocrx_word' id='word_1_520' title='bbox 1328 734 1429 762; x_wconf 88' lang='lat' dir='ltr'>Christi</span> <span class='ocrx_word' id='word_1_521' title='bbox 1455 734 1511 768; x_wconf 90' lang='lat' dir='ltr'>tui,</span> <span class='ocrx_word' id='word_1_522' title='bbox 1533 734 1638 771; x_wconf 90' lang='lat' dir='ltr'>respice</span> <span class='ocrx_word' id='word_1_523' title='bbox 1663 735 1735 764; x_wconf 86' lang='lat' dir='ltr'>hanc</span> <span class='ocrx_word' id='word_1_524' title='bbox 1756 743 1847 764; x_wconf 82' lang='lat' dir='ltr'>sacro-</span> 
     </span>
     <span class='ocr_line' id='line_1_77' title="bbox 1005 779 1847 816; baseline 0.005 -10"><span class='ocrx_word' id='word_1_525' title='bbox 1005 781 1126 806; x_wconf 85' lang='lat' dir='ltr'>sanctam</span> <span class='ocrx_word' id='word_1_526' title='bbox 1158 779 1292 813; x_wconf 87' lang='lat' dir='ltr'>hostiam,</span> <span class='ocrx_word' id='word_1_527' title='bbox 1313 787 1397 816; x_wconf 90' lang='lat' dir='ltr'>quam</span> <span class='ocrx_word' id='word_1_528' title='bbox 1419 780 1467 808; x_wconf 88' lang='lat' dir='ltr'>tibi</span> <span class='ocrx_word' id='word_1_529' title='bbox 1496 780 1576 809; x_wconf 81' lang='lat' dir='ltr'>offert</span> <span class='ocrx_word' id='word_1_530' title='bbox 1603 781 1726 809; x_wconf 79' lang='lat' dir='ltr'>Pontifex</span> <span class='ocrx_word' id='word_1_531' title='bbox 1754 784 1847 810; x_wconf 81' lang='lat' dir='ltr'>noster</span> 
     </span>
     <span class='ocr_line' id='line_1_78' title="bbox 1004 825 1848 865; baseline 0.005 -13"><span class='ocrx_word' id='word_1_532' title='bbox 1004 832 1056 861; x_wconf 89' lang='lat' dir='ltr'>pro</span> <span class='ocrx_word' id='word_1_533' title='bbox 1070 825 1188 861; x_wconf 88' lang='lat' dir='ltr'>peccatis</span> <span class='ocrx_word' id='word_1_534' title='bbox 1202 826 1317 860; x_wconf 90' lang='lat' dir='ltr'>nostris,</span> <span class='ocrx_word' id='word_1_535' title='bbox 1332 830 1359 854; x_wconf 89' lang='lat' dir='ltr'>et</span> <span class='ocrx_word' id='word_1_536' title='bbox 1373 830 1430 855; x_wconf 86' lang='lat' dir='ltr'>esto</span> <span class='ocrx_word' id='word_1_537' title='bbox 1442 826 1598 863; x_wconf 79' lang='lat' dir='ltr'>placabilis</span> <span class='ocrx_word' id='word_1_538' title='bbox 1614 836 1703 864; x_wconf 78' lang='lat' dir='ltr'>super</span> <span class='ocrx_word' id='word_1_539' title='bbox 1717 827 1848 865; x_wconf 75' lang='lat' dir='ltr'>nequitia</span> 
     </span>
     <span class='ocr_line' id='line_1_79' title="bbox 1001 870 1847 910; baseline 0.006 -13"><span class='ocrx_word' id='word_1_540' title='bbox 1001 870 1106 907; x_wconf 79' lang='lat' dir='ltr'>populi</span> <span class='ocrx_word' id='word_1_541' title='bbox 1119 871 1190 898; x_wconf 60' lang='lat' dir='ltr'>taiff.</span> <span class='ocrx_word' id='word_1_542' title='bbox 1205 886 1244 890; x_wconf 91' lang='lat'><strong>—</strong></span> <span class='ocrx_word' id='word_1_543' title='bbox 1258 871 1406 900; x_wconf 88' lang='lat' dir='ltr'>Considera</span> <span class='ocrx_word' id='word_1_544' title='bbox 1419 875 1447 900; x_wconf 91' lang='lat' dir='ltr'>et</span> <span class='ocrx_word' id='word_1_545' title='bbox 1461 874 1501 906; x_wconf 91' lang='lat' dir='ltr'>tu,</span> <span class='ocrx_word' id='word_1_546' title='bbox 1516 873 1599 901; x_wconf 90' lang='lat' dir='ltr'>homo</span> <span class='ocrx_word' id='word_1_547' title='bbox 1613 873 1763 909; x_wconf 90' lang='lat' dir='ltr'>redempte,</span> <span class='ocrx_word' id='word_1_548' title='bbox 1775 873 1847 910; x_wconf 88' lang='lat' dir='ltr'>quis,</span> 
     </span>
     <span class='ocr_line' id='line_1_80' title="bbox 1005 917 1846 955; baseline 0.005 -11"><span class='ocrx_word' id='word_1_549' title='bbox 1005 919 1126 953; x_wconf 88' lang='lat' dir='ltr'>quantus</span> <span class='ocrx_word' id='word_1_550' title='bbox 1147 919 1173 945; x_wconf 90' lang='lat' dir='ltr'>et</span> <span class='ocrx_word' id='word_1_551' title='bbox 1195 917 1284 953; x_wconf 92' lang='lat' dir='ltr'>qualis</span> <span class='ocrx_word' id='word_1_552' title='bbox 1298 920 1339 946; x_wconf 89' lang='lat' dir='ltr'>est</span> <span class='ocrx_word' id='word_1_553' title='bbox 1360 917 1404 946; x_wconf 89' lang='lat' dir='ltr'>hic</span> <span class='ocrx_word' id='word_1_554' title='bbox 1419 918 1465 955; x_wconf 89' lang='lat' dir='ltr'>qui</span> <span class='ocrx_word' id='word_1_555' title='bbox 1482 926 1532 955; x_wconf 88' lang='lat' dir='ltr'>pro</span> <span class='ocrx_word' id='word_1_556' title='bbox 1547 921 1572 947; x_wconf 90' lang='lat' dir='ltr'>te</span> <span class='ocrx_word' id='word_1_557' title='bbox 1594 919 1694 955; x_wconf 89' lang='lat' dir='ltr'>pendet</span> <span class='ocrx_word' id='word_1_558' title='bbox 1708 919 1734 947; x_wconf 93' lang='lat' dir='ltr'>in</span> <span class='ocrx_word' id='word_1_559' title='bbox 1750 926 1846 953; x_wconf 87' lang='lat' dir='ltr'>cruce,</span> 
     </span>
     <span class='ocr_line' id='line_1_81' title="bbox 1005 962 1848 1001; baseline 0.002 -10"><span class='ocrx_word' id='word_1_560' title='bbox 1005 962 1085 991; x_wconf 85' lang='lat' dir='ltr'>cuius</span> <span class='ocrx_word' id='word_1_561' title='bbox 1106 971 1181 992; x_wconf 86' lang='lat' dir='ltr'>mors</span> <span class='ocrx_word' id='word_1_562' title='bbox 1202 963 1322 992; x_wconf 83' lang='lat' dir='ltr'>vivificat</span> <span class='ocrx_word' id='word_1_563' title='bbox 1342 967 1480 998; x_wconf 87' lang='lat' dir='ltr'>mortuos,</span> <span class='ocrx_word' id='word_1_564' title='bbox 1502 965 1638 1001; x_wconf 89' lang='lat' dir='ltr'>cuiusque</span> <span class='ocrx_word' id='word_1_565' title='bbox 1659 965 1805 993; x_wconf 84' lang='lat' dir='ltr'>transitum</span> <span class='ocrx_word' id='word_1_566' title='bbox 1821 967 1848 993; x_wconf 91' lang='lat' dir='ltr'>et</span> 
     </span>
     <span class='ocr_line' id='line_1_82' title="bbox 1005 1009 1847 1048; baseline 0.002 -11"><span class='ocrx_word' id='word_1_567' title='bbox 1005 1009 1111 1037; x_wconf 87' lang='lat' dir='ltr'>caelum</span> <span class='ocrx_word' id='word_1_568' title='bbox 1133 1009 1208 1046; x_wconf 88' lang='lat' dir='ltr'>luget</span> <span class='ocrx_word' id='word_1_569' title='bbox 1229 1013 1255 1038; x_wconf 90' lang='lat' dir='ltr'>et</span> <span class='ocrx_word' id='word_1_570' title='bbox 1277 1012 1364 1043; x_wconf 85' lang='lat' dir='ltr'>terra,</span> <span class='ocrx_word' id='word_1_571' title='bbox 1379 1013 1406 1038; x_wconf 92' lang='lat' dir='ltr'>et</span> <span class='ocrx_word' id='word_1_572' title='bbox 1427 1010 1529 1047; x_wconf 89' lang='lat' dir='ltr'>lapides</span> <span class='ocrx_word' id='word_1_573' title='bbox 1550 1011 1612 1039; x_wconf 90' lang='lat' dir='ltr'>duri</span> <span class='ocrx_word' id='word_1_574' title='bbox 1629 1011 1706 1048; x_wconf 88' lang='lat' dir='ltr'>qnasi</span> <span class='ocrx_word' id='word_1_575' title='bbox 1728 1011 1847 1040; x_wconf 85' lang='lat' dir='ltr'>naturali</span> 
     </span>
     <span class='ocr_line' id='line_1_83' title="bbox 1005 1056 1848 1094; baseline 0.002 -10"><span class='ocrx_word' id='word_1_576' title='bbox 1005 1056 1192 1092; x_wconf 87' lang='lat' dir='ltr'>compassione</span> <span class='ocrx_word' id='word_1_577' title='bbox 1213 1056 1385 1085; x_wconf 82' lang='lat' dir='ltr'>scinduntur.</span> <span class='ocrx_word' id='word_1_578' title='bbox 1408 1056 1430 1085; x_wconf 95' lang='lat' dir='ltr'>O</span> <span class='ocrx_word' id='word_1_579' title='bbox 1452 1065 1499 1085; x_wconf 90' lang='lat' dir='ltr'>cor</span> <span class='ocrx_word' id='word_1_580' title='bbox 1514 1058 1667 1086; x_wconf 90' lang='lat' dir='ltr'>humanum</span> <span class='ocrx_word' id='word_1_581' title='bbox 1689 1057 1763 1086; x_wconf 90' lang='lat' dir='ltr'>omni</span> <span class='ocrx_word' id='word_1_582' title='bbox 1784 1057 1848 1094; x_wconf 87' lang='lat' dir='ltr'>lapi-</span> 
     </span>
     <span class='ocr_line' id='line_1_84' title="bbox 1004 1103 1848 1142; baseline 0.004 -11"><span class='ocrx_word' id='word_1_583' title='bbox 1004 1103 1071 1132; x_wconf 89' lang='lat' dir='ltr'>dum</span> <span class='ocrx_word' id='word_1_584' title='bbox 1091 1103 1194 1132; x_wconf 86' lang='lat' dir='ltr'>duritia</span> <span class='ocrx_word' id='word_1_585' title='bbox 1207 1103 1322 1138; x_wconf 89' lang='lat' dir='ltr'>durius,</span> <span class='ocrx_word' id='word_1_586' title='bbox 1344 1105 1366 1133; x_wconf 90' lang='lat' dir='ltr'>si</span> <span class='ocrx_word' id='word_1_587' title='bbox 1388 1104 1421 1133; x_wconf 91' lang='lat' dir='ltr'>ad</span> <span class='ocrx_word' id='word_1_588' title='bbox 1437 1105 1503 1133; x_wconf 88' lang='lat' dir='ltr'>tanti</span> <span class='ocrx_word' id='word_1_589' title='bbox 1519 1105 1776 1134; x_wconf 87' lang='lat' dir='ltr'>rememorationem</span> <span class='ocrx_word' id='word_1_590' title='bbox 1791 1106 1848 1142; x_wconf 88' lang='lat' dir='ltr'>pia-</span> 
     </span>
     <span class='ocr_line' id='line_1_85' title="bbox 1004 1149 1847 1188; baseline 0.004 -10"><span class='ocrx_word' id='word_1_591' title='bbox 1004 1149 1059 1178; x_wconf 91' lang='lat' dir='ltr'>culi</span> <span class='ocrx_word' id='word_1_592' title='bbox 1081 1157 1129 1178; x_wconf 91' lang='lat' dir='ltr'>nec</span> <span class='ocrx_word' id='word_1_593' title='bbox 1152 1153 1259 1179; x_wconf 86' lang='lat' dir='ltr'>terrore</span> <span class='ocrx_word' id='word_1_594' title='bbox 1280 1151 1436 1180; x_wconf 89' lang='lat' dir='ltr'>concuteris</span> <span class='ocrx_word' id='word_1_595' title='bbox 1450 1159 1500 1180; x_wconf 87' lang='lat' dir='ltr'>nec</span> <span class='ocrx_word' id='word_1_596' title='bbox 1521 1152 1708 1188; x_wconf 88' lang='lat' dir='ltr'>compassione</span> <span class='ocrx_word' id='word_1_597' title='bbox 1729 1152 1847 1181; x_wconf 86' lang='lat' dir='ltr'>afficeris</span> 
     </span>
     <span class='ocr_line' id='line_1_86' title="bbox 1004 1197 1777 1235; baseline 0.003 -10"><span class='ocrx_word' id='word_1_598' title='bbox 1004 1204 1054 1225; x_wconf 90' lang='lat' dir='ltr'>nec</span> <span class='ocrx_word' id='word_1_599' title='bbox 1075 1197 1285 1233; x_wconf 87' lang='lat' dir='ltr'>compunctione</span> <span class='ocrx_word' id='word_1_600' title='bbox 1306 1197 1438 1226; x_wconf 85' lang='lat' dir='ltr'>scinderis</span> <span class='ocrx_word' id='word_1_601' title='bbox 1459 1206 1509 1227; x_wconf 90' lang='lat' dir='ltr'>nec</span> <span class='ocrx_word' id='word_1_602' title='bbox 1523 1198 1623 1235; x_wconf 89' lang='lat' dir='ltr'>pietate</span> <span class='ocrx_word' id='word_1_603' title='bbox 1644 1198 1777 1227; x_wconf 82' lang='lat' dir='ltr'>mollirist</span> 
     </span>
    </p>
   </div>
   <div class='ocr_carea' id='block_1_17' title="bbox 1245 1290 1605 1324">
    <p class='ocr_par' dir='ltr' id='par_1_18' title="bbox 1245 1290 1605 1324">
     <span class='ocr_line' id='line_1_87' title="bbox 1245 1290 1605 1324; baseline 0.003 -6"><span class='ocrx_word' id='word_1_604' title='bbox 1245 1290 1339 1324; x_wconf 82' lang='lat' dir='ltr'>lesus,</span> <span class='ocrx_word' id='word_1_605' title='bbox 1361 1290 1605 1319; x_wconf 73' lang='lat' dir='ltr'>translanceatus.</span> 
     </span>
    </p>
   </div>
   <div class='ocr_carea' id='block_1_18' title="bbox 1002 1383 1849 2257">
    <p class='ocr_par' dir='ltr' id='par_1_19' title="bbox 1002 1383 1849 2061">
     <span class='ocr_line' id='line_1_88' title="bbox 1083 1383 1847 1417; baseline 0.001 -6"><span class='ocrx_word' id='word_1_606' title='bbox 1083 1383 1129 1411; x_wconf 84' lang='lat'>30.</span> <span class='ocrx_word' id='word_1_607' title='bbox 1152 1383 1249 1417; x_wconf 81' lang='lat' dir='ltr'>Porro,</span> <span class='ocrx_word' id='word_1_608' title='bbox 1278 1386 1309 1411; x_wconf 91' lang='lat' dir='ltr'>ut</span> <span class='ocrx_word' id='word_1_609' title='bbox 1335 1383 1368 1412; x_wconf 90' lang='lat' dir='ltr'>de</span> <span class='ocrx_word' id='word_1_610' title='bbox 1390 1383 1475 1412; x_wconf 90' lang='lat' dir='ltr'>latere</span> <span class='ocrx_word' id='word_1_611' title='bbox 1502 1383 1604 1412; x_wconf 84' lang='lat' dir='ltr'>Christi</span> <span class='ocrx_word' id='word_1_612' title='bbox 1631 1383 1792 1412; x_wconf 88' lang='lat' dir='ltr'>dormientis</span> <span class='ocrx_word' id='word_1_613' title='bbox 1820 1383 1847 1412; x_wconf 94' lang='lat' dir='ltr'>in</span> 
     </span>
     <span class='ocr_line' id='line_1_89' title="bbox 1005 1429 1846 1467; baseline 0.002 -10"><span class='ocrx_word' id='word_1_614' title='bbox 1005 1437 1087 1458; x_wconf 90' lang='lat' dir='ltr'>cruce</span> <span class='ocrx_word' id='word_1_615' title='bbox 1108 1429 1276 1458; x_wconf 80' lang='lat' dir='ltr'>formaretur</span> <span class='ocrx_word' id='word_1_616' title='bbox 1298 1429 1431 1463; x_wconf 88' lang='lat' dir='ltr'>Ecclesia,</span> <span class='ocrx_word' id='word_1_617' title='bbox 1453 1432 1480 1458; x_wconf 89' lang='lat' dir='ltr'>et</span> <span class='ocrx_word' id='word_1_618' title='bbox 1505 1429 1648 1466; x_wconf 86' lang='lat' dir='ltr'>Scriptura</span> <span class='ocrx_word' id='word_1_619' title='bbox 1668 1430 1846 1467; x_wconf 90' lang='lat' dir='ltr'>impleretur,</span> 
     </span>
     <span class='ocr_line' id='line_1_90' title="bbox 1005 1475 1848 1513; baseline 0.002 -10"><span class='ocrx_word' id='word_1_620' title='bbox 1005 1483 1076 1512; x_wconf 89' lang='lat' dir='ltr'>quae</span> <span class='ocrx_word' id='word_1_621' title='bbox 1096 1475 1176 1504; x_wconf 88' lang='lat' dir='ltr'>dicit:</span> <span class='ocrx_word' id='word_1_622' title='bbox 1205 1475 1343 1504; x_wconf 74' lang='lat' dir='ltr'>Videbunt</span> <span class='ocrx_word' id='word_1_623' title='bbox 1370 1475 1401 1504; x_wconf 86' lang='lat' dir='ltr'>in</span> <span class='ocrx_word' id='word_1_624' title='bbox 1422 1484 1504 1513; x_wconf 72' lang='lat' dir='ltr'>quem</span> <span class='ocrx_word' id='word_1_625' title='bbox 1533 1476 1748 1513; x_wconf 68' lang='lat' dir='ltr'>transfixerunt</span> <span class='ocrx_word' id='word_1_626' title='bbox 1759 1476 1779 1511; x_wconf 89' lang='lat'>⁷,</span> <span class='ocrx_word' id='word_1_627' title='bbox 1807 1476 1848 1505; x_wconf 90' lang='lat' dir='ltr'>di-</span> 
     </span>
     <span class='ocr_line' id='line_1_91' title="bbox 1005 1521 1849 1556; baseline 0.002 -7"><span class='ocrx_word' id='word_1_628' title='bbox 1005 1521 1069 1549; x_wconf 78' lang='lat' dir='ltr'>vina</span> <span class='ocrx_word' id='word_1_629' title='bbox 1089 1524 1131 1549; x_wconf 86' lang='lat' dir='ltr'>est</span> <span class='ocrx_word' id='word_1_630' title='bbox 1151 1521 1322 1550; x_wconf 88' lang='lat' dir='ltr'>ordinatione</span> <span class='ocrx_word' id='word_1_631' title='bbox 1337 1521 1491 1556; x_wconf 90' lang='lat' dir='ltr'>indultum,</span> <span class='ocrx_word' id='word_1_632' title='bbox 1513 1524 1545 1550; x_wconf 91' lang='lat' dir='ltr'>ut</span> <span class='ocrx_word' id='word_1_633' title='bbox 1565 1530 1639 1550; x_wconf 92' lang='lat' dir='ltr'>unus</span> <span class='ocrx_word' id='word_1_634' title='bbox 1661 1522 1778 1551; x_wconf 90' lang='lat' dir='ltr'>militum</span> <span class='ocrx_word' id='word_1_635' title='bbox 1793 1523 1849 1551; x_wconf 89' lang='lat' dir='ltr'>lan-</span> 
     </span>
     <span class='ocr_line' id='line_1_92' title="bbox 1005 1568 1848 1606; baseline 0.002 -10"><span class='ocrx_word' id='word_1_636' title='bbox 1005 1575 1053 1596; x_wconf 89' lang='lat' dir='ltr'>cea</span> <span class='ocrx_word' id='word_1_637' title='bbox 1073 1568 1145 1596; x_wconf 86' lang='lat' dir='ltr'>latus</span> <span class='ocrx_word' id='word_1_638' title='bbox 1165 1568 1233 1596; x_wconf 89' lang='lat' dir='ltr'>illud</span> <span class='ocrx_word' id='word_1_639' title='bbox 1255 1576 1364 1597; x_wconf 88' lang='lat' dir='ltr'>sacrum</span> <span class='ocrx_word' id='word_1_640' title='bbox 1386 1568 1534 1605; x_wconf 89' lang='lat' dir='ltr'>aperiendo</span> <span class='ocrx_word' id='word_1_641' title='bbox 1553 1569 1724 1606; x_wconf 85' lang='lat' dir='ltr'>perfoderet,</span> <span class='ocrx_word' id='word_1_642' title='bbox 1752 1572 1848 1606; x_wconf 88' lang='lat' dir='ltr'>quate-</span> 
     </span>
     <span class='ocr_line' id='line_1_93' title="bbox 1005 1615 1848 1653; baseline 0.001 -10"><span class='ocrx_word' id='word_1_643' title='bbox 1005 1622 1073 1648; x_wconf 90' lang='lat' dir='ltr'>nus,</span> <span class='ocrx_word' id='word_1_644' title='bbox 1094 1615 1226 1651; x_wconf 82' lang='lat' dir='ltr'>sanguine</span> <span class='ocrx_word' id='word_1_645' title='bbox 1248 1623 1310 1643; x_wconf 91' lang='lat' dir='ltr'>cum</span> <span class='ocrx_word' id='word_1_646' title='bbox 1332 1623 1405 1652; x_wconf 85' lang='lat' dir='ltr'>aqua</span> <span class='ocrx_word' id='word_1_647' title='bbox 1426 1619 1568 1650; x_wconf 87' lang='lat' dir='ltr'>manante,</span> <span class='ocrx_word' id='word_1_648' title='bbox 1590 1616 1710 1653; x_wconf 88' lang='lat' dir='ltr'>pretium</span> <span class='ocrx_word' id='word_1_649' title='bbox 1725 1616 1848 1645; x_wconf 82' lang='lat' dir='ltr'>effunde-</span> 
     </span>
     <span class='ocr_line' id='line_1_94' title="bbox 1005 1662 1848 1698; baseline 0.001 -8"><span class='ocrx_word' id='word_1_650' title='bbox 1005 1664 1084 1690; x_wconf 89' lang='lat' dir='ltr'>retur</span> <span class='ocrx_word' id='word_1_651' title='bbox 1105 1664 1215 1690; x_wconf 87' lang='lat' dir='ltr'>nostrae</span> <span class='ocrx_word' id='word_1_652' title='bbox 1237 1662 1349 1696; x_wconf 86' lang='lat' dir='ltr'>salutis,</span> <span class='ocrx_word' id='word_1_653' title='bbox 1378 1662 1450 1698; x_wconf 91' lang='lat' dir='ltr'>quod</span> <span class='ocrx_word' id='word_1_654' title='bbox 1472 1670 1488 1690; x_wconf 90' lang='lat' dir='ltr'>a</span> <span class='ocrx_word' id='word_1_655' title='bbox 1509 1662 1598 1696; x_wconf 86' lang='lat' dir='ltr'>sonte,</span> <span class='ocrx_word' id='word_1_656' title='bbox 1626 1662 1730 1691; x_wconf 88' lang='lat' dir='ltr'>scilicet</span> <span class='ocrx_word' id='word_1_657' title='bbox 1757 1662 1848 1691; x_wconf 89' lang='lat' dir='ltr'>cordis</span> 
     </span>
     <span class='ocr_line' id='line_1_95' title="bbox 1004 1707 1848 1744; baseline 0.001 -8"><span class='ocrx_word' id='word_1_658' title='bbox 1004 1715 1118 1742; x_wconf 83' lang='lat' dir='ltr'>arcano,</span> <span class='ocrx_word' id='word_1_659' title='bbox 1139 1707 1284 1744; x_wconf 85' lang='lat' dir='ltr'>profusum</span> <span class='ocrx_word' id='word_1_660' title='bbox 1300 1708 1356 1736; x_wconf 89' lang='lat' dir='ltr'>vim</span> <span class='ocrx_word' id='word_1_661' title='bbox 1373 1708 1452 1737; x_wconf 89' lang='lat' dir='ltr'>daret</span> <span class='ocrx_word' id='word_1_662' title='bbox 1466 1708 1649 1737; x_wconf 84' lang='lat' dir='ltr'>Sacramentis</span> <span class='ocrx_word' id='word_1_663' title='bbox 1664 1708 1799 1737; x_wconf 85' lang='lat' dir='ltr'>Ecclesiae</span> <span class='ocrx_word' id='word_1_664' title='bbox 1813 1708 1848 1737; x_wconf 87' lang='lat' dir='ltr'>ad</span> 
     </span>
     <span class='ocr_line' id='line_1_96' title="bbox 1005 1754 1848 1792; baseline 0.001 -10"><span class='ocrx_word' id='word_1_665' title='bbox 1005 1754 1087 1783; x_wconf 87' lang='lat' dir='ltr'>vitam</span> <span class='ocrx_word' id='word_1_666' title='bbox 1109 1754 1213 1790; x_wconf 83' lang='lat' dir='ltr'>gratiae</span> <span class='ocrx_word' id='word_1_667' title='bbox 1234 1754 1439 1789; x_wconf 82' lang='lat' dir='ltr'>conserendam,</span> <span class='ocrx_word' id='word_1_668' title='bbox 1460 1758 1588 1792; x_wconf 89' lang='lat' dir='ltr'>essetque</span> <span class='ocrx_word' id='word_1_669' title='bbox 1608 1755 1662 1783; x_wconf 91' lang='lat' dir='ltr'>iam</span> <span class='ocrx_word' id='word_1_670' title='bbox 1690 1755 1718 1783; x_wconf 90' lang='lat' dir='ltr'>in</span> <span class='ocrx_word' id='word_1_671' title='bbox 1739 1754 1848 1783; x_wconf 91' lang='lat' dir='ltr'>Christo</span> 
     </span>
     <span class='ocr_line' id='line_1_97' title="bbox 1005 1800 1848 1838; baseline 0.001 -9"><span class='ocrx_word' id='word_1_672' title='bbox 1005 1800 1162 1829; x_wconf 75' lang='lat' dir='ltr'>viventibus</span> <span class='ocrx_word' id='word_1_673' title='bbox 1182 1801 1314 1837; x_wconf 87' lang='lat' dir='ltr'>poculum</span> <span class='ocrx_word' id='word_1_674' title='bbox 1344 1800 1434 1838; x_wconf 81' lang='lat' dir='ltr'>fontis</span> <span class='ocrx_word' id='word_1_675' title='bbox 1454 1801 1515 1830; x_wconf 81' lang='lat' dir='ltr'>vivi</span> <span class='ocrx_word' id='word_1_676' title='bbox 1543 1801 1674 1830; x_wconf 80' lang='lat' dir='ltr'>salientis</span> <span class='ocrx_word' id='word_1_677' title='bbox 1694 1801 1726 1830; x_wconf 81' lang='lat' dir='ltr'>in</span> <span class='ocrx_word' id='word_1_678' title='bbox 1755 1801 1848 1830; x_wconf 82' lang='lat' dir='ltr'>vitam</span> 
     </span>
     <span class='ocr_line' id='line_1_98' title="bbox 1005 1847 1847 1884; baseline 0.001 -9"><span class='ocrx_word' id='word_1_679' title='bbox 1005 1850 1155 1876; x_wconf 81' lang='lat' dir='ltr'>aeternam</span> <span class='ocrx_word' id='word_1_680' title='bbox 1166 1847 1186 1875; x_wconf 74' lang='lat'>⁸.</span> <span class='ocrx_word' id='word_1_681' title='bbox 1208 1847 1290 1881; x_wconf 87' lang='lat' dir='ltr'>Ecce,</span> <span class='ocrx_word' id='word_1_682' title='bbox 1309 1847 1363 1876; x_wconf 85' lang='lat' dir='ltr'>iam</span> <span class='ocrx_word' id='word_1_683' title='bbox 1377 1856 1451 1876; x_wconf 88' lang='lat' dir='ltr'>nunc</span> <span class='ocrx_word' id='word_1_684' title='bbox 1473 1848 1567 1876; x_wconf 88' lang='lat' dir='ltr'>lancea</span> <span class='ocrx_word' id='word_1_685' title='bbox 1580 1856 1596 1876; x_wconf 89' lang='lat' dir='ltr'>a</span> <span class='ocrx_word' id='word_1_686' title='bbox 1617 1848 1705 1877; x_wconf 89' lang='lat' dir='ltr'>Saulis</span> <span class='ocrx_word' id='word_1_687' title='bbox 1719 1848 1847 1884; x_wconf 89' lang='lat' dir='ltr'>perfidia,</span> 
     </span>
     <span class='ocr_line' id='line_1_99' title="bbox 1005 1892 1848 1930; baseline 0.001 -9"><span class='ocrx_word' id='word_1_688' title='bbox 1005 1893 1099 1930; x_wconf 89' lang='lat' dir='ltr'>populi</span> <span class='ocrx_word' id='word_1_689' title='bbox 1121 1892 1224 1922; x_wconf 87' lang='lat' dir='ltr'>scilicet</span> <span class='ocrx_word' id='word_1_690' title='bbox 1254 1893 1354 1922; x_wconf 88' lang='lat' dir='ltr'>Iudaici</span> <span class='ocrx_word' id='word_1_691' title='bbox 1376 1893 1529 1930; x_wconf 88' lang='lat' dir='ltr'>reprobati,</span> <span class='ocrx_word' id='word_1_692' title='bbox 1557 1902 1639 1922; x_wconf 86' lang='lat' dir='ltr'>casso</span> <span class='ocrx_word' id='word_1_693' title='bbox 1671 1893 1789 1922; x_wconf 83' lang='lat' dir='ltr'>vulnere</span> <span class='ocrx_word' id='word_1_694' title='bbox 1817 1894 1848 1922; x_wconf 78' lang='lat' dir='ltr'>in</span> 
     </span>
     <span class='ocr_line' id='line_1_100' title="bbox 1002 1939 1849 1978; baseline 0.002 -11"><span class='ocrx_word' id='word_1_695' title='bbox 1002 1939 1144 1976; x_wconf 78' lang='lat' dir='ltr'>parietem</span> <span class='ocrx_word' id='word_1_696' title='bbox 1165 1939 1258 1968; x_wconf 83' lang='lat' dir='ltr'>divina</span> <span class='ocrx_word' id='word_1_697' title='bbox 1278 1939 1453 1969; x_wconf 85' lang='lat' dir='ltr'>miseratione</span> <span class='ocrx_word' id='word_1_698' title='bbox 1470 1940 1604 1977; x_wconf 82' lang='lat' dir='ltr'>perlata,</span> <span class='ocrx_word' id='word_1_699' title='bbox 1625 1939 1762 1978; x_wconf 84' lang='lat' dir='ltr'>foramen</span> <span class='ocrx_word' id='word_1_700' title='bbox 1780 1939 1849 1977; x_wconf 82' lang='lat' dir='ltr'>fecit</span> 
     </span>
     <span class='ocr_line' id='line_1_101' title="bbox 1005 1985 1848 2024; baseline 0.002 -10"><span class='ocrx_word' id='word_1_701' title='bbox 1005 1985 1036 2014; x_wconf 79' lang='lat' dir='ltr'>in</span> <span class='ocrx_word' id='word_1_702' title='bbox 1054 1989 1140 2023; x_wconf 76' lang='lat' dir='ltr'>petra</span> <span class='ocrx_word' id='word_1_703' title='bbox 1161 1989 1187 2014; x_wconf 85' lang='lat' dir='ltr'>et</span> <span class='ocrx_word' id='word_1_704' title='bbox 1207 1994 1365 2014; x_wconf 83' lang='lat' dir='ltr'>cavernam</span> <span class='ocrx_word' id='word_1_705' title='bbox 1392 1986 1423 2015; x_wconf 86' lang='lat' dir='ltr'>in</span> <span class='ocrx_word' id='word_1_706' title='bbox 1444 1987 1588 2021; x_wconf 82' lang='lat' dir='ltr'>maceria,</span> <span class='ocrx_word' id='word_1_707' title='bbox 1617 1989 1748 2024; x_wconf 87' lang='lat' dir='ltr'>tanquam</span> <span class='ocrx_word' id='word_1_708' title='bbox 1770 1987 1848 2016; x_wconf 87' lang='lat' dir='ltr'>habi-</span> 
     </span>
     <span class='ocr_line' id='line_1_102' title="bbox 1004 2032 1348 2061; baseline 0.003 -1"><span class='ocrx_word' id='word_1_709' title='bbox 1004 2032 1127 2061; x_wconf 88' lang='lat' dir='ltr'>taculum</span> <span class='ocrx_word' id='word_1_710' title='bbox 1149 2032 1348 2061; x_wconf 88' lang='lat' dir='ltr'>columbinum.</span> 
     </span>
    </p>

    <p class='ocr_par' dir='ltr' id='par_1_20' title="bbox 1005 2079 1849 2257">
     <span class='ocr_line' id='line_1_103' title="bbox 1084 2079 1846 2116; baseline 0.003 -10"><span class='ocrx_word' id='word_1_711' title='bbox 1084 2079 1172 2115; x_wconf 88' lang='lat' dir='ltr'>Surge</span> <span class='ocrx_word' id='word_1_712' title='bbox 1193 2079 1287 2116; x_wconf 76' lang='lat' dir='ltr'>Igitur,</span> <span class='ocrx_word' id='word_1_713' title='bbox 1308 2079 1396 2108; x_wconf 87' lang='lat' dir='ltr'>amica</span> <span class='ocrx_word' id='word_1_714' title='bbox 1410 2079 1526 2114; x_wconf 87' lang='lat' dir='ltr'>Christi,</span> <span class='ocrx_word' id='word_1_715' title='bbox 1548 2082 1606 2109; x_wconf 86' lang='lat' dir='ltr'>esto</span> <span class='ocrx_word' id='word_1_716' title='bbox 1620 2080 1692 2109; x_wconf 85' lang='lat' dir='ltr'>sicut</span> <span class='ocrx_word' id='word_1_717' title='bbox 1712 2080 1846 2109; x_wconf 80' lang='lat' dir='ltr'>columba</span> 
     </span>
     <span class='ocr_line' id='line_1_104' title="bbox 1005 2124 1848 2164; baseline 0.002 -11"><span class='ocrx_word' id='word_1_718' title='bbox 1005 2124 1164 2162; x_wconf 71' lang='lat' dir='ltr'>nidificans</span> <span class='ocrx_word' id='word_1_719' title='bbox 1185 2126 1216 2154; x_wconf 84' lang='lat' dir='ltr'>in</span> <span class='ocrx_word' id='word_1_720' title='bbox 1236 2134 1351 2154; x_wconf 80' lang='lat' dir='ltr'>summo</span> <span class='ocrx_word' id='word_1_721' title='bbox 1373 2135 1421 2155; x_wconf 77' lang='lat' dir='ltr'>ore</span> <span class='ocrx_word' id='word_1_722' title='bbox 1451 2125 1611 2164; x_wconf 79' lang='lat' dir='ltr'>foraminis</span> <span class='ocrx_word' id='word_1_723' title='bbox 1626 2126 1648 2161; x_wconf 78' lang='lat'>⁹,</span> <span class='ocrx_word' id='word_1_724' title='bbox 1670 2126 1707 2155; x_wconf 91' lang='lat' dir='ltr'>ibi</span> <span class='ocrx_word' id='word_1_725' title='bbox 1727 2130 1759 2156; x_wconf 89' lang='lat' dir='ltr'>ut</span> <span class='ocrx_word' id='word_1_726' title='bbox 1777 2135 1848 2164; x_wconf 77' lang='lat' dir='ltr'>pas-</span> 
     </span>
     <span class='ocr_line' id='line_1_105' title="bbox 1005 2172 1849 2210; baseline 0.002 -10"><span class='ocrx_word' id='word_1_727' title='bbox 1005 2180 1052 2200; x_wconf 86' lang='lat' dir='ltr'>ser</span> <span class='ocrx_word' id='word_1_728' title='bbox 1073 2172 1219 2201; x_wconf 82' lang='lat' dir='ltr'>inveniens</span> <span class='ocrx_word' id='word_1_729' title='bbox 1239 2172 1375 2207; x_wconf 77' lang='lat' dir='ltr'>domum,</span> <span class='ocrx_word' id='word_1_730' title='bbox 1397 2173 1510 2210; x_wconf 83' lang='lat' dir='ltr'>vigilare</span> <span class='ocrx_word' id='word_1_731' title='bbox 1532 2182 1587 2202; x_wconf 90' lang='lat' dir='ltr'>non</span> <span class='ocrx_word' id='word_1_732' title='bbox 1607 2181 1712 2208; x_wconf 88' lang='lat' dir='ltr'>cesses,</span> <span class='ocrx_word' id='word_1_733' title='bbox 1734 2173 1771 2202; x_wconf 91' lang='lat' dir='ltr'>ibi</span> <span class='ocrx_word' id='word_1_734' title='bbox 1793 2177 1849 2203; x_wconf 88' lang='lat' dir='ltr'>tan-</span> 
     </span>
     <span class='ocr_line' id='line_1_106' title="bbox 1005 2219 1849 2257; baseline 0.004 -11"><span class='ocrx_word' id='word_1_735' title='bbox 1005 2226 1088 2255; x_wconf 87' lang='lat' dir='ltr'>quam</span> <span class='ocrx_word' id='word_1_736' title='bbox 1112 2223 1212 2247; x_wconf 78' lang='lat' dir='ltr'>turtur</span> <span class='ocrx_word' id='word_1_737' title='bbox 1243 2219 1310 2248; x_wconf 90' lang='lat' dir='ltr'>casti</span> <span class='ocrx_word' id='word_1_738' title='bbox 1331 2219 1434 2248; x_wconf 89' lang='lat' dir='ltr'>amoris</span> <span class='ocrx_word' id='word_1_739' title='bbox 1464 2219 1555 2257; x_wconf 90' lang='lat' dir='ltr'>pullos</span> <span class='ocrx_word' id='word_1_740' title='bbox 1575 2219 1726 2254; x_wconf 88' lang='lat' dir='ltr'>absconde,</span> <span class='ocrx_word' id='word_1_741' title='bbox 1752 2219 1789 2249; x_wconf 87' lang='lat' dir='ltr'>ibi</span> <span class='ocrx_word' id='word_1_742' title='bbox 1818 2228 1849 2249; x_wconf 91' lang='lat' dir='ltr'>os</span> 
     </span>
    </p>
   </div>
   <div class='ocr_carea' id='block_1_19' title="bbox 1006 2378 1848 2984">
    <p class='ocr_par' dir='ltr' id='par_1_21' title="bbox 1008 2378 1848 2448">
     <span class='ocr_line' id='line_1_107' title="bbox 1068 2378 1848 2408; baseline 0 -6"><span class='ocrx_word' id='word_1_743' title='bbox 1068 2378 1077 2392; x_wconf 76' lang='lat'>⁴³</span> <span class='ocrx_word' id='word_1_744' title='bbox 1094 2379 1163 2402; x_wconf 85' lang='lat' dir='ltr'>Hebr.</span> <span class='ocrx_word' id='word_1_745' title='bbox 1181 2380 1206 2407; x_wconf 77' lang='lat'>5,</span> <span class='ocrx_word' id='word_1_746' title='bbox 1232 2380 1254 2402; x_wconf 86' lang='lat'>7.</span> <span class='ocrx_word' id='word_1_747' title='bbox 1275 2380 1325 2408; x_wconf 81' lang='lat' dir='ltr'>Seq.</span> <span class='ocrx_word' id='word_1_748' title='bbox 1352 2379 1415 2402; x_wconf 91' lang='lat' dir='ltr'>locus</span> <span class='ocrx_word' id='word_1_749' title='bbox 1431 2383 1465 2402; x_wconf 88' lang='lat' dir='ltr'>est</span> <span class='ocrx_word' id='word_1_750' title='bbox 1482 2380 1558 2402; x_wconf 78' lang='lat' dir='ltr'>lttattn.</span> <span class='ocrx_word' id='word_1_751' title='bbox 1583 2379 1625 2408; x_wconf 88' lang='lat'>27,</span> <span class='ocrx_word' id='word_1_752' title='bbox 1650 2379 1730 2402; x_wconf 71' lang='lat'>51-54.</span> <span class='ocrx_word' id='word_1_753' title='bbox 1755 2382 1777 2402; x_wconf 88' lang='lat' dir='ltr'>et</span> <span class='ocrx_word' id='word_1_754' title='bbox 1793 2380 1848 2402; x_wconf 89' lang='lat' dir='ltr'>Luc.</span> 
     </span>
     <span class='ocr_line' id='line_1_108' title="bbox 1008 2418 1691 2448; baseline 0 -7"><span class='ocrx_word' id='word_1_755' title='bbox 1008 2418 1047 2447; x_wconf 87' lang='lat'>23,</span> <span class='ocrx_word' id='word_1_756' title='bbox 1066 2418 1144 2441; x_wconf 83' lang='lat'>43-48.</span> <span class='ocrx_word' id='word_1_757' title='bbox 1161 2431 1191 2434; x_wconf 88' lang='lat'>—</span> <span class='ocrx_word' id='word_1_758' title='bbox 1209 2419 1283 2447; x_wconf 85' lang='lat' dir='ltr'>Supra</span> <span class='ocrx_word' id='word_1_759' title='bbox 1300 2418 1352 2441; x_wconf 80' lang='lat' dir='ltr'>Vnt.</span> <span class='ocrx_word' id='word_1_760' title='bbox 1369 2418 1501 2448; x_wconf 72' lang='lat' dir='ltr'>exspiravit</span> <span class='ocrx_word' id='word_1_761' title='bbox 1517 2425 1559 2446; x_wconf 91' lang='lat' dir='ltr'>pro</span> <span class='ocrx_word' id='word_1_762' title='bbox 1576 2418 1691 2448; x_wconf 69' lang='lat' dir='ltr'>exspirat.</span> 
     </span>
    </p>

    <p class='ocr_par' dir='ltr' id='par_1_22' title="bbox 1007 2455 1847 2524">
     <span class='ocr_line' id='line_1_109' title="bbox 1069 2455 1847 2486; baseline 0.001 -7"><span class='ocrx_word' id='word_1_763' title='bbox 1069 2455 1078 2468; x_wconf 81' lang='lat'>⁵</span> <span class='ocrx_word' id='word_1_764' title='bbox 1095 2457 1225 2485; x_wconf 82' lang='lat' dir='ltr'>Respicitiu·</span> <span class='ocrx_word' id='word_1_765' title='bbox 1241 2457 1277 2479; x_wconf 58' lang='grc' dir='ltr'>ΡΞ.</span> <span class='ocrx_word' id='word_1_766' title='bbox 1302 2456 1342 2485; x_wconf 88' lang='lat'>44,</span> <span class='ocrx_word' id='word_1_767' title='bbox 1369 2457 1390 2485; x_wconf 85' lang='grc'>3,</span> <span class='ocrx_word' id='word_1_768' title='bbox 1412 2456 1452 2479; x_wconf 87' lang='lat' dir='ltr'>ubi</span> <span class='ocrx_word' id='word_1_769' title='bbox 1477 2457 1526 2479; x_wconf 86' lang='lat' dir='ltr'>Vat.</span> <span class='ocrx_word' id='word_1_770' title='bbox 1543 2463 1597 2479; x_wconf 88' lang='lat' dir='ltr'>cum</span> <span class='ocrx_word' id='word_1_771' title='bbox 1614 2457 1712 2484; x_wconf 82' lang='lat' dir='ltr'>Vulgata</span> <span class='ocrx_word' id='word_1_772' title='bbox 1729 2456 1847 2486; x_wconf 77' lang='lat' dir='ltr'>speciosas</span> 
     </span>
     <span class='ocr_line' id='line_1_110' title="bbox 1007 2495 1472 2524; baseline -0.002 -6"><span class='ocrx_word' id='word_1_773' title='bbox 1007 2501 1049 2523; x_wconf 81' lang='lat' dir='ltr'>pro</span> <span class='ocrx_word' id='word_1_774' title='bbox 1065 2495 1201 2524; x_wconf 79' lang='lat' dir='ltr'>formosus,·</span> <span class='ocrx_word' id='word_1_775' title='bbox 1219 2495 1322 2524; x_wconf 84' lang='lat' dir='ltr'>sequitur</span> <span class='ocrx_word' id='word_1_776' title='bbox 1338 2496 1373 2517; x_wconf 81' lang='lat' dir='ltr'>Ps.</span> <span class='ocrx_word' id='word_1_777' title='bbox 1392 2495 1433 2522; x_wconf 82' lang='lat'>84,</span> <span class='ocrx_word' id='word_1_778' title='bbox 1451 2495 1472 2517; x_wconf 82' lang='lat'>4.</span> 
     </span>
    </p>

    <p class='ocr_par' dir='ltr' id='par_1_23' title="bbox 1007 2532 1847 2672">
     <span class='ocr_line' id='line_1_111' title="bbox 1069 2532 1846 2562; baseline 0 -6"><span class='ocrx_word' id='word_1_779' title='bbox 1069 2532 1079 2546; x_wconf 62' lang='grc' dir='ltr'><strong>ὅ</strong></span> <span class='ocrx_word' id='word_1_780' title='bbox 1095 2534 1209 2561; x_wconf 78' lang='lat' dir='ltr'>Anselni.,</span> <span class='ocrx_word' id='word_1_781' title='bbox 1226 2534 1269 2556; x_wconf 90' lang='lat' dir='ltr'>loc.</span> <span class='ocrx_word' id='word_1_782' title='bbox 1285 2534 1323 2556; x_wconf 89' lang='lat' dir='ltr'>cit.</span> <span class='ocrx_word' id='word_1_783' title='bbox 1339 2534 1470 2562; x_wconf 80' lang='lat' dir='ltr'>Allegantnr</span> <span class='ocrx_word' id='word_1_784' title='bbox 1487 2534 1552 2556; x_wconf 85' lang='lat' dir='ltr'>Dent.</span> <span class='ocrx_word' id='word_1_785' title='bbox 1570 2534 1610 2562; x_wconf 86' lang='lat'>26,</span> <span class='ocrx_word' id='word_1_786' title='bbox 1629 2533 1664 2556; x_wconf 66' lang='lat'>¹¹5.</span> <span class='ocrx_word' id='word_1_787' title='bbox 1682 2537 1704 2556; x_wconf 91' lang='lat' dir='ltr'>et</span> <span class='ocrx_word' id='word_1_788' title='bbox 1721 2534 1791 2556; x_wconf 80' lang='lat' dir='ltr'>Exod.</span> <span class='ocrx_word' id='word_1_789' title='bbox 1805 2534 1846 2561; x_wconf 85' lang='lat'>32,</span> 
     </span>
     <span class='ocr_line' id='line_1_112' title="bbox 1008 2572 1847 2600; baseline 0.001 -6"><span class='ocrx_word' id='word_1_790' title='bbox 1008 2572 1044 2594; x_wconf 70' lang='grc'>42.</span> <span class='ocrx_word' id='word_1_791' title='bbox 1060 2584 1092 2589; x_wconf 84' lang='grc'>-</span> <span class='ocrx_word' id='word_1_792' title='bbox 1109 2573 1166 2595; x_wconf 79' lang='lat' dir='ltr'>lnsra</span> <span class='ocrx_word' id='word_1_793' title='bbox 1184 2575 1236 2600; x_wconf 86' lang='lat' dir='ltr'>post</span> <span class='ocrx_word' id='word_1_794' title='bbox 1252 2574 1275 2595; x_wconf 83' lang='lat' dir='ltr'>et</span> <span class='ocrx_word' id='word_1_795' title='bbox 1290 2574 1355 2595; x_wconf 77' lang='lat' dir='ltr'>terra</span> <span class='ocrx_word' id='word_1_796' title='bbox 1372 2573 1389 2595; x_wconf 86' lang='grc' dir='ltr'>Α</span> <span class='ocrx_word' id='word_1_797' title='bbox 1400 2572 1416 2595; x_wconf 91' lang='lat' dir='ltr'>C</span> <span class='ocrx_word' id='word_1_798' title='bbox 1426 2573 1480 2595; x_wconf 84' lang='lat' dir='ltr'>FW</span> <span class='ocrx_word' id='word_1_799' title='bbox 1490 2573 1505 2595; x_wconf 93' lang='lat' dir='ltr'>Z</span> <span class='ocrx_word' id='word_1_800' title='bbox 1521 2575 1543 2595; x_wconf 89' lang='lat' dir='ltr'>et</span> <span class='ocrx_word' id='word_1_801' title='bbox 1561 2573 1568 2594; x_wconf 82' lang='lat' dir='ltr'>l</span> <span class='ocrx_word' id='word_1_802' title='bbox 1591 2572 1678 2595; x_wconf 84' lang='lat' dir='ltr'>addunt</span> <span class='ocrx_word' id='word_1_803' title='bbox 1691 2572 1794 2596; x_wconf 78' lang='lat' dir='ltr'>tremuit.</span> <span class='ocrx_word' id='word_1_804' title='bbox 1807 2573 1847 2595; x_wconf 90' lang='lat' dir='ltr'>De-</span> 
     </span>
     <span class='ocr_line' id='line_1_113' title="bbox 1007 2611 1847 2640; baseline 0.001 -7"><span class='ocrx_word' id='word_1_805' title='bbox 1007 2611 1076 2639; x_wconf 88' lang='lat' dir='ltr'>nique</span> <span class='ocrx_word' id='word_1_806' title='bbox 1093 2617 1135 2639; x_wconf 86' lang='lat' dir='ltr'>pro</span> <span class='ocrx_word' id='word_1_807' title='bbox 1160 2611 1221 2634; x_wconf 80' lang='lat' dir='ltr'>tanti</span> <span class='ocrx_word' id='word_1_808' title='bbox 1236 2611 1456 2634; x_wconf 80' lang='lat' dir='ltr'>rememorationem</span> <span class='ocrx_word' id='word_1_809' title='bbox 1478 2611 1529 2633; x_wconf 85' lang='lat' dir='ltr'>Vat.</span> <span class='ocrx_word' id='word_1_810' title='bbox 1548 2617 1600 2633; x_wconf 87' lang='lat' dir='ltr'>cum</span> <span class='ocrx_word' id='word_1_811' title='bbox 1618 2617 1665 2634; x_wconf 87' lang='lat' dir='ltr'>non</span> <span class='ocrx_word' id='word_1_812' title='bbox 1682 2611 1762 2640; x_wconf 86' lang='lat' dir='ltr'>paucis</span> <span class='ocrx_word' id='word_1_813' title='bbox 1778 2611 1847 2634; x_wconf 86' lang='lat' dir='ltr'>codd.</span> 
     </span>
     <span class='ocr_line' id='line_1_114' title="bbox 1007 2649 1337 2672; baseline -0.003 0"><span class='ocrx_word' id='word_1_814' title='bbox 1007 2649 1067 2672; x_wconf 80' lang='lat' dir='ltr'>tanti</span> <span class='ocrx_word' id='word_1_815' title='bbox 1083 2649 1337 2672; x_wconf 78' lang='lat' dir='ltr'>commemorationem.</span> 
     </span>
    </p>

    <p class='ocr_par' dir='ltr' id='par_1_24' title="bbox 1006 2686 1847 2795">
     <span class='ocr_line' id='line_1_115' title="bbox 1069 2686 1847 2716; baseline 0.001 -6"><span class='ocrx_word' id='word_1_816' title='bbox 1069 2686 1077 2700; x_wconf 84' lang='lat'>⁷</span> <span class='ocrx_word' id='word_1_817' title='bbox 1094 2689 1161 2710; x_wconf 83' lang='lat' dir='ltr'>Zacli.</span> <span class='ocrx_word' id='word_1_818' title='bbox 1180 2688 1220 2714; x_wconf 77' lang='lat'>42,</span> <span class='ocrx_word' id='word_1_819' title='bbox 1239 2689 1274 2710; x_wconf 72' lang='lat'>40.</span> <span class='ocrx_word' id='word_1_820' title='bbox 1292 2690 1313 2710; x_wconf 86' lang='lat' dir='ltr'>ct</span> <span class='ocrx_word' id='word_1_821' title='bbox 1331 2689 1390 2710; x_wconf 86' lang='lat' dir='ltr'>ioan.</span> <span class='ocrx_word' id='word_1_822' title='bbox 1409 2688 1449 2716; x_wconf 74' lang='lat'>49,</span> <span class='ocrx_word' id='word_1_823' title='bbox 1467 2688 1628 2716; x_wconf 83' lang='lat' dir='ltr'>37.—Supra</span> <span class='ocrx_word' id='word_1_824' title='bbox 1647 2691 1724 2711; x_wconf 83' lang='lat' dir='ltr'>contra</span> <span class='ocrx_word' id='word_1_825' title='bbox 1742 2689 1847 2711; x_wconf 88' lang='lat' dir='ltr'>meliores</span> 
     </span>
     <span class='ocr_line' id='line_1_116' title="bbox 1007 2725 1846 2754; baseline 0.002 -6"><span class='ocrx_word' id='word_1_826' title='bbox 1007 2726 1075 2748; x_wconf 87' lang='lat' dir='ltr'>codd.</span> <span class='ocrx_word' id='word_1_827' title='bbox 1094 2726 1143 2749; x_wconf 79' lang='lat' dir='ltr'>Vat.</span> <span class='ocrx_word' id='word_1_828' title='bbox 1160 2729 1213 2754; x_wconf 87' lang='lat' dir='ltr'>post</span> <span class='ocrx_word' id='word_1_829' title='bbox 1228 2725 1366 2749; x_wconf 81' lang='lat' dir='ltr'>dormientis</span> <span class='ocrx_word' id='word_1_830' title='bbox 1383 2726 1464 2749; x_wconf 84' lang='lat' dir='ltr'>omittit</span> <span class='ocrx_word' id='word_1_831' title='bbox 1481 2725 1505 2749; x_wconf 84' lang='lat' dir='ltr'>in</span> <span class='ocrx_word' id='word_1_832' title='bbox 1522 2732 1599 2750; x_wconf 79' lang='lat' dir='ltr'>cruce.</span> <span class='ocrx_word' id='word_1_833' title='bbox 1617 2727 1674 2749; x_wconf 79' lang='lat' dir='ltr'>infra</span> <span class='ocrx_word' id='word_1_834' title='bbox 1695 2727 1818 2750; x_wconf 80' lang='lat' dir='ltr'>OPRST</span> <span class='ocrx_word' id='word_1_835' title='bbox 1829 2727 1846 2750; x_wconf 92' lang='lat' dir='ltr'><strong>U</strong></span> 
     </span>
     <span class='ocr_line' id='line_1_117' title="bbox 1006 2764 1616 2795; baseline 0 -7"><span class='ocrx_word' id='word_1_836' title='bbox 1006 2765 1114 2795; x_wconf 73' lang='lat' dir='ltr'>aperiens</span> <span class='ocrx_word' id='word_1_837' title='bbox 1128 2764 1262 2794; x_wconf 75' lang='lat' dir='ltr'>perfoderet</span> <span class='ocrx_word' id='word_1_838' title='bbox 1279 2771 1320 2793; x_wconf 89' lang='lat' dir='ltr'>pro</span> <span class='ocrx_word' id='word_1_839' title='bbox 1337 2764 1462 2794; x_wconf 78' lang='lat' dir='ltr'>aperiendo</span> <span class='ocrx_word' id='word_1_840' title='bbox 1476 2764 1616 2795; x_wconf 76' lang='lat' dir='ltr'>perfoderet.</span> 
     </span>
    </p>

    <p class='ocr_par' dir='ltr' id='par_1_25' title="bbox 1006 2802 1847 2909">
     <span class='ocr_line' id='line_1_118' title="bbox 1068 2802 1847 2832; baseline 0.001 -7"><span class='ocrx_word' id='word_1_841' title='bbox 1068 2802 1077 2816; x_wconf 74' lang='lat'>⁸</span> <span class='ocrx_word' id='word_1_842' title='bbox 1096 2804 1154 2826; x_wconf 87' lang='lat' dir='ltr'>toan.</span> <span class='ocrx_word' id='word_1_843' title='bbox 1173 2803 1197 2831; x_wconf 87' lang='lat'>4,</span> <span class='ocrx_word' id='word_1_844' title='bbox 1217 2803 1257 2826; x_wconf 77' lang='lat'>¹4:</span> <span class='ocrx_word' id='word_1_845' title='bbox 1274 2804 1352 2832; x_wconf 85' lang='lat' dir='ltr'>Aqua,</span> <span class='ocrx_word' id='word_1_846' title='bbox 1369 2809 1439 2832; x_wconf 85' lang='lat' dir='ltr'>quam</span> <span class='ocrx_word' id='word_1_847' title='bbox 1456 2809 1500 2832; x_wconf 83' lang='lat' dir='ltr'>ego</span> <span class='ocrx_word' id='word_1_848' title='bbox 1517 2803 1578 2826; x_wconf 85' lang='lat' dir='ltr'>dabo</span> <span class='ocrx_word' id='word_1_849' title='bbox 1601 2804 1634 2832; x_wconf 84' lang='lat' dir='ltr'>ei,</span> <span class='ocrx_word' id='word_1_850' title='bbox 1652 2804 1690 2826; x_wconf 82' lang='lat' dir='ltr'>siet</span> <span class='ocrx_word' id='word_1_851' title='bbox 1706 2804 1730 2826; x_wconf 94' lang='lat' dir='ltr'>in</span> <span class='ocrx_word' id='word_1_852' title='bbox 1752 2810 1779 2826; x_wconf 90' lang='lat' dir='ltr'>eo</span> <span class='ocrx_word' id='word_1_853' title='bbox 1798 2805 1847 2827; x_wconf 80' lang='lat' dir='ltr'>sons</span> 
     </span>
     <span class='ocr_line' id='line_1_119' title="bbox 1006 2842 1847 2871; baseline 0.001 -7"><span class='ocrx_word' id='word_1_854' title='bbox 1006 2848 1080 2871; x_wconf 85' lang='lat' dir='ltr'>aquae</span> <span class='ocrx_word' id='word_1_855' title='bbox 1097 2842 1196 2864; x_wconf 84' lang='lat' dir='ltr'>salientis</span> <span class='ocrx_word' id='word_1_856' title='bbox 1221 2842 1242 2864; x_wconf 94' lang='lat' dir='ltr'>in</span> <span class='ocrx_word' id='word_1_857' title='bbox 1268 2842 1338 2864; x_wconf 86' lang='lat' dir='ltr'>vitam</span> <span class='ocrx_word' id='word_1_858' title='bbox 1364 2845 1488 2865; x_wconf 85' lang='lat' dir='ltr'>aeternam.</span> <span class='ocrx_word' id='word_1_859' title='bbox 1512 2842 1544 2865; x_wconf 86' lang='lat' dir='ltr'>De</span> <span class='ocrx_word' id='word_1_860' title='bbox 1562 2842 1658 2870; x_wconf 81' lang='lat' dir='ltr'>pertidia</span> <span class='ocrx_word' id='word_1_861' title='bbox 1683 2843 1756 2866; x_wconf 85' lang='lat' dir='ltr'>Saulis</span> <span class='ocrx_word' id='word_1_862' title='bbox 1773 2844 1814 2866; x_wconf 83' lang='lat' dir='ltr'>cfr.</span> <span class='ocrx_word' id='word_1_863' title='bbox 1833 2843 1847 2865; x_wconf 91' lang='lat' dir='ltr'>l.</span> 
     </span>
     <span class='ocr_line' id='line_1_120' title="bbox 1006 2880 1670 2909; baseline -0.002 -5"><span class='ocrx_word' id='word_1_864' title='bbox 1006 2882 1064 2909; x_wconf 81' lang='lat' dir='ltr'>ch.</span> <span class='ocrx_word' id='word_1_865' title='bbox 1087 2881 1124 2909; x_wconf 79' lang='grc'>19,</span> <span class='ocrx_word' id='word_1_866' title='bbox 1146 2882 1182 2908; x_wconf 86' lang='grc'>10;</span> <span class='ocrx_word' id='word_1_867' title='bbox 1200 2881 1267 2903; x_wconf 90' lang='lat' dir='ltr'>simul</span> <span class='ocrx_word' id='word_1_868' title='bbox 1285 2881 1406 2909; x_wconf 85' lang='lat' dir='ltr'>respicitur</span> <span class='ocrx_word' id='word_1_869' title='bbox 1422 2881 1490 2903; x_wconf 82' lang='lat' dir='ltr'>etiam</span> <span class='ocrx_word' id='word_1_870' title='bbox 1507 2880 1570 2904; x_wconf 87' lang='lat' dir='ltr'>Cant.</span> <span class='ocrx_word' id='word_1_871' title='bbox 1589 2882 1614 2908; x_wconf 83' lang='grc'>2,</span> <span class='ocrx_word' id='word_1_872' title='bbox 1633 2881 1670 2904; x_wconf 79' lang='lat'>44.</span> 
     </span>
    </p>

    <p class='ocr_par' dir='ltr' id='par_1_26' title="bbox 1008 2917 1846 2984">
     <span class='ocr_line' id='line_1_121' title="bbox 1069 2917 1846 2948; baseline 0.003 -8"><span class='ocrx_word' id='word_1_873' title='bbox 1069 2917 1078 2930; x_wconf 78' lang='lat'>⁹</span> <span class='ocrx_word' id='word_1_874' title='bbox 1095 2918 1225 2946; x_wconf 85' lang='lat' dir='ltr'>Respicitur</span> <span class='ocrx_word' id='word_1_875' title='bbox 1243 2919 1283 2941; x_wconf 87' lang='lat' dir='ltr'>ier.</span> <span class='ocrx_word' id='word_1_876' title='bbox 1311 2918 1352 2946; x_wconf 85' lang='lat'>48,</span> <span class='ocrx_word' id='word_1_877' title='bbox 1370 2919 1411 2945; x_wconf 84' lang='lat' dir='ltr'>2S;</span> <span class='ocrx_word' id='word_1_878' title='bbox 1436 2919 1520 2941; x_wconf 84' lang='lat' dir='ltr'>deinde</span> <span class='ocrx_word' id='word_1_879' title='bbox 1546 2920 1580 2942; x_wconf 67' lang='grc' dir='ltr'>ΡΞ.</span> <span class='ocrx_word' id='word_1_880' title='bbox 1598 2920 1641 2947; x_wconf 82' lang='grc'>83,</span> <span class='ocrx_word' id='word_1_881' title='bbox 1667 2919 1692 2948; x_wconf 87' lang='lat'>4;</span> <span class='ocrx_word' id='word_1_882' title='bbox 1716 2919 1773 2942; x_wconf 79' lang='lat' dir='ltr'>inst-a</span> <span class='ocrx_word' id='word_1_883' title='bbox 1798 2919 1846 2942; x_wconf 82' lang='lat' dir='ltr'>lsai.</span> 
     </span>
     <span class='ocr_line' id='line_1_122' title="bbox 1008 2957 1297 2984; baseline 0 -5"><span class='ocrx_word' id='word_1_884' title='bbox 1008 2958 1048 2984; x_wconf 81' lang='grc'>·12,</span> <span class='ocrx_word' id='word_1_885' title='bbox 1067 2958 1089 2980; x_wconf 90' lang='grc'>3.</span> <span class='ocrx_word' id='word_1_886' title='bbox 1106 2960 1127 2979; x_wconf 87' lang='lat' dir='ltr'>et</span> <span class='ocrx_word' id='word_1_887' title='bbox 1143 2957 1200 2980; x_wconf 88' lang='lat' dir='ltr'>Gen.</span> <span class='ocrx_word' id='word_1_888' title='bbox 1218 2958 1243 2984; x_wconf 79' lang='lat'>-2,</span> <span class='ocrx_word' id='word_1_889' title='bbox 1264 2957 1297 2979; x_wconf 86' lang='lat' dir='ltr'>to.</span> 
     </span>
    </p>
   </div>
   <div class='ocr_carea' id='block_1_20' title="bbox 1871 646 1972 689">
    <p class='ocr_par' dir='ltr' id='par_1_27' title="bbox 1871 646 1972 689">
     <span class='ocr_line' id='line_1_123' title="bbox 1871 646 1972 665; baseline 0 0"><span class='ocrx_word' id='word_1_890' title='bbox 1871 646 1935 665; x_wconf 86' lang='lat' dir='ltr'>Oratio</span> <span class='ocrx_word' id='word_1_891' title='bbox 1948 646 1972 665; x_wconf 87' lang='lat' dir='ltr'>ad</span> 
     </span>
     <span class='ocr_line' id='line_1_124' title="bbox 1881 670 1963 689; baseline -0.012 0"><span class='ocrx_word' id='word_1_892' title='bbox 1881 670 1963 689; x_wconf 83' lang='lat' dir='ltr'>Patrem.</span> 
     </span>
    </p>
   </div>
   <div class='ocr_carea' id='block_1_21' title="bbox 1864 878 1956 897">
    <p class='ocr_par' dir='ltr' id='par_1_28' title="bbox 1864 878 1956 897">
     <span class='ocr_line' id='line_1_125' title="bbox 1864 878 1956 897; baseline 0 0"><span class='ocrx_word' id='word_1_893' title='bbox 1864 878 1956 897; x_wconf 70' lang='lat' dir='ltr'>flou-tatio.</span> 
     </span>
    </p>
   </div>
   <div class='ocr_carea' id='block_1_22' title="bbox 1864 1666 1993 1732">
    <p class='ocr_par' dir='ltr' id='par_1_29' title="bbox 1864 1666 1993 1732">
     <span class='ocr_line' id='line_1_126' title="bbox 1876 1666 1993 1685; baseline -0.009 0"><span class='ocrx_word' id='word_1_894' title='bbox 1876 1666 1993 1685; x_wconf 83' lang='lat' dir='ltr'>Sanctissimi</span> 
     </span>
     <span class='ocr_line' id='line_1_127' title="bbox 1864 1690 1992 1708; baseline 0 0"><span class='ocrx_word' id='word_1_895' title='bbox 1864 1690 1926 1708; x_wconf 84' lang='lat' dir='ltr'>cordis</span> <span class='ocrx_word' id='word_1_896' title='bbox 1941 1695 1992 1708; x_wconf 81' lang='lat' dir='ltr'>arca-</span> 
     </span>
     <span class='ocr_line' id='line_1_128' title="bbox 1864 1719 1915 1732; baseline -0.02 0"><span class='ocrx_word' id='word_1_897' title='bbox 1864 1719 1915 1732; x_wconf 83' lang='lat' dir='ltr'>num.</span> 
     </span>
    </p>
   </div>
   <div class='ocr_carea' id='block_1_23' title="bbox 1865 2085 1956 2104">
    <p class='ocr_par' dir='ltr' id='par_1_30' title="bbox 1865 2085 1956 2104">
     <span class='ocr_line' id='line_1_129' title="bbox 1865 2085 1956 2104; baseline 0 0"><span class='ocrx_word' id='word_1_898' title='bbox 1865 2085 1956 2104; x_wconf 80' lang='lat' dir='ltr'>Ilm-tatio.</span> 
     </span>
    </p>
   </div>
  </div>
 </body>
</html>
