2133 3317
156 715 247 734 noriano.

155 1280 251 1304 Quaestio,

128 1309 185 1327 quare
211 1309 253 1327 pro·

129 1328 213 1345 trahatur
222 1332 253 1345 ex-

127 1351 200 1369 auditio
213 1356 253 1369 ora·

129 1375 207 1392 tionum.

142 2471 246 2495 Repetitio.

265 206 300 234 56

264 284 396 313 adversis.
419 283 495 311 Multi
513 282 594 311 etiam
613 284 691 315 sunt,
713 280 761 317 qui
776 280 868 309 divina
890 280 1058 309 charismata
1072 279 1116 308 vel

265 334 379 368 propter
401 330 558 359 caecitatem
582 337 636 357 non
665 328 838 364 intelligunt,
862 328 904 356 vel
926 330 1040 364 propter
1068 336 1116 356 ne-

265 378 422 416 gligentiam
453 377 530 405 vanis
557 375 786 412 occupationibus
808 375 937 412 perdunt.
965 375 1057 408 Unde,
1085 379 1117 403 ut

265 425 392 458 aestimo,
414 425 488 452 Deus
506 431 542 452 ex
558 430 624 451 suae
643 422 766 450 infinitae
787 421 918 450 bonitatis
932 421 1117 450 immensitate

265 480 374 508 semper
400 473 515 507 paratus
539 472 610 498 esset
637 469 722 505 magis
750 468 983 497 consolationibus
1005 468 1114 503 fovere,

265 527 349 555 quam
364 517 560 554 asperitatibus
574 516 730 549 deterrere,
746 515 767 544 si
784 516 909 545 homines
924 523 1012 552 aeque
1026 516 1118 552 dispo-

266 566 310 594 siti
333 567 439 598 essent,
466 566 498 592 ut
519 571 596 592 suam
626 562 747 591 divinam
769 562 982 591 consolationem
1012 562 1117 599 recipe-

266 615 343 645 rent;
366 619 437 648 quae
459 611 526 639 adeo
547 610 669 647 pretiosa
693 612 720 638 et
741 609 857 638 delicata
872 612 928 643 est,
951 609 1025 646 quod
1040 610 1117 638 nullo

266 659 347 687 modo
368 658 446 687 decet
460 658 504 686 vel
519 657 645 694 expedit,
667 659 698 685 ut
713 656 902 685 indifferenter
924 656 1053 685 omnibus
1068 656 1117 685 tri-

265 705 378 734 buatur.
395 722 429 725 —
440 705 482 733 Tu
497 713 572 741 ergo,
584 705 605 733 si
622 707 684 741 post
698 704 766 733 haee
778 703 826 732 tibi
843 703 984 740 proposita
998 704 1029 732 ad
1046 704 1117 732 hanc

266 753 387 790 aspiras,
410 752 487 786 vide,
510 752 583 789 quod
606 752 709 780 habeas
730 754 881 788 purgatum
904 750 1075 779 intellectum
1091 754 1118 779 et

265 801 335 830 hene
356 800 519 837 dispositum
542 800 687 833 assectum3
710 799 791 836 quia,
813 798 967 827 secundum
990 798 1118 835 Augusti-

265 848 365 881 num1,
399 855 569 876 «summum
601 847 704 875 bonum
740 854 794 874 non
826 846 877 874 nisi
915 846 1118 882 purgatissimis

265 895 405 924 mentibus
420 895 545 924 cernitur
560 905 591 927 »;
607 897 634 923 et
655 898 735 931 puto,
757 894 831 931 quod
847 894 935 922 multo
956 893 1048 922 minus
1063 901 1117 921 non

265 943 317 972 nisi
348 942 427 971 valde
456 942 526 971 bene
550 942 689 978 dispositis
718 941 862 970 affectibus
896 941 1069 977 degustetur.
1098 940 1117 968 A

267 989 362 1018 multis
383 989 456 1018 enim
479 989 505 1017 in
529 989 580 1017 hac
599 989 655 1017 vita
676 988 754 1017 valde
776 988 888 1025 limpide
910 988 1080 1024 speculatur,
1102 996 1118 1016 a

265 1037 368 1074 quibus
390 1039 480 1065 tamen
497 1036 608 1064 minime
627 1035 799 1072 degustatur.
816 1035 985 1072 Augustinus
998 1035 1021 1062 2:
1042 1046 1055 1059 «
1067 1035 1117 1063 Fac

265 1091 322 1117 me,
338 1082 461 1116 Domine,
476 1090 585 1119 precor,
601 1085 713 1119 gustare
728 1090 777 1118 per
792 1081 921 1110 affectum
937 1080 1011 1117 quod
1029 1080 1118 1109 sentio

265 1138 315 1167 per
337 1129 527 1163 intellectum;
556 1129 597 1157 sac
620 1136 664 1157 me
696 1128 798 1157 sentire
819 1136 869 1165 per
897 1136 1020 1156 amorem
1043 1127 1118 1164 quod

265 1177 353 1206 sentio
375 1185 423 1213 per
445 1176 612 1213 agnitionem
627 1187 654 1204 ».

347 1224 390 1253 13.
414 1224 513 1252 Aurini.
536 1223 600 1257 Dic,
630 1230 748 1260 quaese,
770 1231 786 1251 o
811 1223 910 1257 homo,
933 1230 1004 1259 quae
1026 1222 1118 1259 dispo-

266 1271 328 1301 sitio
349 1271 430 1300 debet
451 1271 478 1299 in
501 1271 600 1299 aflectu
622 1273 650 1299 et
670 1270 812 1298 intellectu
831 1270 1012 1306 praecedere,
1028 1273 1060 1298 ut
1076 1270 1117 1298 vel

266 1319 362 1348 saltem
391 1318 425 1347 ad
446 1318 582 1346 modicam
611 1317 710 1346 mentis
732 1316 893 1345 ebrietatem
923 1317 1028 1345 valeam
1057 1325 1117 1345 cae-

267 1366 362 1395 lestem
378 1365 551 1394 dulcedinem
567 1364 776 1401 contemplando
791 1364 959 1401 degustare?
977 1364 1029 1392 [am
1045 1364 1117 1392 enim

266 1413 372 1442 dudum
394 1413 421 1441 in
451 1413 638 1450 speculatione
660 1414 781 1440 mentem
807 1411 975 1445 exercitavi,
997 1414 1024 1440 et
1045 1411 1117 1445 heu,

266 1460 358 1488 adhuc
380 1468 541 1496 nunquam,
563 1462 595 1487 ut
617 1459 715 1493 timeO,
738 1458 781 1487 vel
803 1458 939 1487 modicam
964 1458 1065 1486 stillam
1086 1459 1118 1486 il-

266 1507 321 1536 lius
342 1507 466 1536 caelestis
495 1507 649 1535 dulcedinis
670 1506 751 1535 sensi.
775 1506 860 1534 Multa
890 1506 924 1534 de
953 1506 1116 1534 Sanctorum

265 1554 322 1582 vita
343 1558 369 1583 et
390 1555 599 1583 conversatione
621 1554 686 1591 legi,
709 1554 798 1582 multa
812 1553 845 1582 de
867 1556 983 1587 natura,
1005 1553 1038 1581 de
1053 1561 1117 1589 ope-

265 1601 443 1630 rationibus³
465 1604 492 1630 et
512 1601 657 1630 ordinibus
678 1601 859 1637 Angelorum,
882 1601 1014 1629 nonnulla
1035 1600 1117 1629 etiam

265 1648 316 1685 legi
333 1648 366 1677 de
381 1648 526 1677 ineffabilis
542 1648 698 1676 Divinitatis
719 1648 839 1681 unitate,
854 1647 887 1676 de
909 1647 1118 1683 incomprehen-

265 1695 336 1723 sibili
358 1695 514 1723 Divinitatis
536 1695 684 1728 Trinitate,
709 1702 792 1731 quam
816 1695 897 1731 plura
917 1694 951 1723 de
972 1694 1116 1722 Beatorum

264 1742 390 1770 omnium
411 1741 604 1770 inaestimabili
626 1741 767 1775 felicitate,
789 1744 816 1769 et
837 1741 948 1778 qnando
969 1740 1118 1777 praedIctis

814 202 1011 231 OPUSCULUM
1032 202 1061 230 11.
1084 200 1315 237 SOLlLOQUlUM.
1337 201 1405 229 CAP.
1428 201 1470 229 IV.

1174 282 1258 307 totam
1280 282 1401 307 mentem
1422 280 1568 316 occupavi,
1583 280 1652 313 heu,
1668 280 1759 308 adhuc
1781 280 1873 308 ieiuna
1893 283 1920 309 et
1941 280 2025 309 fame-

1174 326 1226 355 lica
1247 326 1385 363 permansi
1408 329 1435 354 et
1456 334 1519 355 cum
1541 327 1622 355 beato
1643 327 1818 363 Augustino4
1839 335 1948 364 semper
1970 328 2024 356 cla-

1174 372 1261 401 mavi:
1289 373 1368 401 «Fac
1389 380 1448 406 me,
1477 373 1690 402 clementissime
1712 374 1805 408 Pater,
1835 377 1947 410 gustare
1976 382 2024 410 per

1173 419 1302 448 affectum
1318 419 1391 456 quod
1414 419 1502 448 sentio
1517 427 1566 456 per
1588 420 1756 449 intellectum
1773 433 1800 455 »,
1815 424 1841 449 et
1863 423 1954 449 tamen
1969 429 2024 450 non

1173 466 1285 503 proieci.
1308 466 1423 502 Saepius
1444 466 1526 495 etiam
1547 467 1628 503 longo
1650 467 1741 495 studio
1762 467 1874 504 fatigata
1895 472 1922 496 et
1944 467 2025 496 inihi-

1173 513 1282 550 metipsi
1305 513 1375 541 irata
1390 513 1504 541 clamavi
1527 521 1591 542 cum
1614 514 1766 551 Propheta:
1788 515 1951 552 Usquequo,
1969 515 2024 543 Do-

1174 560 1266 594 mine,
1289 560 1467 589 oblivisceris
1487 569 1532 589 me
1560 560 1591 589 in
1611 560 1716 597 fiuenu
1738 569 1886 599 usquequo
1914 561 2024 590 avertis

1173 607 1281 645 faeiem
1297 611 1379 635 tuum
1401 616 1421 635 (t
1436 607 1500 636 me?
1519 607 1598 644 quia,
1614 607 1664 636 etsi
1686 616 1731 636 me
1745 608 1883 645 indignam
1899 608 1932 637 ad
1948 616 2024 637 man-

1174 654 1333 683 ducandum
1362 654 1482 682 filiorum
1516 662 1613 690 panem
1646 654 1780 688 iudicavi,
1813 655 1896 683 micas
1927 655 2024 684 saltem

1174 700 1374 729 minutissimas
1394 700 1551 729 decidentes
1572 708 1635 729 cum
1656 709 1754 737 magno
1774 701 1910 730 desiderio
1925 709 2025 738 exspe-

1175 747 1261 781 ctavi;
1283 747 1330 776 sed
1347 748 1418 781 heu,
1440 750 1472 775 ut
1486 747 1661 784 frequentius
1683 751 1779 785 aperto
1800 756 1848 777 ore
1866 748 1976 778 inhians
1994 748 2025 777 m

1174 802 1304 823 vacuum
1325 794 1461 823 laboravi
1472 795 1483 811 ⁵
1496 794 1505 822 J

1257 842 1300 870 14.
1325 842 1409 870 Hono.
1432 842 1455 870 0
1476 841 1579 875 anima,
1596 841 1749 878 praedicta,
1771 850 1843 878 quae
1865 842 2026 871 lamentabi-

1175 889 1237 917 liter
1259 896 1288 917 es
1316 892 1483 926 conquesta,
1505 888 1634 917 accidunt
1654 896 1690 917 ex
1718 889 1821 925 duplici
1851 897 1949 918 causa:
1978 889 2027 918 ali-

1174 936 1285 973 quando
1306 944 1342 965 ex
1373 936 1449 964 valde
1471 936 1516 973 pia
1543 939 1570 965 et
1592 936 1733 965 salutifera
1761 936 1869 965 divinae
1897 936 2027 966 bonitatis

1174 983 1390 1020 dispensatione;
1412 983 1486 1012 unde
1507 983 1658 1020 Gregorius
1681 983 1706 1011 in
1729 984 1916 1013 MoralibusG:
1944 996 1957 1009 (1
1972 984 2026 1013 Dif-

1174 1031 1248 1059 ferre
1269 1031 1338 1059 solet
1361 1031 1438 1060 Pater
1459 1031 1601 1068 piissimus
1621 1039 1702 1060 voces
1724 1031 1876 1068 petentium
1903 1032 1936 1060 ad
1958 1035 2026 1060 tem-

1175 1086 1240 1114 pus,
1262 1081 1294 1106 ut
1314 1078 1450 1107 desideria
1478 1081 1605 1107 crescant
1625 1081 1652 1107 et
1672 1086 1704 1107 eo
1725 1079 1812 1115 magis
1837 1078 2025 1107 exaudiantur

1175 1125 1208 1153 ad
1236 1125 1385 1159 meritum,
1414 1133 1470 1162 quo
1499 1125 1581 1154 citius
1608 1134 1663 1153 non
1692 1125 1884 1154 exaudiuntur
1916 1126 1951 1154 ad
1979 1134 2026 1154 vo-

1176 1175 1277 1200 tum».
1311 1172 1383 1201 Idem
1415 1172 1442 1200 in
1476 1172 1628 1201 Homilia⁷:
1663 1173 1790 1201 «Sancta
1820 1172 1956 1201 desideria
1986 1172 2027 1201 di-

1177 1219 1276 1247 latione
1308 1222 1455 1253 crescunt3
1478 1219 1499 1247 si
1532 1223 1623 1248 autem
1647 1219 1776 1248 dilatione
1808 1219 1958 1254 deficiunt,
1980 1219 2027 1248 de-

1175 1266 1276 1295 sideria
1297 1275 1351 1295 non
1372 1266 1488 1295 suerunt
1502 1267 1626 1295 >›.vDeus
1647 1266 1735 1301 enirn,
1758 1266 1886 1303 quamvis
1901 1275 1951 1303 per
1969 1266 2026 1303 pie-

1176 1317 1257 1343 tatem
1281 1314 1316 1342 sit
1337 1314 1582 1348 clementissimus,
1601 1317 1693 1343 tamen
1708 1314 1856 1351 aliquando
1877 1314 2025 1351 contingit,

1175 1362 1248 1399 quod
1271 1362 1323 1390 hoc
1351 1361 1425 1398 quod
1452 1361 1633 1397 libentissime
1665 1362 1779 1395 tribuit,
1811 1362 1963 1398 protrahit,
1995 1365 2026 1391 ut

1176 1412 1206 1437 tu
1227 1409 1316 1438 discas
1338 1417 1436 1445 magna
1458 1409 1577 1437 multum
1599 1412 1626 1437 et
1657 1409 1787 1438 ardenter
1813 1409 1971 1438 desiderare
1999 1412 2027 1438 et

1174 1457 1272 1493 adepta
1284 1456 1428 1485 sollicitius
1439 1464 1502 1485 cum
1515 1456 1668 1493 gratiarum
1683 1456 1790 1485 actione
1802 1464 1975 1485 conservare.
1987 1473 2026 1477 —-

1175 1504 1327 1540 Aliquando
1348 1507 1441 1532 autem
1464 1503 1629 1532 beneficium
1650 1504 1789 1540 protrahit
1803 1512 1839 1532 ex
1861 1504 2026 1540 postulantis

1176 1551 1329 1579 inordinata
1345 1550 1531 1586 dispositione.
1554 1550 1711 1578 Bernardus
1723 1550 1748 1578 ⁸:
1776 1562 1789 1575 «
1805 1550 1885 1579 Errat
1899 1550 2025 1585 omnino,

1175 1598 1197 1626 si
1219 1598 1282 1634 quis
1304 1597 1377 1625 illam
1400 1597 1544 1626 caelestem
1567 1597 1741 1626 dulcedinem
1770 1597 1836 1626 huic
1861 1597 1963 1632 cineri,
1985 1598 2026 1626 di-

1175 1645 1270 1673 vinum
1292 1644 1361 1673 illud
1388 1644 1543 1673 balsamum
1566 1644 1632 1673 huic
1658 1652 1795 1673 venenoso
1816 1645 1931 1682 gaudio,
1961 1645 2026 1674 cha-

1174 1692 1288 1721 rismata
1313 1692 1360 1720 illa
1388 1691 1507 1728 Spiritus
1529 1692 1615 1720 sancti
1644 1692 1729 1720 huius
1757 1692 1858 1721 saeculi
1888 1692 2026 1721 illecebris

1174 1739 1284 1768 misceri
1306 1739 1459 1767 arbitratur
1474 1751 1501 1767 ».

1029 1875 1190 1904 Carneum
1217 1875 1258 1903 lv.

326 2000 474 2036 Quomodo
496 2000 600 2028 uuimct
620 2009 673 2038 per
694 1999 815 2028 mensale
836 1999 1005 2028 exercitium
1028 1998 1127 2027 debeat
1150 1998 1273 2027 rudium
1294 1998 1544 2035 eontemplutioru's
1566 1997 1708 2035 reflectere
1730 1998 1770 2026 ad
1790 1998 1963 2035 superiora,

528 2054 558 2079 ut
582 2051 677 2079 videat
697 2051 849 2079 duodecim
868 2050 985 2087 gyuuclt'st
1006 2049 1080 2078 euelz'
1100 2053 1167 2078 orta
1188 2058 1222 2077 ex
1245 2049 1482 2086 contemplatione
1503 2048 1545 2077 vel
1567 2048 1761 2086 inferiorum,

740 2101 781 2130 vet
801 2102 994 2135 exteriorum,
1016 2101 1058 2129 vel
1080 2101 1265 2134 interiorum,
1288 2100 1330 2128 vel
1350 2100 1549 2137 superiorum.

653 2226 670 2260 ξ
699 2226 722 2252 i.

495 2327 525 2350 De
542 2326 625 2356 gaudio
643 2325 738 2349 caelesti
755 2325 778 2348 in
796 2332 884 2355 genere.

346 2415 369 2442 1.
392 2415 478 2443 Hono.
501 2413 551 2442 Sed
574 2413 641 2447 iam,
663 2421 679 2441 0
700 2412 805 2446 anima,
827 2420 862 2441 ne
883 2412 989 2441 diutius
1011 2415 1036 2440 te
1051 2420 1115 2449 pro-

263 2462 372 2490 traham
395 2469 445 2490 nec
466 2460 585 2497 amplius
606 2463 632 2489 te
651 2468 701 2497 per
723 2459 957 2496 exspectationem
980 2459 1114 2496 affligam;

1142 2224 1144 2235 ¹
1172 2231 1261 2260 purga
1282 2223 1454 2251 intellectum
1475 2231 1491 2251 a
1513 2223 1591 2251 vanis
1612 2226 1639 2251 et
1660 2223 1805 2252 inutilibus
1826 2223 2024 2260 phantasmati-

1172 2270 1240 2304 bus,
1262 2278 1278 2298 a
1299 2270 1474 2298 naturalibus
1496 2273 1523 2299 et
1544 2270 1661 2298 curiosis
1684 2270 1854 2304 rationibus,
1876 2270 1910 2299 ab
1929 2274 2024 2299 extra-

1172 2317 1231 2345 neis
1252 2320 1279 2345 et
1301 2316 1458 2345 scientificis
1479 2317 1716 2354 occupationibus.
1739 2317 1829 2354 Purga
1850 2317 1930 2346 etiam
1954 2316 2023 2356 affe-

1173 2368 1251 2393 ctum
1273 2373 1289 2392 a
1310 2364 1406 2401 culpa,
1429 2373 1445 2392 a
1466 2364 1563 2401 culpae
1578 2364 1703 2401 sequela,
1725 2373 1741 2393 a
1762 2365 1860 2401 culpae
1881 2365 2023 2394 occasione

1173 2412 1216 2441 vel
1237 2420 1328 2440 causa.
1346 2412 1425 2448 Erige
1441 2411 1588 2446 rationem,
1610 2411 1694 2440 dilata
1714 2415 1741 2440 et
1756 2411 1882 2448 expande
1903 2412 2023 2441 affectio-

1172 2466 1235 2487 nem
1251 2462 1278 2487 et
1293 2458 1374 2487 intra
1390 2459 1420 2487 iu
1433 2459 1581 2496 gaudium
1599 2459 1716 2487 Domz'm'
1727 2459 1747 2492 ⁰,
1763 2459 1841 2497 quod
1855 2468 1905 2488 nee
1920 2459 2023 2488 oculus

326 2619 333 2632 ²
352 2619 412 2642 Libr.
431 2620 445 2641 l.
464 2619 492 2641 de
511 2619 575 2641 Trin.
593 2625 611 2641 6.
631 2620 652 2641 2.
669 2625 692 2640 n.
711 2619 732 2641 »1.
754 2618 801 2641 Cl'r.
824 2619 838 2640 1.
863 2619 925 2641 Seni.
947 2618 978 2640 lit.
1000 2618 1115 2646 Magistri,

263 2660 285 2682 d.
302 2661 327 2682 ll.
344 2666 364 2682 6.
385 2660 403 2686 1,
421 2661 443 2681 et
460 2658 515 2680 ibid.
533 2658 662 2681 Continent.
680 2657 737 2680 dub.
759 2659 776 2679 1.

325 2697 334 2710 2
352 2699 384 2720 De
401 2697 543 2720 Gonu-itione
560 2697 637 2719 cordis
655 2697 722 2722 (inter
739 2703 809 2724 opera
831 2696 951 2725 Augusta,
969 2703 989 2719 c.
1007 2698 1028 2718 2.
1051 2697 1113 2719 1116111

262 2738 317 2760 dicit
333 2737 445 2765 Anselm.‚
463 2737 562 2759 Meditat.
581 2737 618 2758 11.
635 2737 657 2758 in
676 2736 732 2764 sine;
750 2737 789 2758 cfr.
807 2742 878 2764 supra
894 2742 948 2764 pag.
961 2737 1003 2765 35,
1021 2739 1074 2758 nota
1092 2736 1114 2758 6.

326 2775 334 2788 ³
353 2776 424 2798 Codd.
443 2776 460 2798 Α
471 2775 513 2798 CE
530 2775 648 2805 operibus.
860 2803 866 2807 ι

325 2815 334 2826 ⁴
352 2815 412 2837 Yidc
431 2821 502 2842 supra
520 2817 598 2836 notam
617 2816 638 2836 2.
655 2826 686 2831 —
703 2814 812 2843 Sequitur
834 2815 870 2837 Ps.
894 2815 933 2843 12,
952 2815 975 2841 l,
996 2814 1032 2836 6111
1050 2814 1113 2842 Vat.7

262 2852 434 2881 refragantibus
453 2853 588 2879 ACDFL,
611 2853 737 2880 praemittit
758 2853 917 2882 emper-tundo
939 2852 1026 2881 micus,
1054 2859 1114 2882 (sicae

262 2892 351 2916 cadunt
368 2892 395 2915 de
412 2898 494 2915 mensa
512 2891 664 2915 dominorum
684 2891 708 2914 ιή
725 2892 783 2915 aula.
800 2892 897 2915 caelica.

325 2931 334 2943 ⁵
353 2931 403 2953 lsai.
421 2930 463 2958 49,
482 2931 503 2953 4.
521 2931 563 2953 Pro
580 2937 684 2954 vacuum
702 2931 770 2953 AEL
789 2936 886 2953 vanum.

325 2969 334 2982 ὓ
351 2970 413 2992 Libr.
430 2970 481 2992 XX.
499 2976 518 2992 e.
537 2970 575 2992 31.
592 2976 615 2992 n.
632 2970 669 2992 (51.

326 3009 333 3022 ⁷
351 3009 412 3032 Libr.
430 3010 453 3032 11.
471 3010 552 3032 IIomil.
570 3010 594 3031 111
612 3010 699 3037 Evang.
717 3010 796 3032 homil.
814 3010 852 3032 23.
869 3016 891 3032 n,
909 3010 932 3032 2.

1235 2616 1244 2629 ³³
1263 2618 1336 2639 Serm.
1354 2618 1375 2640 5.
1394 2618 1416 2639 in
1431 2617 1570 2640 Ascensione
1582 2617 1686 2643 Domini,
1698 2623 1721 2639 n.
1735 2617 1772 2639 t3.
1784 2617 1826 2639 Pro
1839 2622 1953 2640 venenoso
1965 2622 2023 2646 yuu-

1143 2660 1144 2679 1
1171 2657 1209 2680 (llo
1227 2658 1243 2679 A
1254 2657 1297 2680 CI)
1308 2658 1347 2679 EF
1358 2658 1373 2679 L
1391 2663 1506 2680 venenoso
1526 2662 1609 2684 coeno,
1631 2657 1637 2679 l
1655 2663 1708 2679 611111
1726 2659 1786 2679 textu
1802 2657 1906 2684 originali
1918 2662 2022 2684 *remum

1172 2698 1211 2719 cfr.
1229 2703 1299 2724 supra
1318 2703 1371 2725 pag.
1389 2697 1431 2719 550.
1449 2700 1500 2718 nota
1519 2697 1541 2718 2.
1559 2697 1611 2718 Post
1623 2697 1684 2718 hunc
1696 2696 1772 2718 10611111
1785 2696 1912 2724 capitulum
1929 2696 2021 2718 tertium

1172 2736 1253 2758 finiunt
1269 2736 1286 2758 Α
1297 2736 1312 2759 C
1323 2737 1328 2758 1
1339 2737 1368 2762 L,
1381 2742 1440 2764 quos
1452 2742 1533 2758 sumus
1549 2736 1634 2762 secuti5
1651 2736 1691 2758 cfr.
1706 2741 1777 2763 supra
1795 2741 1848 2763 pag.
1867 2735 1909 2761 55,
1929 2739 1981 2757 nota
1998 2735 2022 2757 7.

1171 2775 1192 2797 iu
1211 2775 1264 2797 fine..
1281 2775 1337 2797 Cod.
1356 2776 1374 2797 M
1393 2775 1513 2802 adiungit:
1536 2775 1600 2797 Unde
1622 2774 1748 2802 Gregorius
1771 2773 1822 2803 [cfr.
1845 2774 1924 2796 xviii.
1944 2774 2021 2796 Moral.

1170 2820 1191 2836 6.
1209 2814 1245 2836 111.
1264 2821 1285 2836 11.
1304 2815 1341 2836 66.
1359 2817 1380 2836 et
1396 2820 1466 2842 supra
1484 2820 1503 2836 e.
1522 2814 1543 2836 2.
1560 2820 1583 2835 n.
1605 2814 1622 2835 Ι.
1645 2816 1667 2835 et
1688 2820 1711 2835 n.
1734 2814 1756 2835 8.
1777 2813 1801 2835 in
1819 2812 1885 2842 fineJ:
1906 2821 1917 2832 «ι
1930 2813 2021 2841 Quanto

1170 2853 1222 2881 plus
1246 2854 1315 2875 homo
1338 2853 1361 2875 in
1385 2854 1433 2875 istis
1455 2853 1551 2875 terrenis
1573 2853 1709 2881 delectatur,
1728 2855 1789 2874 (anto
1808 2853 1883 2880 magis
1900 2858 1911 2874 a
1929 2852 2020 2874 caelesti

1170 2892 1270 2914 amicilia
1288 2895 1309 2914 et
1326 2893 1434 2915 5061611116
1457 2892 1598 2920 disiungitur
1618 2895 1641 2914 et
1662 2892 1782 2919 elongatur
1794 2900 1815 2913 ».
1833 2892 1881 2914 Non
1903 2891 1965 2913 6111111
1984 2891 2020 2913 1116

1170 2934 1276 2953 ventrem
1294 2934 1316 2953 ct
1333 2931 1364 2953 ibi
1383 2934 1482 2953 mentem
1500 2931 1553 2960 quis
1570 2931 1654 2958 poterit
1672 2931 1775 2958 implere.

1233 2969 1242 2982 ⁰
1260 2971 1336 2992 Matth.
1354 2970 1396 2997 25,
1415 2971 1439 2992 ΞΙ
1450 2987 1455 2997 ,
1474 2973 1526 2998 post
1544 2976 1614 2999 quem
1632 2971 1646 2992 l.
1664 2970 1716 2993 Cor.
1728 2971 1754 2998 2,
1769 2970 1790 2992 9.
1803 2969 1847 2992 Csr.
1860 2970 1876 2992 1.
1889 2970 1948 2991 Sent.
1962 2969 1984 2991 d.
1997 2969 2018 2991 2.

1170 3009 1226 3032 dub.
1248 3010 1266 3031 1.

2041 850 2110 873 Duplex
2125 853 2133 872 11

2063 857 2124 898 auerti}

2045 897 2110 917 Prima.
2120 899 2123 920 1

2043 1508 2122 1527 Secunda
