2133 3317
542 218 739 247 OPUSCULUM
759 219 801 247 XI.
823 219 984 248 APOLOGIA
1005 220 1186 250 PAUPERUM.
1209 221 1277 250 CAP.
1299 221 1352 250 XII.

3 309 35 335 μω
46 311 64 325 ιν
78 297 236 328 huiusmodi
256 304 412 334 pauperum
434 295 651 333 praedicantium
665 296 781 330 raritas,
806 299 838 324 ut
852 296 920 325 illud

9 334 64 350 πη
79 343 264 381 evangelicum
275 344 285 360 ¹
295 343 437 372 videretur
448 342 556 379 impleri
567 353 574 370 :
585 342 685 370 Mes-sis
692 342 807 380 quidem
816 342 919 376 multa,

1 399 61 425 gurim.
78 390 209 429 operarii
228 393 324 418 autem
343 389 443 427 pauci.
465 389 543 426 Quod
572 392 745 426 pertractans
769 389 920 426 Gregorius

77 438 128 467 ait:
164 448 178 462 «
193 436 275 470 Ecce,
306 436 428 465 mundus
458 436 647 465 sacerdotibus
678 434 780 472 plenus
810 439 864 470 est,
893 438 920 464 et

78 487 167 513 tamen
188 483 215 511 in
237 490 325 512 messe
346 483 394 511 Dei
416 490 498 512 rarus
519 483 660 512 invenitur
674 483 827 520 operarius.
843 483 919 517 Nam,

77 530 126 560 etsi
147 532 212 558 sunt
233 529 281 566 qui
302 529 374 558 bona
394 529 522 563 audiant,
544 529 644 558 desunt
665 529 712 566 qui
734 529 839 564 dicant,
854 529 920 566 quia

77 576 196 606 officium
217 576 330 613 quidem
362 575 530 605 sacerdotale
557 576 745 613 suscepimUS,
771 576 818 605 sed
849 584 920 612 opus

76 623 156 653 officii
177 631 231 651 non
253 623 400 660 implemus
414 634 441 651 n.

154 670 179 698 9.
195 670 334 706 Quantum
349 677 416 698 vero
430 669 640 706 praedicationis
654 677 724 706 opus
739 669 774 697 sit
785 669 919 697 Ecclesiae

77 716 280 750 necessarium,
301 715 329 744 in
351 723 380 744 se
401 715 477 752 pium
499 718 526 744 et
540 716 596 744 Deo
608 718 762 752 acceptum,
777 715 919 744 manifeste

77 762 194 792 ostendit
214 762 427 799 Chrysostomus
448 769 532 798 super
553 762 720 790 Matthaeum
743 761 855 790 homilia
879 761 919 790 vi—

77 809 178 847 gesima
199 809 316 845 septima
330 810 350 843 ²³,
371 808 439 837 illud
460 811 582 837 tractans
603 808 720 837 verbum
734 808 918 842 dominicum,

76 855 149 893 quod
170 855 305 891 discipulo
325 854 397 883 dixit
411 858 517 891 patrem
533 854 649 891 sepelire
663 854 780 883 volenti:
805 854 920 882 Dimitte

76 906 205 932 mortuos
224 901 342 939 sepelire
362 905 493 930 mortuos
512 909 598 935 suos,
621 905 652 929 til
674 904 770 929 autem
801 901 874 929 vade
895 904 921 929 el

76 949 223 978 annuntia
244 956 368 985 regnum
390 947 449 976 Dei.
476 947 517 975 Ait
548 947 638 976 enim:
674 958 688 972 α
704 947 833 984 Nunquid
864 955 919 975 non

75 998 134 1024 erat
154 994 359 1032 ingratitudinis
373 997 489 1022 naturae
503 1002 558 1022 non
572 993 661 1028 adire,
676 1001 740 1022 cum
755 994 920 1030 sepeliretur

76 1044 172 1080 pater?
193 1041 337 1070 Prohibuit
357 1049 423 1078 ergo
443 1049 523 1074 eum,
546 1044 718 1074 monstrans,
749 1040 823 1077 quod
852 1040 920 1069 nihil

77 1088 239 1118 caelestibus
258 1088 376 1125 negotiis
389 1088 477 1124 magis
492 1087 679 1116 necessarium
699 1095 760 1116 esse
779 1090 921 1124 oporteret

77 1138 103 1165 et
123 1142 214 1172 neque
234 1142 332 1171 parum
355 1134 480 1168 tardare,
511 1134 562 1163 etsi
586 1134 665 1163 valde
697 1134 864 1163 inevitabilia
894 1137 921 1163 et

77 1181 217 1211 incitantia
236 1181 340 1210 fuerint
360 1189 432 1218 quae
453 1181 642 1210 retrahunt».
664 1181 732 1209 Cum
764 1181 848 1218 igitur
878 1190 920 1209 se-

73 1229 164 1267 petire
182 1232 298 1266 patrem
319 1228 354 1257 sit
367 1236 482 1265 magnae
496 1228 605 1265 pietatis
619 1236 704 1265 opus;
726 1232 753 1257 et
768 1228 919 1257 secundum

76 1275 224 1313 sapientiae
244 1275 352 1304 divinae
366 1275 502 1303 dictamen
523 1274 621 1303 maiori
644 1275 715 1303 bono
735 1275 827 1303 minus
841 1282 921 1311 prae-

76 1322 142 1352 ferri
162 1330 218 1351 non
237 1321 337 1351 debet:
358 1321 543 1358 relinquitur,
565 1321 639 1358 quod
669 1321 782 1350 maioris
813 1321 921 1358 pietatis

77 1372 118 1398 est
131 1369 291 1406 praedicare
306 1368 422 1397 verbum
438 1368 535 1397 salutis
550 1376 633 1405 quam
649 1367 739 1397 facere
752 1376 822 1405 opus
833 1376 921 1405 quan-

76 1419 258 1452 tumcumque
287 1414 492 1443 misericordiae
523 1414 715 1451 corporalis¹³3
741 1414 822 1451 digne
859 1415 920 1452 qui-

76 1462 153 1497 dem,
175 1469 226 1498 pro
246 1469 279 1490 eo
300 1461 374 1498 quod
395 1461 576 1497 spiritualiter
598 1468 647 1497 per
661 1461 752 1498 ipsum
771 1461 880 1490 cibatur
894 1464 922 1490 et

76 1511 203 1545 potatur,
224 1508 342 1537 vestitur
363 1511 390 1536 et
410 1507 529 1544 hospitio
544 1507 697 1544 colligitur,
712 1507 747 1536 ab
761 1508 921 1536 infirmitate

77 1555 216 1584 relevatur
237 1557 265 1583 et
284 1562 301 1583 a
320 1554 438 1583 vinculis
458 1557 486 1583 et
513 1557 603 1582 morte
631 1554 778 1583 redimitur
806 1554 921 1591 spiritns

77 1601 110 1630 ad
130 1601 276 1638 imaginem
298 1601 347 1630 Dei
368 1601 465 1630 factus.
489 1601 520 1629 Et
534 1601 610 1635 ideo,
632 1609 696 1630 cum
711 1601 803 1638 gravis
814 1601 850 1629 sit
863 1609 921 1630 sce-

77 1648 142 1678 leris
162 1648 311 1685 prohibere
333 1656 501 1685 quemquam
529 1648 563 1677 ab
594 1648 725 1685 operibus
755 1648 864 1685 pietatis
894 1651 921 1677 et

77 1694 281 1724 misericordiae
301 1694 467 1731 corporalis,
490 1694 570 1731 longe
584 1694 696 1723 maioris
708 1694 854 1731 impietatis
868 1694 922 1723 erit

77 1744 161 1779 atque
182 1741 312 1778 perfidiae
339 1741 425 1770 divini
455 1741 533 1770 verbi
555 1741 689 1770 ministris
709 1740 813 1770 idoneis
834 1741 922 1778 impe-

77 1787 197 1817 dimenta
217 1787 358 1825 praebere.
381 1787 502 1817 Pensatis
523 1788 608 1824 igitur
622 1787 784 1816 multiformi
803 1787 921 1817 utilitate

78 1837 161 1872 atque
181 1834 343 1864 necessitate
364 1834 461 1863 salutis
475 1834 646 1868 animarum,
668 1834 866 1863 numerositate
880 1835 921 1863 in-

140 1994 148 2007 ¹
166 1995 242 2018 Matth.
261 1995 288 2023 9,
312 1995 348 2018 37.
365 2007 396 2012 —
414 1996 530 2018 Sententia
552 1996 656 2023 Gregorii
682 1995 779 2018 habetur
805 1997 820 2019 1.
840 1997 923 2019 llomil.

79 2034 102 2057 in
118 2035 204 2062 Evang.
221 2034 298 2057 homil.
317 2035 353 2057 117.
370 2041 392 2057 n.
411 2035 438 2062 3,
455 2034 494 2057 ubi
507 2038 582 2057 tamen
593 2035 650 2057 ordo
663 2035 847 2063 propositionum
860 2036 923 2058 aliter

78 2073 203 2096 exhibetur.

141 2111 151 2125 ²
167 2113 228 2135 Alias
245 2113 282 2135 28.
301 2119 321 2134 n.
340 2113 367 2141 3,
384 2113 423 2135 ubi
441 2113 533 2141 exponit
558 2114 634 2136 Matth.
652 2114 678 2142 8,
696 2114 738 2136 22:
761 2115 863 2142 Sequere
886 2119 924 2136 me

80 2154 102 2174 et
118 2151 213 2179 dimitte,
231 2155 335 2175 mortuos
347 2153 444 2180 sepelire
459 2155 563 2175 mortuos
575 2159 637 2175 suos.
649 2152 695 2175 Cfr.
704 2153 758 2175 Luc.
771 2154 796 2180 9,
809 2154 851 2175 60:
863 2153 923 2181 Siue,

81 2193 104 2213 ut
121 2191 204 2213 mortui
221 2191 333 2219 sepeliant
350 2195 454 2214 mortuos
470 2198 538 2219 suos,
555 2194 578 2214 tu
596 2195 673 2214 autem
691 2192 751 2214 vade
771 2195 794 2214 et
815 2193 923 2214 annuntia

80 2235 178 2258 regnum
197 2230 244 2252 Dei.
262 2230 347 2252 Textus
364 2231 482 2258 originalis
499 2231 565 2258 plura
582 2231 703 2253 interserit.

142 2267 151 2281 ³
168 2268 214 2291 Cfr.
231 2268 326 2296 Bonav.,
343 2268 471 2292 Comment.
489 2269 510 2291 in
529 2270 582 2291 Luc.
599 2275 620 2291 c.
638 2269 659 2291 9.
676 2276 700 2291 n.
726 2270 783 2297 ι108,
809 2269 848 2292 ubi
873 2276 924 2292 sen-

81 2308 147 2330 tentia
164 2307 280 2330 Ambrosii
296 2307 416 2330 exhibetur
435 2308 563 2330 secundum
589 2308 692 2331 Glossam
715 2308 866 2331 ordinariam
889 2309 924 2338 (ex

81 2347 164 2376 Beda):
179 2355 191 2368 ιι
199 2347 284 2369 Minora
296 2346 357 2369 bona
369 2353 412 2375 pro
425 2347 519 2369 utilitate
528 2347 642 2370 maiorum
652 2354 702 2370 esse
714 2349 925 2375 praetermittenda.

82 2386 152 2409 Maius
168 2389 202 2409 est
219 2386 279 2409 enim
296 2386 385 2408 animas
397 2390 541 2409 mortuorum
553 2387 709 2414 praedicando
726 2387 836 2410 suscitare
853 2394 923 2416 quam

82 2431 166 2454 corpus
182 2426 267 2448 mortui
283 2425 307 2448 in
325 2428 384 2448 terra
401 2425 574 2449 abscondere».
591 2426 653 2448 ldcm
671 2426 881 2454 probaturibidem
893 2427 925 2449 di-

82 2464 154 2487 versis
171 2464 269 2487 textibus
286 2465 425 2492 Scripturae.
444 2477 473 2480 —
490 2464 594 2487 Subinde
605 2465 727 2493 respicitur
739 2466 814 2488 Matth.
833 2465 874 2493 25,
887 2465 924 2488 35.

82 2508 153 2532 seqq„
170 2502 210 2525 ubi
228 2503 257 2526 de
273 2502 384 2531 operibus
401 2503 579 2526 misericordiae.

143 2541 153 2554 ⁴
170 2542 203 2564 De
220 2541 333 2565 divisione
350 2542 491 2564 hierarchiae
509 2542 530 2564 in
543 2541 665 2565 caelestem
676 2546 699 2565 et
707 2541 873 2566 subcoelestem
885 2544 925 2566 cir.

84 2580 176 2608 Bonav.,
194 2581 218 2604 ll.
235 2581 296 2603 Sent.
314 2580 337 2603 d.
354 2581 376 2603 9.
389 2581 522 2603 Praenotata
535 2582 599 2609 (pag.
611 2581 669 2609 240,
681 2582 724 2604 col.
737 2581 765 2610 1.)
777 2585 800 2604 et
810 2582 925 2611 Breviloq.

85 2619 172 2647 Prolog.
189 2619 203 2648 (Ξ,
220 2620 242 2642 3.
259 2632 290 2635 -
307 2620 349 2642 Pro
366 2618 461 2643 caelesti
476 2618 625 2643 hierarchiae
641 2622 663 2641 et
674 2618 824 2643 subcoelestis
837 2618 925 2642 hierar-

84 2656 136 2680 chia
151 2657 189 2680 ed.
208 2658 215 2679 l
236 2660 259 2680 et
275 2658 289 2680 2
306 2656 400 2681 caelesti
414 2657 554 2681 hierarchae
570 2660 592 2680 et
608 2657 759 2680 subcaelestis
776 2657 911 2680 hierarcha.

146 2695 155 2709 ⁶
172 2697 205 2719 De
223 2697 378 2719 Ecclesiastica
395 2697 537 2724 Hierarchia,
564 2703 583 2719 c.
609 2697 631 2719 6.
647 2697 661 2725 S
682 2697 710 2724 3,
735 2696 774 2719 ubi
796 2696 925 2719 secundum

85 2735 214 2758 versionem
232 2735 321 2758 abbatis
339 2736 500 2758 Vercellensis:
518 2737 629 2758 Summus
645 2738 721 2758 autem
740 2736 797 2758 inter
822 2741 862 2758 eos
886 2735 926 2764 qui

85 2774 232 2802 perficiuntur
249 2777 271 2797 et
287 2781 333 2798 non
350 2775 478 2803 perficiunt,
495 2778 529 2798 est
545 2775 603 2797 ordo
621 2775 797 2797 monachorum.

147 2812 156 2825 ¹³
172 2813 234 2836 Libr.
251 2816 331 2836 contra
348 2814 510 2842 Vigilantium,
528 2820 552 2836 n.
569 2814 609 2836 ⁴6:
627 2814 752 2837 Monachus
776 2816 854 2836 autem
879 2819 925 2836 non

86 2851 186 2875 doctoris
203 2852 284 2880 habet,
295 2853 336 2876 sed
348 2853 478 2881 plangentis
489 2853 599 2876 officium.
617 2853 660 2876 Pro
677 2852 778 2883 lugentis
790 2853 829 2882 (ita
846 2854 863 2876 A
874 2853 891 2875 B
900 2852 926 2882 C)

86 2890 137 2913 edd.
152 2890 299 2921 plangentis.
318 2892 379 2914 Haec
403 2892 494 2914 Hieron.
515 2892 626 2914 sententia
650 2892 761 2920 allegatur
782 2898 795 2914 a
820 2891 927 2914 Gratiano

86 2927 151 2952 Caus.
171 2930 207 2952 16.
223 2936 246 2959 q.
265 2930 285 2952 1.
303 2936 323 2953 c.
341 2930 365 2953 4·
382 2937 493 2958 canones,
505 2931 546 2960 qui
560 2933 695 2960 sequuntur,
711 2930 849 2959 decemunt,
863 2930 927 2959 quod

87 2969 213 2991 monachus
229 2969 354 2992 solitariam
365 2969 436 2991 vitam
448 2969 533 2992 ducere
545 2969 629 2992 debeat
640 2975 715 2998 neque
725 2975 750 2992 se
766 2969 894 2991 immisceat
905 2969 927 2992 in

87 3007 160 3030 officia
172 3008 290 3031 exteriora.
303 3008 326 3030 ln
338 3008 382 3031 fine
394 3014 414 3031 c.
426 3007 520 3032 Placuit
532 3008 573 3037 (8.)
590 3009 711 3037 respicitur
722 3009 778 3031 haec
789 3008 927 3037 etymologia

1764 222 1820 251 319

976 297 1128 334 digentium
1151 299 1273 335 plebium
1294 302 1321 328 et
1336 300 1449 329 raritate
1467 300 1663 329 sufficientium
1678 299 1819 329 ministro-

977 352 1057 378 rum,
1072 345 1140 373 nulli
1155 345 1236 374 debet
1251 346 1338 374 videri
1352 346 1517 375 iniuriosum
1533 354 1623 384 neque
1634 346 1819 384 superfluum,

977 390 998 418 si
1020 391 1135 419 caelesti
1155 391 1327 421 hierarchiae
1355 393 1536 430 complacuit,
1564 394 1671 430 aliquos
1702 393 1736 421 ad
1767 393 1820 422 hoc

976 444 1059 473 opus,
1074 437 1124 466 etsi
1139 446 1193 466 non
1215 439 1377 468 necessitate
1391 440 1568 474 constrictos,
1590 440 1636 469 sed
1652 440 1765 469 caritate
1780 439 1820 468 in-

976 483 1086 518 ductos,
1108 484 1224 521 eligere,
1240 494 1309 522 quos
1323 489 1350 514 et
1364 486 1548 515 subcaelestis
1563 487 1720 516 hierarchia
1734 486 1821 515 voluit

976 532 1003 558 et
1023 530 1119 559 debuit
1139 532 1294 568 approbare
1308 533 1328 560 ⁴².

1058 578 1101 605 10.
1123 578 1224 613 Quodsi
1246 578 1290 607 cui
1312 579 1382 608 forte
1403 580 1512 608 videtur
1533 580 1622 609 ordini
1636 580 1821 617 dispositionis

976 623 1164 652 hierarchicae
1185 633 1359 662 nequaquam
1374 634 1433 655 esse
1448 627 1627 661 conveniens,
1643 627 1821 655 monasticam

976 669 1059 698 vitam
1083 671 1219 707 professos
1240 672 1273 699 ad
1294 680 1364 709 opus
1385 673 1595 710 praedicationis
1622 674 1741 708 assumi,
1770 681 1821 710 pro

965 724 1008 759 eo
1029 717 1101 753 quod
1124 717 1270 754 Dionysius
1284 719 1295 736 ⁵
1316 719 1397 753 dicit,
1418 720 1568 749 monachos
1589 720 1616 748 in
1638 720 1821 749 ecclesiastica

976 763 1134 792 hierarchia
1155 772 1209 793 non
1224 765 1327 794 habere
1341 769 1443 794 statum
1459 766 1677 803 perficientium,
1700 767 1746 795 sed
1759 774 1821 803 per-

977 809 1169 844 ficiendorum;
1192 815 1218 840 et
1233 812 1414 849 Hieronymus
1428 813 1438 829 ⁶
1460 813 1573 847 asserit,
1598 813 1672 850 quod
1699 825 1712 839 «
1727 821 1821 842 mona-

976 857 1046 885 chus
1067 865 1120 885 non
1142 857 1280 892 docentis,
1302 859 1349 887 sed
1371 859 1490 896 lugentis
1511 860 1593 888 habet
1608 860 1729 888 officium
1744 872 1757 885 »
1772 871 1778 894 ;
1794 862 1821 889 et

975 902 1098 931 Canones
1119 904 1188 932 sacri
1210 904 1379 940 decernunt,
1408 906 1481 942 quod
1509 906 1650 940 monachi,
1677 907 1757 935 iuxta
1777 906 1820 935 sui

976 949 1094 978 nominis
1116 950 1369 987 interpretationem
1391 952 1528 981 solitariae
1544 953 1614 981 vitae
1628 953 1765 989 deputati,
1780 952 1821 981 in-

977 996 1089 1025 tendere
1109 997 1209 1026 debent
1230 998 1311 1026 saluti
1337 999 1481 1035 propriae,
1510 1008 1564 1028 non
1591 999 1713 1028 alienae:
1742 999 1821 1028 intel-

977 1043 1054 1079 ligat,
1077 1043 1233 1072 huiusmodi
1255 1045 1327 1073 dicta
1349 1046 1460 1074 Patrum
1475 1049 1503 1074 et
1516 1046 1657 1074 Canonum
1672 1046 1705 1075 de
1724 1046 1821 1074 ordine

977 1090 1127 1118 monastico
1149 1099 1199 1127 pro
1220 1099 1252 1119 eo
1275 1095 1397 1128 tempore
1428 1093 1513 1121 fuisse
1544 1093 1737 1130 pronuntiata,
1765 1101 1821 1129 quo

977 1139 1056 1164 erant
1078 1136 1149 1164 inter
1170 1144 1217 1165 eos
1238 1145 1371 1174 personae
1392 1139 1500 1167 laicales
1528 1142 1555 1167 et
1586 1139 1744 1175 imperitae,
1767 1147 1822 1167 non

977 1182 1160 1211 sacerdotales
1181 1187 1207 1212 et
1229 1184 1372 1213 litteratae.
1395 1185 1461 1213 Nam
1483 1185 1555 1214 sicut
1575 1185 1646 1214 idem
1659 1185 1701 1214 vir
1716 1186 1822 1214 hierar-

978 1229 1073 1257 chicus
1088 1229 1098 1245 ⁷
1120 1229 1214 1264 docet,
1236 1231 1310 1267 quod
1337 1243 1350 1256 ιι
1365 1232 1565 1260 monachorum
1586 1235 1627 1260 est
1642 1232 1769 1269 purgari,
1790 1232 1822 1260 il-

978 1276 1107 1304 luminari
1129 1280 1156 1305 et
1176 1277 1270 1314 perfici
1286 1288 1319 1312 »3
1348 1278 1387 1306 sic
1417 1278 1498 1307 etiam
1531 1278 1598 1307 illud
1630 1287 1683 1307 non
1710 1279 1822 1313 reticet,

977 1323 1051 1360 quod
1076 1335 1090 1349 «
1105 1332 1238 1361 purgare,
1260 1324 1417 1354 illuminare
1439 1329 1466 1353 et
1487 1326 1621 1362 perficere
1642 1326 1675 1354 ad
1697 1325 1822 1354 ordinem

978 1372 1082 1406 spectet
1103 1370 1299 1399 sacerdotalem
1315 1383 1340 1399 ».
1363 1388 1399 1392 -
1422 1372 1552 1408 Insuper,
1574 1375 1601 1401 et
1615 1372 1748 1409 professio
1769 1372 1822 1400 hu-

978 1416 1094 1445 iusmodi
1117 1424 1271 1453 pauperum
1293 1426 1347 1446 non
1369 1426 1469 1455 parum
1496 1419 1578 1447 distat
1608 1427 1624 1447 a
1655 1419 1823 1455 professione

978 1463 1190 1497 monachorum3
1213 1467 1240 1492 et
1260 1464 1333 1500 quod
1354 1465 1443 1493 maius
1464 1467 1520 1499 est,
1543 1465 1700 1494 huiusmodi
1716 1465 1823 1494 hierar-

978 1509 1056 1538 chica
1077 1517 1162 1546 opera
1182 1518 1236 1538 non
1259 1514 1394 1547 peragunt
1415 1511 1579 1540 auctoritate
1600 1519 1665 1545 sua,
1681 1511 1728 1540 sed
1743 1511 1823 1540 Ordi-

978 1556 1120 1585 nariorum
1142 1559 1169 1585 et
1189 1557 1329 1593 potissime
1351 1558 1451 1586 summi
1467 1558 1619 1592 Pontificis,
1640 1558 1720 1587 cuius
1732 1558 1823 1595 dispo-

978 1602 1084 1631 sitionis
1104 1603 1254 1632 auctoritas
1276 1604 1338 1632 iura
1358 1604 1449 1633 omnia
1477 1604 1593 1641 positiva
1617 1605 1786 1634 transcendit
1801 1604 1821 1633 ⁸.

1059 1651 1102 1678 11.
1125 1650 1177 1678 Nec
1202 1650 1235 1678 ad
1267 1650 1318 1679 hoc
1349 1650 1478 1680 feruntur
1509 1651 1661 1680 secundum
1693 1651 1821 1688 propriae

978 1696 1127 1725 voluntatis
1138 1697 1297 1731 arbitrium,
1313 1697 1360 1726 sed
1370 1698 1449 1726 iuxta
1460 1698 1619 1727 mandatum
1631 1698 1821 1735 superiorum,

977 1750 993 1770 a
1020 1742 1123 1779 quihus
1154 1743 1351 1778 instituuntur,
1383 1744 1562 1781 regulantur‚
1593 1745 1763 1781 castigantur
1794 1747 1822 1773 et

978 1789 1205 1818 transmittuntur
1226 1793 1257 1818 ut
1280 1790 1336 1818 veri
1358 1790 1406 1818 filii
1427 1790 1609 1825 obedientiae,
1632 1799 1686 1819 non
1714 1794 1746 1820 ut
1773 1799 1822 1828 gy-

978 1835 1071 1872 rovagi
1085 1836 1127 1864 vel
1138 1836 1290 1865 sarabaitae
1298 1836 1318 1870 ⁹,
1330 1845 1384 1865 uon
1396 1837 1548 1866 secundum
1559 1845 1708 1867 numerum
1719 1846 1820 1875 vagum

979 1997 1078 2020 nominis
1096 1998 1214 2020 monachi:
1233 1999 1349 2025 Agnoscat
1366 2004 1449 2020 nomen
1467 2004 1549 2025 suum,
1566 1996 1635 2027 μόνος
1651 1998 1712 2021 enim
1729 1998 1822 2026 Graece,

979 2037 1058 2059 Latine
1074 2040 1108 2059 est
1126 2043 1202 2065 irnuss
1221 2033 1277 2068 ἄχος
1293 2038 1392 2064 Graece,
1409 2037 1486 2059 Latine
1503 2036 1577 2060 trislis
1589 2040 1662 2059 sonat.
1676 2037 1729 2060 Inde
1741 2037 1824 2060 dicitur

980 2077 1118 2104 monachus,
1136 2076 1159 2098 id
1171 2081 1205 2098 est
1218 2082 1276 2098 unus
1293 2076 1369 2098 tristis.
1387 2076 1470 2098 Sedent
1486 2076 1556 2104 igitur
1573 2076 1642 2098 tristis
1658 2079 1681 2099 et
1697 2076 1772 2099 officio
1781 2082 1824 2099 suo

980 2118 1053 2137 vacet.
1071 2114 1116 2137 Csr.
1135 2115 1189 2137 ibid.
1207 2121 1226 2136 c.
1245 2114 1272 2138 Si
1288 2114 1355 2144 cupis
1372 2115 1413 2143 (5.)
1432 2114 1470 2137 ubi
1488 2115 1584 2137 dicitur:
1602 2115 1738 2143 Monachus,
1755 2115 1777 2138 id
1790 2118 1824 2138 est

980 2155 1055 2181 solus;
1073 2160 1093 2176 c.
1111 2153 1203 2176 Placuit
1216 2154 1270 2181 (l.):
1282 2154 1407 2176 Monachus
1418 2154 1479 2176 enim
1491 2154 1588 2181 Graece,
1601 2154 1680 2176 Latine
1690 2153 1823 2184 singularis

980 2193 1071 2215 dicitur.

1043 2231 1051 2243 ⁷
1069 2232 1158 2254 Scilicet
1176 2232 1310 2259 Dionysius,
1328 2232 1370 2254 loc.
1387 2232 1423 2254 cit.
1441 2238 1460 2254 c.
1479 2232 1500 2253 6.
1518 2231 1531 2259 S
1549 2232 1571 2254 3.
1589 2232 1627 2259 (de
1653 2231 1779 2260 monachis)
1802 2234 1824 2254 et

980 2277 999 2293 c.
1018 2271 1038 2292 5.
1056 2270 1070 2299 ᾖ
1087 2270 1109 2292 3.
1127 2274 1148 2292 et
1165 2271 1187 2292 6.
1204 2276 1252 2298 seq.

1043 2308 1052 2321 Β
1069 2309 1113 2331 Cfr.
1131 2315 1201 2337 supra
1219 2315 1238 2331 c.
1260 2309 1293 2331 tl.
1311 2309 1443 2331 n.10.isl.

1043 2347 1053 2360 ⁹
1070 2348 1104 2370 Du
1121 2348 1206 2375 Gange,
1223 2347 1364 2370 Glossarium
1381 2351 1436 2370 etc.:
1461 2347 1584 2377 Gyrovaqi
1598 2348 1692 2376 proprie
1717 2348 1824 2376 appellati

980 2387 1100 2415 monachi,
1117 2387 1170 2415 qui,
1194 2386 1339 2409 monasteriis
1360 2387 1408 2409 suis
1430 2387 1526 2414 relictis,
1551 2392 1593 2415 per
1618 2387 1722 2409 diversas
1744 2387 1823 2414 cellas,

980 2426 1057 2448 nescio
1073 2432 1120 2454 qua
1146 2425 1235 2453 pietatis
1266 2431 1323 2447 vana
1346 2425 1434 2453 specie,
1457 2425 1612 2453 vagabantur,
1633 2426 1662 2448 de
1683 2425 1769 2455 quibus
1795 2426 1824 2448 ita

980 2465 1067 2493 Regula
1085 2465 1107 2487 S.
1126 2465 1248 2491 Benedicti,
1273 2471 1292 2487 c.
1312 2465 1337 2487 i:
1355 2465 1466 2493 Quartum
1490 2471 1564 2492 genus
1589 2467 1624 2487 est
1645 2465 1825 2494 monachorum,

981 2503 1043 2532 quod
1061 2506 1157 2525 vocatur
1175 2509 1337 2532 pyrocaqum,
1355 2503 1409 2532 quia
1426 2506 1472 2525 tota
1490 2503 1536 2525 vita
1554 2509 1595 2526 sua
1612 2509 1654 2531 per
1678 2503 1825 2526 diversorum

980 2543 1048 2565 cellas
1064 2542 1219 2570 hospitantur,
1236 2548 1328 2570 semper
1344 2542 1398 2570 vagi
1411 2545 1433 2565 et
1444 2548 1564 2571 nunquam
1581 2542 1674 2565 stabiles
1685 2545 1707 2565 et
1725 2542 1824 2571 propriis

981 2580 1138 2609 voluptatibus
1154 2584 1176 2603 et
1188 2582 1255 2609 gulae
1268 2580 1379 2603 illecebris
1390 2581 1518 2604 servientes
1529 2584 1572 2604 ete.
1583 2581 1628 2604 Cfr.
1641 2582 1746 2610 August„
1758 2582 1826 2604 Enar-

981 2622 1024 2642 rat.
1042 2620 1063 2642 in
1080 2620 1116 2642 ΡΒ.
1136 2620 1186 2642 132.
1205 2626 1226 2642 n.
1245 2620 1272 2646 3,
1290 2619 1330 2642 ubi
1347 2619 1492 2643 circelliones
1509 2621 1546 2643 vel
1563 2619 1762 2644 circumcelliones
1785 2626 1824 2643 vo-

981 2661 1074 2685 cantur,
1091 2664 1190 2687 quorum
1209 2658 1387 2686 descriptionem
1399 2659 1435 2686 (ex
1446 2659 1551 2687 August.,
1563 2659 1593 2681 de
1604 2659 1679 2687 Opere
1691 2660 1826 2682 monachor.

982 2703 1002 2719 c.
1019 2697 1056 2719 28.
1073 2703 1095 2719 n.
1113 2697 1160 2725 36.)
1178 2697 1243 2719 atl'ert
1260 2697 1347 2724 isidor„
1366 2698 1389 2719 ll.
1414 2697 1443 2719 de
1469 2697 1596 2720 Ecclesiast.
1618 2697 1716 2725 Officiis,
1742 2704 1762 2720 c.
1789 2698 1826 2720 ⁴6.

981 2742 1004 2758 n.
1021 2735 1043 2758 7.
1061 2748 1090 2752 —
1107 2734 1261 2763 Sarabailae,
1279 2738 1304 2758 ut
1319 2739 1383 2759 notat
1399 2736 1434 2759 Du
1451 2735 1540 2764 Gange,
1558 2739 1611 2759 sunt
1622 2737 1735 2766 monachi,
1764 2745 1774 2757 tt
1786 2737 1826 2766 qui

981 2775 1042 2797 nulla
1059 2774 1147 2802 Regula
1164 2774 1297 2803 approbati,
1309 2775 1385 2797 adhue
1397 2774 1506 2803 operibus
1517 2778 1636 2798 servantes
1647 2776 1738 2798 saeculo
1748 2775 1826 2803 fldem,

982 2813 1073 2836 mentiri
1090 2814 1137 2836 Deo
1156 2820 1197 2842 per
1214 2816 1332 2836 tonsuram
1349 2817 1487 2842 noscuntur,
1509 2814 1549 2844 qui
1575 2815 1689 2838 interdum
1715 2814 1761 2838 bini
1787 2818 1827 2838 aut

982 2851 1062 2875 terni»
1083 2851 1169 2880 passim
1187 2858 1228 2880 per
1246 2851 1316 2875 urbes
1332 2855 1371 2874 aut
1386 2853 1475 2875 castella
1492 2854 1587 2881 proprio
1604 2852 1714 2876 arbitratu
1736 2853 1825 2883 vivunt,

983 2893 1008 2913 ut
1024 2893 1058 2913 est
1074 2890 1097 2912 in
1113 2891 1201 2918 Regula
1219 2891 1242 2913 S.
1260 2891 1382 2918 Benedicti,
1398 2897 1418 2914 c.
1438 2892 1458 2914 rt.
1475 2891 1520 2914 Cfr.
1538 2891 1612 2920 Beda,
1629 2892 1652 2914 in
1674 2892 1722 2915 Act.
1748 2892 1774 2919 5,
1800 2892 1826 2920 5,

983 2929 1023 2952 ubi
1041 2929 1151 2956 insinuat,
1168 2929 1334 2953 sarabaitarum
1352 2930 1464 2959 originem
1482 2931 1637 2954 reducendam
1655 2937 1705 2954 esse
1722 2932 1751 2954 ad
1768 2931 1828 2954 Ana-

983 2968 1045 2991 niam
1063 2971 1085 2991 et
1101 2968 1231 2997 Saphiram.
1250 2969 1310 2992 idem
1327 2969 1395 2992 docet
1416 2970 1503 2999 lsidor.,
1521 2971 1544 2993 ΙΙ.
1569 2970 1598 2993 de
1623 2971 1750 2993 Ecclesiast.
1775 2970 1827 2993 Offi-

984 3008 1032 3037 ciis,
1048 3014 1068 3031 c.
1086 3008 1122 3030 46.
1141 3014 1164 3031 n.
1180 3008 1206 3037 9,
1224 3008 1365 3038 adiungens,
1382 3009 1446 3038 quod
1462 3009 1498 3032 isti
1515 3010 1623 3033 monachi
1637 3018 1648 3031 «x
1659 3010 1826 3038 Aegyptiorum

1839 585 1966 605 Obiectiones.

1836 1004 1968 1032 Respondetur

1845 1031 1918 1047 ratione
1927 1034 1967 1052 pn-

1845 1057 1882 1070 ma.

1838 1377 1925 1404 Secunda
1938 1379 1956 1396 et

1862 1403 1928 1420 tertia.

1851 1657 1944 1685 Legitima

1861 1686 1932 1700 missin.
