2133 3317
189 1731 259 1750 servan
263 1731 286 1749 da

154 1755 215 1779 primo
249 1754 287 1773 dis-

155 1779 221 1798 cretio.

156 2118 249 2145 Secundo,
257 2124 292 2142 pu-

298 229 354 256 592
726 223 923 253 OPUSCULUM
945 223 962 251 1.
979 221 1155 266 ¹SPECULUM
1177 221 1388 250 DISCIPLINAE.
1410 220 1490 249 PARS
1512 220 1618 248 PRIMA.

296 306 362 331 mali
381 306 428 331 erit
447 306 526 336 primo
545 304 574 329 de
587 303 718 335 disciplina
730 303 795 327 circa
808 301 989 332 confessionem
998 302 1143 332 privatam,

297 349 383 374 deinde
396 350 460 373 circa
474 347 610 379 publicani
628 346 814 371 attendendum.
834 345 868 369 Et
886 352 940 370 cum
957 344 1088 375 disciplina
1101 352 1145 375 per

297 392 442 423 Hugonem,
457 390 486 415 ut
499 390 590 415 dictum
609 389 648 414 est
659 388 676 418 ¹,
704 398 716 411 κ
729 389 792 414 110119
806 388 831 413 et
843 387 949 413 honesta
962 386 1116 412 conversatio
1128 397 1141 409 ›>

297 434 466 463 describatur3
486 434 512 457 111
531 432 639 457 dicendis
658 432 686 457 de
702 439 734 458 ea
753 431 784 455 ad
804 431 942 455 bonitatem
961 430 1035 454 simul
1056 430 1081 454 et
1104 429 1144 454 lio-

297 478 419 502 nestatcm
438 475 642 501 considerationis
661 474 700 499 est
719 474 804 499 oculus
819 473 971 504 dirigendus.

618 560 766 585 CAPITULUM
782 559 827 584 IX.

400 649 440 673 De
459 648 599 679 disciplina
617 648 686 672 circa
705 645 887 676 confessionem
901 646 1045 676 privatam.

370 734 394 759 1.
414 735 449 759 De
470 734 620 766 quotidianis
640 733 751 762 offensis,
773 733 825 757 sine
839 732 928 764 quibus
946 732 1007 756 haec
1025 731 1078 756 vita
1097 739 1147 756 non

203 783 281 802 Divisio.
299 778 412 807 ducitur,
433 777 544 802 facienda
572 776 611 801 est
636 776 763 805 confessio,
791 776 820 800 de
848 775 957 806 privatis
976 774 1089 806 privata,
1119 774 1147 798 de

295 821 411 852 publicis
429 820 528 852 publica
547 820 572 844 et
589 819 751 844 nihilominus
770 819 916 850 quandoque
933 818 1041 849 privata.

370 863 557 888 Attendendum
570 863 608 887 est
622 863 650 887 de
669 862 821 887 consessione
835 862 956 893 privata,
970 861 1075 892 quibus,
1090 868 1149 892 quo-

161 909 189 928 De
203 909 275 928 confes·
301 907 361 937 ties,
382 906 485 937 quanclo
506 905 531 930 et
549 905 593 930 ubi
612 905 666 929 fieri
685 905 786 934 debeat,
815 904 840 929 et
863 911 925 935 quae
945 904 978 928 sit
1002 904 1067 928 circa
1095 910 1149 928 eam

156 938 285 980 Ξιξῃιῗηῑῐιίἳέἶ
301 950 373 974 novis
392 949 525 973 Fratribus
543 948 684 979 disciplina
702 947 832 972 servanda.
846 962 881 964 —
894 946 990 972 Debent
1008 946 1149 977 superiori

159 979 280 999 attendenda.

303 993 357 1022 vel,
378 993 398 1017 si
417 993 469 1023 ipse
488 992 654 1021 ordinaverit,
674 991 821 1016 instructori
840 998 884 1015 suo
904 991 928 1015 et
947 998 996 1015 non
1016 990 1072 1020 alii,
1102 990 1150 1014 nisi

302 1036 328 1060 in
348 1036 400 1060 eius
418 1035 532 1059 absentia
551 1035 572 1059 ei
591 1035 705 1064 tantum,
725 1042 797 1065 quem
817 1034 929 1065 superior
949 1034 988 1058 vel
1012 1033 1151 1058 instructor

303 1079 332 1104 de
352 1079 507 1110 superiorum
520 1077 529 1090 ²
550 1086 655 1103 assensu
673 1079 708 1102 eis
727 1078 825 1102 duxerit
844 1077 1038 1108 assignandum,
1068 1076 1151 1101 tribus

302 1122 399 1147 vicibus
427 1122 452 1146 in
481 1121 591 1153 qualibet
618 1121 785 1150 hebdomada,
815 1120 854 1145 vel
882 1120 990 1151 pluries,
1017 1120 1151 1144 secundum

302 1164 367 1196 quod
385 1172 483 1189 necesse
501 1164 648 1193 habuerint,
667 1163 759 1188 indicto
778 1163 825 1188 sibi
844 1164 953 1194 tempore
972 1163 997 1187 et
1026 1162 1079 1187 loco
1106 1169 1151 1193 pro

303 1208 456 1232 Sacramenti
484 1207 623 1232 reverentia
649 1214 768 1238 congruo,
795 1214 850 1231 cum
875 1206 1005 1238 diligentia
1030 1205 1150 1231 confiteri.

303 1251 439 1282 Nunquam
459 1251 493 1275 eis
513 1250 611 1282 placeat
623 1251 716 1275 vicaria
727 1249 736 1261 ³
750 1250 897 1275 confessoris
911 1249 1031 1279 mutatio,
1045 1248 1073 1273 ut
1086 1256 1152 1273 1111119

302 1295 346 1318 uni
365 1294 545 1323 confiteantur,
565 1301 631 1318 1111110
650 1293 737 1322 alteri,
758 1293 817 1324 quin
837 1292 934 1323 potius,
955 1293 975 1317 si
1004 1292 1102 1323 quando
1127 1291 1152 1316 id

302 1337 375 1369 cogat
394 1336 543 1365 necessitas,
564 1336 685 1361 notabilia
704 1336 790 1360 deinde
808 1336 839 1360 ad
859 1335 1022 1367 principalem
1041 1335 1152 1359 referant

302 1380 474 1405 confessorem.
494 1380 575 1404 Causa
593 1379 677 1404 tamen
706 1379 843 1404 devotionis
867 1379 951 1403 eadem
971 1378 1085 1409 pluribus
1098 1385 1152 1409 pos-

303 1423 363 1448 sunt
381 1423 507 1453 confiteri,
527 1422 601 1447 aliter
625 1430 674 1447 11011
694 1422 733 1446 est
760 1422 923 1447 conscientiae
952 1421 1080 1446 ordinatae
1109 1428 1152 1445 seu

302 1473 380 1497 purae
399 1466 481 1491 varios
501 1473 618 1496 quaerere
637 1465 797 1490 confessores.
821 1465 863 1489 Fit
891 1465 974 1489 tamen
1004 1464 1150 1493 salubriter,

302 1510 342 1539 ut,
363 1510 401 1534 0111
420 1510 449 1534 de
469 1509 576 1540 peccatis
596 1508 740 1540 praeteritis
763 1509 837 1533 semel
857 1509 912 1539 quis
939 1507 1091 1539 generaliter
1114 1507 1152 1532 est

302 1553 443 1582 confessus,
463 1552 491 1577 de
511 1552 661 1584 quotidianis
675 1552 749 1576 etiam
769 1551 918 1577 confiteatur
931 1551 1021 1581 eidem3
1036 1551 1075 1575 vel
1088 1557 1152 1575 novo

304 1597 325 1621 si
352 1596 461 1620 haeserit
489 1595 612 1624 curatori,
639 1602 739 1620 suorum
769 1595 848 1619 denuo
876 1594 1008 1618 vulnerum
1043 1593 1151 1625 perfecte

303 1639 401 1670 aperiat
419 1639 596 1670 corruptelam.

375 1683 399 1706 2.
419 1682 583 1713 Disciplinam
603 1683 666 1706 circa
690 1681 867 1706 confessionem
893 1681 1025 1710 discretio,
1046 1681 1152 1711 puritas

303 1725 328 1751 et
346 1725 488 1750 reverentia
508 1725 623 1756 probant.
642 1724 759 1749 Habeant
778 1724 939 1749 discretionis
958 1724 1095 1754 cautelam,
1115 1723 1151 1753 ut,

303 1768 438 1800 antequam
457 1768 488 1792 ad
507 1768 683 1793 confessionem
703 1767 834 1796 accedant,
855 1767 969 1798 diligenti
993 1774 1067 1798 super
1096 1774 1153 1792 con-

303 1812 403 1836 fitendis
422 1811 617 1837 consideratione
637 1810 799 1842 praehabita,
819 1810 926 1835 offensas
941 1811 1011 1841 prius
1025 1817 1083 1834 suas
1097 1817 1153 1841 spe-

302 1855 390 1884 ciales,
411 1855 496 1879 deinde
516 1854 592 1883 alias,
614 1854 724 1879 seriatim
739 1853 764 1878 et
778 1853 898 1882 breviter,
918 1854 970 1878 sine
984 1853 1114 1884 culparum
1128 1852 1153 1877 et

304 1898 435 1923 verborum
455 1898 614 1929 replicatione
642 1897 726 1922 inutili
756 1896 945 1928 prosequentes,
975 1896 1151 1921 confessionem

304 1949 374 1966 suam
394 1941 440 1966 sub
459 1941 540 1972 prima
559 1940 584 1965 et
602 1940 692 1965 ultima
710 1940 798 1971 culpae
814 1939 982 1965 nominatione
995 1939 1152 1964 concludant.

304 1984 396 2016 Aliqua
415 1984 499 2008 tamen
517 1983 643 2008 interdum
656 1983 780 2008 devotioni
795 1983 833 2007 vel
847 1982 1010 2008 conscientiae
1024 1982 1152 2013 replicatio

302 2027 456 2059 indulgetur.

374 2070 399 2094 3.
419 2070 455 2095 Sit
475 2070 549 2095 etiam
563 2077 636 2101 pura
655 2069 788 2099 confessio,
808 2069 837 2094 ut
866 2069 1033 2094 confiteantur
1058 2068 1154 2099 simpli-

303 2113 365 2138 citer
383 2113 408 2137 et
427 2113 526 2142 devote,
547 2113 599 2137 sine
619 2112 789 2141 excusatione,
804 2112 855 2136 51119
869 2112 1025 2137 accusatione
1043 2112 1094 2136 sive
1113 2118 1153 2135 no-

305 2157 440 2181 minatione
460 2156 578 2185 alterius,
598 2156 626 2180 de
645 2156 735 2187 quibus
755 2155 931 2180 conscientiam
956 2155 1090 2179 habuerint
1114 2162 1154 2179 re-

305 2199 467 2224 mordentem.
486 2199 538 2223 Nec
551 2198 668 2229 specialia
682 2199 775 2229 passim
790 2198 835 2222 sub
848 2198 1013 2229 generalitate
1027 2197 1153 2228 pertrans-

303 2242 370 2268 eant.
389 2242 549 2267 Tentationes
568 2248 626 2266 suas
645 2241 670 2266 et
687 2240 850 2272 cogitationes
869 2241 949 2265 malas
968 2241 1038 2265 nulla
1058 2240 1153 2266 ratione

304 2286 441 2315 occultent3
460 2292 510 2310 nou
529 2286 692 2309 contemnant
709 2284 824 2313 modica,
843 2291 874 2308 ne
888 2284 1023 2314 paulatim
1040 2284 1155 2314 defluant

305 2329 341 2354 acl
357 2329 460 2353 maiora
474 2328 491 2352 ⁴².
511 2328 542 2353 In
565 2328 636 2353 domo
659 2335 774 2359 namque,
800 2335 873 2359 quam
903 2327 1050 2351 subintrans
1069 2327 1153 2352 radius

306 2371 365 2396 solis
384 2371 524 2400 illuminat,
538 2370 764 2402 quantumcumque
778 2370 853 2394 fuerit
866 2370 1062 2401 praemundata,
1076 2369 1153 2395 atomi

305 2414 466 2439 nihilominus
485 2413 630 2445 diligentius
648 2414 757 2438 intuenti
776 2413 908 2444 apparent.
928 2413 966 2437 Sic
985 2413 1010 2437 et
1022 2420 1064 2438 cor
1077 2413 1153 2437 radiis

304 2458 401 2490 gratiae
428 2457 586 2482 illustratum
611 2457 685 2481 etiam
705 2457 807 2481 minima
826 2456 893 2481 videt
919 2464 947 2481 90
974 2456 1092 2481 vitiorum
1116 2457 1154 2481 la-

305 2508 380 2532 queos
400 2500 486 2525 subtili
505 2500 685 2525 examinatione
714 2499 840 2524 discernit.
869 2499 967 2529 Quanto
995 2500 1050 2531 quis
1078 2499 1154 2524 fuerit

306 2544 387 2569 mente
406 2543 551 2575 purgatior,
570 2543 642 2568 tanto
663 2550 688 2568 se
708 2543 868 2567 sordidiorem
887 2542 980 2567 videbit
999 2543 1024 2567 et
1048 2544 1154 2568 maiores

306 2594 394 2612 causas
412 2587 563 2612 humilitatis
582 2586 699 2611 inveniet.
720 2586 884 2617 Deponendae
904 2586 988 2611 tamen
1002 2586 1062 2611 sunt
1085 2594 1154 2611 scru-

306 2630 455 2661 pulositates
473 2630 593 2662 quaedam
613 2629 766 2661 superfluae,
786 2636 848 2660 quae
867 2629 1042 2654 conscientiam
1065 2630 1091 2654 in
1116 2637 1154 2654 er-

307 2674 371 2698 roris
389 2673 556 2698 confusionem
575 2672 704 2697 inducunt.

2117 264 2118 277 1

1273 299 1298 325 4.
1317 299 1496 324 Reverentiam
1514 305 1563 324 non
1583 298 1663 323 solum
1682 297 1839 326 interiorem,
1860 304 1945 321 verum
1972 297 2047 321 etiam
2062 294 2133 329 11911ιή

1203 342 1348 367 exteriorem
1376 342 1445 367 decet
1472 341 1631 367 confitentem
1659 340 1767 369 habere,
1796 340 1837 369 ut,
1866 347 1910 364 suo
1938 339 2047 365 deferens
2073 334 2132 379 νοητ-

1203 385 1354 415 confessori,
1375 393 1400 410 se
1418 386 1456 410 illi
1477 386 1528 410 sive
1546 385 1572 409 in
1585 384 1692 409 elatione
1710 384 1814 415 capitis,
1833 383 1923 407 sivein
1937 383 1987 407 alia
1999 390 2049 408 cor·
2117 384 2118 398 ¹

1203 429 1271 459 poris
1290 428 1464 459 dispositione,
1485 428 1505 452 si
1524 428 1647 452 commode
1675 426 1756 451 vitare
1780 426 1884 457 poterit,
1910 433 1960 451 non
1985 433 2049 451 coae-

1203 472 1277 503 quet,
1297 471 1339 495 sed
1357 471 1427 495 flexis
1446 470 1564 502 genibus,
1584 470 1643 494 dum
1665 469 1812 499 confitetur,
1831 468 1926 493 nudato
1954 476 1982 493 ac
2010 469 2050 493 de—

1203 515 1279 539 misso
1298 514 1393 545 capite,
1414 514 1448 538 sit
1465 513 1595 537 humiliter
1614 520 1695 537 coram
1715 520 1750 538 90.

1528 599 1676 623 0111111111οΜ
1694 598 1725 622 X.

1310 685 1350 710 De
1369 685 1508 716 disciplina
1527 685 1595 709 circa
1611 683 1793 714 confessionem
1806 683 1946 715 publicam.

1276 771 1299 796 1.
1319 771 1432 796 Offensae
1446 771 1558 802 publicae
1566 771 1712 802 publicam,
1725 771 1754 795 ut
1767 770 1859 795 dictum
1873 770 1911 795 est
1922 770 1940 800 ⁵,
1959 770 2051 800 confes·
2067 771 2133 795 Attenia(

1204 814 1302 839 sionem
1321 813 1461 845 requirunt.
1482 813 1553 838 Circa
1581 821 1654 845 quam
1675 813 1853 838 attendendum
1872 813 1911 838 est
1930 814 1972 843 eis,
1992 813 2051 846 ubi,

1206 857 1234 882 (le
1253 858 1346 888 Quibus
1372 857 1396 882 et
1425 857 1537 888 qualiter
1556 857 1610 881 fieri
1629 857 1725 881 debeat.
1743 871 1779 874 —
1797 856 1979 881 Confessionem
2007 856 2053 881 hu·
2069 858 2107 878 Ubi·

1205 901 1311 925 iusmodi
1329 900 1408 925 facere
1427 900 1517 925 debent
1530 900 1574 924 aut
1592 907 1674 925 coram
1694 900 1819 931 superiore
1832 900 1858 924 111
1872 899 1987 931 0911111110
2000 907 2054 931 1110-

1207 943 1342 972 fessorum,
1363 943 1384 967 si
1403 942 1488 967 adesse
1507 942 1580 967 liceat
1599 942 1624 967 et
1644 942 1678 966 sit
1697 943 1785 972 moris;
1805 942 1850 967 aut
1862 949 1943 967 coram
1963 942 2054 967 instru-

1207 986 1274 1011 ctore
1294 993 1352 1016 suo,
1372 986 1470 1017 quando
1489 985 1558 1010 tenet
1578 986 1612 1010 eis
1625 985 1762 1017 capitulum
1773 985 1924 1016 separatim3
1937 985 1982 1010 aut
1995 985 2054 1010 alibi

1208 1030 1306 1061 private
1324 1037 1406 1054 coram
1426 1029 1509 1060 aliquo
1528 1029 1568 1053 vel
1587 1029 1725 1060 aliquibus,
1745 1030 1766 1053 si
1786 1028 1883 1060 private
1908 1028 2054 1054 offenderint

1208 1080 1290 1098 coram
1310 1073 1352 1097 eis.
1372 1072 1439 1097 Ante
1459 1073 1549 1101 01111119,
1570 1073 1589 1096 51
1610 1072 1772 1103 perceperint,
1793 1079 1818 1097 se
1837 1072 1902 1097 facto
1921 1072 1960 1097 vel
1979 1072 2054 1097 verbo

1208 1116 1315 1147 aliquem
1341 1116 1380 1140 vel
1398 1115 1488 1140 leviter
1507 1115 1650 1144 offendisse,
1670 1115 1728 1140 ante
1750 1115 1922 1140 comestionem
1940 1115 1980 1140 vel
1999 1115 2055 1140 dor-

1208 1160 1335 1184 mitionem
1349 1157 1359 1170 ⁶
1378 1166 1433 1183 eum
1452 1159 1540 1183 humili
1560 1158 1678 1183 studeant
1706 1158 1875 1184 satisfactione
1904 1158 2003 1189 placare
2030 1157 2055 1183 et

1207 1203 1233 1227 in
1252 1202 1371 1233 petitione
1396 1202 1481 1227 veniae
1507 1202 1666 1233 praevenire,
1689 1209 1719 1226 ne
1744 1202 1809 1226 alius
1836 1202 1998 1233 praeveniens
2026 1201 2054 1227 de

1208 1245 1323 1269 manibus
1342 1252 1426 1269 eorum
1446 1244 1597 1269 humilitatis
1616 1245 1751 1270 mercedem
1769 1244 1901 1276 subripiat.

1279 1289 1303 1313 2.
1322 1289 1354 1313 111
1374 1288 1489 1319 Capitulo
1508 1288 1675 1319 professorum
1695 1288 1781 1313 statim
1801 1288 1858 1319 post
1870 1288 2006 1319 Pretiosa,
2020 1295 2054 1313 re·
2071 1284 2133 1309 ⁰⁸9³*

1208 1332 1461 1357 commendationibus
1480 1332 1567 1362 factis,
1587 1339 1613 1357 se
1631 1332 1660 1356 de
1679 1331 1813 1356 maioribus
1832 1331 1857 1356 et
1869 1331 2009 1356 manifestis
2022 1330 2054 1356 of·
2118 1333 2119 1345 ¹

1208 1376 1285 1401 sensis
1303 1376 1433 1407 accusent,
1453 1377 1535 1407 ipsum
1555 1376 1640 1400 deinde
1660 1375 1803 1406 Capitulum
1816 1375 1917 1400 insimul
1930 1375 2019 1400 exituri
2031 1374 2055 1399 et

1208 1420 1239 1444 ad
1258 1420 1338 1444 locum
1358 1419 1404 1443 sibi
1423 1419 1629 1448 determinatum,
1649 1419 1680 1443 ad
1699 1426 1769 1450 quem
1783 1425 1833 1443 non
1845 1417 1879 1442 511
1892 1418 2055 1443 saecularium

1208 1470 1336 1492 accessus,
1356 1462 1424 1487 ituri.
1443 1462 1497 1487 Mos
1518 1462 1602 1486 tamen
1621 1462 1670 1486 iam
1689 1462 1755 1493 apud
1774 1461 1867 1486 multos
1893 1461 1994 1492 provide
2014 1461 2057 1486 ab·

1208 1506 1277 1535 nuit,
1298 1506 1401 1530 Fratres
1419 1513 1496 1530 novos
1514 1506 1540 1530 in
1560 1505 1675 1536 Capitulo
1703 1504 1846 1530 satisfacere
1875 1504 2055 1536 professorum,

1209 1549 1251 1574 sed
1271 1556 1315 1580 pro
1334 1556 1419 1573 eorum
1439 1548 1538 1573 offensis
1558 1556 1618 1573 suus
1636 1548 1725 1573 ibidem
1744 1547 1914 1579 proclamatur
1933 1555 1975 1572 5911
1988 1554 2056 1579 prae-

1209 1592 1324 1617 monetur
1343 1592 1488 1616 instructor.
1508 1591 1539 1616 In
1559 1591 1664 1616 secundo
1684 1591 1814 1622 Oapitulo,
1833 1591 1947 1616 videlicet
1965 1591 2057 1615 instru-

1209 1635 1298 1664 ctoris,
1319 1635 1383 1666 quod
1402 1635 1474 1659 debet
1493 1635 1527 1659 915
1547 1634 1630 1659 tenere
1649 1634 1746 1659 duabus
1764 1634 1872 1663 1710111115,
1891 1634 1931 1659 vel
1950 1634 2055 1665 pluries,

1210 1679 1231 1703 si
1250 1678 1370 1709 superiori
1390 1678 1522 1707 videbitur,
1541 1679 1567 1702 111
1586 1677 1697 1709 qualibet
1709 1677 1861 1709 septimana,
1876 1685 1951 1709 super
1964 1677 2058 1708 praedi-

1209 1721 1256 1746 ctis
1276 1721 1446 1751 satisfaciant,
1467 1721 1487 1745 si
1505 1721 1531 1745 in
1552 1721 1631 1752 primo
1650 1720 1766 1752 Capitulo
1784 1728 1834 1746 non
1857 1720 1933 1745 fuerit
1958 1719 2058 1745 satisfa-

1209 1764 1285 1789 ctum.
1305 1765 1423 1796 Alioquin
1443 1772 1518 1795 super
1537 1764 1690 1789 notabilibus
1708 1764 1733 1789 et
1751 1764 1846 1795 apertis
1865 1763 1936 1788 iuxta
1949 1763 2057 1788 eiusdem

1209 1808 1369 1833 instructoris
1388 1808 1536 1833 monitiones
1555 1807 1654 1832 offensis
1674 1807 1699 1832 et
1715 1807 1875 1839 negligentiis
1889 1814 1914 1832 se
1927 1806 2057 1837 accusent;

1210 1853 1252 1883 qui
1271 1859 1346 1883 super
1364 1852 1417 1881 his,
1437 1852 1466 1877 de
1486 1852 1575 1883 quibus
1595 1851 1642 1876 sibi
1660 1851 1773 1882 expedire
1792 1850 1924 1880 videbitur,
1945 1857 1985 1875 eos
1998 1850 2058 1875 cari-

1210 1895 1289 1920 tative
1308 1895 1459 1926 corripiens,
1480 1895 1555 1926 prout
1574 1895 1692 1926 cuiusque
1710 1894 1820 1919 moribus
1844 1893 1970 1918 videbitur
1988 1900 2057 1924 expe-

1210 1939 1275 1968 dire,
1296 1938 1450 1963 salutaribus
1470 1938 1542 1963 debet
1560 1938 1684 1962 instruere
1709 1936 1875 1967 documentis,
1900 1936 2058 1962 considerans

1210 1982 1350 2013 diligenter,
1370 1982 1455 2006 utrum
1475 1981 1554 2006 Deum
1574 1980 1696 2012 quaerant
1709 1988 1737 2005 ex
1750 1981 1846 2010 animo,
1861 1981 1881 2005 si
1895 1980 1946 2004 sint
1959 1980 1990 2004 ad
2003 1986 2058 2004 ora-

1210 2026 1302 2050 tionem
1323 2024 1367 2049 et⁷
1387 2025 1499 2049 divinum
1519 2024 1626 2049 officium
1644 2024 1757 2053 solliciti,
1778 2024 1798 2048 si
1817 2023 1849 2048 ad
1867 2022 1980 2048 iniuncta
1999 2022 2059 2047 faci-

1210 2069 1246 2093 les
1266 2068 1291 2093 et
1310 2068 1406 2097 devoti,
1427 2068 1448 2092 si
1466 2068 1497 2092 ad
1516 2067 1690 2092 correctionem
1711 2066 1736 2091 et
1760 2066 1894 2098 opprobria
1919 2065 2057 2097 patientes,

1209 2112 1239 2136 ut
1257 2112 1292 2136 sic
1311 2111 1339 2135 de
1360 2111 1470 2136 moribus
1489 2118 1573 2136 eorum
1586 2110 1611 2135 et
1624 2110 1751 2141 proposito
1764 2109 1887 2134 habeatur
1900 2109 1996 2140 plenior
2009 2116 2058 2134 991·-

1210 2154 1300 2179 titudo.
1319 2154 1427 2179 Matrem
1447 2161 1472 2178 se
1491 2154 1542 2178 illis
1560 2154 1586 2178 in
1604 2153 1718 2178 lenitatis
1742 2152 1883 2182 dulcedine,
1909 2152 2007 2184 patrem
2032 2152 2058 2177 in
2117 2179 2118 2188 1

1210 2198 1368 2222 correctionis
1388 2205 1492 2222 censura
1518 2196 1639 2221 exhibeat.
1668 2196 1705 2221 Sit
1733 2197 1841 2221 severior
1867 2195 1955 2220 iudicio
1983 2202 2058 2227 quam
2117 2191 2118 2213 1

1210 2247 1335 2271 sermone,
1356 2241 1401 2271 qui
1420 2240 1503 2265 clulcis
1528 2241 1565 2264 est
1592 2239 1693 2270 eloquio
1718 2239 1821 2264 maiora
1845 2237 1978 2270 recipiets.
2007 2238 2059 2263 Nec

1210 2290 1270 2314 epol
1272 2283 1321 2314 tet
1341 2283 1406 2314 quod
1425 2284 1459 2308 eis
1473 2283 1651 2314 poenitentiam
1664 2290 1746 2307 coram
1759 2282 1812 2307 toto
1825 2281 1948 2307 conventu
1962 2281 2058 2312 publice

1210 2326 1347 2351 faciendam
1366 2327 1418 2351 sine
1438 2326 1587 2351 conscientia
1607 2326 1741 2357 superioris
1760 2325 1880 2357 imponat.

1281 2369 1306 2394 3.
1319 2369 1463 2398 Postremo,
1477 2369 1506 2394 ut
1519 2369 1684 2400 disciplinato
1698 2370 1722 2393 et
1734 2368 1816 2393 debito
1828 2368 1903 2393 modo
1916 2367 1962 2392 fiat
1974 2367 2058 2392 huius·
2073 2350 2132 2429 9⁰ss

1210 2413 1275 2438 modi
1295 2413 1429 2442 confessio,
1449 2412 1539 2437 debent
1557 2413 1621 2437 circa
1640 2419 1693 2437 eam
1711 2412 1882 2442 honestatem,
1894 2411 2021 2436 cautelam
2033 2411 2058 2435 et

1210 2454 1382 2481 humilitatem
1402 2463 1514 2480 servare:
1536 2455 1707 2486 honestatem,
1726 2455 1756 2479 ut
1774 2455 1861 2486 culpae
1887 2454 2056 2479 narrationem
2073 2446 2133 2492 eumn

1210 2499 1303 2524 nudato
1322 2499 1416 2530 capite,
1437 2506 1486 2524 non
1505 2499 1619 2528 ridendo,
1637 2506 1687 2523 non
1699 2498 1930 2529 circumspiciendo,
1945 2497 1990 2522 aut
2002 2504 2058 2522 cum

1210 2550 1285 2567 manu
1304 2543 1398 2573 aliquid
1416 2541 1539 2572 faciendo,
1559 2542 1601 2567 sed
1619 2542 1711 2566 iunctis
1723 2541 1838 2566 manibus
1851 2541 1948 2572 potius,
1962 2541 2001 2565 vel
2014 2540 2056 2565 ali-

1210 2586 1249 2611 ter
1266 2585 1369 2610 honeste
1388 2585 1530 2616 dispositis,
1550 2584 1725 2616 exsequantur.
1744 2599 1779 2602 -—
1798 2584 1833 2609 De
1851 2583 1952 2609 cautela
1964 2583 2057 2608 dictum
2080 2578 2133 2619 ⁰¹¹1?

1210 2629 1248 2654 est
1266 2629 1292 2654 in
1311 2629 1420 2660 capitulo
1439 2626 1623 2659 praecedenti⁹,
1643 2635 1718 2659 quam
1735 2628 1761 2652 in
1786 2627 1832 2653 1100
1857 2627 1988 2658 praecipue
2012 2627 2057 2651 ha-

1209 2672 1298 2702 beant,
1318 2672 1348 2696 ut
1373 2679 1398 2696 se
1424 2672 1509 2703 paucis
1537 2670 1619 2696 verbis
1647 2670 1778 2702 expediant
1805 2670 1830 2695 et
1857 2671 1883 2695 in
1911 2670 1984 2701 culpa
2012 2676 2057 2694 sua

369 2836 377 2849 ¹
395 2837 424 2859 Ca
435 2844 450 2859 1.
467 2837 489 2859 ⁹.
526 2855 529 2859 .
567 2854 571 2859 .

369 2867 378 2880 ²
396 2838 558 2891 Cotlcl.lCll)l-]¹
573 2871 594 2890 91
616 2868 669 2890 edd.
694 2869 715 2896 1,
739 2870 752 2890 2
774 2868 912 2897 superioris.
938 2869 1031 2891 inferius
1057 2869 1107 2891 Vat.
1133 2872 1154 2891 et

307 2899 344 2921 ed.
365 2899 373 2933 ¹.
393 2900 499 2921 omittunt
517 2905 636 2929 congyrzzo,
655 2903 676 2922 et
693 2899 791 2922 vocibus
808 2905 862 2922 cum
879 2899 1000 2929 diliyencm.
1013 2901 1028 2922 Ε
1042 2900 1155 2923 interserit

308 2936 378 2952 omni.

371 2959 379 2972 ³
397 2961 469 2983 Codd.
486 2961 502 2983 C
514 2962 556 2983 DE
574 2965 595 2983 91
612 2962 647 2984 ed.
667 2962 675 2983 1
698 2962 788 2984 addunt
804 2962 829 2984 in
846 2962 997 2991 consinsionc.

370 2991 380 3003 ⁴¹
398 2993 463 3014 Eccli.
486 2993 523 3019 19,
546 2994 566 3014 l:
585 2993 626 3021 Qui
645 2993 732 3020 spernit
758 2993 847 3015 modica
872 2994 981 3020 paulatim
1007 2993 1105 3016 decidet.
1124 3005 1155 3010 —

308 3023 402 3045 Inferius
419 3022 435 3045 C
447 3024 488 3045 DE
506 3027 527 3045 91
544 3024 596 3045 edd.
619 3024 639 3051 l,
657 3025 670 3045 ⁴2
688 3024 795 3046 omittunt
812 3030 921 3053 namque.

1274 2837 1283 2850 ⁵
1300 2837 1355 2866 Cap.
1374 2838 1395 2859 0.
1414 2844 1435 2859 n.
1457 2837 1474 2858 1.

1273 2868 1283 2881 ⁶
1300 2868 1373 2891 Codd.
1391 2868 1406 2891 C
1417 2869 1435 2891 D
1452 2871 1474 2890 et
1490 2868 1544 2890 edd.
1562 2868 1586 2895 ³1,
1605 2868 1617 2889 ‘2
1636 2866 1671 2890 cel
1686 2873 1804 2890 somnum.

1273 2898 1282 2911 ⁷
1301 2901 1330 2922 119
1348 2900 1418 2922 CDE
1436 2903 1458 2921 91
1474 2899 1511 2921 ed.
1529 2900 1555 2925 ‘23
1573 2899 1624 2921 Vat.
1641 2905 1693 2921 cnm
1712 2898 1749 2921 ed.
1770 2899 1774 2919 1
1798 2897 1830 2921 acl
1846 2896 1977 2920 orationem
1998 2896 2055 2926 viai-

1211 2931 1244 2954 les
1261 2932 1281 2953 el
1298 2931 1336 2954 acl.
1361 2931 1455 2953 inferius
1479 2930 1576 2953 vocibus
1593 2931 1614 2952 el
1631 2929 1757 2959 opprobria
1775 2929 1791 2952 C
1802 2930 1846 2951 DE
1863 2932 1885 2951 91
1902 2929 1938 2951 ed.
1957 2930 1969 2950 2
1987 2929 2056 2951 inler-

1211 2965 1290 2985 serunt
1307 2961 1386 2985 eliam.

1274 2992 1282 3005 Β
1301 2994 1366 3015 Prov.
1390 2993 1428 3021 16,
1446 2993 1484 3014 -21,
1502 2993 1544 3015 Pro
1561 2992 1657 3021 recipiet
1673 2991 1712 3020 (ila
1729 2993 1747 3014 A
1765 2995 1787 3014 et
1803 2991 1839 3014 ed.
1858 2992 1880 3019 2)
1896 2991 1992 3019 Vulgata
2001 2996 2054 3020 per-

1211 3024 1291 3053 cipiet,
1310 3025 1360 3046 Vat.
1379 3030 1432 3046 curn
1450 3024 1486 3046 ed.
1509 3024 1513 3046 1
1535 3023 1643 3053 reperiet.
1845 3021 1854 3034 ⁰
1870 3023 1937 3045 Num.
1956 3023 1976 3044 2.
1995 3025 2016 3044 et
2033 3021 2054 3043 3.
