2133 3317
534 219 728 248 OPUSCULUM
749 219 788 247 111.
812 218 935 248 LIGNUM
956 218 1061 247 VITAE.
1083 217 1353 246 ADDITAMENTUM.
1779 217 1815 244 87

249 300 332 329 Iesus,
351 306 413 331 puer
432 298 575 330 proficiens,

284 342 370 371 Iesus,
389 341 428 365 vir
447 340 603 371 baptizatus,

284 385 368 413 Iesus,
389 384 461 415 panis
480 383 602 411 esuriens,

283 427 368 456 Iesus,
387 426 467 451 victor
486 426 608 450 tentatus.
628 425 654 458 ιγ.
675 423 752 453 Quem
771 423 817 448 etc.

249 471 335 498 Iesus,
354 469 425 495 nobis
444 469 603 495 circumiens,

284 514 369 543 Iesus,
390 512 460 538 nobis
479 512 604 541 lassatus,

283 557 368 586 Iesus,
388 563 433 587 pro
452 555 522 580 nobis
541 554 668 586 indigens,

284 600 368 629 Iesus,
388 598 560 624 inhonoratus.
579 596 605 630 ξ’.
625 596 645 622 O
664 603 723 621 crux
742 595 788 620 etc.

248 643 333 672 Iesus,
353 642 466 666 miranda
484 641 590 669 faciens,

284 685 370 714 Iesus,
389 684 472 709 verbis
491 684 606 708 sensatus

284 728 367 757 Iesus,
388 727 489 759 peccata
508 727 618 753 diluens,

286 771 371 799 Iesus,
391 769 598 801 transfiguratus.
618 769 644 801 ¹3⁸·
664 767 741 797 Quem
762 767 808 792 etc.

249 813 334 842 Iesus,
354 813 489 845 unguentis
508 812 634 840 redolens,

286 857 372 886 Iesus,
391 856 468 881 asello
487 855 569 884 latus,

286 899 372 928 Iesus,
392 898 509 923 subiectis
528 897 652 925 serviens,

285 942 369 971 Iesus,
389 948 469 974 agnus
488 940 595 966 oblatus.
615 940 641 973 lj'.
660 938 680 964 O
698 945 759 963 crux
776 938 823 962 810.

250 984 336 1013 185115,
356 984 443 1009 futura
462 983 621 1015 praevidens,

286 1029 371 1058 Iesus,
390 1027 564 1059 angustiatus,

286 1072 372 1100 Iesus,
391 1077 477 1095 eruore
496 1070 613 1098 effluens,

286 1115 371 1143 Iesus,
391 1121 466 1139 orans
486 1112 638 1144 prostratus.
656 1111 682 1145 15¹.
703 1111 779 1141 Quem
799 1111 845 1136 etc.

250 1158 335 1187 Iesus,
355 1157 454 1188 emptus
472 1156 611 1187 argenteis,

286 1200 371 1228 Iesus,
391 1199 465 1223 turba
484 1198 609 1225 vallatus.

287 1243 373 1271 Iesus,
392 1242 481 1273 captus
500 1241 531 1266 ab
550 1241 646 1272 impiis,

286 1286 371 1314 Iesus,
391 1284 430 1310 ter
447 1284 592 1315 denegatus.
613 1284 638 1316 13¹.
658 1282 678 1308 O
697 1290 757 1307 crux
775 1282 820 1307 etc.

250 1329 335 1358 Iesus,
356 1328 427 1353 satur
446 1327 597 1358 opprobriis,

286 1372 372 1402 Iesus,
391 1370 465 1395 vultu
483 1370 589 1398 velatus,

287 1415 372 1444 Iesus,
392 1414 503 1439 concisus
522 1413 620 1444 alapis,

286 1457 369 1486 Iesus,
389 1456 567 1487 colaphizatus.
586 1455 611 1488 15'.
634 1455 711 1485 Quem
729 1454 776 1479 etc.

251 1501 336 1530 Iesus,
355 1500 474 1525 astrictus
493 1499 612 1528 vinculis,

287 1544 371 1573 Iesus,
392 1542 593 1575 perflagollaffls,

287 1587 372 1616 Iesus,
391 1586 499 1617 punctus
518 1585 623 1614 aculeis,

290 1630 375 1659 Iesus,
395 1629 446 1654 dire
466 1628 592 1660 plagatus.
612 1628 637 1661 ξ’.
658 1627 678 1653 O
697 1635 758 1653 crux
776 1627 822 1653 etc.

253 1673 337 1702 Iesus,
358 1673 423 1697 risus
442 1679 457 1696 a
476 1671 590 1703 perfidis,

289 1716 374 1745 Iesus,
394 1715 457 1740 falso
476 1714 621 1743 accusatus,

290 1758 375 1787 Iesus,
395 1757 496 1788 spretus
515 1764 530 1781 a
549 1756 662 1788 populis,

290 1802 375 1831 Iesus,
394 1801 473 1826 morte
491 1800 633 1825 damnatus.
654 1800 680 1834 131.
700 1799 779 1829 Quem
798 1799 844 1824 etc.

254 1845 326 1869 Iesus
334 1863 340 1873 ‚
360 1851 456 1869 crucem
474 1842 662 1872 circumferens,

290 1887 376 1916 Iesus,
396 1887 464 1911 veste
483 1885 606 1915 nudatus,

290 1930 376 1959 185115,
396 1929 471 1955 morti
489 1936 514 1954 58
533 1928 652 1958 offerens,

290 1974 376 2003 Iesus,
395 1973 463 2004 ligno
482 1972 603 1997 clavatus.
623 1971 650 2005 ljl.
670 1971 690 1997 O
709 1979 769 1997 crux
788 1972 834 1996 810,

255 2016 340 2046 185115,
360 2015 443 2041 orbem
462 2014 611 2044 concutiens,

289 2059 375 2089 Iesus,
394 2058 497 2090 planctu
516 2058 613 2089 rig-atus

290 2102 375 2131 Iesus,
394 2101 472 2126 Matri
489 2100 649 2132 compatiens,

290 2145 376 2174 Iesus,
396 2144 452 2169 felle
472 2144 582 2175 potatus.
602 2144 627 2176 15',
649 2143 725 2173 Quem
744 2143 790 2168 etc.

256 2188 342 2217 Iesus,
361 2187 490 2212 clamando
509 2187 630 2215 moriens,

292 2230 363 2255 Iesus
372 2249 377 2259 ,
397 2228 617 2254 transverberatus
626 2247 632 2258 ,

292 2273 377 2301 Iesus,
396 2271 521 2297 infernum
539 2271 638 2300 adiens,

293 2316 378 2344 Iesus,
398 2315 573 2340 intumulatus.
593 2314 619 2347 ly.
639 2314 659 2339 O
677 2321 737 2339 crux
756 2314 802 2339 etc.

258 2358 343 2388 Iesus,
363 2358 475 2389 captivos
494 2365 595 2387 eruens,

294 2402 380 2432 Iesus,
400 2401 571 2430 resuscitatus⁷

295 2444 381 2473 185115,
400 2444 432 2468 ad
450 2443 552 2468 Patrem
571 2443 675 2473 rediens,

294 2487 378 2516 Iesus,
397 2486 560 2519 glorificatus.
579 2486 605 2519 15'.
626 2485 702 2515 Quem
720 2485 766 2511 etc.

261 2530 345 2560 Iesus,
366 2530 430 2555 dona
449 2529 614 2558 distribuam,

295 2573 379 2602 Iesus,
398 2572 563 2601 clarificatus,

296 2616 381 2645 Iesus,
401 2615 535 2640 monarcha
554 2614 710 2646 praesidens,

298 2658 383 2688 Iesus,
403 2665 496 2683 summe
516 2657 612 2682 beatus.
630 2657 656 2690 15¹.
677 2656 696 2682 O
715 2664 775 2682 crux
793 2658 838 2682 etc.

1149 296 1234 324 Iesus,
1255 303 1367 327 purgans
1385 302 1400 320 a
1420 295 1546 322 sordibus,

1184 339 1270 368 Iesus,
1290 338 1406 370 splendor
1425 338 1541 369 optatus,

1185 381 1271 411 Iesus,
1291 382 1390 412 spirans
1409 380 1550 409 afflatibus,

1185 424 1270 454 Iesus,
1290 431 1360 449 cruce
1380 424 1531 449 immolatus.
1551 423 1704 455 Respondit:

1151 466 1199 491 Per
1217 466 1296 495 hunc,
1316 474 1383 496 crux,
1402 466 1611 492 christiformibus

1184 509 1246 534 Esto
1265 509 1350 535 vitalis
1369 510 1466 536 status.

1185 551 1315 578 Profectus
1332 553 1358 577 in
1376 553 1513 577 virtutibus

1186 594 1223 619 Ac
1241 595 1407 626 sempiternus
1426 595 1517 620 status.

1045 652 1189 684 Expliciunt
1207 652 1303 678 LXXH
1321 654 1476 685 operationes
1495 654 1553 679 Iesu
1572 654 1673 679 Christi.

1045 734 1118 759 Alius
1142 734 1216 760 codex
1239 734 1400 760 bibliothecae
1424 735 1547 761 Monachii
1574 737 1694 768 genuinas
1722 736 1820 761 exhibet

974 776 1105 808 strophas,
1125 777 1168 801 sed
1186 777 1292 809 singulis
1310 778 1438 802 versiculis
1458 778 1483 802 et
1501 778 1623 803 fructibus
1636 779 1749 811 adiungit
1767 779 1819 804 tres

974 820 1062 845 breves
1080 820 1264 852 explicationes
1287 820 1398 845 Sufficiat
1421 821 1459 845 hic
1483 821 1574 846 referre
1600 822 1699 847 tantum
1726 823 1819 853 primas

975 863 1102 895 strophas.

1094 937 1169 961 ‘rituli
1185 937 1255 967 Ligni
1272 937 1336 961 vitae
1353 944 1403 961 011111
1419 937 1558 968 expositione
1575 938 1713 962 articulata..

1396 1009 1547 1034 obumbrans
1560 1009 1591 1034 ab
1604 1010 1675 1034 aestu
1694 1010 1818 1039 vitiorum,

975 1051 995 1077 O
1014 1051 1097 1076 frutex
1116 1051 1256 1080 salvificus,
1370 1010 1378 1125 Ξ
1396 1052 1507 1077 alliciens
1526 1053 1601 1077 ramis
1621 1052 1758 1083 factorum,

1397 1102 1511 1120 recreans
1530 1095 1595 1120 foliis
1613 1095 1752 1120 verborum.

1375 1171 1378 1183 s
1397 1170 1425 1194 ut
1444 1170 1563 1194 cresceret
1580 1170 1605 1194 in
1619 1169 1728 1194 fidelium
1746 1170 1822 1195 cordi-

1450 1213 1510 1241 11115,

1397 1256 1426 1281 111
1444 1256 1594 1281 dilataretur
1605 1257 1631 1281 in
1645 1256 1758 1282 omnibus
1775 1256 1822 1281 ter-

1450 1307 1492 1324 rae
1510 1299 1615 1329 finibus,

1397 1344 1426 1368 ut
1438 1343 1592 1368 exaltaretur
1607 1343 1633 1367 111
1646 1342 1761 1368 Ecclesiis
1775 1349 1823 1368 om-

1450 1386 1532 1411 nibus.

976 1275 1038 1300 Vivo
1058 1274 1126 1300 fonte
1144 1274 1242 1306 rigatus
1250 1293 1255 1304 ,
1371 1207 1379 1360 Ξ

1372 1366 1374 1379 l

1398 1462 1454 1486 visu
1473 1460 1666 1492 pulcherrimus,

978 1504 1053 1530 Cuius
1072 1504 1118 1530 flos
1136 1504 1300 1534 aromaticus,
1372 1464 1381 1579 g
1399 1504 1503 1529 odoratu
1522 1504 1698 1534 suavissimus,

1399 1547 1469 1572 tactu
1487 1547 1681 1578 acceptissimus.

1398 1628 1413 1646 a
1432 1620 1587 1646 Patriarehis
1605 1621 1631 1645 iu
1650 1620 1787 1649 offerendo,

1398 1672 1414 1689 a
1432 1664 1565 1695 Prophetis
1577 1664 1603 1689 in
1616 1663 1822 1695 praenuntiando,

1398 1707 1430 1732 ab
1448 1707 1553 1739 Angelis
1570 1708 1597 1732 in
1616 1707 1791 1738 promittendo.

978 1666 1011 1691 Et
1030 1665 1127 1691 tructus
1146 1665 1308 1691 desideratus.

1114 1786 1140 1809 A.
1158 1785 1232 1815 Origo.
1400 1782 1507 1807 Parente
1527 1782 1617 1811 nobili,

978 1827 1065 1857 Iesus,
1085 1827 1178 1858 origine
1197 1826 1349 1857 praeclarus.
1399 1824 1558 1856 generatione
1576 1825 1749 1853 inenarrabili,

1090 1869 1195 1901 (Ramus
1213 1869 1246 1900 I.)
1401 1868 1485 1893 ordine
1502 1868 1629 1892 ineffabili.

980 1987 1063 2016 Iesus,
1083 1993 1112 2011 ex
1130 1986 1180 2011 Deo
1199 1986 1313 2017 genitus,
1400 1986 1426 2010 in
1445 1986 1563 2016 temporis
1575 1985 1604 2017 (Ξ)
1624 1985 1783 2014 aeternitate,

1378 1944 1381 1952 ¹
1400 1950 1429 1967 ex
1447 1942 1532 1967 Patris
1550 1942 1715 1969 fecunditate,

1374 1954 1382 2060 Ξ
1401 2036 1456 2054 011111
1474 2029 1557 2054 Prolis
1575 2029 1721 2053 Divinitate.

1401 2095 1432 2119 ad
1450 2094 1556 2119 Patrum
1575 2095 1781 2124 consolationem,

1400 2138 1432 2163 ad
1451 2137 1507 2162 fidei
1527 2137 1753 2167 confirmationem,

1401 2181 1433 2206 ad
1450 2181 1578 2206 hominum
1596 2181 1820 2212 praeparationem.

980 2139 1065 2168 Iesus,
1084 2138 1270 2170 praefiguratus
1277 2157 1283 2167 ‚

1401 2247 1430 2272 ut
1445 2247 1552 2272 medicus
1565 2247 1681 2278 expertus
1694 2247 1725 2272 ad
1738 2255 1826 2272 sanan-

1455 2290 1527 2319 dum,

1401 2332 1431 2357 ut
1453 2333 1578 2364 exemplar
1602 2333 1696 2358 clarum
1721 2333 1753 2357 ad
1775 2333 1827 2358 iun·-

1455 2376 1573 2405 tandum,

1403 2419 1432 2444 ut
1449 2419 1542 2443 amicus
1560 2426 1634 2443 verus
1655 2418 1687 2443 ad
1710 2418 1827 2443 adiuvan-

1381 2476 1385 2488 1
1456 2462 1524 2486 dum.

982 2354 1067 2384 Iesus,
1086 2353 1190 2378 emissus
1209 2352 1325 2383 caelitus,

1402 2535 1458 2552 cum
1476 2527 1567 2552 honore
1586 2527 1700 2558 propriae
1723 2526 1826 2557 Matris,

1403 2578 1458 2595 cuin
1477 2570 1552 2595 iubilo
1571 2570 1673 2594 militiae
1692 2570 1816 2599 caelestis,

1403 2620 1458 2638 curn
1476 2613 1566 2644 gaudio
1579 2613 1705 2638 machinae
1718 2613 1828 2638 mundia-

983 2594 1068 2624 185115,
1088 2593 1167 2619 Maria
1185 2594 1269 2619 natus,
1376 2526 1385 2687 ἓ

1456 2656 1488 2680 115
1506 2656 1552 2681 810.
