2133 3317
1 801 82 822 canentia

0 825 15 846 ri
26 825 82 845 vitae.

0 1686 51 1706 natio
63 1688 82 1705 et

0 1710 69 1729 [ontio.

426 204 622 233 OPUSCULUM
643 204 682 232 ΙΙΙ.
706 203 829 232 LIGNUM
850 203 955 232 VlTAE.
978 203 1021 232 DE
1041 204 1209 233 MYSTERIO
1230 204 1517 233 GLORIFICATIONIS.
1808 205 1844 234 85

100 284 263 312 increatum
284 285 325 311 est
343 282 491 319 sapientiae
506 281 576 310 liber
597 284 624 310 et
645 281 696 310 lux
710 281 738 310 in
759 284 850 310 mente
865 288 942 310 sum-

98 330 136 359 mi
156 329 274 358 Artificis
294 328 452 357 viventibus
471 328 553 365 plena
573 327 728 356 rationibus
748 330 776 356 et
804 327 941 361 aeternis,

99 379 131 405 ut
141 375 263 404 Verbum
278 375 459 412 inspiratum
473 375 501 402 in
515 374 701 403 intellectibus
714 373 845 410 angelicis
859 376 943 410 atque

98 422 200 456 beatis,
220 425 253 450 ut
277 421 400 450 Verbum
428 421 620 449 incarnatum
641 420 669 448 in
697 420 837 449 mentibus
858 420 942 448 ratio-

98 468 207 497 nalibus
228 468 304 497 carni
325 467 426 502 unitis;
454 470 486 496 ut
511 467 549 496 sic
576 465 769 504 multiformis¹
795 466 942 503 sapientia

98 514 152 543 Dei
171 522 208 543 ex
228 514 289 551 ipso
309 517 337 543 et
357 514 384 542 in
405 514 465 551 ipso
485 521 536 550 per
557 516 646 542 totum
667 521 786 550 regnum
807 512 942 549 refulgeat

98 564 230 598 tanquam
249 569 266 590 a
286 561 399 598 speculo
419 560 527 590 decoris
547 561 670 589 omnium
692 560 847 597 specierum
862 562 889 588 et
903 559 944 588 lu-

97 608 203 637 minum
232 608 389 637 contentivo
413 610 441 636 et
466 611 597 644 tanquam
618 607 646 635 in
666 607 753 641 libro,
774 606 801 635 in
823 614 879 643 quo
900 613 942 635 se-

98 655 221 684 cundum
241 654 379 691 profunda
406 654 454 683 Dei
485 654 617 691 mysteria
643 654 737 682 omnia
762 653 942 682 conscribun-

99 703 146 730 tur
158 702 177 729 ².

175 747 198 776 Ο
219 747 242 777 si
263 747 346 776 talem
362 747 466 776 librum
486 747 610 776 invenire
624 755 746 784 possem,
768 746 849 775 cuius
863 746 942 783 origo

98 797 223 829 aeterna,
245 794 326 823 cuius
347 794 565 831 incorruptibilis
586 794 719 828 essentia,
741 794 821 822 cuius
849 793 942 830 cogni-

98 842 136 871 tio
157 841 228 876 vita,
250 841 331 870 cuius
352 841 491 878 scriptura
508 840 677 875 indelebilis,
699 840 780 869 cuius
801 840 942 877 inspectus

97 888 298 922 desiderabilis,
314 888 394 917 cuius
404 888 530 916 doctrina
542 887 642 921 facilis,
657 887 738 916 cuius
756 887 868 916 scientia
883 886 942 915 dul-

97 935 149 969 cis,
174 935 255 964 cuius
276 935 448 972 profunditas
473 934 732 971 imperscrutabilis,
755 933 835 962 cuius
857 933 942 962 verba

96 982 304 1016 inenarrabilia,
325 984 353 1010 et
373 989 460 1010 unum
482 985 573 1009 tamen
596 981 712 1009 verbum
734 980 840 1009 omnial
857 980 940 1014 Vere,

98 1028 146 1065 qui
168 1028 243 1057 hunc
264 1028 368 1057 invenit
392 1028 495 1056 librum
514 1027 637 1056 inveniet
664 1027 755 1055 vitam
775 1030 801 1055 et
825 1025 942 1055 lzauriet

96 1074 220 1103 salutent
241 1082 260 1103 a
284 1074 404 1102 Domino
417 1074 436 1102 ².

333 1168 425 1202 lesus,
446 1166 569 1204 sbntalis
589 1167 704 1196 radius.

174 1260 221 1290 47.
244 1260 272 1289 ln
293 1261 346 1289 hoc
367 1260 503 1298 siquidem
524 1268 610 1297 regno
623 1263 736 1289 aeterno
754 1260 826 1289 (lata
841 1260 942 1288 omnia

97 1307 208 1345 optima
228 1311 253 1336 et
273 1308 354 1336 dona
371 1307 503 1345 perfecta
524 1316 543 1335 a
564 1308 656 1336 Patre
686 1307 832 1336 luminum
854 1307 880 1335 in
903 1306 942 1335 af-

96 1354 211 1383 fluentia
232 1354 428 1383 descendunt³
450 1357 477 1383 et
495 1354 572 1391 copia
592 1362 642 1391 per
664 1354 741 1383 illum
763 1354 811 1391 qui
832 1357 873 1382 est
895 1361 942 1382 su-

96 1401 299 1438 peressentialis
327 1401 430 1435 radius,
451 1401 578 1429 Christus
610 1401 703 1435 Iesus,
725 1401 789 1437 qui,
812 1409 874 1429 cum
907 1401 942 1429 sit

0 1454 185 1496 fflffi'unus’
206 1447 298 1476 omnia
319 1450 423 1484 potest,
445 1450 472 1476 et
492 1447 520 1475 in
542 1455 570 1476 se
591 1455 756 1484 permanens
783 1448 876 1476 omnia
900 1447 941 1475 in-

96 1497 186 1523 novat.
211 1494 255 1523 Est
276 1494 348 1523 enim
370 1494 516 1522 emanatio
540 1494 685 1532 quaedam
707 1493 853 1522 claritatis
881 1494 942 1522 vir-

97 1541 167 1570 tutis
182 1540 382 1578 omnipotentis
398 1541 451 1569 Dei
469 1540 602 1575 sincera,
624 1543 651 1569 et
669 1540 729 1569 ideo
750 1539 824 1569 nillil
845 1540 941 1578 inqui-

96 1591 200 1616 natum
220 1588 248 1616 in
270 1588 345 1616 hunc
365 1587 496 1616 fontalem
517 1587 625 1616 radium
647 1587 719 1616 valet
740 1587 894 1616 incurrere.

175 1634 212 1663 Ad
240 1634 315 1662 hunc
336 1634 438 1662 fontem
470 1634 542 1663 vitae
572 1637 600 1663 et
630 1633 742 1662 luminis
773 1642 856 1662 curre
878 1642 941 1663 cum

97 1681 233 1710 desiderio
254 1681 329 1715 vivo,
345 1689 538 1718 quaecumque
553 1689 595 1715 es,
610 1681 701 1709 anima
715 1681 771 1709 Deo
788 1681 900 1715 devota,
915 1684 942 1710 et

97 1728 188 1757 cordis
209 1728 306 1756 intima
326 1728 352 1756 vi
373 1727 407 1756 ad
422 1735 485 1757 eum
501 1728 664 1757 exclama&
684 1739 698 1753 ει
711 1728 733 1756 O
748 1728 942 1757 inaccessibilis

99 1774 182 1803 decor
203 1774 250 1803 Dei
273 1774 375 1803 excelsi
403 1777 430 1803 et
452 1774 601 1811 purissima
627 1775 738 1803 claritas
763 1774 833 1803 lucis
853 1778 942 1803 aeter-

98 1829 165 1855 nae,
187 1821 243 1850 vita
263 1829 372 1850 omnem
393 1822 477 1850 vitam
499 1822 653 1856 vivificans,
675 1822 725 1850 lux
747 1829 827 1850 omne
848 1822 942 1850 lumen

98 1868 257 1897 illuminans
278 1871 305 1896 et
320 1876 486 1897 conservans
507 1868 534 1896 in
553 1868 699 1905 splendore
713 1871 847 1905 perpetuo
869 1869 942 1897 mille

97 1914 209 1943 millena
229 1914 335 1943 lumina
348 1914 518 1951 fulgurantia
529 1914 540 1931 ⁵
554 1917 617 1943 ante
632 1915 765 1943 thronum
788 1914 943 1943 Divinitatis

99 1964 163 1990 tuae
183 1969 200 1990 a
220 1961 361 1998 primaevo
385 1961 526 1990 diluculo!
548 1961 571 1990 Ο
592 1964 736 1990 aeternum
751 1964 778 1990 et
798 1961 943 1990 inaccessi-

99 2007 169 2042 bile,
184 2008 290 2037 clarum
312 2011 339 2037 et
352 2008 433 2037 dulce
454 2008 624 2045 profluvium
639 2008 721 2036 sontis
742 2008 893 2037 absconditi
908 2007 943 2036 ab

98 2055 186 2083 oculis
210 2055 334 2083 omnium
365 2055 541 2089 mortalium,
573 2054 653 2084 cuius
684 2054 853 2092 profundum
884 2054 943 2083 sine

99 2101 196 2135 fundo,
218 2101 298 2130 cuius
318 2101 405 2130 altum
421 2102 479 2130 sine
494 2101 625 2135 termino,
640 2101 721 2130 cuius
734 2101 887 2138 amplitudo
902 2101 943 2129 in-

99 2147 373 2185 circumscriptibilis,
385 2148 465 2177 cuius
475 2148 582 2185 puritas
596 2148 832 2185 imperturbabilis
840 2148 851 2165 ⁶
864 2159 891 2183 »;
907 2156 943 2177 ex

163 2363 172 2377 ²
190 2364 234 2388 Cfr.
253 2364 366 2393 Brex'iloq.
384 2371 406 2392 p.
426 2365 440 2387 1.
458 2370 477 2387 c.
495 2365 517 2387 8.
535 2370 588 2387 cum
605 2365 665 2387 notis
682 2366 773 2388 nostris.

164 2403 173 2416 ²
190 2404 257 2426 Prov.
281 2404 306 2431 8,
324 2404 361 2426 35.
378 2416 409 2420 —
426 2404 499 2432 Supra
522 2403 658 2426 ACNWZ
680 2404 748 2427 cuius
770 2404 880 2434 inspectio
901 2411 943 2433 pro

101 2442 169 2466 cuius
186 2442 317 2473 inspectus,
335 2445 357 2466 et
368 2442 436 2466 cuius
448 2442 519 2466 rerba
531 2442 683 2466 itzcuriabilia
701 2442 767 2473 [OW
785 2442 943 2467 innumerabi-

103 2481 147 2512 lia]
165 2488 207 2510 pro
225 2481 293 2505 cuius
305 2481 376 2504 rerba
394 2481 573 2504 inenarrabilia.

166 2519 175 2533 ³
192 2520 234 2542 lac.
256 2521 274 2548 l,
296 2520 329 2542 17.
347 2521 456 2549 Sequitur
468 2521 521 2548 Sap.
538 2521 563 2548 7,
581 2520 619 2543 25.
636 2533 666 2536 —
684 2521 726 2543 Pro
737 2520 851 2550 fontalem
869 2520 943 2550 [multi

104 2559 173 2582 codd.
195 2558 331 2589 fontanum]
354 2558 452 2582 radium
474 2559 536 2582 valet
553 2560 603 2581 Vat.
620 2559 734 2589 sontalem
751 2558 847 2582 radium
860 2560 944 2589 potest.

165 2596 175 2609 ⁴
192 2597 245 2619 Vat.
262 2596 352 2624 clama,
369 2597 454 2619 deinde
467 2596 592 2627 ineffabilis
604 2604 646 2625 pro
664 2596 841 2625 inaccessibilis,
859 2600 881 2619 et
893 2600 945 2625 post

104 2634 163 2658 lucis
179 2637 289 2658 aeternae
305 2636 369 2658 addit
385 2635 527 2666 indeficiens.

166 2673 175 2686 ⁵
192 2674 235 2696 Pro
244 2675 358 2704 perpetuo
375 2674 439 2697 mille
450 2674 548 2698 millena
560 2674 652 2697 lumina
663 2674 815 2704 sulpurantia
830 2675 881 2697 Vat.
890 2681 945 2704 per-

101 2713 173 2742 petuo
188 2712 348 2743 multiformia
370 2713 463 2736 lumina
484 2713 616 2743 [πεπτηὼς
634 2713 718 2736 deiude
743 2719 785 2741 pro
807 2712 903 2737 clarum
924 2714 946 2736 et

104 2749 171 2774 dulce
188 2751 257 2774 habet
273 2750 398 2781 dulceque,
417 2751 511 2775 clarum
528 2753 551 2775 et
565 2751 684 2782 sapidum.

167 2789 177 2803 ⁶
193 2790 295 2813 Anselm.
309 2791 353 2813 loc.
369 2790 406 2813 cit.
425 2791 485 2813 circa
502 2791 580 2814 finem.

167 2827 175 2840 ⁷
193 2829 266 2851 Codd.
283 2830 301 2851 A
311 2829 328 2851 Β
337 2829 354 2852 C
363 2830 379 2852 E
389 2830 419 2852 W
428 2831 444 2852 Z
461 2830 551 2859 flumen
561 2838 569 2858 ,·
587 2830 669 2852 deinde
681 2829 833 2858 respiciuntur
853 2830 889 2852 Ps.
904 2829 946 2858 44,

106 2867 135 2889 8:
151 2867 275 2895 Propterea
292 2867 356 2890 unxit
371 2870 393 2890 te
409 2868 483 2895 Deus,
502 2868 562 2890 Deus
578 2870 631 2890 tuus
647 2869 698 2890 oleo
714 2867 812 2890 laetitiae
824 2873 881 2896 prae
892 2874 947 2890 con-

105 2905 206 2928 sor-tibus
223 2906 282 2934 tuis;
299 2906 353 2929 dein
369 2907 405 2929 Ps.
416 2906 456 2935 45,
475 2907 488 2929 5
495 2916 501 2934 ;
519 2906 560 2936 35,
579 2908 601 2929 9.
613 2919 644 2924 —
655 2908 729 2935 Supra
742 2910 793 2936 post
804 2906 948 2930 mortalium

105 2944 124 2967 Ο
136 2951 162 2967 cc
179 2944 265 2968 habent
281 2945 349 2969 cuius
366 2945 432 2969 unda
447 2945 498 2969 sine
514 2947 581 2974 ortu,
598 2945 666 2970 cuius
684 2945 759 2969 latum
770 2945 820 2969 sine
831 2945 943 2975 termino,

105 2983 174 3007 cuius
190 2983 291 3007 altitudo
308 2984 567 3015 incircumscriptibilis.

999 289 1055 318 quo
1079 282 1205 311 ssuvius⁷
1230 282 1354 319 procedit
1379 282 1433 311 olei
1463 282 1605 316 laetitiae;
1626 282 1679 320 qui
1708 281 1845 318 laetificat

999 327 1144 357 civitatem
1176 329 1243 363 Dei,
1275 332 1302 357 et
1332 332 1442 358 torrens
1463 329 1535 366 ignei
1568 329 1685 366 vigoris,
1714 333 1844 362 torrens,

999 373 1128 410 inquam,
1149 375 1308 412 voluptatis
1329 376 1462 410 divinae,
1483 384 1539 413 quo
1567 375 1731 405 laetabunda
1756 375 1844 404 ebrie-

999 423 1054 449 tate
1075 421 1174 457 potati,
1197 422 1327 451 caelestes
1347 423 1386 451 illi
1408 423 1538 452 convivae
1560 423 1662 460 hymno
1690 422 1843 451 incessabili

999 467 1124 496 iubilant.

1078 514 1132 543 Hoc
1152 522 1202 543 nos
1224 515 1284 544 oleo
1304 523 1383 544 sacro
1403 523 1527 553 perunge
1552 516 1692 553 huiusque
1714 515 1845 545 torrentis
1861 521 1931 540 Oratio-

998 559 1226 590 desiderabilibus
1240 562 1326 598 guttis
1347 562 1500 591 sitibundas
1515 563 1637 591 refocilla
1657 563 1750 592 fauces
1764 570 1844 591 aren-

999 606 1068 634 tium
1090 607 1232 641 cordium,
1246 611 1278 636 ut
1299 608 1326 636 in
1343 617 1407 637 voce
1427 609 1631 638 consultationis
1645 613 1670 638 et
1687 608 1843 646 confessio-

998 653 1046 680 nis
1057 653 1068 669 Β
1089 653 1266 683 decantemus
1281 654 1329 683 tibi
1345 655 1451 684 cantica
1465 655 1566 690 laudis,
1588 656 1761 692 experientia
1775 658 1844 684 teste

999 699 1163 736 probantes,
1184 701 1325 738 quoniam
1356 702 1440 738 apud
1460 705 1484 730 te
1504 706 1546 731 est
1565 701 1633 739 fons
1652 702 1745 736 vitae,
1767 706 1793 731 et
1813 702 1845 730 in

999 745 1107 775 lumine
1128 750 1177 775 tuo
1197 747 1358 776 videbimus
1380 748 1484 776 lumen.

1257 841 1349 875 Iesus,
1370 840 1440 877 sinis
1460 845 1585 878 optatus.

1077 933 1123 961 48.
1140 933 1230 962 Finem
1247 942 1367 971 namque
1381 934 1580 963 desideriorum
1597 935 1720 963 omnium
1739 938 1844 964 constat

998 987 1057 1008 esse
1078 979 1292 1014 beatitudinem,
1314 989 1385 1017 quae
1406 984 1447 1009 est
1473 992 1486 1006 <t
1502 984 1590 1010 status
1615 981 1737 1010 omnium
1760 981 1845 1010 bono-
1858 987 1979 1029 nagream·

998 1034 1062 1055 rum
1084 1027 1294 1064 congregatione
1316 1027 1455 1063 perfectus
1470 1028 1480 1044 ⁹
1495 1040 1522 1056 ».
1555 1028 1591 1056 Ad
1624 1036 1706 1065 quem
1733 1028 1845 1065 quidem
1907 1015 1944 1029 me.

998 1077 1100 1102 statum
1122 1074 1216 1102 nullus
1244 1074 1370 1110 pervenit
1391 1074 1443 1103 nisi
1472 1083 1521 1111 per
1546 1075 1672 1103 ultimam
1701 1075 1845 1103 resolutio-

998 1128 1062 1148 nem
1083 1120 1111 1148 in
1133 1128 1195 1148 eum
1218 1120 1266 1157 qui
1291 1124 1332 1149 est
1354 1120 1414 1149 fons
1429 1124 1455 1150 et
1475 1121 1553 1158 origo
1574 1122 1712 1150 bonorum
1726 1125 1781 1150 tam
1796 1130 1845 1150 na-

998 1167 1130 1195 turalium
1153 1175 1236 1204 quam
1251 1167 1456 1204 gratuitorum,
1478 1171 1533 1197 tam
1553 1168 1739 1205 corporalium
1761 1176 1845 1205 quam

1000 1213 1200 1250 spiritualium,
1222 1216 1277 1242 tam
1293 1215 1487 1251 temporalium
1506 1222 1589 1252 quam
1611 1218 1798 1244 aeternorum.
1814 1215 1845 1244 Et

1000 1260 1045 1289 hic
1065 1263 1122 1295 est,
1150 1261 1199 1297 qui
1220 1261 1254 1289 de
1281 1269 1310 1290 se
1332 1261 1391 1298 ipso
1418 1261 1499 1290 dicit:
1529 1263 1588 1299 Eyo
1616 1270 1683 1290 sum
1704 1261 1793 1299 alpha
1821 1265 1846 1291 et
1874 1266 1979 1308 1¹§hristtus

999 1316 1117 1345 omeya,
1139 1307 1324 1344 principium
1338 1312 1363 1336 et
1377 1308 1498 1344 smis10‚·
1519 1309 1598 1346 quia,
1618 1309 1690 1338 sicut
1709 1317 1757 1345 per
1778 1309 1846 1338 Ver·
1862 1295 1941 1336 {geg-e
1960 1295 1979 1308 ⁰*

999 1354 1066 1383 bum
1088 1354 1263 1383 aeternaliter
1278 1354 1382 1383 dictum
1404 1355 1495 1383 omnia
1516 1355 1724 1392 producuntur,
1743 1355 1782 1384 sic
1796 1363 1846 1392 per

999 1400 1121 1429 Verbum
1143 1401 1219 1429 carni
1241 1401 1351 1429 unitum
1380 1404 1560 1438 reparantur,
1589 1405 1790 1439 promoventur
1818 1405 1846 1431 et

998 1446 1153 1481 finiuntur3
1175 1454 1207 1475 ac
1227 1455 1277 1484 per
1299 1447 1351 1476 hoc
1372 1455 1437 1476 vere
1458 1451 1485 1476 et
1507 1448 1618 1485 proprie
1638 1448 1728 1477 dictus
1746 1452 1787 1477 est
1804 1449 1847 1477 Ie-

998 1502 1064 1528 sus,
1086 1493 1158 1532 quia
1178 1502 1237 1522 non
1258 1498 1300 1523 est
1326 1494 1411 1523 aliud
1431 1503 1534 1523 nomen
1554 1495 1608 1524 sub
1637 1496 1714 1525 caelo
1743 1496 1847 1525 datum

999 1539 1182 1575 hominibus,
1204 1541 1232 1569 in
1253 1549 1309 1578 quo
1331 1541 1394 1579 quis
1414 1542 1499 1579 possit
1521 1541 1647 1571 obtinere
1667 1542 1794 1571 salutem.

1077 1587 1105 1616 In
1127 1591 1153 1616 te
1175 1588 1260 1625 igitur
1282 1591 1313 1617 ut
1334 1588 1417 1617 finem
1432 1588 1556 1617 omnium
1578 1589 1708 1624 credens,
1730 1597 1845 1626 sperans
1862 1594 1932 1612 Oratio·

998 1637 1026 1663 et
1046 1642 1141 1663 amans
1161 1643 1195 1663 ex
1227 1638 1282 1663 toto
1304 1635 1406 1669 corde,
1438 1644 1472 1664 ex
1504 1638 1563 1664 tota
1593 1639 1698 1670 mente,
1731 1645 1765 1664 eac
1787 1640 1846 1665 tota

999 1681 1113 1715 anima,
1128 1690 1162 1709 eac
1177 1681 1257 1710 enini
1270 1681 1376 1710 virtute
1388 1683 1409 1699 ¹¹
1425 1682 1508 1717 ferar,
1523 1682 1676 1712 desiderate
1692 1683 1764 1717 lesu,
1780 1683 1845 1720 quia

999 1731 1030 1756 tu
1050 1728 1127 1756 solus
1148 1728 1265 1762 sufficis,
1288 1731 1319 1757 tu
1340 1729 1416 1757 solus
1436 1729 1539 1763 salvas,
1562 1732 1593 1758 tu
1614 1729 1690 1758 solus
1710 1729 1800 1758 bonus
1818 1733 1845 1758 et

999 1774 1092 1803 suavis
1123 1782 1153 1803 es
1174 1778 1201 1803 te
1232 1775 1440 1811 requirentibus
1471 1779 1499 1804 et
1529 1776 1715 1813 diliqentibus
1741 1784 1846 1804 nomen

1000 1825 1092 1850 tuum.
1119 1832 1133 1846 α
1147 1822 1189 1849 Tu
1210 1821 1297 1855 enim,
1311 1822 1347 1850 mi
1364 1822 1434 1851 bone
1450 1822 1523 1856 lesu,
1539 1822 1697 1859 redemptor
1712 1830 1741 1851 es
1755 1823 1846 1859 perdi-

1000 1871 1103 1902 torum,
1118 1868 1238 1896 salvator
1252 1868 1474 1905 redemptorum,
1489 1876 1552 1906 spes
1562 1869 1707 1903 exsulum,
1723 1869 1846 1898 laboran-

1000 1914 1068 1943 tium
1080 1914 1213 1943 fortitudo
1222 1915 1254 1949 ¹²,
1267 1915 1443 1944 anxiatorum
1456 1915 1604 1952 spirituum
1617 1915 1697 1944 dulce
1708 1915 1845 1949 solatium,

1000 1960 1233 1997 triumphantium
1255 1968 1357 1990 corona
1377 1964 1404 1990 et
1424 1961 1566 1998 imperiale
1587 1961 1741 1999 fastigium,
1763 1961 1845 1991 unica

1001 2014 1107 2036 merces
1128 2010 1155 2036 et
1177 2007 1278 2036 laetitia
1299 2007 1425 2036 omnium
1447 2008 1550 2036 civium
1578 2015 1782 2045 supernorum,
1804 2008 1845 2037 in-

1001 2054 1073 2091 clyta
1094 2054 1185 2091 proles
1200 2053 1302 2082 summi
1323 2054 1371 2083 Dei
1394 2058 1420 2083 et
1434 2054 1544 2083 fructus
1558 2054 1685 2084 sublimis
1705 2055 1778 2084 uteri
1793 2055 1846 2084 vir-

1001 2100 1115 2137 ginalis,
1136 2100 1296 2130 uberrimus
1317 2109 1428 2138 quoque
1449 2100 1509 2130 fons
1530 2101 1682 2138 gratiarum
1704 2101 1845 2136 omnium,

1001 2148 1035 2176 cle
1055 2148 1141 2176 cuius
1159 2147 1338 2184 plenitudine
1359 2156 1411 2176 nos
1432 2156 1529 2177 omnes
1550 2148 1717 2185 accepimus
1729 2148 1751 2165 ¹³
1767 2161 1793 2177 ».

1061 2364 1070 2377 Β
1088 2365 1171 2388 Psalm.
1189 2365 1225 2393 41,
1238 2365 1264 2392 53
1277 2365 1330 2387 dein
1348 2365 1391 2392 35,
1409 2365 1445 2387 lo.
1463 2377 1494 2382 —
1511 2365 1585 2393 Supra
1600 2371 1641 2393 pro
1653 2364 1846 2388 flesset-rabilibus

999 2403 1071 2433 quttts
1084 2404 1134 2427 Vat.
1152 2403 1313 2427 desiderabilis=
1330 2403 1411 2433 mittes.
1427 2404 1501 2426 Altera
1518 2404 1555 2426 illa
1574 2404 1656 2426 sainilia
1674 2408 1695 2426 et
1712 2406 1846 2432 sequentem

1000 2441 1095 2465 titulum
1112 2445 1134 2464 et
1151 2445 1197 2464 tres
1215 2443 1302 2470 primas
1319 2442 1487 2470 propositiones
1504 2442 1534 2464 ab
1552 2442 1601 2470 ipsa
1619 2448 1689 2470 supra
1706 2442 1792 2470 positas
1810 2442 1846 2464 hic

1000 2481 1089 2503 omittit.
1107 2481 1166 2503 Vide
1183 2487 1238 2509 pag.
1256 2481 1297 2510 84,
1314 2484 1391 2503 notam
1410 2481 1432 2503 8.

1063 2518 1072 2531 ⁹
1089 2519 1194 2542 Definitio
1211 2526 1238 2542 ex
1256 2519 1361 2547 Boethio,
1379 2520 1410 2542 111.
1428 2520 1457 2542 dc
1473 2519 1588 2542 Consolat.
1605 2525 1673 2547 prosa
1692 2520 1714 2541 2.
1730 2523 1806 2542 sumta
1825 2522 1846 2541 et

1001 2558 1154 2581 communiter
1171 2561 1271 2586 recepta.
1282 2571 1312 2575 —
1324 2559 1383 2580 lnsra
1398 2561 1449 2586 post
1461 2557 1528 2587 oripo
1541 2557 1658 2581 bonorum
1671 2557 1722 2580 Vat.
1734 2563 1788 2580 cum
1800 2558 1848 2586 plu-

1002 2596 1067 2620 ribus
1084 2597 1153 2619 codd.
1173 2597 1236 2619 addit
1253 2596 1369 2619 ninnium.

1065 2635 1084 2648 ¹⁰
1100 2636 1172 2664 Apoc.
1191 2636 1211 2662 l,
1229 2636 1249 2658 8.
1267 2648 1298 2653 —
1315 2637 1373 2658 lnsra
1394 2642 1436 2663 pro
1458 2635 1559 2658 Verbum
1577 2635 1648 2658 carni
1671 2634 1765 2658 unitum
1782 2641 1848 2664 repa-

1001 2675 1089 2697 rantur
1107 2675 1122 2696 S
1144 2674 1245 2697 Verbum
1261 2674 1415 2697 incarnatum
1427 2673 1508 2696 bitinia
1518 2675 1673 2703 reparantur.
1687 2675 1739 2696 Post
1751 2675 1816 2697 lesus
1829 2674 1847 2696 D

1002 2714 1067 2736 addit
1083 2713 1125 2743 qni
1140 2713 1311 2743 interpretatur
1328 2712 1449 2736 Salvator.
1461 2725 1491 2729 -
1503 2713 1558 2735 Dein
1575 2713 1697 2741 respicitur
1712 2713 1762 2736 Act.
1772 2713 1797 2742 li,
1811 2714 1848 2736 12.

1065 2751 1083 2765 ¹¹
1101 2752 1231 2780 Respicitur
1248 2752 1315 2774 Marc.
1337 2752 1375 2780 12,
1397 2752 1435 2775 30.
1459 2765 1490 2768 -
1515 2753 1558 2774 Pro
1574 2753 1598 2775 et
1615 2751 1696 2775 suavis
1713 2758 1737 2775 es
1754 2753 1774 2775 te
1796 2752 1848 2775 Vat.

1002 2792 1024 2814 et
1039 2790 1121 2815 suavis
1138 2797 1178 2819 es,
1196 2791 1303 2814 omittens
1320 2792 1348 2814 te.
1364 2803 1396 2808 —-
1412 2791 1499 2814 Deinde
1517 2790 1638 2820 respicitur
1655 2791 1692 2814 Ps.
1709 2791 1735 2819 5,
1758 2791 1800 2814 42:
1823 2792 1848 2814 Et

1003 2829 1163 2858 gloriabuntur
1181 2830 1204 2852 in
1221 2832 1243 2852 te
1259 2835 1352 2857 omnes,
1368 2830 1408 2859 qui
1426 2830 1524 2858 diligunt
1540 2836 1625 2853 nomen
1642 2833 1716 2853 tuum.

1066 2867 1085 2881 ¹²
1103 2869 1154 2891 Vat.
1171 2868 1235 2891 addit
1250 2868 1383 2892 auxiliator
1398 2874 1576 2898 oppressorum.

1065 2905 1085 2920 ¹³
1102 2907 1215 2934 Anselm.,
1232 2907 1275 2930 loc.
1292 2907 1342 2935 cit.,
1360 2906 1402 2930 ubi
1418 2907 1528 2936 allegatur
1545 2908 1606 2930 loan.
1623 2908 1644 2935 l,
1661 2907 1698 2930 16.
1712 2908 1785 2936 Supra
1797 2910 1849 2935 post

1002 2945 1075 2970 unica
1086 2947 1103 2969 Α
1113 2945 1156 2969 CN
1167 2947 1221 2969 WZ
1237 2949 1325 2975 ponunt
1335 2952 1387 2976 spes
1404 2948 1426 2970 et
1443 2953 1485 2975 pro
1502 2953 1592 2970 merces
1608 2948 1641 2975 et,
1659 2953 1686 2969 ac
1697 2949 1749 2975 post
1760 2945 1850 2970 summi

1003 2985 1047 3009 Dei
1063 2986 1082 3008 D
1098 2985 1162 3008 addit
1178 2987 1201 3009 et
1216 2985 1308 3009 aeterni
1323 2985 1398 3015 Ileyis.
