2133 3317
243 229 299 258 734

494 266 550 288 ΡΙΙΑ

246 307 362 330 Ecclesiae
380 305 496 335 praesedit
518 308 540 327 et
560 302 734 327 successoribus
752 308 817 324 suam

245 349 383 376 potestatem
409 345 501 374 reliquit
519 343 572 367 ibid.
591 356 622 360 —
639 342 754 365 Dominus
777 342 817 363 Pe-

246 389 307 409 trum
325 392 337 407 a
355 384 439 408 carnali
457 390 525 406 sensu
551 383 648 405 ductum
666 382 726 404 dure
744 381 817 403 incre·

245 425 310 454 pavit
328 424 368 446 431
391 425 404 446 2
422 436 451 439 -
469 429 515 445 8011
540 421 642 444 habehat
664 427 747 443 aurum
766 420 817 442 ‘275

247 465 268 491 9,
287 465 324 486 11.
346 463 391 485 276
416 463 452 485 12.
479 463 523 484 282
551 462 588 484 32.
609 461 654 483 299
676 460 702 482 16
720 472 751 476 -
769 466 815 481 non

245 503 431 530 verecundatur,
449 501 490 524 sed
507 501 630 523 decoratur
642 500 665 521 in
678 501 817 527 paupertate

247 543 293 565 275
311 542 324 564 9
342 554 372 558 -
389 547 430 564 881
443 541 598 569 reprehensus
610 540 639 562 sit
650 545 663 561 a
681 539 750 561 Paulo
770 538 815 561 265

246 583 275 604 28
293 594 324 598 -
347 581 475 608 perfectus⁷
501 583 577 602 tamen
603 578 684 601 habuit
708 578 814 600 affectum

246 621 374 644 naturalem
387 620 476 642 timoris
488 619 533 641 ‘255
549 619 554 640 1
566 619 570 640 l
588 631 616 634 -—
630 624 675 640 808
693 617 763 645 fugit,
783 623 815 639 re-

247 663 331 689 putans
348 666 373 681 se
390 659 552 687 imperfectum
565 657 596 679 ad
613 656 751 684 martyrium
770 655 815 678 253

249 700 276 722 13
289 712 319 715 -
332 699 393 727 Quid
409 698 497 726 caligae
515 697 574 719 Petri
591 696 721 724 significent
738 695 783 718 387
802 696 814 718 6

247 751 277 755 —
295 739 317 760 in
335 743 428 760 carcere
444 737 541 759 infirmis
558 736 689 764 exemplum
708 734 816 763 praebuit

248 776 302 801 ibid.
320 790 350 793 —
363 778 429 799 Solea
441 777 500 799 Petri
512 777 600 798 Romae
617 777 724 797 servatur
743 775 787 797 388
801 775 813 796 6

295 830 324 832 -
349 817 371 838 S.
394 816 530 838 Franciscus
554 815 672 843 reparavit
694 813 815 837 ecclesiam

249 857 271 878 S.
290 856 347 878 Petri
365 856 427 878 iuxta
445 855 557 878 Assisium
576 854 621 876 509
638 853 653 875 7
670 866 699 869 —
718 853 815 882 quidam

247 895 413 923 blasphemans
431 895 452 916 S.
470 894 617 916 Franciscum
636 899 648 915 a
660 893 708 915 Deo
721 892 815 921 punitur

249 934 294 958 552
313 935 325 956 3
343 947 374 951 -
396 934 425 956 de
451 933 518 956 Alista
544 932 589 956 557
613 932 626 955 4
644 944 675 949 -·
693 932 722 955 de
739 932 815 954 Sicilia

249 974 294 996 560
313 975 326 996 2
343 986 374 990 -
391 973 421 995 de
438 973 542 1000 Fulginia
560 972 600 994 561
624 971 637 994 4
654 984 685 988 -
701 971 774 994 Massa
793 972 814 993 S.

248 1014 307 1036 Petri
325 1013 370 1035 557
388 1014 401 1035 2

297 1053 431 1075 1381811581
448 1065 479 1068 —
496 1051 622 1074 intellectus
639 1050 816 1078 contemplantis

249 1092 388 1121 purgandus
405 1094 439 1114 est
456 1097 467 1113 a
486 1091 552 1113 vanis
569 1093 591 1112 et
607 1089 726 1112 inutilibus
744 1091 816 1117 phan-

248 1131 385 1154 tasmatibus
402 1131 431 1154 56
451 1131 458 1153 1

297 1171 433 1193 Ρ11Α1115111585
452 1183 480 1186 -
498 1170 566 1192 etiam
584 1175 638 1192 cum
656 1175 698 1196 pro
716 1168 816 1196 acceptis

250 1210 375 1233 virtutibus
398 1209 484 1237 gratias
508 1209 563 1236 egit,
580 1208 686 1236 peccavit
703 1208 746 1229 208
771 1208 811 1229 101

250 1262 279 1265 —-
304 1249 453 1277 publicanum
471 1247 609 1275 contempsit
635 1246 687 1269 ibid.
706 1259 735 1262 —
753 1249 817 1269 erant

250 1289 385 1317 hypocritae
404 1288 443 1310 431
466 1288 479 1309 2
497 1299 527 1303 -
545 1287 719 1309 Pharisaeorum
738 1292 817 1314 super-

251 1328 311 1351 stitio
328 1328 351 1350 in
368 1327 527 1349 discernendis
543 1325 600 1348 cibis
617 1326 657 1347 261
685 1326 708 1347 13

299 1368 441 1389 Ρ11110501>111Α
459 1378 490 1382 --
507 1365 630 1394 Quomodo
655 1364 817 1393 philosophiae

251 1406 393 1429 studendum
411 1405 439 1428 sit
457 1405 502 1427 335
523 1405 548 1426 12
566 1417 596 1420 ω
613 1404 675 1426 valet
693 1404 722 1426 ad
740 1404 817 1426 intelli-

251 1447 352 1474 gentiam
370 1445 473 1467 veritatis
485 1448 506 1467 et
518 1444 698 1467 confutationem
711 1449 817 1466 errorum

251 1485 304 1509 ibid.
322 1498 352 1502 —
370 1485 452 1507 Multae
469 1484 616 1513 quaestiones
633 1483 686 1506 [idei
704 1483 752 1505 sine
770 1483 818 1511 phi-

251 1525 355 1553 losophia
367 1531 412 1547 non
425 1526 522 1552 possunt
534 1523 651 1545 terminari
664 1521 718 1545 ibid.
729 1534 760 1538 —
770 1522 818 1544 Phi-

252 1565 404 1592 losophorum
415 1563 533 1591 gentilium
543 1562 679 1585 abstinentia
693 1562 738 1584 264
749 1562 778 1584 22

300 1604 403 1626 ΡιοτΛνιΛ
420 1616 451 1618 -
468 1602 509 1624 561
533 1602 540 1623 1

301 1643 380 1665 cums
396 1654 427 1658 —
440 1644 471 1664 est
485 1642 559 1664 cultus
571 1641 611 1663 Dei
624 1641 669 1663 392
682 1641 694 1662 3
707 1653 739 1656 -
752 1641 818 1663 Ρ11181

252 1685 286 1705 est
303 1682 367 1711 quod
393 1682 421 1704 ad
448 1681 487 1703 Dei
505 1681 603 1709 gloriam
629 1683 662 1703 est
679 1680 818 1703 directivum

252 1721 305 1745 ibid.
323 1734 354 1738 —
372 1721 495 1750 Quomodo
518 1720 621 1748 piissime
646 1720 675 1742 de
698 1720 745 1742 Deo
770 1726 818 1752 sen-

252 1761 357 1784 tiendum
383 1761 411 1783 sit
438 1760 481 1782 128
513 1761 526 1782 2
557 1771 587 1775 —-
615 1759 759 1788 quadruplex
785 1761 819 1781 est

253 1801 297 1823 526
317 1801 325 1822 1
347 1813 378 1817 -
395 1800 475 1828 triplex
493 1802 527 1821 est
553 1799 593 1821 130
617 1799 641 1821 10
659 1811 690 1815 -
707 1799 819 1821 Summae

252 1840 344 1869 pietatis
361 1843 425 1862 actus
442 1842 476 1862 est
493 1838 658 1861 condescensio
670 1844 723 1860 8881
736 1838 819 1866 imper-

254 1880 317 1903 fectis
335 1880 379 1902 236
398 1879 412 1901 5
430 1892 460 1895 -
477 1884 567 1901 51118818
581 1878 650 1900 estin
661 1877 751 1900 Christo
764 1876 819 1900 ibid.

252 1932 283 1936 —
300 1919 438 1941 consolatrix
455 1917 619 1946 appropriatur
636 1916 731 1945 Spiritui
749 1917 771 1939 S.
790 1917 818 1938 ‘28

257 1960 261 1981 1
286 1971 315 1975 —
332 1958 407 1986 Opera
424 1957 515 1986 pietatis
527 1957 685 1985 significantur
697 1956 767 1978 ramis
779 1956 820 1978 oli-

253 2004 336 2021 varum
353 1998 383 2020 74
406 1998 431 2020 15
443 2010 474 2013 -
486 1997 594 2024 mitigans
606 1998 756 2024 comparatur
768 1996 819 2018 oleo

255 2038 298 2060 136
318 2038 325 2059 1
348 2049 379 2054 -
396 2037 460 2059 Dono
478 2036 569 2065 pietatis
594 2036 712 2058 induimus
729 2035 819 2057 viscera

253 2077 424 2099 misericordiae
442 2076 470 2098 86
490 2075 518 2098 49
536 2088 566 2091 -
583 2075 665 2097 Gravis
682 2077 717 2097 est
728 2074 820 2097 sceleris

252 2122 395 2145 quemquam
413 2115 538 2144 prohibere
554 2114 584 2137 ab
601 2113 712 2142 operibus
729 2114 820 2142 pietatis

253 2156 298 2177 319
317 2156 329 2177 9
349 2168 378 2171 —-
396 2155 487 2177 Pietatis
504 2154 578 2177 otiicia
596 2154 763 2176 districtionem
782 2153 819 2175 ab-

252 2194 372 2217 stinentiae
394 2196 571 2221 recompensant
596 2193 641 2215 264
664 2193 692 2215 23
711 2206 741 2208 -
759 2198 819 2214 com-

253 2233 369 2262 passionis
386 2233 513 2255 infunditur
538 2238 579 2260 per
602 2232 675 2253 Deum
699 2231 739 2253 147
758 2232 766 2253 -1
788 2244 819 2247 —

253 2273 350 2296 Dex'otio
367 2272 432 2300 pium
451 2272 503 2293 facit
521 2271 564 2293 148
583 2272 595 2293 2
607 2283 639 2287 -
656 2271 690 2293 Ad
708 2271 818 2298 pietatem

253 2313 362 2335 informat
387 2313 484 2334 fraterna
506 2311 597 2333 dilectio
627 2310 667 2332 136
690 2311 694 2331 1
717 2323 747 2325 -
765 2310 819 2332 111181

253 2352 387 2375 aedificatur
404 2350 483 2373 verbis
500 2349 644 2378 simplicibus
661 2350 690 2371 68
709 2350 722 2371 2
741 2362 771 2366 -
784 2356 819 2371 su-

252 2394 331 2420 specta
348 2394 392 2418 est,
411 2397 471 2419 quae
488 2391 595 2412 affectum
613 2389 725 2412 Ecclesiae
742 2394 767 2411 se
778 2395 818 2416 pu·

254 2434 285 2454 tat
303 2430 467 2453 transcendere
485 2429 529 2452 407
548 2430 561 2451 2

302 2471 400 2493 Piorum
417 2482 448 2486 —
465 2469 557 2498 qualem
583 2467 755 2490 mendicitatem
781 2473 819 2495 pa<

253 2511 296 2532 riat
314 2509 359 2531 325
377 2510 406 2531 26

301 2550 393 2571 Ρ11,1τ85
410 2561 440 2565 -
457 2548 543 2576 11881115
555 2547 622 2569 iudex
635 2546 751 2569 Christum
766 2552 819 2568 con-

253 2589 373 2611 demnavit
389 2588 419 2610 77
445 2588 474 2610 23
491 2599 522 2603 -
539 2587 636 2609 asseruit
658 2585 741 2609 Christi
758 2586 819 2608 inno-

254 2629 353 2651 centiam
363 2627 392 2650 ib.
407 2627 436 2649 ‘24
449 2639 479 2643 —
491 2628 592 2649 humano
611 2626 693 2648 timore
705 2625 819 2652 devictus,

254 2668 369 2691 Christum
387 2667 489 2689 derisum
507 2665 616 2694 flagellari
628 2665 747 2693 praecepit
763 2663 820 2687 ibid.

253 2720 284 2724 —
310 2706 462 2734 adiudicavit,
486 2705 611 2733 impiorum
634 2707 687 2727 vota
709 2704 820 2732 compleri

255 2746 283 2770 ib.
302 2746 332 2768 25

301 2786 378 2808 Pincus
395 2798 424 2801 -
442 2784 546 2807 Castrum
563 2783 617 2805 Pilei
636 2783 680 2805 562
699 2783 712 2805 2

302 2825 413 2847 ΡιΝοειῑΝΛ
431 2836 461 2840 -
478 2823 581 2846 Christus
593 2825 626 2845 est
638 2822 747 2850 pincerna
760 2827 820 2844 sum-

254 2864 286 2886 mi
304 2864 373 2892 Regis
390 2864 418 2885 59
438 2864 466 2885 12

304 2903 366 2925 ΡΙΞΛΕ
385 2916 413 2918 -
431 2903 476 2925 560
494 2903 507 2924 2

303 2943 416 2964 Ptssumus
427 2955 456 2958 -
475 2941 580 2963 Officium
593 2941 746 2968 plebanorum
760 2940 820 2962 circa

256 2984 345 3009 septem
363 2984 468 3003 versatur
485 2980 529 3002 376
549 2980 562 3002 5
574 2992 604 2996 -—
618 2979 701 3002 habent
718 2979 820 3002 0111811181

254 3020 354 3042 1108811111
372 3022 394 3042 et
409 3019 541 3047 corrigendi
559 3020 602 3041 380
625 3019 650 3041 17
667 3031 698 3035 —-
714 3025 757 3046 pro
775 3018 821 3041 ani-

944 222 1045 252 iNDEX
1067 221 1315 250 ALPHABETICUS.

852 301 936 324 mabus
952 302 1000 324 Deo
1017 300 1130 323 rationem
1152 299 1251 322 reddere
1267 299 1353 321 debent
1370 298 1415 320 377

854 342 929 363 l0.—
947 341 1049 369 Quatuor
1066 342 1119 362 sunt
1136 338 1279 361 conditiones
1297 337 1351 360 boni
1369 338 1416 365 ple-

852 380 906 403 bani
922 379 967 402 379
990 379 1015 401 14
1033 391 1064 395 -
1081 377 1155 400 tribus
1178 377 1254 399 modis
1275 377 1416 399 insufficiens

852 420 897 443 dici
923 421 998 447 potest
1022 418 1051 441 ib.
1071 418 1100 440 15
1121 429 1152 433 -
1169 417 1225 445 Quis
1250 416 1279 438 sit
1304 416 1417 444 plebanus

850 460 928 482 nullus
944 458 973 481 ib.
993 458 1020 480 16
1033 469 1063 473 -
1076 456 1121 480 Cur
1139 456 1206 484 pauci
1224 456 1269 477 sint
1280 455 1357 477 idonei
1370 456 1417 483 ple-

850 498 904 521 bani
922 499 966 521 383
991 499 1003 520 9
1025 510 1055 514 -
1072 499 1125 519 sunt
1148 495 1229 518 vicarii
1251 495 1416 523 episcoporum

852 538 897 561 377
916 538 929 559 9
943 550 973 554 —
995 538 1057 565 Papa
1075 540 1097 558 et
1114 535 1218 563 episcopi
1236 535 1285 557 sine
1301 533 1417 562 praeiudi<

851 578 886 600 cio
909 577 1062 606 plebanorum
1086 581 1165 597 curam
1189 574 1320 596 animarum
1348 573 1416 594 etiam

851 617 900 639 aliis
926 616 1070 639 committere
1093 616 1190 643 possunt
1211 612 1264 635 ibid.
1290 625 1321 629 —
1342 614 1417 640 potest

850 657 914 679 alteri
930 656 1005 678 vicem
1019 660 1085 677 suam
1098 653 1242 676 committere
1255 652 1299 674 339
1313 658 1332 673 a.
1345 651 1389 674 376
1403 652 1415 673 8

849 709 880 713 —
897 695 1007 723 Religiosi
1023 700 1065 717 sua
1088 693 1163 715 officia
1184 694 1292 715 exercent
1314 691 1336 713 in
1361 691 1417 713 sola·

849 735 907 758 tium
925 737 947 757 et
963 733 1124 761 sublevamen,
1142 738 1188 754 non
1206 731 1228 753 in
1246 730 1416 759 praeiudicium

849 774 1002 803 plebanorum
1021 772 1065 795 377
1085 772 1106 793 9.
1124 778 1176 800 sqq.

896 826 927 830 —-
944 812 1042 841 Quando
1059 811 1089 834 ab
1107 811 1140 833 eis
1164 810 1243 833 fideles
1269 810 1416 831 Sacramenta

849 853 968 882 requirere
993 858 1038 874 non
1064 850 1164 873 debeant
1183 850 1227 872 356
1247 849 1261 871 b
1278 862 1309 865 —
1325 848 1415 870 Subditi

849 893 918 915 etiam
936 891 991 914 boni
1008 890 1101 919 plebani
1118 890 1141 911 in
1158 896 1197 912 sex
1210 888 1302 911 casibus
1319 888 1348 910 ad
1361 888 1417 909 alios

850 938 892 960 pro
910 931 1054 954 confessione
1071 935 1191 952 recurrere
1208 931 1307 957 possunt
1325 927 1369 949 379
1387 927 1416 950 14

849 984 880 988 -
898 970 1022 993 Prohibitio
1039 968 1134 997 plebani
1152 974 1196 990 11011
1214 967 1340 990 confitendi
1352 967 1415 995 apud

850 1011 906 1033 alios
924 1009 1007 1037 triplici
1025 1000 1054 1031 de
1072 1014 1140 1030 causa
1159 1008 1222 1029 irrita
1239 1010 1273 1029 est
1291 1007 1336 1028 382
1355 1007 1363 1028 ·1
1386 1018 1416 1022 —

851 1051 873 1072 18
890 1049 976 1078 quibus
993 1048 1093 1070 maxime
1110 1047 1219 1069 consistat
1235 1046 1364 1068 obedientia
1378 1051 1416 1073 po-

850 1090 898 1117 puli
916 1089 945 1111 ad
964 1087 1075 1116 plebanos
1102 1087 1146 1109 376
1172 1086 1185 1107 6
1203 1098 1234 1102 —
1256 1086 1330 1113 Saepe
1348 1084 1416 1107 nimis

850 1128 992 1156 amplificant
1009 1127 1057 1149 iura
1076 1132 1146 1154 super
1167 1124 1273 1148 subditos
1291 1125 1335 1147 372
1354 1124 1368 1146 1)
1386 1136 1416 1139 -

850 1174 896 1190 808
913 1166 999 1190 debent
1016 1166 1103 1194 populo
1121 1171 1180 1187 nova
1199 1167 1282 1187 statuta
1294 1164 1416 1191 imponere

851 1207 896 1229 376
915 1207 927 1229 6
946 1219 976 1223 --
989 1206 1072 1234 Quales
1084 1205 1189 1227 defectus
1200 1204 1305 1232 ipsorum
1318 1203 1339 1225 in
1352 1208 1416 1231 prae-

851 1246 965 1269 dicatione
992 1244 1163 1273 reprehendere
1188 1245 1210 1265 et
1235 1243 1315 1272 quales
1341 1245 1416 1264 tacere

851 1285 973 1308 conveniat
990 1284 1034 1307 357
1053 1290 1078 1312 a,
1097 1283 1111 1305 b

900 1325 967 1347 Pii-:as
983 1336 1014 1341 —
1025 1323 1131 1347 Castrum
1145 1322 1218 1345 Plebis
1230 1321 1270 1344 541
1297 1322 1331 1343 11,
1344 1321 1388 1343 560
1406 1321 1410 1342 1

898 1365 971 1387 PLURA
989 1377 1019 1379 —
1037 1363 1134 1386 Animus
1151 1362 1276 1384 distractus
1302 1361 1330 1383 ad
1349 1361 1415 1388 plura

850 1404 875 1426 fit
893 1404 967 1426 minor
984 1403 1012 1425 ad
1032 1403 1122 1430 singula
1140 1401 1272 1429 peragenda
1290 1400 1331 1422 145
1348 1400 1373 1422 14

897 1444 977 1465 13181181
995 1455 1026 1458 -
1036 1441 1151 1469 significat
1163 1441 1290 1463 doctrinam
1304 1439 1415 1462 mentium

851 1482 896 1505 327
914 1483 943 1504 32

899 1523 970 1544 Poenis
988 1534 1019 1538 —
1035 1520 1065 1543 ab
1083 1521 1204 1542 innocente
1230 1519 1326 1547 gravius
1351 1517 1416 1540 senti-

852 1564 888 1584 tur
906 1562 950 1583 122
969 1562 982 1583 5
1000 1573 1031 1577 -
1048 1562 1082 1582 est
1106 1562 1169 1581 tanto
1195 1558 1312 1586 acerbior,
1330 1559 1416 1586 quanto

852 1600 980 1629 generalior
998 1599 1027 1622 ib.
1046 1599 1058 1621 6
1076 1611 1107 1615 —-
1124 1599 1215 1627 aliquae
1232 1597 1378 1620 descendunt
1390 1603 1416 1619 ex

852 1639 1050 1668 praevaricatione
1072 1639 1202 1666 primorum
1226 1640 1347 1665 parentum
1372 1636 1417 1658 295

852 1680 864 1701 3
883 1692 913 1695 -
931 1680 972 1701 Ρ81
989 1684 1088 1706 poenam
1107 1677 1221 1699 debemus
1238 1676 1318 1698 venire
1330 1675 1360 1697 ad
1372 1675 1418 1703 glo-

851 1719 908 1741 riam
928 1718 972 1740 443
991 1718 1020 1740 20
1034 1730 1061 1733 -
1074 1716 1162 1745 peccati
1180 1716 1269 1739 deletur
1287 1721 1328 1743 per
1346 1715 1418 1737 devo-

852 1758 938 1781 tionem
957 1757 1001 1780 148
1019 1758 1033 1779 2
1051 1769 1081 1773 -
1099 1756 1154 1785 Quis
1177 1755 1298 1777 absolvere
1316 1754 1389 1782 possit
1405 1760 1417 1775 a

852 1797 932 1826 poenis
949 1803 990 1825 per
1009 1796 1145 1824 Superiores
1162 1795 1212 1817 latis
1230 1794 1274 1817 458
1297 1794 1311 1816 b
1329 1807 1355 1809 —
1376 1796 1418 1816 sta-

852 1840 913 1860 tutae
930 1839 1009 1859 contra
1027 1835 1132 1864 Capitula
1150 1834 1298 1863 provincialia
1318 1833 1362 1856 465
1380 1839 1392 1854 a

900 1877 1046 1899 ΡοΕΝιτΕΝΤιΑ
1063 1887 1094 1891 -
1111 1875 1201 1903 agenda
1220 1876 1254 1896 cst
1276 1873 1335 1896 iuxta
1354 1878 1419 1901 prae-

852 1919 944 1944 ceptum
964 1915 1054 1938 Domini
1068 1915 1112 1936 380
1132 1914 1159 1936 18
1172 1926 1202 1930 -
1215 1913 1368 1936 Poenitentiae
1382 1912 1418 1934 via

852 1955 962 1978 omnibus
984 1954 1116 1977 communis
1141 1956 1175 1976 est
1197 1953 1243 1975 514
1261 1953 1274 1975 6
1293 1965 1322 1968 —-
1340 1952 1419 1974 volun-

853 1995 908 2017 tarie
925 1994 1064 2017 assumenda
1082 2000 1095 2015 a
1112 1995 1234 2022 peccatore
1250 1992 1264 2014 7
1283 1992 1310 2014 19
1329 2004 1359 2008 -
1378 1992 1419 2013 Per

853 2034 1017 2063 poenitentiam
1035 2033 1140 2056 deflenda
1152 2035 1206 2055 sunt
1219 2032 1277 2054 mala
1295 2031 1418 2054 commissa

854 2075 867 2097 4
885 2074 898 2097 4
917 2087 945 2090 -
962 2074 1037 2096 Homo
1064 2073 1182 2101 poenitere
1207 2071 1277 2094 debet
1298 2077 1351 2093 cum
1379 2077 1418 2098 pu-

853 2114 951 2141 blicano,
970 2112 1044 2135 David
1061 2114 1083 2134 et
1103 2112 1171 2134 Maria
1190 2111 1323 2138 magdalena
1345 2110 1386 2132 117
1405 2111 1418 2132 2

852 2166 882 2170 -
901 2153 1020 2175 Poeuitens
1039 2158 1083 2174 non
1100 2150 1169 2173 debet
1187 2150 1273 2172 habere
1286 2149 1382 2171 modum
1397 2149 1418 2170 in

852 2192 960 2220 lacrymis
979 2192 1022 2213 118
1042 2192 1054 2213 2
1078 2203 1107 2206 —
1133 2191 1237 2217 Superna
1261 2188 1418 2210 misericordia

852 2232 971 2254 hominem
989 2231 1079 2257 lapsum
1098 2231 1191 2251 revocat
1208 2228 1237 2250 ad
1254 2227 1418 2255 poenitentiam

851 2271 877 2293 7¹
901 2271 913 2292 2
931 2282 962 2286 -
980 2269 1041 2291 Deus
1058 2268 1122 2291 dedit
1145 2267 1242 2295 gratiam
1269 2267 1419 2295 poenitentia-

851 2311 897 2332 lem
915 2312 1027 2338 quantum
1045 2308 1073 2330 ad
1086 2307 1197 2334 temporis
1208 2306 1418 2334 opportunitatem,

852 2349 922 2371 animi
939 2348 1090 2375 voluntatem,
1102 2346 1220 2374 reiigioniS
1231 2345 1395 2368 sublimitatem
1405 2345 1418 2366 6

857 2389 881 2410 12
898 2401 929 2404 —
946 2393 1001 2409 vera
1019 2392 1066 2409 non
1084 2388 1117 2408 est
1134 2386 1183 2407 sine
1195 2391 1237 2413 spe
1249 2385 1331 2407 veniae
1347 2384 1376 2406 76
1390 2384 1418 2406 20

853 2440 881 2443 —
899 2427 1043 2449 Poenitentes
1055 2428 1150 2453 paterno
1162 2426 1244 2447 affectu
1262 2424 1419 2452 suscipiuntur

852 2473 865 2489 a
882 2466 971 2490 Christo
988 2465 1017 2488 74
1040 2465 1065 2487 13
1083 2477 1113 2481 -
1130 2463 1301 2486 PoenItentibus
1324 2468 1419 2491 apertus

852 2508 886 2529 est
895 2506 960 2528 sinus
972 2505 1064 2528 divinae
1077 2503 1249 2526 misericordiae
1261 2502 1314 2526 ibid.
1325 2515 1356 2519 —
1366 2503 1419 2525 Pars

852 2545 1006 2575 poenitentiae
1031 2546 1065 2566 est
1091 2543 1205 2566 confessio
1231 2544 1287 2565 facta
1306 2542 1418 2565 sacerdoti

853 2586 898 2608 380
920 2585 945 2607 18
962 2597 993 2601 -
1011 2584 1063 2606 Tria
1081 2584 1232 2612 requiruntur
1244 2583 1274 2605 ad
1287 2583 1420 2605 Sacramen-

853 2628 901 2647 tum
920 2623 1075 2653 poenitentiae
1093 2623 1138 2645 479
1157 2623 1165 2644 1
1187 2635 1218 2639 -
1232 2622 1350 2648 Contritio,
1368 2627 1420 2643 con-

855 2664 921 2686 fessio
939 2666 961 2685 et
977 2662 1101 2685 satisfactio
1119 2664 1173 2684 sunt
1198 2661 1320 2689 integrales
1343 2663 1419 2688 partes

855 2703 1007 2732 poenitentiae
1025 2702 1070 2724 382
1089 2702 1101 2723 2
1119 2714 1149 2718 ——
1167 2701 1326 2723 Necessarium
1339 2703 1373 2722 cst
1390 2700 1419 2722 ad

855 2742 1009 2770 poenitentiae
1027 2742 1145 2763 lavacrum
1158 2746 1278 2762 recurrere
1297 2739 1341 2762 497
1359 2746 1372 2761 a
1390 2752 1419 2754 —

858 2781 912 2804 Vide
928 2788 951 2804 v.
972 2780 1099 2810 Confessio.
1116 2792 1146 2796 --
1164 2780 1225 2802 Multi
1243 2779 1299 2807 lapsi
1314 2785 1355 2807 per
1366 2784 1419 2806 poe-

854 2821 971 2843 nitentiam
995 2822 1116 2848 surgentes
1138 2819 1244 2841 meliores
1262 2819 1330 2847 fiunt,
1349 2824 1419 2847 quam

854 2860 893 2889 qui
911 2860 969 2888 lapsi
987 2866 1034 2882 non
1059 2860 1151 2881 fuerunt
1173 2858 1217 2880 348
1236 2858 1250 2880 b
1271 2870 1302 2874 —
1320 2857 1420 2880 Ecclesia

854 2898 1001 2927 temporibus
1017 2898 1172 2927 poenitentiae
1189 2904 1201 2919 a
1225 2896 1333 2919 carnibus
1351 2896 1420 2918 absti-

854 2942 891 2961 net
918 2939 960 2960 406
987 2939 1015 2960 26
1046 2950 1076 2953 -
1102 2937 1266 2959 Poenitentiam
1292 2936 1420 2964 profitenti-

855 2978 898 3001 bus
915 2984 996 3000 carnes
1014 2980 1035 2999 et
1053 2977 1144 3005 pretiosi
1163 2977 1238 3004 pisces
1256 2975 1350 2998 vitanda
1368 2978 1421 2997 sunt

855 3017 909 3041 ibid.

1710 258 1762 280 POS

1497 310 1527 314 —
1544 297 1606 320 Ordo
1623 298 1653 320 de
1675 298 1815 325 poenitentia
1841 298 1957 320 institutus
1981 301 2015 321 est

1450 343 1463 359 a
1480 338 1503 360 S.
1522 337 1643 359 Francisco
1661 337 1706 359 514
1724 337 1737 358 6
1755 350 1784 352 -
1803 338 1826 359 S.
1837 337 1972 360 Franciscus
1984 338 2014 360 ad

1451 377 1615 406 poenitentiam
1642 376 1722 398 invitat
1745 376 1789 398 510
1808 377 1829 398 2.
1846 383 1898 405 sqq.
1915 389 1946 393 —
1968 376 2013 400 Cur

1450 417 1512 439 Ordo
1540 416 1706 439 Poenitentium
1735 422 1780 438 non
1809 419 1975 443 promoveatur
2002 423 2014 439 a

1451 455 1567 478 Fratribus
1593 455 1719 478 Minoribus
1746 455 1790 477 368
1808 461 1828 483 a,
1851 454 1874 477 b.
1891 455 1936 477 369
1954 461 1967 477 a
1983 467 2015 472 -—

1451 495 1552 523 Magistri
1577 495 1631 517 Ord.
1658 494 1823 517 Poenitentium
1849 497 1902 516 sunt
1924 494 1975 517 laici
1993 497 2015 517 et

1450 534 1574 563 aliquando
1600 534 1688 556 uxorati
1715 534 1758 555 369
1776 540 1788 556 a
1806 546 1837 550 —
1854 534 1877 556 ln
1899 540 1945 562 quo
1962 539 2016 556 con-

1450 574 1515 595 sistat
1531 573 1653 595 difficultas
1679 574 1739 595 hunc
1765 573 1875 595 Ordinem
1900 572 1960 595 bene
1982 579 2015 595 re·

1451 612 1520 641 gendi
1539 611 1591 635 ibid.
1620 624 1651 628 —
1669 612 1791 640 Quomodo
1810 613 1865 634 haec
1883 618 1920 635 res
1937 618 1962 634 se
1979 613 2016 634 ha-

1451 652 1526 674 buerit
1543 651 1621 680 quoad
1639 651 1661 673 S.
1678 651 1824 673 Franciscum
1843 650 1898 674 ibid.

1498 692 1598 713 Pourica
1617 703 1647 707 —
1665 690 1738 713 virtus
1756 693 1817 712 tenet
1834 690 1936 713 medium
1950 693 1971 713 et
1984 691 2016 713 fu-

1451 731 1484 758 git
1500 732 1600 753 extrema
1627 730 1672 752 322
1691 730 1719 751 19
1741 743 1771 745 -
1797 730 1900 757 Largitas
1925 729 2016 757 politica

1450 770 1509 792 duas
1526 769 1670 792 conditiones
1687 768 1783 797 requirit
1801 768 1854 791 ibid.

1499 809 1628 831 Pommcum
1637 821 1667 824 —
1677 811 1710 830 est
1723 810 1824 830 castrum
1836 808 1932 835 Apuliae
1945 808 1989 830 552
2002 809 2015 830 2

1499 848 1571 870 Poura
1590 861 1620 863 —
1637 848 1722 870 saeculi
1735 853 1794 869 vana
1807 850 1829 869 et
1841 847 1970 875 periculosa
1982 849 2016 869 est

1451 887 1479 909 46
1506 888 1519 909 6
1545 901 1575 903 —
1602 887 1670 910 huius
1696 887 1777 909 mundi
1804 887 1825 909 in
1843 886 2015 914 comparatione

1451 927 1554 949 caelestis
1572 927 1625 949 nihil
1643 928 1678 949 est
1694 926 1723 948 60
1744 926 1771 948 14

1498 967 1607 988 Ponrirnx
1628 979 1654 981 —
1667 966 1715 993 agit
1727 971 1808 988 causas
1820 965 1940 987 hominum
1953 965 2017 993 apud

1452 1006 1524 1028 Deum
1542 1008 1564 1028 et
1581 1011 1663 1027 causas
1680 1005 1721 1027 Dei
1736 1005 1800 1032 apud
1817 1004 1922 1027 homines
1939 1004 1983 1026 317
2004 1004 2017 1027 4

1450 1057 1480 1062 —
1498 1045 1628 1067 Pontificale
1645 1044 1747 1066 officium
1765 1043 1904 1066 describitur
1921 1043 1965 1066 sub
1985 1050 2017 1066 se-

1451 1084 1551 1112 ptiformi
1570 1085 1705 1112 metaphora
1724 1082 1752 1106 ib.
1771 1083 1792 1105 3.
1812 1089 1863 1112 sqq.
1886 1095 1917 1099 —-
1941 1083 2016 1111 ingre-

1450 1124 1515 1146 diens
1540 1123 1697 1146 sanctuarium
1724 1122 1833 1145 rationale
1859 1122 1936 1145 Iudicii
1959 1123 2017 1144 ferre

1450 1162 1519 1185 debet
1544 1163 1588 1185 143
1608 1164 1619 1184 3
1638 1176 1668 1178 -
1686 1163 1803 1185 Bonorum
1830 1161 1965 1190 pontificum
1982 1164 2016 1184 est

1450 1203 1608 1225 desideranter
1625 1205 1735 1230 appetere
1760 1203 1922 1229 cooperatores
1947 1207 2016 1223 evan-

1450 1242 1543 1269 gelistas
1569 1241 1613 1264 317
1636 1241 1658 1263 7.
1685 1241 1729 1263 320
1752 1241 1772 1262 11
1808 1239 1862 1263 Vide
1886 1247 1909 1263 1).
1933 1239 2015 1263 Sacer-

1449 1280 1498 1304 dos.
1516 1293 1546 1297 —
1564 1280 1678 1303 Pontificis
1703 1280 1788 1302 veteris
1809 1280 1867 1307 legis
1891 1279 2017 1302 sententiae

1449 1320 1567 1343 adversari
1585 1320 1671 1342 malum
1690 1322 1738 1342 erat
1759 1321 1833 1341 morte
1858 1319 2016 1341 mulctandum

1450 1360 1496 1383 ‘235
1515 1361 1522 1382 1

1497 1413 1527 1415 -
1555 1399 1648 1427 Triplex
1680 1401 1714 1421 est
1748 1398 1865 1426 plenitudo
1897 1397 2016 1425 potestatis

1451 1438 1537 1462 Summi
1555 1438 1670 1461 Pontificis
1688 1437 1733 1459 375
1752 1438 1765 1459 3
1778 1449 1808 1453 —
1821 1437 1871 1459 vice
1888 1436 1970 1460 Christi
1983 1439 2017 1459 est

1450 1482 1520 1507 caput
1543 1478 1612 1500 totius
1638 1477 1752 1499 Ecclesiae
1782 1477 1822 1499 132
1842 1477 1854 1498 3
1873 1489 1903 1493 --
1920 1478 1954 1498 est
1971 1476 2016 1504 epi-

1450 1524 1536 1546 scopus
1553 1517 1621 1540 totius
1647 1516 1801 1539 universitatis
1826 1516 1866 1538 391
1889 1517 1902 1537 2
1920 1528 1951 1532 —
1973 1515 2018 1543 ipsi

1452 1560 1497 1580 tota
1515 1556 1662 1579 ecclesiastici
1680 1556 1758 1584 gregis
1775 1561 1830 1578 cura
1843 1555 1967 1578 commissa
1984 1556 2018 1577 est

1452 1597 1495 1619 376
1515 1597 1528 1618 8
1546 1609 1577 1612 -
1595 1595 1682 1625 ubique
1699 1595 1769 1617 habet
1785 1595 1905 1623 potestatis
1922 1594 2018 1622 plenitu-

1452 1637 1530 1659 dinem
1549 1635 1593 1658 377
1611 1636 1623 1657 8
1641 1648 1672 1652 —
1689 1635 1719 1657 ita
1741 1634 1846 1657 omnium
1867 1633 2017 1656 ecclesiarum

1452 1675 1629 1698 sollicitudinem
1648 1675 1713 1702 gerit,
1726 1676 1750 1696 ut
1762 1680 1788 1696 ea
1801 1679 1861 1702 quae
1873 1673 1970 1701 singulis
1981 1678 2018 1695 ne-

1452 1715 1551 1738 cessaria
1568 1714 1709 1743 probantur,
1726 1713 1786 1736 illius
1804 1712 1951 1741 providentia
1963 1718 2018 1740 sup-

1453 1755 1558 1783 pleantur
1575 1753 1628 1777 ibid.
1647 1766 1677 1770 —
1698 1753 1792 1782 quando
1810 1752 1859 1774 aliis
1883 1752 1947 1774 vices
1964 1757 2018 1774 suas

1452 1794 1597 1817 committere
1613 1793 1685 1815 soleat
1702 1791 1757 1815 ibid.
1778 1791 1832 1814 Vide
1848 1797 1869 1814 v.
1888 1791 1962 1820 Papa.

1500 1834 1577 1856 Portus
1593 1846 1624 1849 —
1642 1832 1686 1855 553
1705 1833 1726 1854 2.
1744 1832 1789 1854 559
1807 1832 1820 1853 3

1499 1873 1596 1895 PoruLus
1604 1885 1635 1889 -
1644 1871 1811 1894 ecclesiasticus
1820 1873 1854 1893 est
1862 1871 1942 1893 hortus
1951 1872 1973 1892 et
1982 1875 2019 1897 pa-

1453 1913 1544 1935 radisus
1554 1912 1631 1934 virens
1640 1911 1822 1934 multiformitate
1828 1910 1939 1932 virtutum
1950 1909 1995 1931 317
2005 1909 2018 1931 3

1500 1953 1652 1974 Ρο1111811881Λ
1669 1963 1700 1967 —-
1718 1950 1762 1972 5‘28
1785 1950 1808 1972 7.
1833 1948 1863 1972 ib.
1886 1950 1906 1971 9.
1933 1948 1979 1971 534
2004 1948 2019 1971 5

1453 2004 1483 2008 -
1500 1997 1541 2014 cur
1559 1991 1580 2013 S.
1600 1990 1667 2013 Maria
1685 1990 1715 2012 de
1731 1989 1824 2017 Angelis
1840 1991 1935 2011 vocetur
1948 1988 1991 2011 509
2005 1988 2018 2009 8

1453 2043 1483 2047 -
1500 2030 1600 2053 Ecclesia
1619 2029 1779 2052 Portiunculae
1796 2030 1900 2056 reparata
1920 2029 1954 2050 est
1970 2033 1982 2049 a
1996 2027 2019 2049 S.

1453 2070 1574 2092 Francisco
1597 2068 1650 2092 ibid.
1668 2081 1698 2085 —
1715 2068 1843 2096 specialiter
1866 2066 1988 2089 amabatur
2005 2072 2018 2088 a

1454 2110 1475 2131 S.
1493 2109 1613 2131 Francisco
1630 2107 1686 2131 ibid.
1703 2120 1733 2124 -
1752 2108 1773 2129 18
1787 2108 1830 2129 hoc
1842 2107 1892 2128 loco
1906 2106 2019 2128 Minorum

1453 2149 1515 2171 Ordo
1541 2148 1656 2170 institutus
1681 2149 1715 2169 est
1736 2145 1789 2169 ibid.
1815 2158 1846 2161 —
1872 2145 1905 2168 lbi
1932 2145 2018 2167 meritis

1453 2188 1529 2209 Matris
1546 2187 1587 2209 Dei
1604 2187 1717 2208 Minorum
1739 2185 1801 2208 Ordo
1824 2185 1906 2207 sumsit
1928 2184 2018 2206 initium

1453 2229 1474 2249 et
1491 2226 1592 2254 suscepit
1609 2226 1777 2247 incrementum
1796 2224 1840 2246 514
1859 2224 1872 2245 5
1893 2237 1920 2239 -
1937 2223 1978 2246 Hic
1996 2223 2019 2245 S.

1452 2266 1587 2288 Franciscus
1605 2265 1720 2287 humiliter
1738 2264 1825 2292 coepit,
1844 2263 1947 2285 virtuose
1967 2268 2020 2291 pro-

1454 2305 1517 2333 fecit,
1536 2304 1629 2326 feliciter
1646 2303 1818 2326 consummavit
1839 2302 1884 2325 509
1902 2303 1924 2325 8.
1942 2301 1986 2324 546
2005 2302 2018 2324 3

1453 2356 1483 2360 -
1501 2344 1566 2366 Hunc
1592 2344 1666 2366 locum
1693 2344 1715 2365 S.
1741 2343 1877 2365 Franciscus
1901 2341 2020 2364 Fratribus

1455 2387 1564 2412 tanquam
1583 2383 1671 2411 Virgini
1688 2382 1833 2404 carissimum
1845 2381 2022 2404 commendavit

1454 2423 1498 2445 509
1517 2424 1529 2445 8
1549 2436 1578 2438 —
1596 2424 1617 2445 S.
1636 2422 1771 2444 Franciscus
1793 2424 1845 2443 ante
1868 2423 1965 2443 mortem
1989 2420 2019 2443 ad

1455 2463 1624 2485 Portiunculam
1636 2464 1741 2490 portatur
1753 2460 1797 2483 546
1809 2461 1821 2483 3
1831 2473 1861 2476 -
1871 2460 1935 2482 Visio
1944 2460 2020 2482 cuius-

1454 2503 1507 2525 dam
1525 2502 1609 2524 Fratris
1626 2501 1704 2530 quoad
1722 2501 1780 2522 hanc
1797 2499 1918 2522 ecclesiam
1942 2499 1986 2521 509
2005 2499 2018 2520 8

1454 2554 1483 2557 —-
1501 2541 1631 2569 Capitulum
1649 2540 1677 2562 ad
1696 2539 1866 2562 Dortiunculam
1884 2538 1930 2561 515
1948 2539 1976 2560 10
1988 2551 2019 2555 -

1455 2581 1477 2603 18
1494 2581 1544 2603 1088
1562 2581 1584 2602 S.
1602 2580 1685 2602 Mariae
1703 2579 1732 2601 de
1749 2578 1895 2600 Portiuncula
1908 2580 1957 2600 erat
1974 2583 2021 2599 ma-

1454 2627 1499 2648 gna
1516 2620 1594 2648 inopia
1612 2619 1656 2642 523
1676 2618 1688 2640 4

1500 2660 1612 2682 Possessio
1629 2671 1659 2675 —
1676 2657 1740 2681 Circa
1759 2657 1930 2685 possessionem
1948 2655 2020 2678 consi-

1454 2700 1547 2722 deratur
1565 2698 1693 2720 dominium
1712 2700 1734 2719 et
1752 2703 1807 2719 usus
1825 2696 1869 2718 272
1888 2696 1901 2718 3
1919 2708 1950 2712 -
1967 2695 2019 2717 Ρ81-

1455 2739 1535 2761 fectius
1553 2737 1656 2766 possidet
1673 2736 1713 2766 qui
1730 2736 1834 2765 possidet
1851 2735 1929 2764 quoad
1950 2740 2019 2757 usum

1454 2780 1476 2800 et
1501 2777 1665 2805 proprietatem
1688 2782 1758 2804 quam
1782 2775 1821 2804 qui
1847 2774 1923 2803 quoad
1951 2779 2019 2796 usum

1455 2820 1541 2840 tantum
1560 2816 1604 2838 247
1627 2817 1652 2838 12
1670 2828 1700 2831 -
1717 2814 1835 2836 Veraciter
1858 2813 1971 2836 habemus
1992 2818 2019 2835 ea

1454 2862 1514 2885 quae
1526 2855 1673 2884 possidemus
1685 2857 1795 2883 tanquam
1807 2857 1884 2875 nostro
1897 2852 1946 2874 iure.
1958 2858 2020 2874 man-

1454 2896 1529 2924 cipata
1547 2895 1590 2917 308
1609 2895 1621 2916 9
1642 2907 1670 2910 —
1687 2900 1732 2916 non
1758 2895 1833 2921 potest
1857 2891 1944 2920 acquiri
1970 2891 2019 2914 sine

1455 2935 1530 2957 animo
1548 2933 1682 2962 acquirendi
1700 2933 1744 2955 313
1763 2933 1775 2954 9
1794 2945 1824 2948 —
1841 2932 1894 2954 Tria
1912 2933 1965 2953 sunt
1982 2937 2018 2958 ge-

1454 2981 1508 2997 nera
1532 2974 1615 2996 iniuste
1637 2972 1804 3000 possidentium
1823 2971 1867 2994 355
1888 2977 1900 2992 a
1918 2983 1948 2987 -
1966 2970 2018 2992 Pos-

1455 3014 1583 3036 sessionum
1601 3012 1741 3040 septiformis
1753 3010 1863 3039 perfectio
1876 3010 1921 3032 290
1935 3009 1970 3031 13.
1982 3014 2017 3037 511.
