2133 3317
748 377 1059 415 OPUSOULUM
1083 379 1228 415 XXIV.

243 515 717 580 LEGENDA
758 517 1079 581 MINOR
1120 519 1177 581 S.
1222 520 1741 585 FRANCISCI.

654 1029 768 1057 INCIPIT
790 1030 892 1058 MINOR
915 1030 989 1058 VITA
1012 1031 1105 1059 BEATI
1126 1031 1290 1060 FRANCISCI
1307 1033 1324 1060 ¹.

281 1129 316 1157 Ετ
338 1137 420 1158 PRIMO
441 1137 475 1157 DE
496 1136 685 1158 CONVERSIONE
703 1137 796 1157 IPSIUS.

417 1222 509 1251 Lectio
530 1222 632 1259 prima
644 1222 662 1250 ².

195 1316 345 1354 Apparuit
358 1316 461 1354 ²qratia
477 1316 530 1344 Dei
550 1316 714 1345 Salvatoris
727 1317 822 1345 nostri
833 1317 843 1333 ⁸
862 1316 960 1346 diebus

117 1363 176 1393 istis
195 1363 351 1392 novissimis
372 1363 399 1392 in
421 1371 502 1392 servo
517 1371 567 1392 suo
585 1363 742 1397 Francisoe,
764 1371 846 1400 quem
869 1364 960 1392 Pater

116 1410 391 1440 misericordiarum
406 1413 433 1439 et
455 1410 601 1438 luminum
622 1410 648 1438 in
671 1413 726 1438 tam
743 1410 818 1447 larga
838 1411 960 1439 dulcedi-

116 1458 159 1487 nis
171 1457 360 1486 benedictione
375 1457 529 1494 praevenit,
544 1457 631 1494 quod,
647 1457 718 1485 sicut
732 1465 767 1486 ex
783 1457 855 1486 vitae
874 1457 960 1494 ipsius

115 1504 235 1534 decursu
257 1505 412 1533 luculenter
433 1508 559 1541 apparet,
580 1512 634 1532 non
656 1504 745 1532 solum
760 1504 793 1533 de
814 1504 960 1533 mundiali-

115 1551 168 1580 bus
189 1551 310 1580 tenebris
324 1551 422 1580 eduxit
442 1551 469 1579 in
485 1551 587 1585 lucem,
609 1551 656 1579 sed
677 1554 704 1579 et
722 1551 850 1587 perfectis
871 1551 960 1580 effecit

116 1598 251 1627 virtutum
273 1597 471 1635 praerogatIvis
492 1600 519 1626 et
539 1597 645 1626 meritis
666 1597 817 1632 celebrem,
839 1606 889 1626 nec
905 1606 959 1627 non

115 1648 142 1673 et
162 1645 312 1682 praeclaris
332 1645 405 1673 circa
426 1652 490 1673 eum
513 1644 604 1673 crucis
625 1645 741 1673 ostensis
763 1639 900 1681 mysteriis
921 1645 960 1673 in-

31 1694 35 1698 '
80 1705 86 1719 .·
116 1691 229 1729 signiter
243 1691 441 1720 demonstravit
455 1691 600 1720 illustrem.
623 1691 669 1720 Hic
683 1691 815 1720 nimirum
833 1691 866 1720 de
881 1692 959 1721 vallis

87 1729 92 1734 '
117 1738 276 1775 Spoletanae
290 1738 429 1774 partibus,
446 1737 555 1766 civitate
575 1737 666 1766 Assisii
682 1738 795 1766 trahens
809 1738 957 1775 originem,

115 1785 293 1822 primumque
314 1785 438 1813 Ioannes
453 1787 567 1813 vocatus
588 1792 604 1812 a
624 1788 725 1818 matre,
747 1784 846 1813 dehInc
861 1785 958 1814 Fran-

115 1832 210 1861 ciscus
228 1840 244 1860 a
261 1835 339 1869 patre
349 1833 371 1865 ⁴¹,
393 1831 587 1860 nominationis
602 1831 712 1868 quidem
734 1835 864 1868 paternae
879 1840 959 1860 voca-

115 1879 212 1908 bulum
234 1879 337 1913 tenuit,
359 1878 405 1907 sed
427 1881 454 1907 et
469 1886 527 1907 rem
549 1878 666 1907 materni
687 1878 805 1907 nominis
819 1886 874 1907 non
895 1878 959 1907 reli-

117 1926 185 1963 quit.
208 1926 282 1955 Licet
302 1926 374 1954 euim
403 1925 474 1954 inter
500 1933 584 1954 vanos
612 1924 696 1953 suerit
717 1925 859 1953 hominum
888 1925 959 1953 filios

116 1972 228 2001 iuvenili
249 1975 338 2001 aetate
368 1972 492 2001 nutritus
516 1972 543 2000 in
565 1972 642 2000 vanis
673 1974 700 2000 et
720 1975 781 2008 post
812 1971 957 2008 aliqualem

116 2019 272 2048 litterarum
294 2019 417 2047 notitiam
434 2018 576 2047 lucrativis
590 2018 789 2047 mercationum
810 2018 959 2055 deputatus

115 2066 243 2103 negotiis,
258 2074 379 2103 superno
400 2068 490 2094 tamen
506 2065 556 2094 sibi
578 2065 721 2094 assistente
742 2065 890 2102 praesidio,
909 2073 959 2093 nec

116 2113 187 2142 inter
209 2113 324 2142 lascivos
352 2113 466 2141 iuvenes
487 2115 548 2149 post
569 2113 659 2141 carnis
688 2112 866 2149 petulantiam
892 2112 959 2140 abiit

117 2167 167 2188 nec
187 2159 258 2189 inter
280 2159 394 2196 cupidos
409 2162 578 2188 mercatores
599 2158 729 2196 speravit
743 2159 773 2187 in
792 2159 919 2196 pecunia
934 2162 959 2187 et

116 2205 261 2235 thesauris
272 2206 291 2234 ⁵.

400 2299 493 2328 Lectio
513 2299 643 2327 secunda
652 2299 672 2326 ὃ.

194 2393 284 2422 Inerat
305 2400 425 2430 namque
446 2392 554 2421 Iuvenis
574 2392 708 2421 Francisci
730 2393 898 2429 praecordiis
918 2393 959 2421 di—

94 2453 101 2459 ·
117 2439 220 2468 vinitus
240 2439 326 2468 indita
353 2447 416 2468 cum
446 2439 556 2468 lenitate
578 2439 797 2467 mansuetudinis
823 2439 958 2475 quaedam

116 2486 150 2515 ad
171 2494 307 2523 pauperes
329 2486 468 2515 miseratio
489 2486 624 2520 liberalis,
646 2494 717 2522 quae
738 2493 830 2514 secum
856 2485 890 2514 ab
917 2486 959 2514 in-

117 2532 201 2561 fantia
221 2540 360 2565 crescens,
382 2536 458 2561 tanta
479 2540 526 2562 cor
548 2533 622 2561 illius
649 2532 815 2569 benignitate
837 2532 958 2569 repleve-

117 2581 173 2613 rat,
194 2581 238 2613 ut,
269 2579 323 2608 iam
346 2579 482 2616 Evangelii
514 2587 568 2608 non
601 2579 704 2608 surdus
734 2579 856 2613 auditor,
884 2579 958 2607 omni

118 2629 284 2663 proponeret
305 2634 334 2655 se
354 2626 455 2663 petenti
486 2626 624 2660 tribuere,
647 2626 767 2654 maxime
791 2625 811 2654 si
834 2625 958 2654 divinum

118 2672 248 2709 allegaret
274 2681 406 2701 amorem.
439 2673 465 2701 In
488 2672 547 2710 ipso
578 2673 681 2710 quippe
712 2672 862 2701 iuventutis
890 2672 959 2701 flore

1018 1130 1099 1158 firma
1120 1138 1149 1158 se
1170 1130 1285 1159 Domino
1307 1131 1453 1167 sponsione
1474 1132 1677 1169 constringens,
1699 1133 1773 1169 quod
1795 1141 1865 1162 nun-

1018 1185 1117 1213 quam,
1139 1177 1160 1205 si
1184 1177 1348 1214 possibilitas
1369 1177 1490 1212 adforet,
1520 1179 1676 1215 petentibus
1698 1187 1748 1215 pro
1768 1188 1864 1209 amore

1018 1223 1125 1251 Domini
1142 1231 1170 1252 se
1188 1227 1314 1261 negaret,
1330 1224 1395 1252 dum
1411 1225 1579 1261 promissum
1596 1228 1650 1253 tam
1667 1225 1757 1254 nobile
1773 1234 1862 1263 usque

1017 1270 1051 1299 ad
1072 1274 1189 1299 mortem
1221 1279 1333 1299 servare
1354 1280 1407 1299 non
1439 1271 1559 1306 destitit,
1591 1272 1622 1300 ad
1656 1273 1808 1309 copiosiora
1837 1274 1863 1302 in

1018 1317 1105 1346 Deum
1139 1317 1291 1346 dilectionis
1325 1321 1352 1346 et
1386 1318 1490 1354 gratiae
1525 1318 1694 1348 incrementa
1729 1319 1863 1356 pervenit.

1018 1364 1137 1398 Verum,
1160 1364 1222 1392 licet
1244 1364 1288 1393 hic
1310 1364 1410 1401 iugiter
1432 1365 1459 1393 in
1481 1365 1563 1394 corde
1578 1366 1664 1402 ipsius
1685 1366 1768 1394 divini
1785 1374 1860 1395 amo-

1017 1411 1056 1439 ris
1081 1411 1186 1447 vigeret
1212 1411 1362 1448 igniculus,
1392 1412 1535 1448 Ignorabat
1566 1413 1657 1441 adhuc
1688 1413 1862 1448 adolescens,

1017 1458 1092 1486 curis
1114 1458 1231 1487 terrenis
1252 1459 1417 1495 implicitus,
1440 1459 1563 1488 caelestis
1584 1460 1758 1489 allocutionis
1785 1468 1862 1489 arca-

1016 1513 1100 1539 num,
1122 1505 1223 1540 donec,
1245 1506 1316 1534 facta
1336 1514 1420 1534 manu
1436 1506 1542 1534 Domini
1564 1515 1649 1543 super
1670 1515 1748 1541 eum,
1770 1510 1797 1536 et
1818 1516 1862 1536 ca-

1017 1551 1133 1588 stigatus
1153 1552 1206 1580 suit
1226 1552 1352 1581 exterius
1373 1552 1474 1589 prolixi
1502 1553 1642 1589 languoris
1667 1554 1815 1590 gravedine
1836 1557 1863 1583 et

1016 1598 1183 1627 clarificatus
1202 1599 1319 1628 interius
1348 1599 1433 1628 sancti
1456 1599 1574 1636 Spiritus
1596 1600 1733 1629 uncti0ne.

1322 1693 1414 1721 Lectio
1437 1693 1522 1721 tertia
1535 1693 1554 1721 ⁷.

1094 1786 1239 1823 Corporeis
1260 1787 1433 1823 postmodum
1458 1787 1564 1816 viribus
1582 1790 1734 1824 utcumque
1756 1796 1861 1816 resum-

1016 1833 1051 1861 tis
1072 1836 1219 1870 menteque
1241 1836 1346 1861 mutata
1368 1833 1394 1861 in
1416 1833 1530 1868 melius,
1552 1842 1615 1862 cum
1638 1834 1751 1863 militem
1775 1842 1862 1871 quen—

1015 1880 1078 1908 dam
1110 1880 1228 1908 nobilem
1261 1880 1372 1916 quidem
1404 1888 1523 1917 genere,
1556 1881 1602 1909 sed
1634 1881 1743 1917 inopem
1775 1881 1859 1910 rebus

1016 1926 1128 1955 obvium
1152 1926 1290 1963 insperato
1313 1927 1454 1956 habuisset
1474 1935 1607 1961 occursu,
1635 1928 1760 1964 generosi
1783 1928 1862 1965 Regis

1016 1976 1043 2002 et
1066 1973 1196 2010 pauperis
1216 1973 1317 2001 Christi
1340 1981 1446 2002 memor
1467 1974 1595 2009 effectus,
1621 1977 1696 2003 tanta
1717 1975 1769 2003 suit
1796 1983 1862 2012 erga

1016 2020 1107 2048 virum
1130 2020 1230 2056 pietate
1258 2023 1413 2056 permotus,
1435 2023 1467 2049 ut
1494 2021 1631 2055 decentia,
1654 2030 1724 2058 quae
1752 2022 1802 2050 sihi
1828 2022 1862 2051 de

1016 2074 1087 2095 novo
1109 2069 1267 2103 paraverat,
1292 2066 1453 2096 indumenta
1473 2068 1623 2104 deponeret
1645 2069 1779 2106 illumque
1801 2077 1862 2106 pro

1016 2113 1105 2147 tinus,
1128 2121 1156 2141 se
1178 2113 1293 2147 nudato,
1315 2114 1436 2142 vestiret.
1456 2114 1538 2144 Nocte
1554 2123 1620 2144 vero
1641 2116 1780 2152 sequenti,
1796 2124 1859 2144 cum

1016 2167 1045 2188 se
1066 2160 1157 2197 sopori
1179 2160 1314 2194 dedisset,
1337 2161 1468 2197 palatium
1490 2162 1646 2198 speciosum
1674 2165 1701 2190 et
1729 2170 1859 2199 magnum

1016 2214 1079 2235 cum
1102 2207 1268 2235 militaribus
1288 2208 1374 2236 armis
1396 2208 1487 2237 crucis
1502 2208 1643 2245 signaculo
1666 2209 1800 2246 insignitis
1822 2210 1859 2244 is,

1016 2261 1068 2290 pro
1089 2254 1169 2282 cuius
1189 2262 1283 2283 amore
1305 2254 1382 2283 militi
1405 2262 1491 2292 egeno
1513 2256 1697 2290 subvenerat,
1722 2256 1861 2293 dignativa

1016 2300 1066 2329 sibi
1090 2301 1256 2330 revelatione
1277 2302 1456 2336 monstravit,
1478 2310 1528 2331 nec
1549 2311 1602 2331 non
1619 2303 1677 2331 visa
1697 2303 1789 2331 omnia
1810 2311 1860 2332 sua

1016 2347 1074 2376 fore
1095 2347 1270 2384 militumque
1292 2356 1424 2382 suorum,
1446 2349 1467 2377 si
1490 2349 1581 2377 crucis
1602 2349 1702 2378 Christi
1724 2350 1858 2378 vexillum

1016 2397 1174 2422 constanter
1195 2397 1366 2429 assumeret,
1387 2395 1439 2423 sub
1453 2395 1665 2424 asseverationis
1693 2396 1858 2425 certitudine

1016 2440 1182 2477 repromisit.
1206 2441 1245 2468 Ex
1268 2444 1333 2469 tunc
1353 2449 1369 2469 a
1383 2441 1509 2477 publicae
1531 2442 1721 2479 negotiationis
1736 2443 1858 2471 tumultu

1016 2494 1045 2515 se
1066 2486 1248 2521 subtrahens,
1271 2487 1392 2516 solitaria
1414 2488 1472 2517 loca
1492 2489 1656 2525 quaerebat,
1678 2489 1765 2518 amica
1786 2497 1859 2518 moe-

1016 2533 1145 2567 roribus;
1177 2533 1204 2562 in
1226 2534 1328 2571 quibus
1359 2542 1421 2563 rum
1453 2535 1600 2571 gemitibus
1628 2535 1859 2565 inenarrahiIIbus

1017 2579 1184 2609 incessanter
1206 2580 1375 2615 intenderet,
1396 2584 1457 2618 post
1486 2581 1593 2618 longam
1623 2590 1737 2618 precum
1759 2582 1859 2611 instan-

1016 2626 1095 2660 tiam,
1116 2634 1172 2663 qua
1192 2627 1242 2655 sibi
1264 2627 1440 2663 perfectionis
1461 2628 1584 2656 semitam
1601 2636 1616 2656 a
1638 2628 1752 2657 DomIno
1767 2632 1859 2666 postu-

1017 2672 1089 2701 labat
1109 2673 1232 2707 ostendi,
1253 2674 1287 2702 ad
1308 2677 1403 2702 votum
1424 2674 1550 2703 exaudiri
1577 2675 1739 2712 promeruit.

180 2839 187 2853 ¹
206 2841 238 2863 De
256 2842 298 2863 hac
314 2841 421 2869 Legenda
448 2842 535 2864 minore
552 2848 578 2864 ex
604 2842 748 2870 praecedeuti
765 2842 795 2864 ab
818 2843 867 2870 ipso
888 2843 958 2865 Bona-

119 2881 213 2902 ventura
230 2879 328 2902 mirabili
346 2880 396 2902 stilo
413 2883 518 2908 excerpta
531 2880 585 2902 vide
602 2881 765 2908 Prolegomena
783 2887 803 2903 c.
817 2882 839 2903 2.
855 2882 869 2909 [3
886 2881 918 2903 13.
937 2885 958 2903 et

120 2923 188 2946 supra
211 2924 264 2946 pag.
288 2919 345 2945 504,
363 2921 440 2941 notam
460 2919 480 2941 i.
498 2922 519 2941 et
537 2925 591 2948 pag.
611 2919 669 2946 505,
686 2922 763 2942 notam
781 2920 802 2941 2.

180 2955 189 2968 ¹
206 2956 251 2980 Cl'r.
269 2957 375 2985 Legenda
400 2958 484 2986 maior,
507 2958 596 2986 Prolog.
619 2961 641 2980 et
661 2964 681 2981 c.
702 2959 719 2980 1.
738 2965 758 2980 n.
781 2959 798 2980 1.
817 2970 848 2975 -
866 2958 921 2981 Cod.
939 2959 957 2980 Α

119 2996 242 3022 praemittit
259 2996 341 3019 Prima
358 2996 401 3019 die.

1077 2840 1086 2853 ³
1103 2842 1146 2864 Tit.
1159 2843 1185 2869 2,
1202 2843 1235 2864 ll.
1250 2842 1337 2864 Deinde
1354 2843 1507 2870 respiciuntur
1521 2844 1543 2865 ll.
1556 2842 1606 2865 Cor.
1624 2843 1628 2864 1
1641 2861 1646 2871 ,
1659 2844 1679 2865 3.
1692 2846 1714 2865 et
1726 2844 1768 2866 lac.
1785 2844 1789 2865 l
1802 2862 1807 2871 ,
1824 2844 1857 2866 17.

1077 2879 1085 2892 ⁴
1104 2880 1165 2902 Idem
1182 2880 1264 2903 dIcitur
1281 2887 1350 2908 supra
1364 2881 1384 2903 in
1403 2881 1500 2909 Exposit.
1513 2888 1583 2909 super
1596 2882 1706 2910 Regulam
1719 2888 1738 2904 c.
1753 2883 1772 2904 l.
1786 2888 1806 2904 n.
1824 2883 1858 2905 ll.

1077 2918 1086 2931 ⁵
1105 2919 1169 2941 liet-li.
1188 2920 1212 2942 31
1225 2937 1230 2946 ,
1248 2921 1269 2942 8.

1076 2958 1086 2972 ⁶
1103 2958 1147 2980 Csr.
1164 2959 1244 2981 eadem
1263 2959 1369 2986 Legenda
1387 2965 1405 2981 c.
1429 2960 1445 2981 l.
1463 2965 1486 2981 n.
1504 2960 1524 2982 il.
1541 2962 1563 2982 et
1580 2960 1602 2982 2.

1079 2996 1087 3009 ⁷
1106 2996 1162 3019 lbid.
1178 3003 1198 3020 c.
1221 2998 1237 3019 1.
1256 3004 1278 3019 n.
1295 2998 1317 3020 2.
1335 2998 1356 3019 3.
1375 2997 1395 3020 4.

1879 1513 1985 1532 Infirmitas.

1879 1794 1997 1814 Liberalitas.

1877 2122 1937 2141 Visio.
