2133 3317
0 1074 84 1094 atilianu-

0 1098 82 1141 1111·-

0 2038 20 2057 ’a
26 2038 89 2065 piguis

0 2063 90 2081 nativitate

498 197 692 226 OPUSCULUM
712 197 754 225 IV.
778 197 819 225 DE
841 196 863 224 V
885 196 1155 224 FESTIVITATIBUS.
1178 195 1447 224 ADDlTAMENTUM.
1812 196 1847 223 95

5 285 81 329 ›rigel-31⁵-
102 277 200 314 prima.
221 293 260 298 —
281 277 368 305 Deum
394 275 504 304 Filium
535 275 563 303 in
593 275 723 303 omnibus
754 274 859 302 Sanctis
889 273 947 302 suis

103 323 255 360 magnifica.
277 323 336 359 lpse
356 322 428 351 enim
450 324 506 356 est,
529 321 576 358 qui
599 324 625 350 te
645 321 679 350 de
699 320 840 349 daemonis
861 320 947 349 servi-

102 370 141 399 tio
168 377 217 406 per
238 372 371 398 secretam
403 376 482 397 suam
510 368 732 397 informationem
754 367 882 396 liberavit
906 367 947 395 di-

102 417 204 446 cens1:
233 415 307 444 Tolle
328 415 433 453 iugum
453 423 549 443 meum
576 423 667 451 supet·
697 418 739 448 te;
761 414 856 451 iugum
883 413 946 442 dae-

102 463 190 492 monis
201 462 295 491 abiice.
309 462 405 499 Iugum
418 470 500 490 suum
515 461 729 495 amarissimum,
741 461 836 498 iugum
852 468 945 489 meum

103 509 309 543 suavissimum;
325 509 421 545 iugum
443 516 526 537 suum
548 511 681 545 sequetur
703 508 843 536 cruciatus
858 511 946 536 aeter-

103 564 156 584 nus
176 559 204 584 et
227 558 375 589 tormenta,
391 555 487 592 iugum
503 563 595 583 meum
611 558 744 592 sequetur
759 554 868 583 fructus
883 562 946 582 sna-

102 602 232 631 vissimus
246 605 273 631 et
284 602 398 639 requies
412 601 556 638 opulenta.
572 601 669 638 Iugum
691 609 772 630 suum
793 601 814 629 si
836 600 946 637 quando

103 648 276 678 dulcedinem
297 648 425 682 exhibet,
440 648 508 676 falsa
535 651 577 677 est
608 651 635 676 et
665 650 872 680 momentanea,
904 646 947 675 iu-

106 703 171 732 gum
192 703 285 724 meum
307 695 417 732 quando
448 695 578 723 laetitiam
607 694 729 728 confert,
752 702 817 722 vera
848 696 889 722 est
920 696 947 722 et

102 741 251 771 salutifera.
281 742 339 778 Ipse
370 749 436 770 suos
467 741 616 770 servitores
636 740 775 769 modicum
800 739 947 776 aliquando

102 788 222 822 extollit,
245 791 276 817 ut
297 789 324 817 in
346 791 489 817 aeternum
511 787 673 821 confundat,
689 787 736 824 qui
752 789 844 815 autem
861 786 947 814 hono-

102 835 192 864 rificat
211 843 269 868 me,
291 835 330 864 sic
351 835 384 863 ad
406 838 576 864 momentum
598 833 776 866 humiliatur,
805 835 836 861 ut
858 835 946 860 aeter-

102 881 201 910 naliter
222 884 319 918 regnet
339 885 366 910 et
387 881 530 918 glorietur,
545 897 584 901 —
599 880 651 909 lsta
669 879 721 908 fuit
735 878 872 912 doctrina,
891 886 947 915 qua

102 930 129 956 te
156 927 204 956 Dei
225 928 309 957 Filius
329 927 476 965 aliquando
504 935 553 964 per
578 935 619 961 se,
641 926 790 963 aliquando
811 933 860 962 per
881 933 947 953 suos

101 974 228 1004 doctores
249 978 276 1004 et
295 975 396 1004 amicos
416 974 575 1003 informavit
596 976 623 1002 et
642 973 676 1002 de
695 973 836 1002 daemonis
848 972 858 988 ²
879 973 947 1001 falsa

103 1022 296 1058 persuasione,
318 1030 334 1050 a
354 1021 445 1050 carnis
465 1024 492 1050 et
513 1020 608 1049 mundi
627 1020 727 1049 blanda
740 1019 900 1056 deceptione
915 1019 946 1048 11-

102 1064 217 1098 beravit.
234 1085 269 1089 —
286 1069 386 1102 Deum,
401 1076 417 1096 ο
431 1067 537 1102 anima,
560 1067 704 1104 Spiriczmz
718 1070 853 1095 sanctum
876 1074 947 1095 sem-

102 1123 152 1152 per
166 1115 280 1144 benedic
294 1118 321 1144 et
336 1114 490 1148 sanctifica,
505 1114 552 1151 qui
569 1117 595 1142 te
616 1122 666 1150 per
687 1122 766 1142 suam
785 1113 947 1142 consolatio-

102 1169 165 1191 nem
186 1161 346 1190 mellissuam
369 1161 397 1189 in
418 1161 490 1190 bono
511 1160 675 1189 confortavit
695 1160 826 1189 dicens⁵:
850 1159 947 1189 Venite

102 1208 143 1237 ad
156 1217 214 1242 me,
229 1216 340 1242 omnes,
355 1207 407 1246 qui
421 1207 562 1236 laboratis
583 1210 608 1236 et
628 1207 742 1235 onerati
762 1206 843 1240 estis,
858 1210 884 1235 et
897 1215 946 1243 eqo

101 1254 233 1291 reficiam
254 1263 312 1283 vos.
334 1254 458 1291 Qualiter
479 1254 564 1288 enim,
580 1262 596 1282 ο
610 1254 702 1282 anima
724 1257 818 1282 tenera
833 1256 860 1282 et
879 1253 947 1282 deli-

102 1304 175 1334 cata,
190 1300 294 1338 fragilis
308 1304 335 1330 et
350 1301 468 1334 infirma,
483 1300 587 1329 deliciis
598 1300 693 1329 mundi
707 1303 825 1333 assueta,
841 1300 947 1336 gaudiis

103 1347 203 1376 saeculi
226 1348 310 1376 huius
331 1350 462 1384 tanquam
483 1347 605 1375 faecibus
626 1346 739 1375 vinariis
759 1354 837 1375 more
849 1354 947 1383 porco-

104 1402 168 1423 rum
191 1394 340 1427 inebriata,
362 1394 481 1431 qualiter
503 1394 639 1430 potuisses
663 1393 735 1422 inter
760 1396 799 1421 tot
824 1397 851 1422 et
872 1396 947 1421 tanta

103 1441 209 1478 antiqui
225 1441 311 1470 hostis
326 1440 411 1474 retia,
433 1440 504 1469 inter
519 1443 559 1468 tot
573 1440 640 1468 falsa
661 1440 788 1474 consilia,
804 1440 875 1468 inter
892 1443 946 1468 tam

103 1487 178 1516 varia
189 1487 392 1524 impedimenta,
404 1487 476 1516 inter
488 1490 542 1515 tam
557 1486 769 1515 innumerabilia
783 1487 946 1521 amicorum,

103 1534 370 1571 consanguineorum
392 1537 419 1562 et
432 1534 550 1562 aliorum
566 1533 787 1570 propinquorum
810 1537 836 1562 te
858 1536 946 1562 retra—

103 1580 228 1609 hentium
243 1589 259 1609 a
275 1581 317 1609 via
331 1581 453 1609 amoris4
467 1583 494 1609 et
507 1580 713 1609 vulnerantium
728 1580 817 1609 iacula
832 1580 859 1608 in
874 1580 945 1609 bono

1005 273 1170 310 perstitisse,
1193 276 1233 301 tot
1253 273 1366 301 funibus
1388 276 1563 309 peccatorum
1585 272 1791 309 circumplexa,
1821 273 1848 301 in

1004 320 1076 348 bono
1090 320 1251 357 profecisse,
1273 320 1294 348 si
1316 328 1370 348 non
1393 319 1512 356 Spiritus
1533 319 1618 348 sancti
1640 319 1729 356 gratia
1750 319 1849 348 fuisses

1004 367 1220 396 misericorditer
1241 367 1336 395 adiuta
1349 369 1376 395 et
1397 366 1508 403 saepius
1521 366 1639 395 dulciter
1660 366 1799 395 consolata
1819 369 1849 395 et

1004 414 1126 443 refecta?
1148 414 1175 442 ln
1197 414 1287 450 ipsum
1310 413 1396 450 igitur
1421 413 1537 441 refunde
1567 413 1659 441 omnia
1679 421 1764 450 opera
1785 416 1847 448 tua,

1003 460 1051 488 tibi
1074 459 1142 488 nihil
1164 460 1260 488 retine.

1082 507 1108 535 [ι.
1130 506 1179 534 Dic
1207 514 1270 534 cum
1303 514 1372 542 pura
1404 509 1431 534 et
1461 506 1559 535 devota
1590 506 1689 535 mentis
1720 506 1997 553 intentio-ffissgigfffftiffl:

1003 553 1083 582 ne5:
1111 553 1217 581 Omnia
1244 561 1334 589 opera
1365 561 1430 581 mea
1465 556 1601 590 operatus
1632 562 1677 587 es,
1706 553 1848 586 Domine;
1868 559 1933 576 tatem-

1003 600 1031 628 in
1053 603 1202 636 conspectu
1224 603 1272 628 tuo
1293 599 1362 628 nihil
1389 608 1467 633 sum,
1489 600 1558 628 nihil
1580 608 1707 636 possum;
1729 600 1763 629 de
1784 608 1846 629 mu-

1003 655 1070 675 nere
1091 649 1139 675 tuo
1160 650 1214 680 est,
1236 646 1310 683 quod
1332 646 1467 680 subsisto,
1490 647 1548 675 siue
1570 650 1596 675 te
1617 647 1686 675 nihil
1706 655 1788 684 agere
1803 655 1850 675 va-

1005 693 1055 721 leo.
1078 693 1151 727 Tibi,
1174 693 1385 722 clementissime
1416 693 1506 721 Patet·
1537 693 1846 728 miserz'cordz'cwwn⁶,

1003 739 1077 776 quod
1101 742 1179 768 tuum
1203 742 1244 768 est
1264 740 1364 773 offerO,
1381 739 1429 768 tibi
1445 740 1622 773 commendo,
1645 740 1693 768 libi
1708 740 1849 769 committo

1003 794 1047 814 me
1068 785 1224 822 indignam,
1246 789 1273 814 et
1293 786 1429 822 ingratam
1451 786 1579 815 omnibus
1597 786 1676 815 donis
1690 787 1746 815 tuis
1759 794 1808 824 per
1823 789 1849 816 te

1003 832 1070 860 mihi
1092 832 1198 861 collatis
1230 832 1374 861 humiliter
1405 840 1580 869 recognosco.
1613 833 1671 861 Tibi
1702 833 1777 867 laus,
1799 833 1849 861 tibi

1003 879 1105 915 gloria,
1127 879 1175 907 tibi
1197 879 1350 915 gratiarum
1371 879 1454 912 actio,
1470 888 1486 907 ο
1501 879 1657 908 beatissime
1679 880 1770 914 Pater,
1793 888 1850 909 ma-

1003 925 1085 954 iestas
1106 928 1231 959 aeterna,
1253 925 1300 962 qui
1322 933 1366 953 me
1381 933 1431 962 per
1453 928 1528 953 tuam
1543 925 1677 954 infinitam
1700 927 1849 962 potentiam

1002 972 1036 1001 de
1058 972 1144 1000 nihilo
1165 972 1278 1000 creasti!
1295 988 1331 992 —
1347 972 1384 1000 Te
1406 971 1503 1005 laudo,
1525 975 1551 1000 te
1569 972 1708 1008 glorifico,
1724 972 1771 1001 tibi
1787 981 1850 1010 gra—

1003 1019 1055 1048 tias
1075 1027 1142 1056 ago,
1164 1027 1180 1047 o
1201 1019 1358 1048 beatissime
1378 1018 1439 1053 Fili,
1454 1019 1564 1047 claritas
1576 1019 1586 1036 ⁷
1601 1021 1728 1056 paterna,
1743 1019 1790 1057 qui
1805 1028 1849 1049 me

1003 1075 1052 1103 per
1072 1069 1148 1095 tuam
1169 1069 1309 1095 aeternam
1331 1066 1492 1102 sapientiam
1506 1065 1539 1094 de
1555 1070 1644 1095 morte
1658 1066 1795 1095 liberasti!
1811 1083 1850 1087 —

1003 1114 1040 1142 Te
1062 1113 1207 1146 benedico,
1234 1116 1260 1141 te
1288 1112 1443 1147 sanctifico,
1469 1116 1495 1141 te
1523 1112 1623 1147 adoro,
1650 1121 1666 1141 o
1694 1113 1849 1142 beatissime

1004 1160 1123 1197 Spiritus
1143 1160 1230 1194 alme,
1252 1159 1300 1196 qui
1316 1167 1359 1188 me
1391 1167 1440 1196 per
1474 1162 1549 1188 tuam
1570 1160 1741 1189 benedictam
1764 1161 1850 1198 pieta-

1004 1210 1059 1235 tem
1082 1210 1110 1235 et
1130 1206 1303 1235 clementiam
1324 1206 1358 1235 de
1386 1209 1498 1243 peccato
1518 1206 1552 1234 ad
1580 1207 1713 1243 gratiam,
1735 1207 1768 1236 de
1790 1216 1849 1237 sae-

1004 1253 1067 1281 culo
1088 1252 1122 1281 ad
1144 1253 1228 1281 vitam
1250 1252 1415 1289 religiosam,
1437 1252 1471 1281 de
1485 1253 1584 1282 exsilio
1604 1253 1638 1281 ad
1661 1254 1793 1290 patriam,
1815 1254 1849 1283 de
1876 1250 1879 1251 ⁷

1005 1299 1098 1328 labore
1119 1299 1153 1328 ad
1174 1299 1313 1336 requiem,
1335 1299 1368 1328 de
1390 1307 1516 1328 moerore
1537 1299 1571 1328 ad
1593 1299 1807 1329 iucundissimae
1822 1304 1850 1329 et

1003 1346 1225 1375 deliciosissimae
1246 1346 1341 1374 beatae
1362 1346 1501 1375 fruitionis
1521 1346 1694 1375 dulcedinem
1715 1347 1847 1376 evocasti!

1004 1401 1086 1429 quam
1109 1393 1188 1421 nobis
1209 1393 1340 1421 concedat
1362 1393 1436 1422 Iesus
1456 1393 1599 1427 Christus,
1615 1394 1715 1422 Mariae
1730 1394 1849 1431 Virginis

1004 1440 1102 1474 Filius,
1124 1440 1171 1477 qui
1194 1448 1257 1468 cum
1279 1440 1358 1468 Patre
1379 1443 1406 1469 et
1428 1440 1532 1477 Spiritu
1553 1445 1647 1469 sancto
1669 1441 1736 1469 vivit
1757 1444 1784 1470 et
1805 1449 1849 1470 re-

1003 1490 1068 1524 gnat
1089 1487 1117 1515 in
1139 1488 1248 1516 saecula
1269 1488 1453 1516 saeculorum.
1476 1488 1568 1516 Amen.

1359 1581 1494 1609 Eericir.

790 1719 1118 1755 ADDITAMENTUM
1142 1720 1167 1755 I.

175 1858 233 1884 Nou
251 1858 316 1883 euim
335 1858 366 1882 ad
384 1857 430 1883 1100
447 1857 573 1888 nascitur,
590 1857 619 1882 ut
632 1857 777 1887 abiiciatur,
797 1858 840 1882 sed
852 1858 881 1882 ut
894 1865 949 1883 eum

105 1908 201 1926 summa
220 1900 363 1932 diligentia,
382 1908 449 1926 more
477 1901 597 1932 regalium
624 1900 758 1926 infantium
786 1901 949 1926 custodiatur.

105 1944 153 1969 Hic
170 1944 238 1974 nota,
257 1943 337 1969 fidelis
356 1944 452 1973 anima,
467 1944 531 1975 quod
550 1944 575 1968 in
594 1943 619 1968 te
631 1942 638 1956 ¹
659 1943 808 1975 contingunt
820 1944 864 1968 illa
878 1944 949 1975 signa

106 1986 285 2018 spiritualiter,
305 1993 367 2018 quae
386 1986 412 2011 in
432 1986 525 2011 Christi
543 1985 677 2011 nativitate
696 1986 855 2018 contigerunt
868 1986 950 2011 visibi-

105 2030 172 2055 liter.
199 2030 287 2055 Multis
306 2030 371 2055 enim
390 2030 468 2061 signis
487 2029 512 2054 et
531 2029 650 2061 prodigiis
669 2029 802 2054 secuudum
821 2029 949 2054 doctorum

106 2072 255 2098 sententiam
274 2073 299 2098 et
318 2072 455 2098 doctrinam
474 2073 513 2097 est
531 2072 575 2097 illa
593 2072 721 2097 benedicta
748 2072 869 2097 nativitas
887 2079 949 2097 eom-

1006 1857 1119 1889 probata.
1139 1858 1205 1883 Nam
1223 1859 1249 1883 in
1268 1858 1369 1883 civitate
1388 1859 1499 1884 Romana
1517 1860 1583 1884 muri
1601 1860 1688 1891 templi
1711 1861 1778 1891 pacis
1797 1860 1850 1886 fun-

1005 1900 1073 1925 ditus
1091 1900 1270 1931 corruerunt²;
1291 1902 1425 1927 sodomitae
1437 1903 1463 1927 in
1476 1902 1529 1927 toto
1547 1902 1605 1928 orbe
1624 1903 1703 1928 morte
1720 1903 1850 1929 subitanea

1005 1944 1172 1974 interierunt;
1201 1945 1286 1969 vineae
1308 1945 1423 1976 Engaddi
1441 1945 1485 1970 illa
1503 1945 1574 1971 nocte
1593 1945 1732 1971 floruerunt
1751 1947 1776 1971 et
1800 1947 1850 1972 fru-

1006 1987 1074 2012 ctum
1092 1987 1198 2012 balsami
1216 1987 1393 2018 protulerunt;
1413 1988 1468 2013 fons
1486 1996 1565 2020 aquae
1583 1989 1696 2014 mutatus
1709 1990 1748 2014 est
1760 1991 1785 2015 in
1798 1990 1850 2016 fon-

1006 2029 1056 2055 tem
1075 2030 1122 2055 olei
1140 2030 1166 2055 et
1183 2030 1256 2055 fluxit
1274 2038 1351 2062 usque
1371 2031 1397 2056 in
1415 2031 1523 2056 Tiberim
1547 2031 1572 2057 et
1599 2032 1712 2057 manavit
1736 2033 1790 2058 tota
1809 2041 1850 2060 no-

1008 2073 1046 2097 cte
1065 2071 1143 2102 illa⁸;
1173 2072 1247 2098 stella
1265 2073 1347 2105 Magis
1365 2073 1485 2105 apparuit
1511 2074 1537 2099 in
1562 2074 1672 2106 oriente;
1697 2075 1750 2101 tres
1775 2076 1850 2102 etiam

169 2293 176 2306 ¹
195 2294 272 2316 Matth.
291 2295 327 2321 11,
345 2294 381 2316 29.
400 2295 457 2316 infra
475 2294 596 2322 respicitur
614 2295 662 2317 lsai.
680 2295 722 2321 32,
741 2295 778 2317 18.
795 2307 825 2311 -
837 2295 949 2323 Superius

110 2338 153 2360 pro
170 2332 195 2355 in
212 2331 323 2355 omnibus
340 2332 434 2355 Sanctis
450 2332 500 2355 suis
518 2332 557 2361 (ila
576 2333 708 2361 ABCDE)
727 2333 777 2355 Vat.
796 2332 819 2355 in
840 2332 948 2356 ommibus

106 2370 175 2400 factis
192 2371 253 2399 suis,
272 2374 294 2394 et
310 2377 353 2399 pro
367 2377 411 2400 per
428 2373 543 2394 secretam
559 2377 629 2394 suam
647 2372 662 2393 Ε
676 2377 721 2401 per
737 2373 851 2395 secretum
868 2371 913 2395 sui.

169 2409 178 2422 ²
196 2410 246 2432 Vat.
263 2409 352 2433 amicos
369 2410 510 2440 reformavit
525 2417 539 2433 a
557 2410 686 2433 daemonis.

168 2447 178 2460 ³
195 2449 272 2471 Matth.
290 2449 326 2475 11,
343 2450 382 2471 28.
397 2461 428 2465 —
445 2449 540 2471 Inferius
552 2455 593 2477 pro
611 2450 691 2472 tenera
708 2451 731 2472 et
745 2448 845 2472 delicata
858 2450 909 2472 Vat.
921 2451 950 2473 te·

107 2493 166 2510 nera
183 2489 205 2510 et
220 2487 311 2511 dilectu.

169 2526 178 2539 ⁴
196 2527 226 2549 lla
243 2527 271 2554 133
289 2526 333 2550 AC
350 2533 365 2550 a
382 2526 420 2550 1ἰά
437 2532 532 2550 morum
551 2526 604 2556 [DE
621 2526 719 2556 71101·1's],
738 2527 775 2549 cui
792 2527 881 2550 leitioni
899 2534 950 2550 con-

1005 2295 1073 2317 sentit
1091 2295 1142 2317 Vat.
1158 2301 1211 2318 eum
1228 2295 1279 2322 FG,
1297 2295 1336 2324 qui
1354 2297 1429 2317 tamen
1447 2295 1553 2318 omittunt
1565 2297 1585 2319 le
1596 2296 1775 2320 retrahentumz.
1793 2297 1850 2325 Sup-

1005 2334 1121 2362 plevimus
1138 2335 1160 2357 et
1176 2337 1229 2356 ante
1247 2333 1432 2357 vainei-antima.

1067 2371 1077 2384 ⁵
1094 2372 1144 2394 lsai.
1161 2372 1203 2399 26,
1222 2372 1263 2394 1121
1281 2372 1362 2395 Omnia
1374 2372 1435 2394 enim
1448 2378 1519 2400 opera
1530 2375 1606 2395 nostra
1620 2376 1728 2401 operatus
1739 2380 1764 2396 es
1776 2373 1849 2397 nobis.

1068 2409 1077 2423 ‘³
1095 2411 1164 2438 Epist.
1182 2411 1205 2433 11.
1222 2410 1273 2433 Cor.
1294 2411 1312 2439 1,
1330 2411 1351 2433 3.

1069 2449 1077 2462 ⁷
1095 2449 1139 2472 Csr.
1157 2449 1227 2473 Hebr.
1249 2451 1272 2477 1,
1292 2450 1319 2477 3,
1337 2449 1377 2472 ubi
1394 2450 1462 2472 Filius
1478 2451 1609 2473 nominatur
1620 2450 1733 2480 splendor
1750 2450 1849 2481 yloriae.

1006 2488 1079 2511 Codd.
1096 2489 1113 2510 Α
1123 2489 1139 2510 Β
1149 2488 1165 2511 C
1176 2489 1194 2511 D
1204 2489 1219 2511 E
1237 2488 1333 2512 caritas.
1351 2489 1445 2511 Inferius
1462 2492 1514 2517 post
1530 2491 1606 2512 morte
1623 2491 1673 2512 Vat.
1685 2496 1739 2512 cum
1752 2491 1766 2512 F
1776 2491 1795 2512 G
1811 2491 1849 2514 ad-

1006 2527 1039 2550 dit
1055 2529 1164 2555 aestrna,
1182 2530 1204 2550 et
1221 2527 1320 2550 subinde
1337 2529 1354 2550 Α
1365 2528 1380 2550 Β
1391 2528 1460 2551 CDE
1477 2529 1583 2550 omittunt
1600 2530 1621 2551 te
1636 2528 1720 2552 adm-0.

812 2601 884 2624 Notae
901 2601 930 2624 ad
946 2601 1135 2625 additamentum.

170 2668 177 2681 ¹
196 2668 252 2692 Cod.
264 2670 281 2692 G
291 2669 313 2692 si
323 2669 346 2692 in
359 2671 387 2692 te.
396 2682 427 2686 —
435 2669 481 2692 Csr.
490 2670 520 2692 de
529 2671 544 2692 1.
554 2669 664 2692 additam.
674 2675 744 2697 supra
754 2675 807 2696 pag.
818 2669 857 2695 92,
866 2672 918 2691 nota
930 2669 937 2690 ’1
945 2684 951 2690 .

170 2699 179 2712 ²
196 2701 224 2723 Ut
240 2704 345 2723 narratur
363 2702 384 2723 in
401 2702 474 2723 Serm.
492 2701 521 2723 de
539 2701 658 2723 Nativitate
675 2701 799 2722 Salvator-is
811 2703 832 2722 et
845 2701 946 2728 praecla-

109 2731 140 2753 ris
157 2731 274 2754 miraculis
289 2732 314 2754 in
331 2738 357 2754 ca
375 2732 438 2755 sactis
455 2733 522 2758 (inter
534 2738 605 2760 opera
618 2732 675 2754 Petr.
689 2732 805 2759 Damiani,
817 2732 854 2753 ed.
867 2732 950 2759 Migne,

109 2762 190 2785 Patrol.
207 2763 254 2785 Lat.
272 2766 326 2785 tom.
345 2763 402 2790 ⁴44,
420 2764 462 2786 col.
480 2764 633 2792 8483estque
645 2763 728 2785 Nicolai
740 2762 950 2791 claraevallensis),

109 2793 132 2815 in
150 2794 208 2816 Pctr.
225 2793 365 2821 Comestor.‚
382 2795 464 2817 Histor.
477 2795 582 2817 scholast.
600 2795 621 2816 in
640 2795 726 2822 Evang.
743 2800 764 2816 c.
781 2794 801 2816 5.
820 2794 911 2816 Additio
931 2794 950 2816 l.

109 2827 132 2847 et
148 2825 261 2847 innocent.
280 2825 316 2852 lll,
333 2826 408 2848 Serm.
429 2827 450 2848 2.
472 2826 494 2848 in
519 2826 638 2848 Nativitate
665 2825 762 2847 Domini.
788 2824 833 2847 Csr.
856 2825 950 2852 Earum,

109 2856 188 2878 Annal.
205 2857 288 2879 Eccles.
307 2857 328 2878 in
346 2856 444 2885 princip.
460 2863 483 2879 n.
501 2857 538 2879 Μ.
555 2863 604 2886 seq.
621 2856 693 2879 Codd.
719 2857 760 2878 Fu
786 2856 875 2878 addunt
894 2856 950 2879 ima-

109 2886 175 2915 ⁵(lines
192 2888 213 2910 el
229 2889 323 2910 statuae
340 2887 458 2910 idolorum
475 2887 633 2911 comminutae
649 2888 707 2911 sunt
717 2889 738 2910 et
749 2886 889 2910 ceciderunt.
905 2887 950 2910 Csr.

110 2918 214 2945 Hieron,
232 2919 258 2941 V.
277 2918 406 2941 Comment.
430 2919 453 2941 in
471 2919 521 2941 lsai.
542 2919 580 2946 19,
599 2920 619 2941 11.
636 2932 666 2935 -
684 2919 716 2941 De
733 2922 806 2941 morte
826 2918 950 2941 sodomita-

109 2955 161 2971 rum
179 2950 232 2972 vide
249 2949 316 2972 Card.
334 2950 409 2977 ling„
426 2950 448 2972 in
467 2951 480 2972 l.
499 2950 560 2972 Tim.
579 2951 599 2978 l,
621 2951 658 2977 10,
676 2950 715 2972 ubi
733 2952 808 2976 notat,
826 2950 890 2978 quod
907 2951 950 2973 hoc

113 2988 124 3000 ι
135 2980 218 3003 Cantor
235 2981 368 3009 parisiensis
379 2981 471 3004 dicebat
482 2987 507 3003 se
519 2981 602 3009 legisse
614 2982 636 3003 in
649 2981 770 3010 scripturis
783 2981 916 3009 Hieronymi
927 2990 949 3004 n.

1070 2668 1079 2681 ³
1097 2668 1154 2690 Vide
1172 2669 1233 2691 Paul.
1251 2668 1337 2696 Orosii,
1355 2669 1392 2691 Vl.
1409 2669 1491 2691 Hister.
1517 2676 1536 2691 c.
1562 2670 1604 2696 20,
1626 2669 1665 2691 ubi
1682 2670 1751 2692 ctiam
1769 2671 1849 2698 refert,

1008 2700 1071 2728 quod
1088 2708 1098 2720 α
1107 2701 1161 2722 hora
1175 2700 1264 2722 circiter
1276 2700 1339 2722 tertia
1352 2703 1458 2728 repenle,
1470 2700 1556 2729 liquido
1568 2706 1594 2722 ac
1606 2707 1665 2728 puro
1674 2707 1754 2723 sereno
1765 2701 1848 2731 [caelo]

1007 2731 1107 2753 circulus
1123 2731 1152 2753 ad
1170 2731 1271 2758 speciem
1289 2732 1392 2753 caelestis
1408 2737 1476 2754 arcus
1498 2731 1579 2753 orbem
1597 2732 1651 2754 solis
1672 2731 1785 2755 ambiit».
1803 2732 1849 2756 Csr.

1007 2763 1102 2789 Baron.,
1119 2763 1250 2790 Apparatus
1267 2762 1296 2785 ad
1313 2763 1406 2784 annales
1423 2763 1567 2785 ecclesiastic.
1584 2769 1607 2785 n.
1625 2763 1662 2785 25.
1679 2770 1743 2792 seqq.
1762 2763 1848 2786 ibidem

1007 2797 1094 2820 narrat,
1112 2793 1230 2822 quomodo
1242 2793 1345 2816 Christus
1357 2794 1461 2821 Augusto
1473 2794 1605 2822 imperatori
1617 2794 1727 2822 innotuit,
1741 2803 1752 2815 α
1765 2795 1850 2823 ipsum-

1007 2831 1053 2854 que
1070 2825 1168 2847 Romam
1185 2831 1304 2847 reversum
1322 2831 1385 2847 aram
1403 2825 1501 2847 erexisse
1523 2825 1545 2847 in
1570 2825 1680 2853 Capitolio
1706 2827 1748 2848 hac
1771 2827 1850 2849 inscri-

1007 2856 1086 2884 ptione
1108 2858 1225 2878 notatam:
1241 2857 1292 2879 Ara
1309 2855 1464 2885 Primoqeniti
1482 2855 1544 2879 Dei...
1562 2856 1655 2879 Putatur
1679 2857 1716 2879 hic
1741 2857 1776 2879 ille
1799 2864 1849 2880 esse

1007 2888 1071 2910 locus
1087 2887 1110 2909 in
1128 2886 1263 2915 Capitolio...
1286 2886 1325 2909 ubi
1345 2887 1513 2910 nobilissimum
1531 2888 1641 2915 templum
1659 2888 1785 2917 antiquitus
1801 2892 1850 2911 crat

1007 2919 1067 2941 lovis
1083 2917 1214 2946 Capitolini,
1232 2918 1272 2941 sed
1290 2924 1317 2940 eo
1334 2921 1460 2946 prostrato,
1478 2918 1561 2941 eodem
1579 2919 1600 2941 in
1618 2919 1668 2942 loco
1680 2922 1753 2942 erecta
1766 2922 1800 2942 est
1812 2919 1849 2942 ba-

1007 2950 1068 2972 silica
1087 2950 1110 2971 in
1128 2950 1263 2972 memoriam
1283 2950 1321 2972 Dei
1338 2950 1457 2973 Genitrieis
1474 2950 1557 2973 Mariae
1574 2954 1643 2979 atque
1659 2951 1718 2973 dicta
1736 2957 1762 2973 ex
1779 2957 1849 2974 causa

1007 2981 1057 3004 Ανα
1075 2980 1140 3004 Caeli
1155 2981 1219 3003 titulo
1236 2983 1382 3009 nuncupata,
1408 2981 1444 3004 vel
1468 2981 1532 3010 quod
1557 2981 1632 3010 aiunt,
1654 2982 1694 3004 Dei
1712 2982 1848 3005 Genitricem
