2133 3317
194 297 292 326 Nullus
312 297 407 325 Frater
429 297 514 325 libros
535 295 637 324 scribat
658 295 701 323 vel
725 295 808 324 scribi
823 295 904 324 faciat
925 296 959 324 ad

17 353 105 381 notaris
117 344 306 377 vendendum,
327 351 378 372 nec
398 343 520 371 Minister
540 342 716 379 provincialis
736 341 836 371 audeat
857 342 959 371 habere

16 377 77 421 ’1Ξὲῗέ
87 378 106 395 ⁰²
117 391 159 420 vel
180 391 300 419 retinere
320 390 427 426 aliquos
448 389 532 417 libros
560 389 618 417 sine
648 388 755 417 licentia
776 389 891 417 Ministri
913 397 959 426 ge-

115 437 234 471 neralis;
265 444 316 465 nec
345 435 429 472 aliqui
462 436 570 464 Fratres
600 435 735 471 accipiant
765 435 808 463 vel
840 435 959 464 habeant

115 484 218 519 absque
242 482 351 511 licentia
371 489 486 511 suorum
516 481 725 518 provincialium
753 482 957 516 Ministrorum;

115 534 142 560 et
158 530 234 559 nulla
249 529 333 558 Biblia
353 529 468 557 emenda
488 529 608 565 pretium
631 528 726 565 viginti
748 529 882 557 librarum
904 529 959 557 Tu-

115 577 273 606 ronensium
298 575 422 605 excedat.
451 575 477 604 Si
506 575 660 612 contingat,
687 575 807 612 aliquem
836 575 958 603 Fratrem

115 623 257 653 transferri
277 623 311 651 de
328 630 383 651 una
405 622 546 651 Provincia
566 622 600 650 ad
620 622 701 650 aliam
722 621 756 650 ad
778 621 958 655 morandum,

115 670 198 699 libros
219 669 270 698 sibi
296 677 439 698 concessos
466 669 500 697 ad
527 677 609 697 usum
638 668 723 705 possit
750 668 869 702 1131101ος
898 671 959 704 [1051

8 722 11 745 t
113 720 229 746 mortem
244 724 310 745 vero
328 724 406 745 suam
419 717 428 732 ¹
445 716 507 744 libri
529 715 622 752 scripti
640 715 681 744 vel
696 715 779 752 empti
794 715 828 743 de
842 715 959 743 eleemo-

113 771 180 800 syna
194 763 227 791 ad
242 763 315 791 illam
338 762 508 791 Provinciam
530 765 722 795 revertantur,
737 761 770 790 ad
786 769 869 798 quam
887 761 959 790 dicta

113 811 285 846 eleemosyna
305 809 474 846 pertinebat;
496 812 523 838 et
544 809 577 837 ad
599 809 651 837 hoc
672 808 788 837 fideliter
804 808 958 837 faciendum

113 856 227 885 Ministri
259 856 393 890 firmiter,
417 856 445 884 in
470 863 589 893 quorum
618 855 768 884 Provinciis
794 855 958 889 decesserit,

113 906 268 932 teneantur.
297 903 328 931 Et
359 906 390 931 ut
418 903 470 931 1100
501 903 600 931 melius
630 902 807 936 observetur,
835 902 958 935 Fratres,

113 950 160 988 qui
189 949 408 983 transferuntur,
432 949 589 986 relinquant
618 949 644 977 in
673 949 775 986 scripto
796 948 907 977 nomina
928 948 960 976 li-

112 997 228 1026 brorum
259 996 409 1025 valentium
437 996 512 1024 ultra
532 999 660 1033 quartam
693 998 798 1032 partem
829 996 959 1024 marchae

112 1043 242 1072 Ministris
263 1043 330 1077 illis,
348 1043 382 1072 de
396 1051 516 1080 quorum
538 1042 822 1071 administrationibus
844 1042 959 1071 transse-

112 1094 224 1120 runtur.

190 1137 288 1165 Nullus
310 1136 395 1165 libros
409 1136 517 1173 aliquos
531 1136 648 1165 retineat
663 1136 714 1165 sibi
730 1136 891 1173 assignatos,
907 1136 959 1164 nisi

113 1183 167 1212 sint
188 1183 308 1212 totaliter
330 1183 357 1211 in
379 1182 490 1211 Ordinis
521 1185 670 1219 potestate,
692 1182 767 1219 quod
799 1182 885 1211 libere
906 1190 957 1219 per

112 1229 250 1258 Ministros
270 1229 330 1257 dari
351 1229 460 1258 valeant
487 1232 515 1258 et
535 1229 648 1258 auferri.
680 1229 779 1257 Nullus
799 1229 893 1257 Frater
915 1228 957 1257 Bi-

112 1276 212 1310 bliam,
233 1276 275 1305 vel
294 1276 499 1304 Testamentum
521 1275 555 1304 de
576 1276 748 1312 eleemosyna
770 1275 882 1309 habeat,
904 1275 955 1304 nisi

113 1322 147 1352 sit
168 1322 202 1351 ad
223 1322 344 1351 studium
366 1326 463 1359 aptus,
479 1322 522 1351 vel
542 1322 575 1351 ad
597 1322 812 1359 praedicandum
828 1322 958 1356 idoneus;

112 1372 140 1398 et
161 1370 212 1398 1100
227 1369 260 1398 de
275 1369 384 1398 licentia
404 1377 519 1398 suorum
535 1369 732 1397 Ministrorum.
748 1369 878 1403 Ministri,
894 1376 957 1397 cum

113 1416 222 1445 Fratres
243 1424 308 1445 suos
330 1415 455 1449 visitant,
478 1416 563 1444 libros
584 1418 611 1444 et
632 1424 677 1444 res
697 1415 764 1444 alias
785 1415 836 1444 sibi
858 1415 958 1444 faciant

113 1463 256 1499 resignari,
277 1466 305 1491 et
326 1462 347 1491 si
370 1470 453 1499 quem
475 1463 561 1491 libros
582 1462 684 1491 habere
703 1465 813 1499 praeter
834 1470 958 1491 necessa-

113 1509 169 1538 rios
190 1509 360 1544 invenerint,
381 1509 540 1546 dispensent
561 1517 624 1538 cum
641 1509 838 1538 Definitoribus
859 1509 886 1538 in
908 1509 957 1538 Ca-

113 1556 201 1593 pitulo
227 1556 412 1593 provinciali²
438 1564 492 1584 non
525 1556 707 1590 habentibus,
740 1556 896 1585 volentibus
924 1556 958 1585 de

113 1603 167 1632 illis
187 1603 310 1632 fructum
332 1603 422 1632 facere
442 1603 608 1632 animarum.

259 1697 298 1725 DE
319 1705 550 1726 connecrmmnus
570 1706 804 1730 nssLtNQUENTIUM.

428 1790 558 1819 Rubi-ica
586 1791 645 1818 Vll.

190 1883 259 1912 Cum
291 1883 444 1912 secundum
476 1883 606 1920 Regulam
637 1884 766 1912 Fratrum
794 1883 957 1921 delinquen—

113 1929 182 1958 tium
204 1930 338 1959 correctio
359 1930 495 1967 pertineat
522 1930 556 1959 ad
588 1930 757 1964 Ministrum,
778 1930 956 1965 ordinamus,

20 1987 100 2014 quinque
113 1976 187 2013 quod
217 1977 327 2005 Fratres
359 1985 408 2013 pro
440 1977 518 2014 lapsu
551 1977 657 2011 carnis,
690 1985 742 2014 pro
773 1977 957 2006 inobedientia

0 1991 101 2076 ἓῗῖρῖἒῖ
112 2023 283 2057 contumaci,
305 2031 356 2060 pro
378 2023 534 2060 receptione
562 2023 695 2060 pecuniae
716 2031 765 2060 per
793 2031 822 2052 se
844 2024 886 2052 vel
908 2031 957 2060 per

24 2058 54 2076 '¹⁵'
112 2069 197 2098 alium
219 2072 315 2098 contra
336 2070 483 2106 Regulam,
506 2078 556 2106 pro
577 2070 682 2098 enormi
704 2070 795 2104 furto,
817 2078 868 2107 pro
890 2070 957 2098 inie-

113 2116 203 2145 ctione
223 2125 356 2145 manuum
379 2117 497 2145 violenta
519 2117 545 2145 in
567 2117 651 2145 alium
667 2117 701 2145 ad
715 2117 871 2146 Ministrum
893 2125 957 2154 pro-

114 2163 256 2192 vincialem
284 2163 414 2192 accedere
441 2172 495 2192 11011
527 2166 700 2200 postponant.
733 2164 802 2192 Haec
832 2164 957 2200 quinque

113 2210 271 2247 supradicta
291 2210 480 2239 Ministrorum
508 2210 666 2239 discretioni
689 2213 715 2239 et
736 2211 852 2239 arbitrio
875 2211 957 2239 relin-

113 2260 240 2294 quuntur
271 2257 423 2286 secundum
459 2258 659 2294 expositionem
695 2258 797 2286 domini
832 2257 955 2294 Gregorii

114 2303 213 2340 Papae,
234 2307 266 2332 ut
287 2304 408 2340 inspecta
428 2304 560 2341 qualitate
581 2308 608 2333 et
628 2305 781 2341 quantitate
802 2305 908 2341 culpae,
930 2308 957 2333 et

113 2349 285 2378 considerato
306 2353 379 2378 statu
400 2358 548 2386 personae,
570 2350 725 2383 Fratribus,
747 2353 831 2387 prout
858 2350 956 2379 melius

114 2395 248 2430 viderint,
277 2396 471 2432 poenitentiam
497 2396 641 2433 iniungant
653 2396 672 2424 ³.
696 2396 745 2434 [Ab
765 2396 956 2425 excommuni-

114 2442 220 2470 catione
242 2450 307 2471 vero
329 2451 379 2479 pro
409 2443 554 2472 iniectione
585 2451 719 2471 manumn
748 2443 833 2480 possit
858 2443 956 2471 Custos

113 2489 271 2523 absolvere,
293 2498 343 2526 pro
374 2490 541 2526 poenitentia
565 2490 598 2518 ad
628 2490 781 2518 Ministrum
804 2490 956 2518 secundum

115 2535 244 2572 Regulam
266 2535 512 2573 transmittantur}

192 2583 289 2611 Nullus
310 2583 450 2617 eiiciatur,
473 2584 514 2612 vel
536 2583 724 2612 incarceretur
752 2583 802 2611 nisi
824 2591 875 2620 pro
899 2591 956 2611 ma-

114 2629 211 2658 11110510
231 2633 258 2658 01
279 2630 384 2658 enormi
406 2638 531 2659 excessu.
557 2631 709 2658 Enormem
724 2630 840 2659 dicimus
861 2638 957 2658 exces-

0 2671 84 2690 ²¹⁰⁰³⁵¹¹⁵
114 2683 175 2704 sum
198 2676 240 2705 vel
261 2677 366 2705 ratione
386 2677 495 2714 generis
516 2677 635 2713 peccati,
657 2680 688 2705 ut
712 2680 752 2705 est
785 2677 876 2713 lapsus
897 2685 956 2705 car-

0 2698 67 2714 worme
70 2700 84 2713 Β.

456 219 652 248 OPUSCULUM
673 218 760 246 xvltt.
783 217 1065 248 CONSTlTUTlONES
1086 219 1327 249 NARBONENSES.
1350 221 1443 249 RUBR.
1465 221 1518 249 Vll.

1801 223 1858 251 457

1016 297 1058 325 nis
1079 300 1127 326 aut
1149 298 1263 334 persidia
1278 298 1415 332 baeresis;
1435 299 1477 328 vel
1499 299 1605 328 ratione
1626 299 1858 335 circumstantiae,

1016 343 1087 372 sicut
1108 348 1149 373 est
1173 344 1279 373 furtum
1309 345 1347 374 rei
1379 346 1522 380 notabilis,
1548 346 1590 375 vel
1612 346 1719 375 notorie
1739 346 1858 381 sactum,

1015 390 1058 418 vel
1080 391 1167 427 quia4
1188 391 1362 428 frequentius
1376 392 1516 421 iteratum.
1532 391 1575 430 [Et
1588 393 1622 421 de
1636 393 1773 422 similibus
1787 393 1858 422 idem

1015 436 1147 464 iudicium
1171 437 1326 475 habeatur}

1094 483 1269 520 Quicumque
1292 485 1421 514 inventus
1440 485 1525 514 1110111
1546 485 1757 522 proprietarius,
1779 486 1857 515 libris

1014 529 1143 558 omnibus
1169 533 1197 558 et
1217 531 1290 559 omni
1322 535 1386 560 actu
1414 532 1534 569 legitimo
1565 533 1600 561 sit
1631 533 1770 570 privatus;
1797 533 1857 562 laici
1875 541 1902 560 ne
1920 541 2004 568 prppria-

1015 583 1081 604 vero
1102 580 1128 604 et
1149 577 1257 611 clerici,
1279 578 1326 614 qui
1349 578 1433 607 libros
1463 579 1507 607 vel
1537 579 1627 608 officia
1657 588 1711 608 non
1740 579 1857 615 habent,
1908 566 1967 583 ‘³¹⁰⁵'

1016 622 1185 658 probationis
1212 624 1321 660 caputio
1352 625 1512 661 puniantur.
1541 626 1573 654 Et
1603 626 1625 654 si
1657 626 1720 663 quis
1748 626 1809 655 talis
1830 626 1857 655 in

1016 672 1104 697 morte
1137 669 1265 699 inventus
1297 670 1395 705 fuerit,
1430 675 1521 700 careat
1552 672 1735 701 ecclesiastica
1767 673 1859 710 sepul-

1016 717 1086 743 tura.

1094 763 1119 791 Si
1132 764 1226 792 Frater
1240 765 1327 793 Fratri
1343 765 1494 794 minabitur
1509 766 1536 794 in
1552 774 1678 802 persona,
1694 774 1750 795 uno
1763 774 1857 795 mense
1871 773 1950 793 Peccata
1960 779 2008 801 con-

1015 812 1126 845 portare
1158 810 1327 847 probationis
1357 812 1498 848 caputium
1531 815 1666 841 teneatur.
1693 813 1718 841 Si
1741 813 1857 842 autem⁵
1898 799 2005 839 ffissnssmn‘

1015 864 1127 885 manum
1150 857 1297 892 levaverit,
1319 859 1362 887 vel
1383 859 1486 896 aliquid
1507 860 1645 896 acceperit
1672 863 1767 888 contra
1795 861 1858 889 Fra-

1015 906 1102 937 trem,
1124 904 1147 931 ei
1170 905 1310 940 caputium
1333 905 1502 941 probationis
1528 906 1618 935 tribus
1648 907 1790 935 mensibus
1811 907 1858 935 ini-

1016 953 1143 986 ponatur.
1166 951 1191 978 Si
1213 954 1305 979 autem
1328 960 1381 980 non
1403 952 1524 988 graviter
1550 953 1728 989 percusserit,
1749 953 1858 990 praedi-

1015 999 1086 1025 ctam
1108 997 1297 1033 probationem
1320 1001 1411 1035 portet
1429 1007 1478 1035 per
1498 1007 1618 1033 annum,
1640 1000 1661 1028 si
1684 1003 1775 1028 autem
1795 1008 1858 1036 gra-

1017 1043 1085 1071 viter
1107 1044 1290 1080 percusserit,
1312 1048 1339 1073 et
1361 1045 1427 1074 levis
1449 1053 1566 1082 persona
1596 1046 1692 1080 fuerit,
1719 1049 1780 1083 post
1801 1054 1857 1075 ma-

1015 1090 1180 1119 cerationem
1203 1090 1230 1119 in
1251 1092 1383 1120 carcere⁶
1408 1092 1442 1121 de
1469 1092 1572 1121 Ordine
1592 1093 1765 1129 expellatur3
1787 1096 1814 1122 et
1835 1093 1857 1122 si

1015 1136 1107 1173 gravis
1138 1145 1255 1173 persona
1282 1138 1380 1172 suerit,
1403 1139 1600 1167 incarceretur.
1634 1139 1724 1168 Eidem
1754 1147 1857 1176 poenae

1016 1182 1155 1211 subiaceat
1182 1184 1229 1220 qui
1258 1184 1356 1212 similia
1387 1193 1436 1221 per
1467 1185 1552 1214 alium
1577 1186 1785 1222 procuraverit,
1814 1186 1858 1215 vel

1015 1229 1048 1257 ad
1071 1229 1227 1258 huiusmodi
1249 1230 1371 1259 facienda
1392 1231 1521 1260 inventus
1541 1232 1625 1260 fuerit
1646 1232 1807 1261 machinari.

1094 1276 1120 1304 Si
1142 1276 1235 1305 Frater
1256 1277 1359 1314 aliquid
1388 1278 1495 1312 fecerit,
1526 1280 1640 1315 propter
1661 1279 1735 1315 quod
1757 1279 1857 1308 merito
1874 1286 2003 1313 1311113309-

1015 1330 1131 1358 poenam
1162 1323 1282 1352 carceris
1309 1323 1406 1352 debeat
1437 1324 1589 1359 sustinere,
1617 1324 1792 1354 Guardianus
1813 1326 1856 1354 vel
1903 1310 1976 1352 ιῖἓῗιῈῘ

1014 1369 1112 1398 Custos
1141 1370 1182 1398 vel
1214 1378 1310 1399 eorum
1342 1371 1439 1399 Vicarii
1472 1371 1505 1400 de
1533 1372 1646 1400 consilio
1667 1372 1856 1401 Discretorum

1015 1416 1119 1452 possint
1141 1416 1231 1453 ipsum
1252 1417 1388 1451 detinere,
1410 1418 1468 1446 sive
1489 1418 1524 1446 sit
1545 1426 1641 1446 eorum
1656 1418 1785 1447 subditus
1799 1418 1857 1448 sive

1015 1470 1085 1496 non,
1107 1463 1193 1491 donec
1223 1471 1272 1500 per
1300 1464 1472 1498 Ministrum,
1504 1464 1571 1501 quid
1602 1464 1637 1493 sit
1663 1465 1802 1501 agendum
1823 1465 1857 1494 de

1014 1509 1076 1542 tali,
1098 1509 1183 1538 fuerit
1203 1509 1356 1538 definitum.

1093 1556 1226 1585 Personae
1247 1560 1356 1585 notatae
1376 1557 1517 1586 evidenter
1538 1558 1571 1587 de
1596 1558 1740 1595 colloquiis
1761 1566 1857 1595 suspe-
1870 1566 1897 1585 ne
1910 1566 2003 1599 suspgcus

1014 1603 1066 1632 ctis
1086 1606 1113 1631 et
1134 1603 1278 1632 consortiis
1300 1604 1465 1638 mulierum,
1487 1612 1558 1641 quae
1589 1604 1616 1633 in
1638 1605 1741 1641 Regula
1761 1605 1856 1642 prohi-
1881 1591 1987 1608 mmmm

1014 1650 1131 1684 bentur,
1154 1650 1175 1679 si
1197 1650 1327 1678 admoniti
1349 1653 1376 1679 et
1406 1651 1523 1679 correcti
1555 1651 1724 1680 sufficienter
1745 1659 1774 1680 se
1799 1660 1853 1680 non

1014 1697 1204 1730 correxerint,
1227 1697 1247 1726 si
1270 1697 1297 1725 111
1328 1697 1425 1726 officiis
1452 1697 1568 1731 fuerint,
1589 1698 1784 1732 absolvantur,
1806 1706 1857 1727 nec

1014 1744 1105 1772 taliter
1126 1744 1243 1772 absoluti
1266 1752 1314 1772 seu
1337 1744 1462 1780 suspensi
1485 1745 1667 1773 restituantur
1689 1745 1740 1773 nisi
1763 1745 1790 1774 in
1808 1745 1857 1774 Ca-

1014 1790 1101 1827 pitulo
1122 1790 1292 1827 provinciali.
1325 1790 1421 1819 Officia
1451 1790 1562 1819 Ordinis
1593 1791 1771 1828 intelligimus
1801 1799 1857 1820 non

1014 1837 1102 1865 solum
1125 1836 1316 1873 praelationis,
1337 1837 1384 1865 sed
1416 1837 1640 1873 praedicationis,
1662 1838 1855 1872 confessionis,

1014 1883 1153 1917 lectionis,
1175 1883 1353 1917 visitationis,
1374 1884 1541 1913 definitionis
1561 1885 1743 1914 0101001101115
1757 1885 1791 1914 ad
1806 1885 1855 1913 Ca-

1014 1930 1133 1967 pitulum
1157 1938 1207 1967 pro
1229 1930 1370 1964 Discretis,
1396 1933 1423 1959 et
1453 1930 1486 1959 ad
1514 1931 1566 1959 hoc
1593 1931 1709 1960 Ministri
1737 1931 1856 1961 firmiter

1014 1979 1169 2005 teneantur.

1092 2023 1117 2051 Si
1139 2023 1202 2060 quis
1223 2031 1272 2059 per
1303 2023 1532 2059 conspirationem
1564 2024 1607 2052 vel
1638 2024 1855 2053 coniurationem
1869 2032 2002 2059 Doeonsptra-

1014 2070 1056 2098 vel
1077 2070 1240 2098 malitiosam
1266 2069 1440 2098 concordiam
1466 2069 1599 2099 adversus
1626 2070 1746 2107 aliquem
1774 2079 1856 2107 supe·
1904 2058 1962 2074 '¹⁰⁰⁹'

1014 2117 1115 2145 riorem
1137 2117 1273 2150 Fratrem,
1294 2120 1321 2145 et
1342 2117 1462 2145 maxime
1488 2117 1641 2153 praelatum
1663 2124 1692 2146 se
1714 2117 1855 2146 manifeste

1013 2163 1152 2197 erexerit;
1174 2163 1248 2191 omni
1270 2163 1359 2191 officio
1380 2162 1491 2191 Ordinis
1511 2166 1538 2191 et
1558 2167 1621 2191 actu
1647 2163 1767 2200 legitimo
1798 2164 1855 2201 pri-

1014 2212 1094 2238 vetur
1117 2218 1165 2246 per
1187 2209 1357 2242 Ministrum,
1379 2217 1525 2246 quousque
1547 2212 1608 2246 post
1629 2210 1790 2247 condignam
1813 2219 1855 2239 sa-

1014 2257 1194 2285 tisfactionem
1216 2264 1265 2293 per
1287 2257 1442 2293 Capitulum
1466 2256 1632 2293 provinciale
1659 2257 1743 2286 fuerit
1774 2257 1854 2286 resti—

1014 2307 1100 2332 tutus.

1092 2349 1241 2386 Appellatio
1263 2350 1289 2378 in
1310 2353 1405 2378 nostro
1426 2349 1528 2378 Ordine
1553 2349 1606 2378 sub
1633 2350 1855 2379 interminatione
1872 2358 1993 2385 neappona-

1013 2397 1194 2425 anathematis
1215 2397 1290 2424 nulla
1312 2397 1374 2430 liat,
1396 2404 1458 2425 cum
1481 2404 1534 2424 non
1564 2396 1722 2425 venerimus
1743 2400 1854 2426 conten·
1902 2383 1959 2400 ‘¹⁰⁰²'

1013 2443 1093 2477 dere,
1116 2443 1163 2471 sed
1190 2443 1289 2471 delicta
1320 2443 1411 2479 potius
1442 2443 1595 2472 emendare.
1629 2443 1660 2471 Et
1684 2443 1854 2480 quicumque

1013 2493 1109 2518 contra
1131 2490 1241 2522 fecerit,
1264 2489 1323 2526 ipso
1344 2489 1414 2518 sacto
1435 2489 1470 2517 ab
1497 2489 1570 2518 omni
1592 2492 1655 2518 actu
1678 2489 1798 2526 legitimo
1819 2489 1854 2518 sit

1013 2544 1179 2572 suspensus3
1201 2539 1228 2564 et
1249 2536 1300 2564 nisi
1323 2536 1392 2564 infra
1413 2536 1484 2564 diem
1507 2536 1660 2565 naturalem
1693 2537 1854 2573 resipuerit,

1013 2591 1029 2611 a
1049 2583 1241 2611 commuuione
1262 2583 1388 2611 Fratrum
1410 2586 1562 2619 separetur.

1094 2630 1119 2658 ln
1142 2630 1244 2658 virtute
1266 2629 1384 2666 Spiritus
1405 2630 1490 2658 sancti
1513 2633 1540 2658 et
1570 2630 1739 2659 obedientiae
1760 2630 1853 2667 prolii-
1871 2637 1898 2656 De
1911 2637 1988 2656 secretis

1013 2676 1111 2704 bemus
1131 2676 1267 2709 districte,
1288 2684 1323 2704 ne
1344 2675 1407 2712 quis
1421 2683 1530 2704 causam
1547 2676 1723 2713 depositionis
1738 2676 1853 2705 Ministri
1876 2661 1982 2703 nnggffgit-

178 2887 184 2900 ¹
202 2888 258 2910 (11111Δ
277 2889 382 2916 [ii-initui<
399 2889 501 2910 addidit:
520 2895 600 2911 munes
618 2888 684 2913 litu-i,
706 2894 763 2917 quos
781 2890 884 2917 [utillime
901 2895 958 2910 xum·

115 2925 294 2950 translationis-s
311 2933 370 2954 quun
390 2926 458 2947 ierim
478 2929 555 2953 postca
574 2930 683 2954 exlium-tat
702 2930 763 2948 sunt.

177 2965 185 2977 ²
204 2966 224 2986 lii
244 2966 258 2986 ti
275 2965 339 2987 deest
355 2965 503 2993 provinciali,
521 2966 604 2987 deinde
621 2965 734 2987 substituit
752 2965 809 2987 111-110
828 2965 956 2988 wilwimus

116 3010 156 3031 pro
175 3003 310 3026 rubonibus.

209 3051 234 3073 S.
246 3051 334 3072 11011110.
347 3063 376 3066 -
388 3051 456 3072 Toni.
471 3051 523 3072 Vltl.

1077 2887 1085 2900 ³
1103 2888 1168 2916 Quod
1188 2888 1223 2909 liic
1241 2891 1262 2909 ct
1280 2888 1334 2909 int'ra
1354 2888 1456 2916 <oquitur
1481 2888 1536 2910 imi-a
1563 2888 1716 2915 parenthesim
1743 2889 1854 2916 scriptum

1014 2931 1048 2948 cst
1066 2927 1085 2948 iu
1103 2927 1173 2948 vati-o.

1075 2965 1084 2977 ¹¹
1103 2966 1118 2987 li
1135 2966 1217 2987 omittit
1234 2965 1302 2994 qiam,
1320 2969 1340 2987 ct
1359 2965 1415 2987 intra
1433 2972 1470 2987 sex
1489 2965 1558 2988 verba
1578 2965 1689 2988 habentui·
1707 2967 1729 2988 111
1747 2967 1814 2988 culce,

1076 3003 1084 3016 f·
1103 3005 1117 3026 li
1135 3004 1216 3026 omittit
1234 3006 1320 3027 aulem.
1625 3004 1634 3017 ¹⁵
1652 3006 1667 3027 li
1685 3005 1709 3028 in
1726 3011 1853 3028 cmwrem.

1731 3052 1759 3073 55
