<?xml version="1.0" encoding="UTF-8"?>
<!DOCTYPE html PUBLIC "-//W3C//DTD XHTML 1.0 Transitional//EN"
    "http://www.w3.org/TR/xhtml1/DTD/xhtml1-transitional.dtd">
<html xmlns="http://www.w3.org/1999/xhtml" xml:lang="en" lang="en">
 <head>
  <title>
</title>
<meta http-equiv="Content-Type" content="text/html;charset=utf-8" />
  <meta name='ocr-system' content='tesseract 3.04.00' />
  <meta name='ocr-capabilities' content='ocr_page ocr_carea ocr_par ocr_line ocrx_word'/>
</head>
<body>
  <div class='ocr_page' id='page_1' title='image "./doctorisseraphic08bona_0054.png"; bbox 0 0 2133 3317; ppageno 0'>
   <div class='ocr_carea' id='block_1_1' title="bbox 248 211 350 240">
    <p class='ocr_par' dir='ltr' id='par_1_1' title="bbox 248 211 350 240">
     <span class='ocr_line' id='line_1_1' title="bbox 248 211 350 240; baseline 0 0"><span class='ocrx_word' id='word_1_1' title='bbox 248 211 350 240; x_wconf 87' lang='lat' dir='ltr'>XLVIII</span> 
     </span>
    </p>
   </div>
   <div class='ocr_carea' id='block_1_2' title="bbox 250 287 1107 1773">
    <p class='ocr_par' dir='ltr' id='par_1_2' title="bbox 251 287 1101 453">
     <span class='ocr_line' id='line_1_2' title="bbox 251 287 1100 318; baseline -0.004 -5"><span class='ocrx_word' id='word_1_2' title='bbox 251 289 309 313; x_wconf 83' lang='lat' dir='ltr'>liber</span> <span class='ocrx_word' id='word_1_3' title='bbox 327 291 493 313; x_wconf 81' lang='lat' dir='ltr'>Bonaventure</span> <span class='ocrx_word' id='word_1_4' title='bbox 509 289 536 313; x_wconf 81' lang='lat' dir='ltr'>de</span> <span class='ocrx_word' id='word_1_5' title='bbox 553 289 641 313; x_wconf 77' lang='lat' dir='ltr'>Balnea</span> <span class='ocrx_word' id='word_1_6' title='bbox 658 288 724 318; x_wconf 69' lang='lat' dir='ltr'>reqio</span> <span class='ocrx_word' id='word_1_7' title='bbox 744 288 840 312; x_wconf 82' lang='lat' dir='ltr'>Ordinis</span> <span class='ocrx_word' id='word_1_8' title='bbox 858 288 993 316; x_wconf 67' lang='lat' dir='ltr'>illium-um,</span> <span class='ocrx_word' id='word_1_9' title='bbox 1011 287 1053 317; x_wconf 77' lang='lat' dir='ltr'>qui</span> <span class='ocrx_word' id='word_1_10' title='bbox 1069 287 1100 310; x_wconf 77' lang='lat' dir='ltr'>cli·</span> 
     </span>
     <span class='ocr_line' id='line_1_3' title="bbox 251 332 1100 366; baseline -0.005 -6"><span class='ocrx_word' id='word_1_11' title='bbox 251 336 314 360; x_wconf 84' lang='lat' dir='ltr'>citur</span> <span class='ocrx_word' id='word_1_12' title='bbox 332 336 390 359; x_wconf 80' lang='lat' dir='ltr'>liber</span> <span class='ocrx_word' id='word_1_13' title='bbox 408 335 478 366; x_wconf 67' lang='lat' dir='ltr'>Liqni</span> <span class='ocrx_word' id='word_1_14' title='bbox 493 335 551 363; x_wconf 78' lang='lat' dir='ltr'>vite,</span> <span class='ocrx_word' id='word_1_15' title='bbox 570 335 594 357; x_wconf 85' lang='lat' dir='ltr'>in</span> <span class='ocrx_word' id='word_1_16' title='bbox 611 340 656 364; x_wconf 79' lang='lat' dir='ltr'>quo</span> <span class='ocrx_word' id='word_1_17' title='bbox 674 334 756 363; x_wconf 60' lang='lat' dir='ltr'>abitur</span> <span class='ocrx_word' id='word_1_18' title='bbox 774 333 801 356; x_wconf 78' lang='lat' dir='ltr'>(le</span> <span class='ocrx_word' id='word_1_19' title='bbox 820 333 879 362; x_wconf 72' lang='lat' dir='ltr'>vita,</span> <span class='ocrx_word' id='word_1_20' title='bbox 896 333 1008 363; x_wconf 78' lang='lat' dir='ltr'><em>passione</em></span> <span class='ocrx_word' id='word_1_21' title='bbox 1020 335 1041 356; x_wconf 90' lang='lat' dir='ltr'>et</span> <span class='ocrx_word' id='word_1_22' title='bbox 1053 332 1100 362; x_wconf 77' lang='lat' dir='ltr'>{flo-</span> 
     </span>
     <span class='ocr_line' id='line_1_4' title="bbox 251 379 1101 413; baseline -0.006 -7"><span class='ocrx_word' id='word_1_23' title='bbox 251 383 388 413; x_wconf 80' lang='lat' dir='ltr'>rificacione</span> <span class='ocrx_word' id='word_1_24' title='bbox 405 382 502 406; x_wconf 87' lang='lat' dir='ltr'>Domini</span> <span class='ocrx_word' id='word_1_25' title='bbox 517 381 595 405; x_wconf 81' lang='lat' dir='ltr'>nostri</span> <span class='ocrx_word' id='word_1_26' title='bbox 611 382 663 404; x_wconf 82' lang='lat' dir='ltr'>Iesu</span> <span class='ocrx_word' id='word_1_27' title='bbox 680 380 731 403; x_wconf 70' lang='lat' dir='ltr'>Ati.</span> <span class='ocrx_word' id='word_1_28' title='bbox 757 379 841 409; x_wconf 84' lang='lat' dir='ltr'>Incipit</span> <span class='ocrx_word' id='word_1_29' title='bbox 862 379 988 409; x_wconf 63' lang='lat' dir='ltr'>prolapus.</span> <span class='ocrx_word' id='word_1_30' title='bbox 1015 379 1101 402; x_wconf 77' lang='lat' dir='ltr'><strong>Desinit</strong></span> 
     </span>
     <span class='ocr_line' id='line_1_5' title="bbox 252 428 608 453; baseline -0.008 0"><span class='ocrx_word' id='word_1_31' title='bbox 252 431 288 453; x_wconf 82' lang='lat' dir='ltr'>sol.</span> <span class='ocrx_word' id='word_1_32' title='bbox 311 430 360 452; x_wconf 79' lang='lat'>159.</span> <span class='ocrx_word' id='word_1_33' title='bbox 378 437 400 452; x_wconf 82' lang='lat' dir='ltr'>v.</span> <span class='ocrx_word' id='word_1_34' title='bbox 418 433 443 452; x_wconf 90' lang='lat' dir='ltr'>ut</span> <span class='ocrx_word' id='word_1_35' title='bbox 459 430 481 451; x_wconf 90' lang='lat' dir='ltr'>in</span> <span class='ocrx_word' id='word_1_36' title='bbox 500 428 608 451; x_wconf 78' lang='lat' dir='ltr'>editione.</span> 
     </span>
    </p>

    <p class='ocr_par' dir='ltr' id='par_1_3' title="bbox 251 472 1104 782">
     <span class='ocr_line' id='line_1_6' title="bbox 315 472 1102 504; baseline -0.005 -5"><span class='ocrx_word' id='word_1_37' title='bbox 315 476 368 499; x_wconf 86' lang='grc'>142.</span> <span class='ocrx_word' id='word_1_38' title='bbox 386 475 485 504; x_wconf 81' lang='lat' dir='ltr'><em>Ibidem,</em></span> <span class='ocrx_word' id='word_1_39' title='bbox 503 475 640 497; x_wconf 77' lang='lat' dir='ltr'>bibliotheca</span> <span class='ocrx_word' id='word_1_40' title='bbox 654 474 775 502; x_wconf 76' lang='lat' dir='ltr'>Vaticana,</span> <span class='ocrx_word' id='word_1_41' title='bbox 788 474 841 496; x_wconf 87' lang='lat' dir='ltr'>cod.</span> <span class='ocrx_word' id='word_1_42' title='bbox 856 473 921 495; x_wconf 84' lang='lat'>1058.</span> <span class='ocrx_word' id='word_1_43' title='bbox 933 472 1033 495; x_wconf 84' lang='lat' dir='ltr'>membr.</span> <span class='ocrx_word' id='word_1_44' title='bbox 1046 473 1067 494; x_wconf 91' lang='lat' dir='ltr'>in</span> <span class='ocrx_word' id='word_1_45' title='bbox 1080 472 1102 495; x_wconf 90' lang='grc'>8.</span> 
     </span>
     <span class='ocr_line' id='line_1_7' title="bbox 256 519 1103 549; baseline -0.006 -2"><span class='ocrx_word' id='word_1_46' title='bbox 256 530 316 547; x_wconf 85' lang='lat' dir='ltr'>saec.</span> <span class='ocrx_word' id='word_1_47' title='bbox 334 524 391 546; x_wconf 88' lang='lat' dir='ltr'>XIII.</span> <span class='ocrx_word' id='word_1_48' title='bbox 408 522 518 546; x_wconf 78' lang='lat' dir='ltr'>exeuntis.</span> <span class='ocrx_word' id='word_1_49' title='bbox 536 534 567 539; x_wconf 98' lang='lat'><strong>—</strong></span> <span class='ocrx_word' id='word_1_50' title='bbox 583 522 628 544; x_wconf 87' lang='lat' dir='ltr'>Fol.</span> <span class='ocrx_word' id='word_1_51' title='bbox 648 522 684 543; x_wconf 85' lang='grc'>26.</span> <span class='ocrx_word' id='word_1_52' title='bbox 702 528 725 543; x_wconf 92' lang='lat' dir='ltr'>v.</span> <span class='ocrx_word' id='word_1_53' title='bbox 743 521 838 549; x_wconf 78' lang='lat' dir='ltr'>legitur:</span> <span class='ocrx_word' id='word_1_54' title='bbox 857 519 1066 549; x_wconf 72' lang='lat' dir='ltr'>Incipitproloyus</span> <span class='ocrx_word' id='word_1_55' title='bbox 1077 519 1103 542; x_wconf 88' lang='lat' dir='ltr'>in</span> 
     </span>
     <span class='ocr_line' id='line_1_8' title="bbox 253 566 1104 600; baseline -0.007 -6"><span class='ocrx_word' id='word_1_56' title='bbox 253 571 341 594; x_wconf 87' lang='lat' dir='ltr'>librum</span> <span class='ocrx_word' id='word_1_57' title='bbox 357 570 428 600; x_wconf 69' lang='lat' dir='ltr'>Liqm·</span> <span class='ocrx_word' id='word_1_58' title='bbox 443 569 488 593; x_wconf 80' lang='lat' dir='ltr'>vite</span> <span class='ocrx_word' id='word_1_59' title='bbox 505 569 568 592; x_wconf 80' lang='lat' dir='ltr'>Bone</span> <span class='ocrx_word' id='word_1_60' title='bbox 590 568 698 591; x_wconf 87' lang='lat' dir='ltr'>Venture.</span> <span class='ocrx_word' id='word_1_61' title='bbox 722 567 796 590; x_wconf 81' lang='lat' dir='ltr'>Verus</span> <span class='ocrx_word' id='word_1_62' title='bbox 820 566 862 590; x_wconf 90' lang='lat' dir='ltr'>Dei</span> <span class='ocrx_word' id='word_1_63' title='bbox 883 566 960 590; x_wconf 84' lang='lat' dir='ltr'>cultor</span> <span class='ocrx_word' id='word_1_64' title='bbox 983 569 1027 589; x_wconf 80' lang='lat' dir='ltr'>etc.</span> <span class='ocrx_word' id='word_1_65' title='bbox 1051 566 1104 588; x_wconf 83' lang='lat' dir='ltr'>Post</span> 
     </span>
     <span class='ocr_line' id='line_1_9' title="bbox 252 612 1104 646; baseline -0.006 -6"><span class='ocrx_word' id='word_1_66' title='bbox 252 618 376 646; x_wconf 75' lang='lat' dir='ltr'>prologum</span> <span class='ocrx_word' id='word_1_67' title='bbox 394 616 505 638; x_wconf 86' lang='lat' dir='ltr'>habetur:</span> <span class='ocrx_word' id='word_1_68' title='bbox 524 614 607 638; x_wconf 73' lang='lat' dir='ltr'>Omitto</span> <span class='ocrx_word' id='word_1_69' title='bbox 625 615 688 637; x_wconf 84' lang='lat' dir='ltr'>Bone</span> <span class='ocrx_word' id='word_1_70' title='bbox 705 615 810 637; x_wconf 60' lang='lat' dir='ltr'>cantiae.</span> <span class='ocrx_word' id='word_1_71' title='bbox 829 613 935 637; x_wconf 78' lang='lat' dir='ltr'>Oramus</span> <span class='ocrx_word' id='word_1_72' title='bbox 947 612 1030 643; x_wconf 69' lang='lat' dir='ltr'>iyitur,</span> <span class='ocrx_word' id='word_1_73' title='bbox 1043 618 1104 641; x_wconf 88' lang='lat' dir='ltr'>quae</span> 
     </span>
     <span class='ocr_line' id='line_1_10' title="bbox 252 659 1103 690; baseline -0.006 -3"><span class='ocrx_word' id='word_1_74' title='bbox 252 665 274 687; x_wconf 87' lang='lat' dir='ltr'>in</span> <span class='ocrx_word' id='word_1_75' title='bbox 293 664 359 687; x_wconf 86' lang='lat' dir='ltr'>editis</span> <span class='ocrx_word' id='word_1_76' title='bbox 376 666 410 686; x_wconf 85' lang='lat' dir='ltr'>est</span> <span class='ocrx_word' id='word_1_77' title='bbox 427 663 457 685; x_wconf 89' lang='lat' dir='ltr'>ad</span> <span class='ocrx_word' id='word_1_78' title='bbox 474 663 560 685; x_wconf 80' lang='lat' dir='ltr'>calcem</span> <span class='ocrx_word' id='word_1_79' title='bbox 578 662 692 690; x_wconf 76' lang='lat' dir='ltr'>opusculi.</span> <span class='ocrx_word' id='word_1_80' title='bbox 711 661 798 683; x_wconf 77' lang='lat' dir='ltr'>Desinit</span> <span class='ocrx_word' id='word_1_81' title='bbox 815 661 853 683; x_wconf 85' lang='lat' dir='ltr'>sol.</span> <span class='ocrx_word' id='word_1_82' title='bbox 872 660 907 683; x_wconf 90' lang='lat'>41.</span> <span class='ocrx_word' id='word_1_83' title='bbox 925 667 944 683; x_wconf 93' lang='lat' dir='ltr'>r.</span> <span class='ocrx_word' id='word_1_84' title='bbox 962 666 1003 688; x_wconf 90' lang='lat' dir='ltr'>per</span> <span class='ocrx_word' id='word_1_85' title='bbox 1019 659 1103 682; x_wconf 80' lang='lat' dir='ltr'>verba:</span> 
     </span>
     <span class='ocr_line' id='line_1_11' title="bbox 253 706 1104 739; baseline -0.007 -4"><span class='ocrx_word' id='word_1_86' title='bbox 253 718 295 735; x_wconf 87' lang='lat' dir='ltr'>nos</span> <span class='ocrx_word' id='word_1_87' title='bbox 313 717 394 734; x_wconf 80' lang='lat' dir='ltr'>omnes</span> <span class='ocrx_word' id='word_1_88' title='bbox 411 709 554 739; x_wconf 75' lang='lat' dir='ltr'>accepimus.</span> <span class='ocrx_word' id='word_1_89' title='bbox 572 708 679 738; x_wconf 60' lang='lat' dir='ltr'>Explicit</span> <span class='ocrx_word' id='word_1_90' title='bbox 696 708 742 731; x_wconf 73' lang='lat' dir='ltr'>cita</span> <span class='ocrx_word' id='word_1_91' title='bbox 759 709 781 731; x_wconf 82' lang='lat' dir='ltr'>et</span> <span class='ocrx_word' id='word_1_92' title='bbox 797 707 945 731; x_wconf 80' lang='lat' dir='ltr'>conversatio</span> <span class='ocrx_word' id='word_1_93' title='bbox 957 706 1055 730; x_wconf 78' lang='lat' dir='ltr'>Domini</span> <span class='ocrx_word' id='word_1_94' title='bbox 1065 713 1104 730; x_wconf 87' lang='lat' dir='ltr'>no-</span> 
     </span>
     <span class='ocr_line' id='line_1_12' title="bbox 251 757 433 782; baseline -0.016 0"><span class='ocrx_word' id='word_1_95' title='bbox 251 758 297 782; x_wconf 77' lang='lat' dir='ltr'>stri</span> <span class='ocrx_word' id='word_1_96' title='bbox 314 758 365 780; x_wconf 78' lang='lat' dir='ltr'>Iesu</span> <span class='ocrx_word' id='word_1_97' title='bbox 382 757 433 780; x_wconf 79' lang='lat' dir='ltr'>Xti.</span> 
     </span>
    </p>

    <p class='ocr_par' dir='ltr' id='par_1_4' title="bbox 252 801 1105 973">
     <span class='ocr_line' id='line_1_13' title="bbox 316 801 1103 832; baseline -0.005 -5"><span class='ocrx_word' id='word_1_98' title='bbox 316 805 369 827; x_wconf 83' lang='lat'>143.</span> <span class='ocrx_word' id='word_1_99' title='bbox 388 803 486 832; x_wconf 79' lang='lat' dir='ltr'>Ibidem,</span> <span class='ocrx_word' id='word_1_100' title='bbox 504 803 642 826; x_wconf 80' lang='lat' dir='ltr'>bibliotheca</span> <span class='ocrx_word' id='word_1_101' title='bbox 660 802 754 831; x_wconf 75' lang='lat' dir='ltr'>Collegii</span> <span class='ocrx_word' id='word_1_102' title='bbox 773 803 795 824; x_wconf 83' lang='lat' dir='ltr'>S.</span> <span class='ocrx_word' id='word_1_103' title='bbox 813 802 906 831; x_wconf 77' lang='lat' dir='ltr'>Isidori,</span> <span class='ocrx_word' id='word_1_104' title='bbox 924 802 977 824; x_wconf 90' lang='lat' dir='ltr'>cod.</span> <span class='ocrx_word' id='word_1_105' title='bbox 996 802 1067 824; x_wconf 80' lang='lat' dir='ltr'>chart.</span> <span class='ocrx_word' id='word_1_106' title='bbox 1081 801 1103 823; x_wconf 94' lang='lat' dir='ltr'>in</span> 
     </span>
     <span class='ocr_line' id='line_1_14' title="bbox 253 848 1105 879; baseline -0.005 -4"><span class='ocrx_word' id='word_1_107' title='bbox 253 853 291 875; x_wconf 82' lang='lat'>12.</span> <span class='ocrx_word' id='word_1_108' title='bbox 308 858 369 874; x_wconf 81' lang='lat' dir='ltr'>saec.</span> <span class='ocrx_word' id='word_1_109' title='bbox 386 851 437 874; x_wconf 92' lang='lat' dir='ltr'>XV.</span> <span class='ocrx_word' id='word_1_110' title='bbox 455 851 565 873; x_wconf 85' lang='lat' dir='ltr'>exeuntis.</span> <span class='ocrx_word' id='word_1_111' title='bbox 582 863 613 867; x_wconf 91' lang='lat'>—</span> <span class='ocrx_word' id='word_1_112' title='bbox 630 851 678 873; x_wconf 91' lang='lat' dir='ltr'>Fol.</span> <span class='ocrx_word' id='word_1_113' title='bbox 695 851 721 872; x_wconf 81' lang='lat'>3:</span> <span class='ocrx_word' id='word_1_114' title='bbox 746 849 830 879; x_wconf 87' lang='lat' dir='ltr'>Incipit</span> <span class='ocrx_word' id='word_1_115' title='bbox 853 848 911 872; x_wconf 77' lang='lat' dir='ltr'>liber</span> <span class='ocrx_word' id='word_1_116' title='bbox 928 848 1004 872; x_wconf 83' lang='lat' dir='ltr'>editus</span> <span class='ocrx_word' id='word_1_117' title='bbox 1026 855 1041 871; x_wconf 90' lang='lat' dir='ltr'>a</span> <span class='ocrx_word' id='word_1_118' title='bbox 1058 849 1105 871; x_wconf 92' lang='lat' dir='ltr'>Do-</span> 
     </span>
     <span class='ocr_line' id='line_1_15' title="bbox 252 895 1105 927; baseline -0.004 -6"><span class='ocrx_word' id='word_1_119' title='bbox 252 898 316 922; x_wconf 84' lang='lat' dir='ltr'>mino</span> <span class='ocrx_word' id='word_1_120' title='bbox 334 899 504 921; x_wconf 83' lang='lat' dir='ltr'>Bonuventura</span> <span class='ocrx_word' id='word_1_121' title='bbox 521 897 548 920; x_wconf 77' lang='lat' dir='ltr'>[le</span> <span class='ocrx_word' id='word_1_122' title='bbox 564 897 639 927; x_wconf 75' lang='lat' dir='ltr'>Liqno</span> <span class='ocrx_word' id='word_1_123' title='bbox 656 897 710 920; x_wconf 81' lang='lat' dir='ltr'>vite.</span> <span class='ocrx_word' id='word_1_124' title='bbox 729 896 817 919; x_wconf 81' lang='lat' dir='ltr'>Desinit</span> <span class='ocrx_word' id='word_1_125' title='bbox 835 897 871 919; x_wconf 78' lang='lat' dir='ltr'>sol.</span> <span class='ocrx_word' id='word_1_126' title='bbox 895 895 937 918; x_wconf 84' lang='lat'>24:</span> <span class='ocrx_word' id='word_1_127' title='bbox 955 895 988 919; x_wconf 77' lang='lat' dir='ltr'>acl</span> <span class='ocrx_word' id='word_1_128' title='bbox 1009 895 1105 919; x_wconf 81' lang='lat' dir='ltr'>laudem</span> 
     </span>
     <span class='ocr_line' id='line_1_16' title="bbox 252 943 858 973; baseline -0.003 -5"><span class='ocrx_word' id='word_1_129' title='bbox 252 944 399 969; x_wconf 70' lang='lat' dir='ltr'>sanctissimi</span> <span class='ocrx_word' id='word_1_130' title='bbox 413 944 517 968; x_wconf 80' lang='lat' dir='ltr'>nominis</span> <span class='ocrx_word' id='word_1_131' title='bbox 535 943 580 973; x_wconf 83' lang='lat' dir='ltr'>tui,</span> <span class='ocrx_word' id='word_1_132' title='bbox 599 943 639 967; x_wconf 85' lang='lat' dir='ltr'>cui</span> <span class='ocrx_word' id='word_1_133' title='bbox 655 950 709 967; x_wconf 89' lang='lat' dir='ltr'>cum</span> <span class='ocrx_word' id='word_1_134' title='bbox 726 944 798 967; x_wconf 86' lang='lat' dir='ltr'>Patre</span> <span class='ocrx_word' id='word_1_135' title='bbox 816 946 858 966; x_wconf 91' lang='lat' dir='ltr'>etc.</span> 
     </span>
    </p>

    <p class='ocr_par' dir='ltr' id='par_1_5' title="bbox 253 989 1105 1203">
     <span class='ocr_line' id='line_1_17' title="bbox 321 989 1104 1020; baseline -0.003 -6"><span class='ocrx_word' id='word_1_136' title='bbox 321 992 369 1014; x_wconf 84' lang='lat'>144.</span> <span class='ocrx_word' id='word_1_137' title='bbox 383 991 477 1020; x_wconf 79' lang='lat' dir='ltr'>Ibidem,</span> <span class='ocrx_word' id='word_1_138' title='bbox 491 991 629 1014; x_wconf 80' lang='lat' dir='ltr'>bibliotheca</span> <span class='ocrx_word' id='word_1_139' title='bbox 645 991 762 1018; x_wconf 85' lang='lat' dir='ltr'>Vaticana,</span> <span class='ocrx_word' id='word_1_140' title='bbox 774 991 826 1013; x_wconf 85' lang='lat' dir='ltr'>cod.</span> <span class='ocrx_word' id='word_1_141' title='bbox 837 991 941 1019; x_wconf 84' lang='lat' dir='ltr'>RegInae</span> <span class='ocrx_word' id='word_1_142' title='bbox 958 989 1054 1013; x_wconf 83' lang='lat' dir='ltr'>Sueciae</span> <span class='ocrx_word' id='word_1_143' title='bbox 1066 990 1104 1012; x_wconf 83' lang='lat'>62.</span> 
     </span>
     <span class='ocr_line' id='line_1_18' title="bbox 253 1037 1103 1068; baseline -0.005 -5"><span class='ocrx_word' id='word_1_144' title='bbox 253 1039 352 1063; x_wconf 89' lang='lat' dir='ltr'>membr.</span> <span class='ocrx_word' id='word_1_145' title='bbox 370 1045 430 1062; x_wconf 84' lang='lat' dir='ltr'>saec.</span> <span class='ocrx_word' id='word_1_146' title='bbox 448 1039 512 1066; x_wconf 84' lang='lat' dir='ltr'>XIV,</span> <span class='ocrx_word' id='word_1_147' title='bbox 530 1039 559 1061; x_wconf 88' lang='lat' dir='ltr'>de</span> <span class='ocrx_word' id='word_1_148' title='bbox 575 1045 622 1068; x_wconf 87' lang='lat' dir='ltr'>quo</span> <span class='ocrx_word' id='word_1_149' title='bbox 642 1038 735 1066; x_wconf 79' lang='lat' dir='ltr'>egimus</span> <span class='ocrx_word' id='word_1_150' title='bbox 751 1040 774 1060; x_wconf 88' lang='lat' dir='ltr'>et</span> <span class='ocrx_word' id='word_1_151' title='bbox 792 1040 847 1060; x_wconf 90' lang='lat' dir='ltr'>tom.</span> <span class='ocrx_word' id='word_1_152' title='bbox 864 1038 892 1060; x_wconf 81' lang='lat' dir='ltr'>V.</span> <span class='ocrx_word' id='word_1_153' title='bbox 910 1043 966 1066; x_wconf 74' lang='lat' dir='ltr'>pag.</span> <span class='ocrx_word' id='word_1_154' title='bbox 985 1037 1061 1059; x_wconf 87' lang='lat' dir='ltr'>XXIV</span> <span class='ocrx_word' id='word_1_155' title='bbox 1082 1043 1103 1059; x_wconf 89' lang='lat' dir='ltr'>n.</span> 
     </span>
     <span class='ocr_line' id='line_1_19' title="bbox 255 1084 1103 1115; baseline -0.004 -6"><span class='ocrx_word' id='word_1_156' title='bbox 255 1088 308 1110; x_wconf 85' lang='lat'>188.</span> <span class='ocrx_word' id='word_1_157' title='bbox 325 1099 355 1103; x_wconf 97' lang='lat'><strong>—</strong></span> <span class='ocrx_word' id='word_1_158' title='bbox 373 1086 516 1115; x_wconf 87' lang='lat' dir='ltr'>Opusculum</span> <span class='ocrx_word' id='word_1_159' title='bbox 535 1086 615 1114; x_wconf 81' lang='lat' dir='ltr'>incipit</span> <span class='ocrx_word' id='word_1_160' title='bbox 631 1086 680 1108; x_wconf 85' lang='lat' dir='ltr'>sine</span> <span class='ocrx_word' id='word_1_161' title='bbox 698 1086 762 1108; x_wconf 88' lang='lat' dir='ltr'>titulo</span> <span class='ocrx_word' id='word_1_162' title='bbox 781 1085 817 1107; x_wconf 77' lang='lat' dir='ltr'>iol.</span> <span class='ocrx_word' id='word_1_163' title='bbox 837 1085 890 1108; x_wconf 59' lang='grc'>1163.</span> <span class='ocrx_word' id='word_1_164' title='bbox 909 1091 934 1107; x_wconf 87' lang='lat' dir='ltr'>v.</span> <span class='ocrx_word' id='word_1_165' title='bbox 953 1090 995 1113; x_wconf 88' lang='lat' dir='ltr'>per</span> <span class='ocrx_word' id='word_1_166' title='bbox 1017 1084 1103 1107; x_wconf 85' lang='lat' dir='ltr'>verba:</span> 
     </span>
     <span class='ocr_line' id='line_1_20' title="bbox 256 1130 1105 1161; baseline -0.005 -4"><span class='ocrx_word' id='word_1_167' title='bbox 256 1134 331 1157; x_wconf 81' lang='lat' dir='ltr'>Verus</span> <span class='ocrx_word' id='word_1_168' title='bbox 350 1133 392 1156; x_wconf 86' lang='lat' dir='ltr'>Dei</span> <span class='ocrx_word' id='word_1_169' title='bbox 408 1132 485 1156; x_wconf 82' lang='lat' dir='ltr'>cultor</span> <span class='ocrx_word' id='word_1_170' title='bbox 503 1135 545 1155; x_wconf 89' lang='lat' dir='ltr'>etc.</span> <span class='ocrx_word' id='word_1_171' title='bbox 564 1132 651 1155; x_wconf 82' lang='lat' dir='ltr'>Desinit</span> <span class='ocrx_word' id='word_1_172' title='bbox 669 1132 705 1154; x_wconf 84' lang='lat' dir='ltr'>sol.</span> <span class='ocrx_word' id='word_1_173' title='bbox 727 1132 782 1154; x_wconf 81' lang='lat'>181:</span> <span class='ocrx_word' id='word_1_174' title='bbox 799 1138 841 1161; x_wconf 84' lang='lat' dir='ltr'>per</span> <span class='ocrx_word' id='word_1_175' title='bbox 859 1130 952 1161; x_wconf 80' lang='lat' dir='ltr'>infinita</span> <span class='ocrx_word' id='word_1_176' title='bbox 968 1130 1050 1154; x_wconf 87' lang='lat' dir='ltr'>secula</span> <span class='ocrx_word' id='word_1_177' title='bbox 1070 1136 1105 1154; x_wconf 85' lang='lat' dir='ltr'>se-</span> 
     </span>
     <span class='ocr_line' id='line_1_21' title="bbox 253 1179 478 1203; baseline -0.009 0"><span class='ocrx_word' id='word_1_178' title='bbox 253 1179 374 1203; x_wconf 80' lang='lat' dir='ltr'>culorum.</span> <span class='ocrx_word' id='word_1_179' title='bbox 395 1180 478 1202; x_wconf 76' lang='lat' dir='ltr'>Amen..</span> 
     </span>
    </p>

    <p class='ocr_par' dir='ltr' id='par_1_6' title="bbox 250 1225 1106 1444">
     <span class='ocr_line' id='line_1_22' title="bbox 318 1225 1105 1254; baseline -0.003 -5"><span class='ocrx_word' id='word_1_180' title='bbox 318 1227 370 1249; x_wconf 78' lang='grc'>145.</span> <span class='ocrx_word' id='word_1_181' title='bbox 384 1226 468 1250; x_wconf 82' lang='lat' dir='ltr'>Sancti</span> <span class='ocrx_word' id='word_1_182' title='bbox 478 1225 599 1254; x_wconf 79' lang='lat' dir='ltr'>Floriani,</span> <span class='ocrx_word' id='word_1_183' title='bbox 612 1225 751 1248; x_wconf 82' lang='lat' dir='ltr'>bibliotheca</span> <span class='ocrx_word' id='word_1_184' title='bbox 765 1225 936 1248; x_wconf 86' lang='lat' dir='ltr'>Canonicorum</span> <span class='ocrx_word' id='word_1_185' title='bbox 948 1225 1091 1253; x_wconf 79' lang='lat' dir='ltr'>regularium</span> <span class='ocrx_word' id='word_1_186' title='bbox 1100 1243 1105 1253; x_wconf 90' lang='lat'>,</span> 
     </span>
     <span class='ocr_line' id='line_1_23' title="bbox 255 1271 1105 1297; baseline -0.004 0"><span class='ocrx_word' id='word_1_187' title='bbox 255 1275 306 1297; x_wconf 91' lang='lat' dir='ltr'>cod.</span> <span class='ocrx_word' id='word_1_188' title='bbox 325 1275 364 1297; x_wconf 90' lang='lat' dir='ltr'>XI.</span> <span class='ocrx_word' id='word_1_189' title='bbox 381 1274 434 1296; x_wconf 83' lang='lat'>285.</span> <span class='ocrx_word' id='word_1_190' title='bbox 453 1273 551 1295; x_wconf 80' lang='lat' dir='ltr'>membr.</span> <span class='ocrx_word' id='word_1_191' title='bbox 569 1273 591 1295; x_wconf 91' lang='lat' dir='ltr'>in</span> <span class='ocrx_word' id='word_1_192' title='bbox 610 1274 631 1295; x_wconf 82' lang='lat'>8.</span> <span class='ocrx_word' id='word_1_193' title='bbox 649 1279 709 1295; x_wconf 88' lang='lat' dir='ltr'>saec.</span> <span class='ocrx_word' id='word_1_194' title='bbox 726 1273 787 1295; x_wconf 86' lang='lat' dir='ltr'>XIV.</span> <span class='ocrx_word' id='word_1_195' title='bbox 804 1286 835 1288; x_wconf 97' lang='lat'><strong>—</strong></span> <span class='ocrx_word' id='word_1_196' title='bbox 852 1273 899 1295; x_wconf 84' lang='lat' dir='ltr'>Fol.</span> <span class='ocrx_word' id='word_1_197' title='bbox 923 1272 976 1294; x_wconf 49' lang='grc' dir='ltr'>Ἰ169.</span> <span class='ocrx_word' id='word_1_198' title='bbox 993 1279 1030 1295; x_wconf 88' lang='lat' dir='ltr'>v.:</span> <span class='ocrx_word' id='word_1_199' title='bbox 1047 1271 1105 1295; x_wconf 87' lang='lat' dir='ltr'>Inci-</span> 
     </span>
     <span class='ocr_line' id='line_1_24' title="bbox 250 1319 1106 1351; baseline -0.004 -6"><span class='ocrx_word' id='word_1_200' title='bbox 250 1322 288 1351; x_wconf 84' lang='lat' dir='ltr'>pit</span> <span class='ocrx_word' id='word_1_201' title='bbox 304 1322 421 1345; x_wconf 77' lang='lat' dir='ltr'>tractatus</span> <span class='ocrx_word' id='word_1_202' title='bbox 438 1320 523 1350; x_wconf 78' lang='lat' dir='ltr'>fratris</span> <span class='ocrx_word' id='word_1_203' title='bbox 540 1321 707 1343; x_wconf 80' lang='lat' dir='ltr'>Bonaventnre</span> <span class='ocrx_word' id='word_1_204' title='bbox 730 1319 757 1343; x_wconf 77' lang='lat' dir='ltr'>de</span> <span class='ocrx_word' id='word_1_205' title='bbox 780 1319 854 1349; x_wconf 71' lang='lat' dir='ltr'>Liquo</span> <span class='ocrx_word' id='word_1_206' title='bbox 876 1319 927 1343; x_wconf 80' lang='lat' dir='ltr'>vite.</span> <span class='ocrx_word' id='word_1_207' title='bbox 951 1319 1106 1342; x_wconf 83' lang='lat' dir='ltr'>Prohemium</span> 
     </span>
     <span class='ocr_line' id='line_1_25' title="bbox 254 1364 1106 1396; baseline -0.002 -6"><span class='ocrx_word' id='word_1_208' title='bbox 254 1366 279 1390; x_wconf 82' lang='lat' dir='ltr'>in</span> <span class='ocrx_word' id='word_1_209' title='bbox 296 1373 356 1396; x_wconf 78' lang='lat' dir='ltr'>opus</span> <span class='ocrx_word' id='word_1_210' title='bbox 373 1373 488 1396; x_wconf 80' lang='lat' dir='ltr'>sequens;</span> <span class='ocrx_word' id='word_1_211' title='bbox 506 1369 528 1389; x_wconf 82' lang='lat' dir='ltr'>et</span> <span class='ocrx_word' id='word_1_212' title='bbox 545 1367 582 1389; x_wconf 88' lang='lat' dir='ltr'>sol.</span> <span class='ocrx_word' id='word_1_213' title='bbox 601 1366 653 1388; x_wconf 85' lang='lat'>¹184.</span> <span class='ocrx_word' id='word_1_214' title='bbox 673 1373 708 1388; x_wconf 85' lang='lat' dir='ltr'>v.:</span> <span class='ocrx_word' id='word_1_215' title='bbox 725 1365 831 1396; x_wconf 69' lang='lat' dir='ltr'>Explicit</span> <span class='ocrx_word' id='word_1_216' title='bbox 848 1365 922 1389; x_wconf 78' lang='lat' dir='ltr'>arbor</span> <span class='ocrx_word' id='word_1_217' title='bbox 933 1365 961 1388; x_wconf 82' lang='lat' dir='ltr'>cle</span> <span class='ocrx_word' id='word_1_218' title='bbox 972 1365 1047 1395; x_wconf 70' lang='lat' dir='ltr'>Liqno</span> <span class='ocrx_word' id='word_1_219' title='bbox 1060 1364 1106 1388; x_wconf 74' lang='lat' dir='ltr'>vite</span> 
     </span>
     <span class='ocr_line' id='line_1_26' title="bbox 253 1414 531 1444; baseline -0.004 -7"><span class='ocrx_word' id='word_1_220' title='bbox 253 1414 339 1444; x_wconf 70' lang='lat' dir='ltr'>fratris</span> <span class='ocrx_word' id='word_1_221' title='bbox 357 1414 531 1437; x_wconf 68' lang='lat' dir='ltr'>Bouarenture.</span> 
     </span>
    </p>

    <p class='ocr_par' dir='ltr' id='par_1_7' title="bbox 251 1460 1107 1680">
     <span class='ocr_line' id='line_1_27' title="bbox 322 1460 1106 1489; baseline -0.004 -5"><span class='ocrx_word' id='word_1_222' title='bbox 322 1461 370 1483; x_wconf 82' lang='lat'>146.</span> <span class='ocrx_word' id='word_1_223' title='bbox 388 1460 472 1484; x_wconf 85' lang='lat' dir='ltr'>Sancti</span> <span class='ocrx_word' id='word_1_224' title='bbox 489 1460 565 1489; x_wconf 82' lang='lat' dir='ltr'>Galli,</span> <span class='ocrx_word' id='word_1_225' title='bbox 582 1460 719 1483; x_wconf 81' lang='lat' dir='ltr'>bibliotheca</span> <span class='ocrx_word' id='word_1_226' title='bbox 739 1460 880 1487; x_wconf 83' lang='lat' dir='ltr'>Monasterii,</span> <span class='ocrx_word' id='word_1_227' title='bbox 897 1460 949 1482; x_wconf 87' lang='lat' dir='ltr'>cod.</span> <span class='ocrx_word' id='word_1_228' title='bbox 967 1460 1020 1481; x_wconf 80' lang='lat'>988.</span> <span class='ocrx_word' id='word_1_229' title='bbox 1034 1460 1106 1482; x_wconf 87' lang='lat' dir='ltr'>chart.</span> 
     </span>
     <span class='ocr_line' id='line_1_28' title="bbox 255 1507 1106 1536; baseline -0.001 -6"><span class='ocrx_word' id='word_1_230' title='bbox 255 1509 277 1531; x_wconf 89' lang='lat' dir='ltr'>in</span> <span class='ocrx_word' id='word_1_231' title='bbox 295 1509 331 1532; x_wconf 87' lang='lat' dir='ltr'>sol.</span> <span class='ocrx_word' id='word_1_232' title='bbox 349 1515 410 1531; x_wconf 84' lang='lat' dir='ltr'>saec.</span> <span class='ocrx_word' id='word_1_233' title='bbox 428 1509 478 1531; x_wconf 83' lang='lat' dir='ltr'>XV.</span> <span class='ocrx_word' id='word_1_234' title='bbox 496 1521 527 1525; x_wconf 90' lang='lat'>—</span> <span class='ocrx_word' id='word_1_235' title='bbox 545 1508 630 1536; x_wconf 79' lang='lat' dir='ltr'>Pagina</span> <span class='ocrx_word' id='word_1_236' title='bbox 649 1508 694 1530; x_wconf 82' lang='lat'>¹142</span> <span class='ocrx_word' id='word_1_237' title='bbox 712 1508 792 1536; x_wconf 78' lang='lat' dir='ltr'>incipit</span> <span class='ocrx_word' id='word_1_238' title='bbox 804 1507 957 1536; x_wconf 77' lang='lat' dir='ltr'>opusculum,</span> <span class='ocrx_word' id='word_1_239' title='bbox 970 1507 1055 1530; x_wconf 87' lang='lat' dir='ltr'>omissa</span> <span class='ocrx_word' id='word_1_240' title='bbox 1068 1513 1106 1529; x_wconf 91' lang='lat' dir='ltr'>ru-</span> 
     </span>
     <span class='ocr_line' id='line_1_29' title="bbox 254 1554 1107 1586; baseline -0.002 -8"><span class='ocrx_word' id='word_1_241' title='bbox 254 1555 331 1578; x_wconf 85' lang='lat' dir='ltr'>brica:</span> <span class='ocrx_word' id='word_1_242' title='bbox 349 1556 396 1579; x_wconf 82' lang='lat' dir='ltr'>Xto</span> <span class='ocrx_word' id='word_1_243' title='bbox 415 1556 525 1586; x_wconf 73' lang='lat' dir='ltr'>confixus</span> <span class='ocrx_word' id='word_1_244' title='bbox 542 1561 597 1578; x_wconf 83' lang='lat' dir='ltr'>sum</span> <span class='ocrx_word' id='word_1_245' title='bbox 622 1554 696 1578; x_wconf 84' lang='lat' dir='ltr'>cruci.</span> <span class='ocrx_word' id='word_1_246' title='bbox 723 1555 810 1577; x_wconf 81' lang='lat' dir='ltr'>Desinit</span> <span class='ocrx_word' id='word_1_247' title='bbox 835 1561 889 1583; x_wconf 81' lang='lat' dir='ltr'>pag.</span> <span class='ocrx_word' id='word_1_248' title='bbox 915 1555 954 1577; x_wconf 84' lang='lat'>151</span> <span class='ocrx_word' id='word_1_249' title='bbox 985 1560 1026 1582; x_wconf 89' lang='lat' dir='ltr'>per</span> <span class='ocrx_word' id='word_1_250' title='bbox 1049 1555 1107 1576; x_wconf 89' lang='lat' dir='ltr'>haec</span> 
     </span>
     <span class='ocr_line' id='line_1_30' title="bbox 254 1601 1106 1632; baseline -0.001 -7"><span class='ocrx_word' id='word_1_251' title='bbox 254 1603 339 1626; x_wconf 87' lang='lat' dir='ltr'>verba:</span> <span class='ocrx_word' id='word_1_252' title='bbox 357 1602 464 1632; x_wconf 60' lang='lat' dir='ltr'>Explicit</span> <span class='ocrx_word' id='word_1_253' title='bbox 479 1602 583 1632; x_wconf 74' lang='lat' dir='ltr'>Liqnum</span> <span class='ocrx_word' id='word_1_254' title='bbox 599 1602 655 1630; x_wconf 84' lang='lat' dir='ltr'>vite,</span> <span class='ocrx_word' id='word_1_255' title='bbox 674 1602 698 1625; x_wconf 84' lang='lat' dir='ltr'>in</span> <span class='ocrx_word' id='word_1_256' title='bbox 715 1601 751 1625; x_wconf 75' lang='lat' dir='ltr'>[lie</span> <span class='ocrx_word' id='word_1_257' title='bbox 762 1601 840 1625; x_wconf 83' lang='lat' dir='ltr'>sancti</span> <span class='ocrx_word' id='word_1_258' title='bbox 852 1601 949 1625; x_wconf 75' lang='lat' dir='ltr'>Antonii</span> <span class='ocrx_word' id='word_1_259' title='bbox 964 1601 1106 1631; x_wconf 79' lang='lat' dir='ltr'>confessoris</span> 
     </span>
     <span class='ocr_line' id='line_1_31' title="bbox 251 1647 881 1680; baseline -0.003 -7"><span class='ocrx_word' id='word_1_260' title='bbox 251 1649 368 1680; x_wconf 77' lang='lat' dir='ltr'>precipui.</span> <span class='ocrx_word' id='word_1_261' title='bbox 386 1651 455 1673; x_wconf 83' lang='lat' dir='ltr'>Anno</span> <span class='ocrx_word' id='word_1_262' title='bbox 474 1648 571 1672; x_wconf 81' lang='lat' dir='ltr'>Domini</span> <span class='ocrx_word' id='word_1_263' title='bbox 586 1647 656 1672; x_wconf 72' lang='lat'>4467</span> <span class='ocrx_word' id='word_1_264' title='bbox 674 1649 698 1672; x_wconf 84' lang='lat' dir='ltr'>in</span> <span class='ocrx_word' id='word_1_265' title='bbox 715 1649 881 1679; x_wconf 66' lang='lat' dir='ltr'>liuvenspury.</span> 
     </span>
    </p>

    <p class='ocr_par' dir='ltr' id='par_1_8' title="bbox 255 1695 1106 1773">
     <span class='ocr_line' id='line_1_32' title="bbox 319 1695 1106 1724; baseline -0.004 -4"><span class='ocrx_word' id='word_1_266' title='bbox 319 1697 373 1719; x_wconf 59' lang='lat'>¹147.</span> <span class='ocrx_word' id='word_1_267' title='bbox 390 1695 489 1724; x_wconf 77' lang='lat' dir='ltr'>Ibidem,</span> <span class='ocrx_word' id='word_1_268' title='bbox 508 1696 560 1718; x_wconf 86' lang='lat' dir='ltr'>cod.</span> <span class='ocrx_word' id='word_1_269' title='bbox 579 1696 631 1717; x_wconf 84' lang='grc'>680.</span> <span class='ocrx_word' id='word_1_270' title='bbox 650 1697 722 1718; x_wconf 85' lang='lat' dir='ltr'>chart.</span> <span class='ocrx_word' id='word_1_271' title='bbox 741 1695 762 1718; x_wconf 89' lang='lat' dir='ltr'>in</span> <span class='ocrx_word' id='word_1_272' title='bbox 781 1695 802 1718; x_wconf 86' lang='lat'>4.</span> <span class='ocrx_word' id='word_1_273' title='bbox 819 1701 880 1718; x_wconf 86' lang='lat' dir='ltr'>saec.</span> <span class='ocrx_word' id='word_1_274' title='bbox 904 1695 956 1718; x_wconf 98' lang='lat' dir='ltr'>XV.</span> <span class='ocrx_word' id='word_1_275' title='bbox 974 1708 1003 1711; x_wconf 97' lang='lat'><strong>—</strong></span> <span class='ocrx_word' id='word_1_276' title='bbox 1020 1695 1106 1723; x_wconf 82' lang='lat' dir='ltr'>Pagina</span> 
     </span>
     <span class='ocr_line' id='line_1_33' title="bbox 255 1743 678 1773; baseline -0.005 -6"><span class='ocrx_word' id='word_1_277' title='bbox 255 1744 300 1767; x_wconf 84' lang='lat'>343</span> <span class='ocrx_word' id='word_1_278' title='bbox 318 1751 360 1773; x_wconf 91' lang='lat' dir='ltr'>pro</span> <span class='ocrx_word' id='word_1_279' title='bbox 378 1744 442 1767; x_wconf 88' lang='lat' dir='ltr'>titulo</span> <span class='ocrx_word' id='word_1_280' title='bbox 459 1743 564 1772; x_wconf 82' lang='lat' dir='ltr'>opusculi</span> <span class='ocrx_word' id='word_1_281' title='bbox 582 1743 678 1771; x_wconf 79' lang='lat' dir='ltr'>legitur:</span> 
     </span>
    </p>
   </div>
   <div class='ocr_carea' id='block_1_3' title="bbox 384 1813 1011 1890">
    <p class='ocr_par' dir='ltr' id='par_1_9' title="bbox 384 1813 1011 1890">
     <span class='ocr_line' id='line_1_34' title="bbox 384 1813 1011 1842; baseline -0.002 -6"><span class='ocrx_word' id='word_1_282' title='bbox 384 1824 395 1834; x_wconf 87' lang='lat'>«</span> <span class='ocrx_word' id='word_1_283' title='bbox 408 1815 451 1842; x_wconf 78' lang='lat' dir='ltr'>En,</span> <span class='ocrx_word' id='word_1_284' title='bbox 470 1814 569 1842; x_wconf 83' lang='lat' dir='ltr'>Lignum</span> <span class='ocrx_word' id='word_1_285' title='bbox 586 1814 634 1836; x_wconf 77' lang='lat' dir='ltr'>vite</span> <span class='ocrx_word' id='word_1_286' title='bbox 651 1819 723 1836; x_wconf 84' lang='lat' dir='ltr'>vocor</span> <span class='ocrx_word' id='word_1_287' title='bbox 740 1816 762 1836; x_wconf 90' lang='lat' dir='ltr'>et</span> <span class='ocrx_word' id='word_1_288' title='bbox 780 1814 868 1836; x_wconf 82' lang='lat' dir='ltr'>fructus</span> <span class='ocrx_word' id='word_1_289' title='bbox 885 1814 934 1835; x_wconf 83' lang='lat' dir='ltr'>sero</span> <span class='ocrx_word' id='word_1_290' title='bbox 951 1813 1011 1840; x_wconf 88' lang='lat' dir='ltr'>vite,</span> 
     </span>
     <span class='ocr_line' id='line_1_35' title="bbox 414 1860 948 1890; baseline -0.004 -6"><span class='ocrx_word' id='word_1_291' title='bbox 414 1862 419 1883; x_wconf 99' lang='grc' dir='ltr'>Ι</span> <span class='ocrx_word' id='word_1_292' title='bbox 438 1861 502 1890; x_wconf 87' lang='lat' dir='ltr'>prius</span> <span class='ocrx_word' id='word_1_293' title='bbox 519 1867 546 1883; x_wconf 87' lang='lat' dir='ltr'>ex</span> <span class='ocrx_word' id='word_1_294' title='bbox 563 1867 613 1883; x_wconf 85' lang='lat' dir='ltr'>esse</span> <span class='ocrx_word' id='word_1_295' title='bbox 631 1860 746 1888; x_wconf 87' lang='lat' dir='ltr'>reperitur</span> <span class='ocrx_word' id='word_1_296' title='bbox 763 1860 829 1888; x_wconf 90' lang='lat' dir='ltr'>copia</span> <span class='ocrx_word' id='word_1_297' title='bbox 847 1861 913 1882; x_wconf 88' lang='lat' dir='ltr'>Ihesu</span> <span class='ocrx_word' id='word_1_298' title='bbox 926 1868 948 1882; x_wconf 71' lang='grc'>1).</span> 
     </span>
    </p>
   </div>
   <div class='ocr_carea' id='block_1_4' title="bbox 254 1929 1109 2996">
    <p class='ocr_par' dir='ltr' id='par_1_10' title="bbox 254 1929 1107 2010">
     <span class='ocr_line' id='line_1_36' title="bbox 254 1929 1107 1963; baseline -0.005 -7"><span class='ocrx_word' id='word_1_299' title='bbox 254 1933 302 1956; x_wconf 75' lang='grc' dir='ltr'>Χίο</span> <span class='ocrx_word' id='word_1_300' title='bbox 321 1932 431 1963; x_wconf 65' lang='lat' dir='ltr'>consia‘us</span> <span class='ocrx_word' id='word_1_301' title='bbox 448 1937 503 1955; x_wconf 77' lang='lat' dir='ltr'>sum</span> <span class='ocrx_word' id='word_1_302' title='bbox 521 1931 594 1955; x_wconf 81' lang='lat' dir='ltr'>Cruci</span> <span class='ocrx_word' id='word_1_303' title='bbox 609 1934 652 1954; x_wconf 88' lang='lat' dir='ltr'>etc.</span> <span class='ocrx_word' id='word_1_304' title='bbox 671 1931 756 1953; x_wconf 82' lang='lat' dir='ltr'>Desinit</span> <span class='ocrx_word' id='word_1_305' title='bbox 772 1937 827 1959; x_wconf 84' lang='lat' dir='ltr'>pag.</span> <span class='ocrx_word' id='word_1_306' title='bbox 840 1930 880 1953; x_wconf 85' lang='grc'>371</span> <span class='ocrx_word' id='word_1_307' title='bbox 897 1929 976 1953; x_wconf 77' lang='lat' dir='ltr'>verbis</span> <span class='ocrx_word' id='word_1_308' title='bbox 988 1930 1107 1953; x_wconf 84' lang='lat' dir='ltr'>editionis:</span> 
     </span>
     <span class='ocr_line' id='line_1_37' title="bbox 254 1978 767 2010; baseline -0.006 -7"><span class='ocrx_word' id='word_1_309' title='bbox 254 1986 297 2010; x_wconf 87' lang='lat' dir='ltr'>per</span> <span class='ocrx_word' id='word_1_310' title='bbox 314 1979 407 2010; x_wconf 81' lang='lat' dir='ltr'>infinita</span> <span class='ocrx_word' id='word_1_311' title='bbox 425 1978 506 2002; x_wconf 80' lang='lat' dir='ltr'>secula</span> <span class='ocrx_word' id='word_1_312' title='bbox 522 1978 667 2002; x_wconf 80' lang='lat' dir='ltr'>seculorum.</span> <span class='ocrx_word' id='word_1_313' title='bbox 685 1978 767 2001; x_wconf 79' lang='lat' dir='ltr'>Amen.</span> 
     </span>
    </p>

    <p class='ocr_par' dir='ltr' id='par_1_11' title="bbox 255 2025 1107 2243">
     <span class='ocr_line' id='line_1_38' title="bbox 322 2025 1107 2054; baseline -0.003 -5"><span class='ocrx_word' id='word_1_314' title='bbox 322 2026 370 2049; x_wconf 84' lang='lat'>148.</span> <span class='ocrx_word' id='word_1_315' title='bbox 389 2026 489 2054; x_wconf 79' lang='lat' dir='ltr'>Ibidem,</span> <span class='ocrx_word' id='word_1_316' title='bbox 508 2026 560 2048; x_wconf 87' lang='lat' dir='ltr'>cod.</span> <span class='ocrx_word' id='word_1_317' title='bbox 578 2025 630 2047; x_wconf 81' lang='lat'>925.</span> <span class='ocrx_word' id='word_1_318' title='bbox 650 2025 673 2047; x_wconf 93' lang='lat' dir='ltr'>in</span> <span class='ocrx_word' id='word_1_319' title='bbox 691 2025 712 2047; x_wconf 91' lang='lat'>4.</span> <span class='ocrx_word' id='word_1_320' title='bbox 730 2026 801 2047; x_wconf 82' lang='lat' dir='ltr'>chart.</span> <span class='ocrx_word' id='word_1_321' title='bbox 820 2030 880 2047; x_wconf 87' lang='lat' dir='ltr'>saec.</span> <span class='ocrx_word' id='word_1_322' title='bbox 903 2025 954 2047; x_wconf 88' lang='lat' dir='ltr'>XV.</span> <span class='ocrx_word' id='word_1_323' title='bbox 972 2037 1003 2041; x_wconf 97' lang='lat'><strong>—</strong></span> <span class='ocrx_word' id='word_1_324' title='bbox 1021 2025 1107 2053; x_wconf 82' lang='lat' dir='ltr'>Pagina</span> 
     </span>
     <span class='ocr_line' id='line_1_39' title="bbox 255 2070 1107 2101; baseline -0.002 -5"><span class='ocrx_word' id='word_1_325' title='bbox 255 2074 284 2096; x_wconf 97' lang='lat'>40</span> <span class='ocrx_word' id='word_1_326' title='bbox 302 2074 324 2096; x_wconf 90' lang='lat' dir='ltr'>in</span> <span class='ocrx_word' id='word_1_327' title='bbox 341 2073 461 2101; x_wconf 88' lang='lat' dir='ltr'>superiore</span> <span class='ocrx_word' id='word_1_328' title='bbox 478 2075 543 2101; x_wconf 82' lang='lat' dir='ltr'>parte</span> <span class='ocrx_word' id='word_1_329' title='bbox 560 2072 656 2100; x_wconf 77' lang='lat' dir='ltr'>legitur:</span> <span class='ocrx_word' id='word_1_330' title='bbox 675 2070 784 2095; x_wconf 76' lang='lat' dir='ltr'>Rubrica.</span> <span class='ocrx_word' id='word_1_331' title='bbox 803 2071 922 2101; x_wconf 75' lang='lat' dir='ltr'>Proloqus</span> <span class='ocrx_word' id='word_1_332' title='bbox 939 2070 1037 2094; x_wconf 78' lang='lat' dir='ltr'>Domini</span> <span class='ocrx_word' id='word_1_333' title='bbox 1056 2071 1107 2100; x_wconf 83' lang='lat' dir='ltr'>fra-</span> 
     </span>
     <span class='ocr_line' id='line_1_40' title="bbox 255 2117 1106 2148; baseline -0.004 -4"><span class='ocrx_word' id='word_1_334' title='bbox 255 2120 299 2144; x_wconf 82' lang='lat' dir='ltr'>tris</span> <span class='ocrx_word' id='word_1_335' title='bbox 317 2121 484 2143; x_wconf 83' lang='lat' dir='ltr'>Bonaventure</span> <span class='ocrx_word' id='word_1_336' title='bbox 500 2119 526 2142; x_wconf 89' lang='lat' dir='ltr'>in</span> <span class='ocrx_word' id='word_1_337' title='bbox 543 2118 632 2142; x_wconf 83' lang='lat' dir='ltr'>librum</span> <span class='ocrx_word' id='word_1_338' title='bbox 649 2119 712 2147; x_wconf 79' lang='lat' dir='ltr'>eius,</span> <span class='ocrx_word' id='word_1_339' title='bbox 730 2118 772 2148; x_wconf 83' lang='lat' dir='ltr'>qui</span> <span class='ocrx_word' id='word_1_340' title='bbox 788 2118 926 2142; x_wconf 84' lang='lat' dir='ltr'>intitulatur</span> <span class='ocrx_word' id='word_1_341' title='bbox 938 2118 1042 2148; x_wconf 68' lang='lat' dir='ltr'>Lissnum</span> <span class='ocrx_word' id='word_1_342' title='bbox 1053 2117 1106 2146; x_wconf 84' lang='lat' dir='ltr'>vite,</span> 
     </span>
     <span class='ocr_line' id='line_1_41' title="bbox 255 2165 1107 2197; baseline -0.004 -6"><span class='ocrx_word' id='word_1_343' title='bbox 255 2167 324 2191; x_wconf 82' lang='lat' dir='ltr'>cuius</span> <span class='ocrx_word' id='word_1_344' title='bbox 341 2167 423 2197; x_wconf 62' lang='lat' dir='ltr'>sibura</span> <span class='ocrx_word' id='word_1_345' title='bbox 440 2166 478 2190; x_wconf 80' lang='lat' dir='ltr'>liic</span> <span class='ocrx_word' id='word_1_346' title='bbox 495 2165 645 2189; x_wconf 76' lang='lat' dir='ltr'>describitur.</span> <span class='ocrx_word' id='word_1_347' title='bbox 663 2166 771 2195; x_wconf 85' lang='lat' dir='ltr'>Sequitur</span> <span class='ocrx_word' id='word_1_348' title='bbox 789 2168 814 2189; x_wconf 89' lang='lat' dir='ltr'>ut</span> <span class='ocrx_word' id='word_1_349' title='bbox 831 2166 852 2188; x_wconf 89' lang='lat' dir='ltr'>in</span> <span class='ocrx_word' id='word_1_350' title='bbox 871 2166 938 2188; x_wconf 89' lang='lat' dir='ltr'>editis</span> <span class='ocrx_word' id='word_1_351' title='bbox 955 2166 1068 2194; x_wconf 86' lang='lat' dir='ltr'>prologus</span> <span class='ocrx_word' id='word_1_352' title='bbox 1085 2167 1107 2188; x_wconf 91' lang='lat' dir='ltr'>et</span> 
     </span>
     <span class='ocr_line' id='line_1_42' title="bbox 258 2212 785 2243; baseline -0.004 -6"><span class='ocrx_word' id='word_1_353' title='bbox 258 2215 393 2242; x_wconf 81' lang='lat' dir='ltr'>rhythmus:</span> <span class='ocrx_word' id='word_1_354' title='bbox 413 2213 432 2236; x_wconf 96' lang='lat' dir='ltr'><em>O</em></span> <span class='ocrx_word' id='word_1_355' title='bbox 449 2219 525 2242; x_wconf 70' lang='lat' dir='ltr'>crum,</span> <span class='ocrx_word' id='word_1_356' title='bbox 541 2213 638 2243; x_wconf 70' lang='lat' dir='ltr'>sructea&#39;</span> <span class='ocrx_word' id='word_1_357' title='bbox 655 2212 785 2243; x_wconf 80' lang='lat' dir='ltr'>salvificus.</span> 
     </span>
    </p>

    <p class='ocr_par' dir='ltr' id='par_1_12' title="bbox 255 2259 1108 2431">
     <span class='ocr_line' id='line_1_43' title="bbox 320 2259 1105 2288; baseline -0.003 -5"><span class='ocrx_word' id='word_1_358' title='bbox 320 2261 372 2283; x_wconf 84' lang='lat'>149.</span> <span class='ocrx_word' id='word_1_359' title='bbox 390 2260 490 2288; x_wconf 82' lang='lat' dir='ltr'>Ibidem,</span> <span class='ocrx_word' id='word_1_360' title='bbox 508 2260 559 2283; x_wconf 89' lang='lat' dir='ltr'>cod.</span> <span class='ocrx_word' id='word_1_361' title='bbox 576 2260 631 2283; x_wconf 81' lang='lat'>945.</span> <span class='ocrx_word' id='word_1_362' title='bbox 648 2261 720 2283; x_wconf 83' lang='lat' dir='ltr'>chart.</span> <span class='ocrx_word' id='word_1_363' title='bbox 737 2260 761 2282; x_wconf 80' lang='lat' dir='ltr'>In</span> <span class='ocrx_word' id='word_1_364' title='bbox 779 2259 800 2282; x_wconf 87' lang='lat'>4.</span> <span class='ocrx_word' id='word_1_365' title='bbox 820 2265 880 2282; x_wconf 85' lang='lat' dir='ltr'>saec.</span> <span class='ocrx_word' id='word_1_366' title='bbox 903 2259 954 2282; x_wconf 85' lang='lat' dir='ltr'>XV.</span> <span class='ocrx_word' id='word_1_367' title='bbox 973 2272 1002 2275; x_wconf 79' lang='lat'>——</span> <span class='ocrx_word' id='word_1_368' title='bbox 1020 2259 1105 2286; x_wconf 80' lang='lat' dir='ltr'>Pagina</span> 
     </span>
     <span class='ocr_line' id='line_1_44' title="bbox 256 2305 1108 2336; baseline -0.002 -6"><span class='ocrx_word' id='word_1_369' title='bbox 256 2308 285 2330; x_wconf 81' lang='grc'>17</span> <span class='ocrx_word' id='word_1_370' title='bbox 303 2308 458 2336; x_wconf 84' lang='lat' dir='ltr'>praemittitur</span> <span class='ocrx_word' id='word_1_371' title='bbox 475 2307 600 2335; x_wconf 86' lang='lat' dir='ltr'>opusculo:</span> <span class='ocrx_word' id='word_1_372' title='bbox 618 2307 703 2330; x_wconf 77' lang='lat' dir='ltr'>Sermo</span> <span class='ocrx_word' id='word_1_373' title='bbox 722 2306 884 2330; x_wconf 80' lang='lat' dir='ltr'>Boneventure</span> <span class='ocrx_word' id='word_1_374' title='bbox 900 2306 928 2330; x_wconf 84' lang='lat' dir='ltr'>de</span> <span class='ocrx_word' id='word_1_375' title='bbox 939 2305 1026 2329; x_wconf 81' lang='lat' dir='ltr'>arbore</span> <span class='ocrx_word' id='word_1_376' title='bbox 1038 2305 1108 2336; x_wconf 70' lang='lat' dir='ltr'>Liqm·</span> 
     </span>
     <span class='ocr_line' id='line_1_45' title="bbox 255 2353 1107 2385; baseline -0.005 -6"><span class='ocrx_word' id='word_1_377' title='bbox 255 2355 311 2379; x_wconf 85' lang='lat' dir='ltr'>vite.</span> <span class='ocrx_word' id='word_1_378' title='bbox 325 2356 373 2379; x_wconf 80' lang='lat' dir='ltr'>Xto</span> <span class='ocrx_word' id='word_1_379' title='bbox 391 2355 501 2385; x_wconf 64' lang='lat' dir='ltr'>conflans</span> <span class='ocrx_word' id='word_1_380' title='bbox 518 2361 572 2378; x_wconf 85' lang='lat' dir='ltr'>sum</span> <span class='ocrx_word' id='word_1_381' title='bbox 590 2354 658 2378; x_wconf 77' lang='lat' dir='ltr'>cruci</span> <span class='ocrx_word' id='word_1_382' title='bbox 673 2357 716 2377; x_wconf 88' lang='lat' dir='ltr'>etc.</span> <span class='ocrx_word' id='word_1_383' title='bbox 734 2354 821 2377; x_wconf 81' lang='lat' dir='ltr'>Desinit</span> <span class='ocrx_word' id='word_1_384' title='bbox 838 2360 891 2382; x_wconf 82' lang='lat' dir='ltr'>pag.</span> <span class='ocrx_word' id='word_1_385' title='bbox 909 2353 937 2376; x_wconf 85' lang='lat'>47</span> <span class='ocrx_word' id='word_1_386' title='bbox 961 2353 1039 2376; x_wconf 89' lang='lat' dir='ltr'>verbis</span> <span class='ocrx_word' id='word_1_387' title='bbox 1061 2353 1107 2376; x_wconf 86' lang='lat' dir='ltr'>edi-</span> 
     </span>
     <span class='ocr_line' id='line_1_46' title="bbox 256 2401 790 2431; baseline -0.004 -6"><span class='ocrx_word' id='word_1_388' title='bbox 256 2402 336 2431; x_wconf 75' lang='lat' dir='ltr'>tionis,</span> <span class='ocrx_word' id='word_1_389' title='bbox 353 2401 441 2431; x_wconf 82' lang='lat' dir='ltr'>quibus</span> <span class='ocrx_word' id='word_1_390' title='bbox 457 2402 562 2425; x_wconf 82' lang='lat' dir='ltr'>additur:</span> <span class='ocrx_word' id='word_1_391' title='bbox 580 2401 686 2431; x_wconf 70' lang='lat' dir='ltr'>Empta&#39;cit</span> <span class='ocrx_word' id='word_1_392' title='bbox 703 2407 790 2424; x_wconf 82' lang='lat' dir='ltr'>sermo.</span> 
     </span>
    </p>

    <p class='ocr_par' dir='ltr' id='par_1_13' title="bbox 255 2448 1108 2662">
     <span class='ocr_line' id='line_1_47' title="bbox 320 2448 1106 2477; baseline -0.001 -6"><span class='ocrx_word' id='word_1_393' title='bbox 320 2450 373 2472; x_wconf 80' lang='lat'>150.</span> <span class='ocrx_word' id='word_1_394' title='bbox 391 2448 474 2473; x_wconf 81' lang='lat' dir='ltr'>Sancti</span> <span class='ocrx_word' id='word_1_395' title='bbox 490 2448 562 2472; x_wconf 85' lang='lat' dir='ltr'>Pauli</span> <span class='ocrx_word' id='word_1_396' title='bbox 572 2449 596 2471; x_wconf 93' lang='lat' dir='ltr'>in</span> <span class='ocrx_word' id='word_1_397' title='bbox 608 2448 721 2472; x_wconf 77' lang='lat' dir='ltr'>Corinthia</span> <span class='ocrx_word' id='word_1_398' title='bbox 730 2467 735 2477; x_wconf 79' lang='lat'>,</span> <span class='ocrx_word' id='word_1_399' title='bbox 748 2448 887 2471; x_wconf 90' lang='lat' dir='ltr'>bibliotheca</span> <span class='ocrx_word' id='word_1_400' title='bbox 899 2448 1042 2475; x_wconf 76' lang='lat' dir='ltr'>Illonasterii,</span> <span class='ocrx_word' id='word_1_401' title='bbox 1053 2448 1106 2471; x_wconf 88' lang='lat' dir='ltr'>cod.</span> 
     </span>
     <span class='ocr_line' id='line_1_48' title="bbox 255 2496 1107 2525; baseline -0.004 -5"><span class='ocrx_word' id='word_1_402' title='bbox 255 2497 365 2525; x_wconf 87' lang='lat' dir='ltr'>Hospital.</span> <span class='ocrx_word' id='word_1_403' title='bbox 389 2497 425 2519; x_wconf 77' lang='lat'>15.</span> <span class='ocrx_word' id='word_1_404' title='bbox 449 2497 521 2519; x_wconf 82' lang='lat' dir='ltr'>chart.</span> <span class='ocrx_word' id='word_1_405' title='bbox 543 2496 565 2518; x_wconf 90' lang='lat' dir='ltr'>in</span> <span class='ocrx_word' id='word_1_406' title='bbox 583 2496 619 2518; x_wconf 77' lang='lat' dir='ltr'>iol.</span> <span class='ocrx_word' id='word_1_407' title='bbox 637 2502 698 2519; x_wconf 84' lang='lat' dir='ltr'>saec.</span> <span class='ocrx_word' id='word_1_408' title='bbox 716 2496 768 2518; x_wconf 90' lang='lat' dir='ltr'>XV.</span> <span class='ocrx_word' id='word_1_409' title='bbox 783 2508 815 2512; x_wconf 97' lang='lat'><strong>—</strong></span> <span class='ocrx_word' id='word_1_410' title='bbox 831 2496 879 2518; x_wconf 91' lang='lat' dir='ltr'>Fol.</span> <span class='ocrx_word' id='word_1_411' title='bbox 895 2496 948 2518; x_wconf 85' lang='lat'>229.</span> <span class='ocrx_word' id='word_1_412' title='bbox 966 2502 984 2518; x_wconf 91' lang='lat' dir='ltr'>r.</span> <span class='ocrx_word' id='word_1_413' title='bbox 1002 2496 1025 2517; x_wconf 91' lang='lat' dir='ltr'>in</span> <span class='ocrx_word' id='word_1_414' title='bbox 1042 2498 1107 2524; x_wconf 87' lang='lat' dir='ltr'>parte</span> 
     </span>
     <span class='ocr_line' id='line_1_49' title="bbox 255 2542 1107 2573; baseline -0.001 -6"><span class='ocrx_word' id='word_1_415' title='bbox 255 2544 376 2573; x_wconf 84' lang='lat' dir='ltr'>superiore</span> <span class='ocrx_word' id='word_1_416' title='bbox 393 2543 546 2572; x_wconf 87' lang='lat' dir='ltr'>praemittitur</span> <span class='ocrx_word' id='word_1_417' title='bbox 562 2544 687 2571; x_wconf 89' lang='lat' dir='ltr'>opusculo:</span> <span class='ocrx_word' id='word_1_418' title='bbox 699 2542 785 2572; x_wconf 81' lang='lat' dir='ltr'>Incipit</span> <span class='ocrx_word' id='word_1_419' title='bbox 795 2542 899 2572; x_wconf 69' lang='lat' dir='ltr'>Lz&#39;qnum</span> <span class='ocrx_word' id='word_1_420' title='bbox 910 2542 964 2567; x_wconf 82' lang='lat' dir='ltr'>vite.</span> <span class='ocrx_word' id='word_1_421' title='bbox 976 2543 1046 2566; x_wconf 83' lang='lat' dir='ltr'>Hinc:</span> <span class='ocrx_word' id='word_1_422' title='bbox 1059 2543 1107 2566; x_wconf 73' lang='lat' dir='ltr'>Xto</span> 
     </span>
     <span class='ocr_line' id='line_1_50' title="bbox 256 2589 1108 2622; baseline -0.001 -8"><span class='ocrx_word' id='word_1_423' title='bbox 256 2591 366 2622; x_wconf 70' lang='lat' dir='ltr'>confixus</span> <span class='ocrx_word' id='word_1_424' title='bbox 383 2597 438 2614; x_wconf 83' lang='lat' dir='ltr'>sum</span> <span class='ocrx_word' id='word_1_425' title='bbox 455 2590 523 2614; x_wconf 84' lang='lat' dir='ltr'>cruci</span> <span class='ocrx_word' id='word_1_426' title='bbox 538 2593 581 2613; x_wconf 86' lang='lat' dir='ltr'>etc.</span> <span class='ocrx_word' id='word_1_427' title='bbox 599 2590 685 2613; x_wconf 84' lang='lat' dir='ltr'>Desinit</span> <span class='ocrx_word' id='word_1_428' title='bbox 703 2590 739 2613; x_wconf 77' lang='lat' dir='ltr'>rol.</span> <span class='ocrx_word' id='word_1_429' title='bbox 753 2590 806 2612; x_wconf 79' lang='grc'>138.</span> <span class='ocrx_word' id='word_1_430' title='bbox 819 2597 855 2613; x_wconf 55' lang='lat' dir='ltr'>va</span> <span class='ocrx_word' id='word_1_431' title='bbox 863 2596 908 2620; x_wconf 81' lang='lat' dir='ltr'>per</span> <span class='ocrx_word' id='word_1_432' title='bbox 920 2589 1015 2620; x_wconf 79' lang='lat' dir='ltr'>infinita</span> <span class='ocrx_word' id='word_1_433' title='bbox 1026 2589 1108 2613; x_wconf 81' lang='lat' dir='ltr'>secula</span> 
     </span>
     <span class='ocr_line' id='line_1_51' title="bbox 255 2637 499 2662; baseline -0.008 0"><span class='ocrx_word' id='word_1_434' title='bbox 255 2637 399 2662; x_wconf 82' lang='lat' dir='ltr'>seculorum.</span> <span class='ocrx_word' id='word_1_435' title='bbox 417 2638 499 2661; x_wconf 81' lang='lat' dir='ltr'>Amen..</span> 
     </span>
    </p>

    <p class='ocr_par' dir='ltr' id='par_1_14' title="bbox 256 2683 1109 2996">
     <span class='ocr_line' id='line_1_52' title="bbox 323 2683 1106 2714; baseline 0 -7"><span class='ocrx_word' id='word_1_436' title='bbox 323 2685 372 2707; x_wconf 83' lang='lat'>151.</span> <span class='ocrx_word' id='word_1_437' title='bbox 391 2684 491 2709; x_wconf 83' lang='lat' dir='ltr'>Stamsii</span> <span class='ocrx_word' id='word_1_438' title='bbox 508 2685 602 2714; x_wconf 84' lang='lat' dir='ltr'>(Stams)</span> <span class='ocrx_word' id='word_1_439' title='bbox 628 2685 651 2707; x_wconf 90' lang='lat' dir='ltr'>in</span> <span class='ocrx_word' id='word_1_440' title='bbox 677 2684 760 2712; x_wconf 81' lang='lat' dir='ltr'>Tiroli,</span> <span class='ocrx_word' id='word_1_441' title='bbox 779 2683 917 2707; x_wconf 86' lang='lat' dir='ltr'>bibliotheca</span> <span class='ocrx_word' id='word_1_442' title='bbox 935 2685 1027 2707; x_wconf 76' lang='lat' dir='ltr'>patrum</span> <span class='ocrx_word' id='word_1_443' title='bbox 1050 2683 1106 2707; x_wconf 89' lang='lat' dir='ltr'>Ord.</span> 
     </span>
     <span class='ocr_line' id='line_1_53' title="bbox 256 2731 1108 2760; baseline -0.001 -6"><span class='ocrx_word' id='word_1_444' title='bbox 256 2732 454 2759; x_wconf 85' lang='lat' dir='ltr'>Cisterciensium,</span> <span class='ocrx_word' id='word_1_445' title='bbox 473 2732 526 2754; x_wconf 89' lang='lat' dir='ltr'>cod.</span> <span class='ocrx_word' id='word_1_446' title='bbox 543 2731 643 2754; x_wconf 84' lang='lat' dir='ltr'>membr.</span> <span class='ocrx_word' id='word_1_447' title='bbox 655 2731 677 2753; x_wconf 92' lang='lat' dir='ltr'>in</span> <span class='ocrx_word' id='word_1_448' title='bbox 690 2731 754 2760; x_wconf 78' lang='lat' dir='ltr'>solie,</span> <span class='ocrx_word' id='word_1_449' title='bbox 766 2737 865 2754; x_wconf 86' lang='lat' dir='ltr'>numero</span> <span class='ocrx_word' id='word_1_450' title='bbox 877 2733 951 2754; x_wconf 88' lang='lat' dir='ltr'>vacat.</span> <span class='ocrx_word' id='word_1_451' title='bbox 963 2744 994 2747; x_wconf 84' lang='lat'>—-</span> <span class='ocrx_word' id='word_1_452' title='bbox 1006 2731 1108 2760; x_wconf 53' lang='grc'>09113011-</span> 
     </span>
     <span class='ocr_line' id='line_1_54' title="bbox 256 2778 1108 2809; baseline 0 -8"><span class='ocrx_word' id='word_1_453' title='bbox 256 2780 303 2802; x_wconf 90' lang='lat' dir='ltr'>lum</span> <span class='ocrx_word' id='word_1_454' title='bbox 326 2780 370 2802; x_wconf 88' lang='lat' dir='ltr'>hoc</span> <span class='ocrx_word' id='word_1_455' title='bbox 387 2779 469 2807; x_wconf 85' lang='lat' dir='ltr'>incipit</span> <span class='ocrx_word' id='word_1_456' title='bbox 485 2779 521 2802; x_wconf 78' lang='lat' dir='ltr'>fol.</span> <span class='ocrx_word' id='word_1_457' title='bbox 538 2779 576 2801; x_wconf 87' lang='lat'>77.</span> <span class='ocrx_word' id='word_1_458' title='bbox 594 2785 612 2801; x_wconf 91' lang='lat' dir='ltr'>r.</span> <span class='ocrx_word' id='word_1_459' title='bbox 629 2779 680 2801; x_wconf 89' lang='lat' dir='ltr'>sine</span> <span class='ocrx_word' id='word_1_460' title='bbox 702 2779 746 2801; x_wconf 91' lang='lat' dir='ltr'>ullo</span> <span class='ocrx_word' id='word_1_461' title='bbox 764 2779 844 2801; x_wconf 87' lang='lat' dir='ltr'>titulo:</span> <span class='ocrx_word' id='word_1_462' title='bbox 861 2779 909 2802; x_wconf 73' lang='lat' dir='ltr'>Xto</span> <span class='ocrx_word' id='word_1_463' title='bbox 927 2778 1037 2809; x_wconf 71' lang='lat' dir='ltr'>confla-us</span> <span class='ocrx_word' id='word_1_464' title='bbox 1053 2783 1108 2801; x_wconf 81' lang='lat' dir='ltr'>snm</span> 
     </span>
     <span class='ocr_line' id='line_1_55' title="bbox 257 2824 1108 2855; baseline -0.001 -7"><span class='ocrx_word' id='word_1_465' title='bbox 257 2825 326 2849; x_wconf 85' lang='lat' dir='ltr'>cruci</span> <span class='ocrx_word' id='word_1_466' title='bbox 341 2829 384 2848; x_wconf 89' lang='lat' dir='ltr'>etc.</span> <span class='ocrx_word' id='word_1_467' title='bbox 401 2826 488 2848; x_wconf 83' lang='lat' dir='ltr'>Desinit</span> <span class='ocrx_word' id='word_1_468' title='bbox 504 2826 540 2848; x_wconf 79' lang='lat' dir='ltr'>fol.</span> <span class='ocrx_word' id='word_1_469' title='bbox 559 2826 596 2848; x_wconf 78' lang='lat'>93.</span> <span class='ocrx_word' id='word_1_470' title='bbox 613 2832 643 2854; x_wconf 85' lang='lat' dir='ltr'>r.;</span> <span class='ocrx_word' id='word_1_471' title='bbox 662 2826 716 2848; x_wconf 90' lang='lat' dir='ltr'>hinc</span> <span class='ocrx_word' id='word_1_472' title='bbox 733 2826 838 2848; x_wconf 87' lang='lat' dir='ltr'>additur:</span> <span class='ocrx_word' id='word_1_473' title='bbox 855 2825 887 2849; x_wconf 87' lang='lat' dir='ltr'>Et</span> <span class='ocrx_word' id='word_1_474' title='bbox 901 2825 936 2849; x_wconf 81' lang='lat' dir='ltr'>sic</span> <span class='ocrx_word' id='word_1_475' title='bbox 952 2824 1022 2849; x_wconf 78' lang='lat' dir='ltr'>habet</span> <span class='ocrx_word' id='word_1_476' title='bbox 1036 2825 1108 2855; x_wconf 78' lang='lat' dir='ltr'>finem</span> 
     </span>
     <span class='ocr_line' id='line_1_56' title="bbox 257 2871 1109 2903; baseline 0 -7"><span class='ocrx_word' id='word_1_477' title='bbox 257 2879 336 2897; x_wconf 83' lang='lat' dir='ltr'>sermo</span> <span class='ocrx_word' id='word_1_478' title='bbox 353 2873 438 2903; x_wconf 70' lang='lat' dir='ltr'>fi&#39;atris</span> <span class='ocrx_word' id='word_1_479' title='bbox 451 2873 616 2896; x_wconf 82' lang='lat' dir='ltr'>Bonaventure</span> <span class='ocrx_word' id='word_1_480' title='bbox 628 2873 655 2896; x_wconf 79' lang='lat' dir='ltr'>cle</span> <span class='ocrx_word' id='word_1_481' title='bbox 666 2872 753 2896; x_wconf 84' lang='lat' dir='ltr'>arbore</span> <span class='ocrx_word' id='word_1_482' title='bbox 765 2872 835 2903; x_wconf 71' lang='lat' dir='ltr'>Ligyni</span> <span class='ocrx_word' id='word_1_483' title='bbox 845 2873 890 2896; x_wconf 85' lang='lat' dir='ltr'>vite</span> <span class='ocrx_word' id='word_1_484' title='bbox 902 2874 945 2896; x_wconf 87' lang='lat' dir='ltr'>etc.</span> <span class='ocrx_word' id='word_1_485' title='bbox 956 2874 1025 2896; x_wconf 87' lang='lat' dir='ltr'>Anno</span> <span class='ocrx_word' id='word_1_486' title='bbox 1039 2871 1109 2896; x_wconf 69' lang='lat'>4459</span> 
     </span>
     <span class='ocr_line' id='line_1_57' title="bbox 257 2919 1108 2950; baseline -0.001 -6"><span class='ocrx_word' id='word_1_487' title='bbox 257 2919 387 2950; x_wconf 78' lang='lat' dir='ltr'>completus</span> <span class='ocrx_word' id='word_1_488' title='bbox 404 2921 437 2943; x_wconf 88' lang='lat' dir='ltr'>est</span> <span class='ocrx_word' id='word_1_489' title='bbox 454 2926 532 2943; x_wconf 84' lang='lat' dir='ltr'>sermo</span> <span class='ocrx_word' id='word_1_490' title='bbox 550 2920 592 2944; x_wconf 87' lang='lat' dir='ltr'>iste</span> <span class='ocrx_word' id='word_1_491' title='bbox 600 2926 645 2950; x_wconf 85' lang='lat' dir='ltr'>per</span> <span class='ocrx_word' id='word_1_492' title='bbox 657 2926 694 2943; x_wconf 84' lang='lat' dir='ltr'>me</span> <span class='ocrx_word' id='word_1_493' title='bbox 706 2920 873 2943; x_wconf 73' lang='lat' dir='ltr'>Hei-mannum</span> <span class='ocrx_word' id='word_1_494' title='bbox 884 2920 1001 2944; x_wconf 84' lang='lat' dir='ltr'>decanum</span> <span class='ocrx_word' id='word_1_495' title='bbox 1012 2920 1038 2943; x_wconf 86' lang='lat' dir='ltr'>in</span> <span class='ocrx_word' id='word_1_496' title='bbox 1049 2920 1108 2943; x_wconf 86' lang='lat' dir='ltr'>Zur-</span> 
     </span>
     <span class='ocr_line' id='line_1_58' title="bbox 257 2965 1011 2996; baseline 0.001 -7"><span class='ocrx_word' id='word_1_497' title='bbox 257 2966 333 2994; x_wconf 56' lang='grc' dir='ltr'>ειη-11,</span> <span class='ocrx_word' id='word_1_498' title='bbox 350 2967 421 2989; x_wconf 75' lang='lat' dir='ltr'>seoeta</span> <span class='ocrx_word' id='word_1_499' title='bbox 437 2965 499 2995; x_wconf 85' lang='lat' dir='ltr'>feria</span> <span class='ocrx_word' id='word_1_500' title='bbox 514 2971 585 2995; x_wconf 84' lang='lat' dir='ltr'>pasce</span> <span class='ocrx_word' id='word_1_501' title='bbox 603 2966 654 2996; x_wconf 85' lang='lat' dir='ltr'>(sic)</span> <span class='ocrx_word' id='word_1_502' title='bbox 669 2968 725 2996; x_wconf 79' lang='lat' dir='ltr'>post</span> <span class='ocrx_word' id='word_1_503' title='bbox 741 2966 828 2990; x_wconf 84' lang='lat' dir='ltr'>horam</span> <span class='ocrx_word' id='word_1_504' title='bbox 845 2966 1011 2996; x_wconf 76' lang='lat' dir='ltr'>vespertinam.</span> 
     </span>
    </p>
   </div>
   <div class='ocr_carea' id='block_1_5' title="bbox 1130 291 1141 2722">
    <p class='ocr_par' dir='ltr' id='par_1_15' title="bbox 1130 291 1141 2722">
     <span class='ocr_line' id='line_1_59' title="bbox 1130 291 1141 2722; baseline 0 0"><span class='ocrx_word' id='word_1_505' title='bbox 1130 291 1141 2722; x_wconf 95' lang='lat' dir='ltr'> </span> 
     </span>
    </p>
   </div>
   <div class='ocr_carea' id='block_1_6' title="bbox 956 209 1300 239">
    <p class='ocr_par' dir='ltr' id='par_1_16' title="bbox 956 209 1300 239">
     <span class='ocr_line' id='line_1_60' title="bbox 956 209 1300 239; baseline -0.006 0"><span class='ocrx_word' id='word_1_506' title='bbox 956 209 1209 239; x_wconf 73' lang='lat' dir='ltr'>PROLEGOMENA.</span> <span class='ocrx_word' id='word_1_507' title='bbox 1232 209 1260 238; x_wconf 84' lang='lat' dir='ltr'>C.</span> <span class='ocrx_word' id='word_1_508' title='bbox 1283 209 1300 237; x_wconf 92' lang='lat' dir='ltr'>l.</span> 
     </span>
    </p>
   </div>
   <div class='ocr_carea' id='block_1_7' title="bbox 1157 285 2013 1532">
    <p class='ocr_par' dir='ltr' id='par_1_17' title="bbox 1157 285 2005 449">
     <span class='ocr_line' id='line_1_61' title="bbox 1224 285 2002 317; baseline -0.004 -7"><span class='ocrx_word' id='word_1_509' title='bbox 1224 288 1274 310; x_wconf 81' lang='grc'>152.</span> <span class='ocrx_word' id='word_1_510' title='bbox 1291 286 1457 317; x_wconf 71' lang='lat' dir='ltr'>Stutqarcliae,</span> <span class='ocrx_word' id='word_1_511' title='bbox 1476 286 1615 309; x_wconf 86' lang='lat' dir='ltr'>bibliotheca</span> <span class='ocrx_word' id='word_1_512' title='bbox 1632 286 1702 315; x_wconf 79' lang='lat' dir='ltr'>Regis</span> <span class='ocrx_word' id='word_1_513' title='bbox 1727 285 1830 314; x_wconf 83' lang='lat' dir='ltr'>privata,</span> <span class='ocrx_word' id='word_1_514' title='bbox 1855 285 1907 307; x_wconf 87' lang='lat' dir='ltr'>cod.</span> <span class='ocrx_word' id='word_1_515' title='bbox 1933 288 2002 308; x_wconf 84' lang='lat' dir='ltr'>ascet.</span> 
     </span>
     <span class='ocr_line' id='line_1_62' title="bbox 1161 331 2005 361; baseline -0.002 -5"><span class='ocrx_word' id='word_1_516' title='bbox 1161 334 1210 356; x_wconf 86' lang='lat'>187.</span> <span class='ocrx_word' id='word_1_517' title='bbox 1228 335 1299 356; x_wconf 83' lang='lat' dir='ltr'>chart.</span> <span class='ocrx_word' id='word_1_518' title='bbox 1322 334 1399 356; x_wconf 84' lang='lat' dir='ltr'>insol.</span> <span class='ocrx_word' id='word_1_519' title='bbox 1422 340 1482 356; x_wconf 89' lang='lat' dir='ltr'>saec.</span> <span class='ocrx_word' id='word_1_520' title='bbox 1505 334 1556 356; x_wconf 80' lang='lat' dir='ltr'>XV.</span> <span class='ocrx_word' id='word_1_521' title='bbox 1575 346 1604 349; x_wconf 98' lang='lat'><strong>—</strong></span> <span class='ocrx_word' id='word_1_522' title='bbox 1627 333 1683 359; x_wconf 31' lang='lat' dir='ltr'>Fol..</span> <span class='ocrx_word' id='word_1_523' title='bbox 1693 332 1732 355; x_wconf 85' lang='lat'>78.</span> <span class='ocrx_word' id='word_1_524' title='bbox 1757 338 1788 354; x_wconf 88' lang='lat' dir='ltr'>r.:</span> <span class='ocrx_word' id='word_1_525' title='bbox 1812 331 1895 361; x_wconf 81' lang='lat' dir='ltr'>Incipit</span> <span class='ocrx_word' id='word_1_526' title='bbox 1920 332 2005 355; x_wconf 77' lang='lat' dir='ltr'>tracta-</span> 
     </span>
     <span class='ocr_line' id='line_1_63' title="bbox 1157 378 2005 403; baseline -0.004 0"><span class='ocrx_word' id='word_1_527' title='bbox 1157 381 1196 403; x_wconf 84' lang='lat' dir='ltr'>tus</span> <span class='ocrx_word' id='word_1_528' title='bbox 1213 379 1240 403; x_wconf 74' lang='lat' dir='ltr'>tle</span> <span class='ocrx_word' id='word_1_529' title='bbox 1257 379 1344 403; x_wconf 77' lang='lat' dir='ltr'>arbore</span> <span class='ocrx_word' id='word_1_530' title='bbox 1361 380 1405 403; x_wconf 79' lang='lat' dir='ltr'>vile</span> <span class='ocrx_word' id='word_1_531' title='bbox 1423 381 1595 403; x_wconf 84' lang='lat' dir='ltr'>Bonaventure.</span> <span class='ocrx_word' id='word_1_532' title='bbox 1607 380 1687 402; x_wconf 88' lang='lat' dir='ltr'>Finem</span> <span class='ocrx_word' id='word_1_533' title='bbox 1704 379 1773 402; x_wconf 89' lang='lat' dir='ltr'>habet</span> <span class='ocrx_word' id='word_1_534' title='bbox 1791 379 1828 401; x_wconf 85' lang='lat' dir='ltr'>sol.</span> <span class='ocrx_word' id='word_1_535' title='bbox 1846 378 1882 401; x_wconf 81' lang='grc'>85.</span> <span class='ocrx_word' id='word_1_536' title='bbox 1901 385 1923 400; x_wconf 88' lang='lat' dir='ltr'>V.</span> <span class='ocrx_word' id='word_1_537' title='bbox 1942 381 1967 401; x_wconf 90' lang='lat' dir='ltr'>ut</span> <span class='ocrx_word' id='word_1_538' title='bbox 1983 378 2005 400; x_wconf 90' lang='lat' dir='ltr'>in</span> 
     </span>
     <span class='ocr_line' id='line_1_64' title="bbox 1158 427 1232 449; baseline 0 0"><span class='ocrx_word' id='word_1_539' title='bbox 1158 427 1232 449; x_wconf 86' lang='lat' dir='ltr'>editis.</span> 
     </span>
    </p>

    <p class='ocr_par' dir='ltr' id='par_1_18' title="bbox 1158 472 2010 730">
     <span class='ocr_line' id='line_1_65' title="bbox 1222 472 2006 503; baseline -0.004 -7"><span class='ocrx_word' id='word_1_540' title='bbox 1222 473 1275 495; x_wconf 84' lang='lat'>153.</span> <span class='ocrx_word' id='word_1_541' title='bbox 1292 472 1459 496; x_wconf 82' lang='lat' dir='ltr'>Suessionibus</span> <span class='ocrx_word' id='word_1_542' title='bbox 1477 473 1499 495; x_wconf 92' lang='lat' dir='ltr'>in</span> <span class='ocrx_word' id='word_1_543' title='bbox 1517 473 1599 502; x_wconf 84' lang='lat' dir='ltr'>Gallia,</span> <span class='ocrx_word' id='word_1_544' title='bbox 1616 473 1754 495; x_wconf 85' lang='lat' dir='ltr'>bibliotheca</span> <span class='ocrx_word' id='word_1_545' title='bbox 1771 472 1877 503; x_wconf 74' lang='lat' dir='ltr'>Publica,</span> <span class='ocrx_word' id='word_1_546' title='bbox 1889 472 1941 494; x_wconf 91' lang='lat' dir='ltr'>cod.</span> <span class='ocrx_word' id='word_1_547' title='bbox 1957 472 2006 494; x_wconf 85' lang='lat'>113.</span> 
     </span>
     <span class='ocr_line' id='line_1_66' title="bbox 1158 520 2008 548; baseline 0 -6"><span class='ocrx_word' id='word_1_548' title='bbox 1158 521 1230 542; x_wconf 80' lang='lat' dir='ltr'>chart.</span> <span class='ocrx_word' id='word_1_549' title='bbox 1247 520 1270 542; x_wconf 91' lang='lat' dir='ltr'>in</span> <span class='ocrx_word' id='word_1_550' title='bbox 1288 521 1309 542; x_wconf 82' lang='lat'>8.</span> <span class='ocrx_word' id='word_1_551' title='bbox 1326 526 1411 548; x_wconf 80' lang='lat' dir='ltr'>parvo,</span> <span class='ocrx_word' id='word_1_552' title='bbox 1430 526 1490 543; x_wconf 88' lang='lat' dir='ltr'>saec.</span> <span class='ocrx_word' id='word_1_553' title='bbox 1507 521 1558 543; x_wconf 90' lang='lat' dir='ltr'>XV.</span> <span class='ocrx_word' id='word_1_554' title='bbox 1575 521 1741 543; x_wconf 85' lang='lat' dir='ltr'>miscellaneus.</span> <span class='ocrx_word' id='word_1_555' title='bbox 1759 533 1789 537; x_wconf 89' lang='lat'>-—</span> <span class='ocrx_word' id='word_1_556' title='bbox 1807 521 1853 542; x_wconf 91' lang='lat' dir='ltr'>Fol.</span> <span class='ocrx_word' id='word_1_557' title='bbox 1871 526 1889 542; x_wconf 90' lang='lat' dir='ltr'>r.</span> <span class='ocrx_word' id='word_1_558' title='bbox 1907 526 1954 542; x_wconf 88' lang='lat' dir='ltr'>non</span> <span class='ocrx_word' id='word_1_559' title='bbox 1966 526 2008 542; x_wconf 91' lang='lat' dir='ltr'>nu-</span> 
     </span>
     <span class='ocr_line' id='line_1_67' title="bbox 1159 566 2008 597; baseline 0.001 -8"><span class='ocrx_word' id='word_1_560' title='bbox 1159 569 1260 589; x_wconf 85' lang='lat' dir='ltr'>merato:</span> <span class='ocrx_word' id='word_1_561' title='bbox 1278 566 1363 596; x_wconf 80' lang='lat' dir='ltr'>Incipit</span> <span class='ocrx_word' id='word_1_562' title='bbox 1379 568 1497 590; x_wconf 81' lang='lat' dir='ltr'>tractatus</span> <span class='ocrx_word' id='word_1_563' title='bbox 1515 566 1542 590; x_wconf 87' lang='lat' dir='ltr'>de</span> <span class='ocrx_word' id='word_1_564' title='bbox 1559 566 1645 590; x_wconf 83' lang='lat' dir='ltr'>arbore</span> <span class='ocrx_word' id='word_1_565' title='bbox 1662 567 1784 597; x_wconf 81' lang='lat' dir='ltr'>salutifere</span> <span class='ocrx_word' id='word_1_566' title='bbox 1801 566 1880 590; x_wconf 82' lang='lat' dir='ltr'>crucis</span> <span class='ocrx_word' id='word_1_567' title='bbox 1898 573 1913 589; x_wconf 89' lang='lat' dir='ltr'>a</span> <span class='ocrx_word' id='word_1_568' title='bbox 1929 566 2008 596; x_wconf 80' lang='lat' dir='ltr'>fratre</span> 
     </span>
     <span class='ocr_line' id='line_1_68' title="bbox 1159 613 2008 643; baseline -0.001 -7"><span class='ocrx_word' id='word_1_569' title='bbox 1159 614 1329 636; x_wconf 80' lang='lat' dir='ltr'>Bonaceutura</span> <span class='ocrx_word' id='word_1_570' title='bbox 1346 613 1498 642; x_wconf 78' lang='lat' dir='ltr'>compositus.</span> <span class='ocrx_word' id='word_1_571' title='bbox 1515 613 1563 636; x_wconf 79' lang='lat' dir='ltr'>Xto</span> <span class='ocrx_word' id='word_1_572' title='bbox 1581 613 1691 643; x_wconf 66' lang='lat' dir='ltr'>consinus</span> <span class='ocrx_word' id='word_1_573' title='bbox 1707 619 1761 636; x_wconf 83' lang='lat' dir='ltr'>sum</span> <span class='ocrx_word' id='word_1_574' title='bbox 1778 613 1846 636; x_wconf 81' lang='lat' dir='ltr'>cruci</span> <span class='ocrx_word' id='word_1_575' title='bbox 1857 616 1912 640; x_wconf 70' lang='lat' dir='ltr'>etc,</span> <span class='ocrx_word' id='word_1_576' title='bbox 1924 613 1954 635; x_wconf 87' lang='lat' dir='ltr'>ad</span> <span class='ocrx_word' id='word_1_577' title='bbox 1966 614 2008 636; x_wconf 85' lang='lat' dir='ltr'>cal-</span> 
     </span>
     <span class='ocr_line' id='line_1_69' title="bbox 1160 659 2010 690; baseline 0.001 -8"><span class='ocrx_word' id='word_1_578' title='bbox 1160 666 1210 682; x_wconf 87' lang='lat' dir='ltr'>cem</span> <span class='ocrx_word' id='word_1_579' title='bbox 1229 660 1311 682; x_wconf 87' lang='lat' dir='ltr'>eadem</span> <span class='ocrx_word' id='word_1_580' title='bbox 1328 662 1465 688; x_wconf 87' lang='lat' dir='ltr'>repetuntur</span> <span class='ocrx_word' id='word_1_581' title='bbox 1482 662 1535 688; x_wconf 86' lang='lat' dir='ltr'>post</span> <span class='ocrx_word' id='word_1_582' title='bbox 1551 659 1668 689; x_wconf 74' lang='lat' dir='ltr'>Eacplicit,</span> <span class='ocrx_word' id='word_1_583' title='bbox 1680 659 1767 690; x_wconf 81' lang='lat' dir='ltr'>quibus</span> <span class='ocrx_word' id='word_1_584' title='bbox 1778 660 1884 683; x_wconf 85' lang='lat' dir='ltr'>additur:</span> <span class='ocrx_word' id='word_1_585' title='bbox 1896 660 1943 683; x_wconf 88' lang='lat' dir='ltr'>Deo</span> <span class='ocrx_word' id='word_1_586' title='bbox 1955 666 2010 689; x_wconf 68' lang='lat' dir='ltr'>qra-</span> 
     </span>
     <span class='ocr_line' id='line_1_70' title="bbox 1160 707 1213 730; baseline 0 0"><span class='ocrx_word' id='word_1_587' title='bbox 1160 707 1213 730; x_wconf 78' lang='lat' dir='ltr'>tias.</span> 
     </span>
    </p>

    <p class='ocr_par' dir='ltr' id='par_1_19' title="bbox 1160 753 2010 966">
     <span class='ocr_line' id='line_1_71' title="bbox 1228 753 2009 782; baseline -0.003 -5"><span class='ocrx_word' id='word_1_588' title='bbox 1228 754 1277 777; x_wconf 78' lang='lat'>154.</span> <span class='ocrx_word' id='word_1_589' title='bbox 1292 753 1395 777; x_wconf 81' lang='lat' dir='ltr'>Traiecti</span> <span class='ocrx_word' id='word_1_590' title='bbox 1404 754 1434 776; x_wconf 90' lang='lat' dir='ltr'>ad</span> <span class='ocrx_word' id='word_1_591' title='bbox 1446 754 1552 776; x_wconf 84' lang='lat' dir='ltr'>Rhenum</span> <span class='ocrx_word' id='word_1_592' title='bbox 1560 771 1565 781; x_wconf 91' lang='lat'>,</span> <span class='ocrx_word' id='word_1_593' title='bbox 1578 753 1716 776; x_wconf 85' lang='lat' dir='ltr'>bibliotheca</span> <span class='ocrx_word' id='word_1_594' title='bbox 1728 754 1879 782; x_wconf 79' lang='lat' dir='ltr'>Academiae,</span> <span class='ocrx_word' id='word_1_595' title='bbox 1891 753 1942 776; x_wconf 86' lang='lat' dir='ltr'>cod.</span> <span class='ocrx_word' id='word_1_596' title='bbox 1956 754 2009 776; x_wconf 86' lang='lat'>288.</span> 
     </span>
     <span class='ocr_line' id='line_1_72' title="bbox 1160 801 2009 825; baseline -0.002 -1"><span class='ocrx_word' id='word_1_597' title='bbox 1160 803 1233 825; x_wconf 90' lang='lat' dir='ltr'>chart.</span> <span class='ocrx_word' id='word_1_598' title='bbox 1250 802 1273 824; x_wconf 88' lang='lat' dir='ltr'>in</span> <span class='ocrx_word' id='word_1_599' title='bbox 1291 801 1312 824; x_wconf 89' lang='grc'>4.</span> <span class='ocrx_word' id='word_1_600' title='bbox 1329 807 1390 824; x_wconf 83' lang='lat' dir='ltr'>saec.</span> <span class='ocrx_word' id='word_1_601' title='bbox 1413 801 1464 824; x_wconf 86' lang='lat' dir='ltr'>XV.</span> <span class='ocrx_word' id='word_1_602' title='bbox 1481 814 1512 818; x_wconf 89' lang='lat'>—</span> <span class='ocrx_word' id='word_1_603' title='bbox 1528 801 1575 824; x_wconf 91' lang='lat' dir='ltr'>FoI.</span> <span class='ocrx_word' id='word_1_604' title='bbox 1597 807 1616 823; x_wconf 90' lang='lat' dir='ltr'>r.</span> <span class='ocrx_word' id='word_1_605' title='bbox 1639 807 1686 823; x_wconf 90' lang='lat' dir='ltr'>non</span> <span class='ocrx_word' id='word_1_606' title='bbox 1711 804 1832 823; x_wconf 89' lang='lat' dir='ltr'>numerato</span> <span class='ocrx_word' id='word_1_607' title='bbox 1856 801 1900 823; x_wconf 88' lang='lat' dir='ltr'>alia</span> <span class='ocrx_word' id='word_1_608' title='bbox 1926 806 2009 823; x_wconf 87' lang='lat' dir='ltr'>manus</span> 
     </span>
     <span class='ocr_line' id='line_1_73' title="bbox 1162 847 2009 877; baseline -0.001 -6"><span class='ocrx_word' id='word_1_609' title='bbox 1162 849 1266 872; x_wconf 84' lang='lat' dir='ltr'>eiusdem</span> <span class='ocrx_word' id='word_1_610' title='bbox 1285 849 1336 871; x_wconf 76' lang='lat' dir='ltr'>aevi</span> <span class='ocrx_word' id='word_1_611' title='bbox 1353 849 1466 877; x_wconf 87' lang='lat' dir='ltr'>opusculo</span> <span class='ocrx_word' id='word_1_612' title='bbox 1483 849 1615 877; x_wconf 82' lang='lat' dir='ltr'>praemisit:</span> <span class='ocrx_word' id='word_1_613' title='bbox 1632 848 1802 871; x_wconf 78' lang='lat' dir='ltr'>Bonacentura</span> <span class='ocrx_word' id='word_1_614' title='bbox 1820 847 1847 871; x_wconf 78' lang='lat' dir='ltr'>de</span> <span class='ocrx_word' id='word_1_615' title='bbox 1863 847 1938 877; x_wconf 68' lang='lat' dir='ltr'>Liqno</span> <span class='ocrx_word' id='word_1_616' title='bbox 1958 847 2009 870; x_wconf 83' lang='lat' dir='ltr'>vile.</span> 
     </span>
     <span class='ocr_line' id='line_1_74' title="bbox 1162 893 2010 926; baseline -0.002 -7"><span class='ocrx_word' id='word_1_617' title='bbox 1162 896 1262 919; x_wconf 88' lang='lat' dir='ltr'>Deinde:</span> <span class='ocrx_word' id='word_1_618' title='bbox 1279 896 1327 919; x_wconf 74' lang='lat' dir='ltr'>Xto</span> <span class='ocrx_word' id='word_1_619' title='bbox 1345 896 1455 926; x_wconf 75' lang='lat' dir='ltr'>consioeus</span> <span class='ocrx_word' id='word_1_620' title='bbox 1472 902 1528 919; x_wconf 87' lang='lat' dir='ltr'>sum</span> <span class='ocrx_word' id='word_1_621' title='bbox 1545 895 1620 918; x_wconf 85' lang='lat' dir='ltr'>cruci.</span> <span class='ocrx_word' id='word_1_622' title='bbox 1637 895 1723 918; x_wconf 86' lang='lat' dir='ltr'>Desinit</span> <span class='ocrx_word' id='word_1_623' title='bbox 1745 895 1783 918; x_wconf 83' lang='lat' dir='ltr'>sol.</span> <span class='ocrx_word' id='word_1_624' title='bbox 1799 901 1835 917; x_wconf 86' lang='lat' dir='ltr'>v.:</span> <span class='ocrx_word' id='word_1_625' title='bbox 1850 901 1894 924; x_wconf 81' lang='lat' dir='ltr'>per</span> <span class='ocrx_word' id='word_1_626' title='bbox 1917 893 2010 924; x_wconf 80' lang='lat' dir='ltr'>infinita</span> 
     </span>
     <span class='ocr_line' id='line_1_75' title="bbox 1161 942 1505 966; baseline -0.003 0"><span class='ocrx_word' id='word_1_627' title='bbox 1161 942 1242 966; x_wconf 82' lang='lat' dir='ltr'>secula</span> <span class='ocrx_word' id='word_1_628' title='bbox 1258 942 1405 966; x_wconf 80' lang='lat' dir='ltr'>seculorum.</span> <span class='ocrx_word' id='word_1_629' title='bbox 1423 943 1505 965; x_wconf 77' lang='lat' dir='ltr'>Amen.</span> 
     </span>
    </p>

    <p class='ocr_par' dir='ltr' id='par_1_20' title="bbox 1161 988 2012 1205">
     <span class='ocr_line' id='line_1_76' title="bbox 1230 988 2011 1018; baseline -0.001 -6"><span class='ocrx_word' id='word_1_630' title='bbox 1230 990 1278 1012; x_wconf 81' lang='lat'>155.</span> <span class='ocrx_word' id='word_1_631' title='bbox 1296 989 1398 1018; x_wconf 81' lang='lat' dir='ltr'>Ibidem,</span> <span class='ocrx_word' id='word_1_632' title='bbox 1415 989 1468 1012; x_wconf 90' lang='lat' dir='ltr'>cod.</span> <span class='ocrx_word' id='word_1_633' title='bbox 1485 990 1538 1011; x_wconf 87' lang='lat'>398.</span> <span class='ocrx_word' id='word_1_634' title='bbox 1557 990 1630 1011; x_wconf 88' lang='lat' dir='ltr'>chart.</span> <span class='ocrx_word' id='word_1_635' title='bbox 1647 989 1668 1011; x_wconf 92' lang='lat' dir='ltr'>in</span> <span class='ocrx_word' id='word_1_636' title='bbox 1687 989 1708 1011; x_wconf 85' lang='grc'>8.</span> <span class='ocrx_word' id='word_1_637' title='bbox 1725 995 1786 1011; x_wconf 91' lang='lat' dir='ltr'>saec.</span> <span class='ocrx_word' id='word_1_638' title='bbox 1798 988 1850 1011; x_wconf 92' lang='lat' dir='ltr'>XV.</span> <span class='ocrx_word' id='word_1_639' title='bbox 1863 1001 1893 1004; x_wconf 98' lang='lat'><strong>—</strong></span> <span class='ocrx_word' id='word_1_640' title='bbox 1905 989 1957 1011; x_wconf 84' lang='lat' dir='ltr'>Post</span> <span class='ocrx_word' id='word_1_641' title='bbox 1968 988 2011 1011; x_wconf 85' lang='lat' dir='ltr'>alia</span> 
     </span>
     <span class='ocr_line' id='line_1_77' title="bbox 1162 1035 2010 1066; baseline -0.004 -6"><span class='ocrx_word' id='word_1_642' title='bbox 1162 1044 1233 1066; x_wconf 86' lang='lat' dir='ltr'>opera</span> <span class='ocrx_word' id='word_1_643' title='bbox 1251 1038 1288 1060; x_wconf 81' lang='grc'>101.</span> <span class='ocrx_word' id='word_1_644' title='bbox 1305 1043 1324 1059; x_wconf 88' lang='lat' dir='ltr'>r.</span> <span class='ocrx_word' id='word_1_645' title='bbox 1341 1043 1387 1060; x_wconf 89' lang='lat' dir='ltr'>non</span> <span class='ocrx_word' id='word_1_646' title='bbox 1404 1039 1526 1059; x_wconf 84' lang='lat' dir='ltr'>numerato</span> <span class='ocrx_word' id='word_1_647' title='bbox 1544 1039 1578 1059; x_wconf 89' lang='lat' dir='ltr'>est</span> <span class='ocrx_word' id='word_1_648' title='bbox 1595 1036 1673 1059; x_wconf 88' lang='lat' dir='ltr'>titulus</span> <span class='ocrx_word' id='word_1_649' title='bbox 1687 1036 1756 1058; x_wconf 89' lang='lat' dir='ltr'>huius</span> <span class='ocrx_word' id='word_1_650' title='bbox 1773 1035 1878 1064; x_wconf 83' lang='lat' dir='ltr'>opusculi</span> <span class='ocrx_word' id='word_1_651' title='bbox 1895 1037 2010 1058; x_wconf 83' lang='lat' dir='ltr'>exaratus:</span> 
     </span>
     <span class='ocr_line' id='line_1_78' title="bbox 1162 1080 2011 1114; baseline -0.004 -7"><span class='ocrx_word' id='word_1_652' title='bbox 1162 1084 1248 1114; x_wconf 83' lang='lat' dir='ltr'>Incipit</span> <span class='ocrx_word' id='word_1_653' title='bbox 1262 1083 1378 1114; x_wconf 72' lang='lat' dir='ltr'>proloqus</span> <span class='ocrx_word' id='word_1_654' title='bbox 1395 1083 1421 1106; x_wconf 87' lang='lat' dir='ltr'>in</span> <span class='ocrx_word' id='word_1_655' title='bbox 1439 1082 1499 1106; x_wconf 85' lang='lat' dir='ltr'>libro</span> <span class='ocrx_word' id='word_1_656' title='bbox 1518 1082 1546 1106; x_wconf 84' lang='lat' dir='ltr'>de</span> <span class='ocrx_word' id='word_1_657' title='bbox 1563 1082 1612 1106; x_wconf 76' lang='lat' dir='ltr'>vita</span> <span class='ocrx_word' id='word_1_658' title='bbox 1628 1084 1649 1106; x_wconf 85' lang='lat' dir='ltr'>et</span> <span class='ocrx_word' id='word_1_659' title='bbox 1665 1081 1843 1106; x_wconf 77' lang='lat' dir='ltr'>conversatione</span> <span class='ocrx_word' id='word_1_660' title='bbox 1859 1080 1958 1104; x_wconf 80' lang='lat' dir='ltr'>Domini</span> <span class='ocrx_word' id='word_1_661' title='bbox 1972 1087 2011 1104; x_wconf 90' lang='lat' dir='ltr'>no-</span> 
     </span>
     <span class='ocr_line' id='line_1_79' title="bbox 1161 1128 2012 1160; baseline -0.004 -6"><span class='ocrx_word' id='word_1_662' title='bbox 1161 1131 1208 1155; x_wconf 81' lang='lat' dir='ltr'>stri</span> <span class='ocrx_word' id='word_1_663' title='bbox 1223 1132 1275 1154; x_wconf 82' lang='lat' dir='ltr'>Iesu</span> <span class='ocrx_word' id='word_1_664' title='bbox 1292 1130 1348 1159; x_wconf 80' lang='lat' dir='ltr'>Xti,</span> <span class='ocrx_word' id='word_1_665' title='bbox 1366 1130 1408 1160; x_wconf 84' lang='lat' dir='ltr'>qui</span> <span class='ocrx_word' id='word_1_666' title='bbox 1423 1130 1560 1160; x_wconf 83' lang='lat' dir='ltr'>appellatur</span> <span class='ocrx_word' id='word_1_667' title='bbox 1577 1130 1680 1159; x_wconf 66' lang='lat' dir='ltr'>Ligynum</span> <span class='ocrx_word' id='word_1_668' title='bbox 1698 1129 1754 1158; x_wconf 80' lang='lat' dir='ltr'>cite,</span> <span class='ocrx_word' id='word_1_669' title='bbox 1772 1128 1915 1158; x_wconf 84' lang='lat' dir='ltr'>compilatus</span> <span class='ocrx_word' id='word_1_670' title='bbox 1932 1134 1947 1151; x_wconf 89' lang='lat' dir='ltr'>a</span> <span class='ocrx_word' id='word_1_671' title='bbox 1963 1128 2012 1158; x_wconf 76' lang='grc' dir='ltr'><em>[να-</em></span> 
     </span>
     <span class='ocr_line' id='line_1_80' title="bbox 1161 1175 1970 1205; baseline -0.004 -4"><span class='ocrx_word' id='word_1_672' title='bbox 1161 1180 1197 1201; x_wconf 84' lang='lat' dir='ltr'>tre</span> <span class='ocrx_word' id='word_1_673' title='bbox 1214 1178 1391 1201; x_wconf 82' lang='lat' dir='ltr'>Bonacentura.</span> <span class='ocrx_word' id='word_1_674' title='bbox 1408 1178 1495 1200; x_wconf 77' lang='lat' dir='ltr'>Desinit</span> <span class='ocrx_word' id='word_1_675' title='bbox 1511 1178 1548 1200; x_wconf 86' lang='lat' dir='ltr'>sol.</span> <span class='ocrx_word' id='word_1_676' title='bbox 1566 1177 1693 1205; x_wconf 87' lang='lat' dir='ltr'>penultimo</span> <span class='ocrx_word' id='word_1_677' title='bbox 1710 1177 1797 1199; x_wconf 86' lang='lat' dir='ltr'>codicis</span> <span class='ocrx_word' id='word_1_678' title='bbox 1815 1178 1839 1199; x_wconf 88' lang='lat' dir='ltr'>ut</span> <span class='ocrx_word' id='word_1_679' title='bbox 1856 1176 1878 1198; x_wconf 92' lang='lat' dir='ltr'>in</span> <span class='ocrx_word' id='word_1_680' title='bbox 1895 1175 1970 1198; x_wconf 86' lang='lat' dir='ltr'>editis.</span> 
     </span>
    </p>

    <p class='ocr_par' dir='ltr' id='par_1_21' title="bbox 1162 1222 2013 1532">
     <span class='ocr_line' id='line_1_81' title="bbox 1228 1222 2010 1253; baseline -0.003 -6"><span class='ocrx_word' id='word_1_681' title='bbox 1228 1225 1279 1247; x_wconf 76' lang='lat'>156.</span> <span class='ocrx_word' id='word_1_682' title='bbox 1298 1224 1390 1253; x_wconf 80' lang='lat' dir='ltr'>Trecis,</span> <span class='ocrx_word' id='word_1_683' title='bbox 1409 1224 1546 1247; x_wconf 89' lang='lat' dir='ltr'>bibliotheca</span> <span class='ocrx_word' id='word_1_684' title='bbox 1564 1224 1679 1253; x_wconf 70' lang='lat' dir='ltr'>CivitatiS,</span> <span class='ocrx_word' id='word_1_685' title='bbox 1697 1224 1749 1247; x_wconf 86' lang='lat' dir='ltr'>cod.</span> <span class='ocrx_word' id='word_1_686' title='bbox 1765 1223 1832 1246; x_wconf 83' lang='grc'>1397.</span> <span class='ocrx_word' id='word_1_687' title='bbox 1845 1223 1939 1246; x_wconf 88' lang='lat' dir='ltr'>miscell.</span> <span class='ocrx_word' id='word_1_688' title='bbox 1952 1223 1975 1245; x_wconf 93' lang='lat' dir='ltr'>in</span> <span class='ocrx_word' id='word_1_689' title='bbox 1988 1222 2010 1245; x_wconf 88' lang='grc'>4.</span> 
     </span>
     <span class='ocr_line' id='line_1_82' title="bbox 1162 1271 2012 1299; baseline -0.004 -4"><span class='ocrx_word' id='word_1_690' title='bbox 1162 1279 1222 1295; x_wconf 86' lang='lat' dir='ltr'>saec.</span> <span class='ocrx_word' id='word_1_691' title='bbox 1240 1272 1292 1295; x_wconf 89' lang='lat' dir='ltr'>XV.</span> <span class='ocrx_word' id='word_1_692' title='bbox 1308 1284 1339 1288; x_wconf 90' lang='lat'>-—</span> <span class='ocrx_word' id='word_1_693' title='bbox 1356 1272 1402 1295; x_wconf 91' lang='lat' dir='ltr'>FoI.</span> <span class='ocrx_word' id='word_1_694' title='bbox 1420 1272 1473 1294; x_wconf 81' lang='lat'>215.</span> <span class='ocrx_word' id='word_1_695' title='bbox 1490 1278 1509 1294; x_wconf 88' lang='lat' dir='ltr'>r.</span> <span class='ocrx_word' id='word_1_696' title='bbox 1526 1275 1560 1295; x_wconf 88' lang='lat' dir='ltr'>est</span> <span class='ocrx_word' id='word_1_697' title='bbox 1577 1272 1654 1294; x_wconf 88' lang='lat' dir='ltr'>titulus</span> <span class='ocrx_word' id='word_1_698' title='bbox 1679 1271 1785 1299; x_wconf 87' lang='lat' dir='ltr'>opusculi</span> <span class='ocrx_word' id='word_1_699' title='bbox 1807 1277 1820 1293; x_wconf 88' lang='lat' dir='ltr'>a</span> <span class='ocrx_word' id='word_1_700' title='bbox 1841 1271 1917 1299; x_wconf 87' lang='lat' dir='ltr'>prima</span> <span class='ocrx_word' id='word_1_701' title='bbox 1943 1276 2012 1292; x_wconf 88' lang='lat' dir='ltr'>manu</span> 
     </span>
     <span class='ocr_line' id='line_1_83' title="bbox 1163 1317 2011 1349; baseline -0.004 -6"><span class='ocrx_word' id='word_1_702' title='bbox 1163 1323 1280 1343; x_wconf 85' lang='lat' dir='ltr'>exaratus:</span> <span class='ocrx_word' id='word_1_703' title='bbox 1298 1319 1382 1349; x_wconf 83' lang='lat' dir='ltr'>Incipit</span> <span class='ocrx_word' id='word_1_704' title='bbox 1398 1321 1515 1343; x_wconf 83' lang='lat' dir='ltr'>tractatus</span> <span class='ocrx_word' id='word_1_705' title='bbox 1532 1318 1560 1342; x_wconf 82' lang='lat' dir='ltr'>cle</span> <span class='ocrx_word' id='word_1_706' title='bbox 1576 1318 1663 1342; x_wconf 81' lang='lat' dir='ltr'>arbore</span> <span class='ocrx_word' id='word_1_707' title='bbox 1679 1317 1757 1342; x_wconf 82' lang='lat' dir='ltr'>crucis</span> <span class='ocrx_word' id='word_1_708' title='bbox 1774 1324 1790 1341; x_wconf 92' lang='lat' dir='ltr'>a</span> <span class='ocrx_word' id='word_1_709' title='bbox 1801 1318 1878 1348; x_wconf 81' lang='lat' dir='ltr'>fratre</span> <span class='ocrx_word' id='word_1_710' title='bbox 1891 1317 2011 1340; x_wconf 78' lang='lat' dir='ltr'>Benacen-</span> 
     </span>
     <span class='ocr_line' id='line_1_84' title="bbox 1163 1364 2008 1396; baseline -0.005 -6"><span class='ocrx_word' id='word_1_711' title='bbox 1163 1369 1219 1391; x_wconf 80' lang='lat' dir='ltr'>tura</span> <span class='ocrx_word' id='word_1_712' title='bbox 1237 1366 1294 1390; x_wconf 81' lang='lat' dir='ltr'>bone</span> <span class='ocrx_word' id='word_1_713' title='bbox 1310 1366 1424 1390; x_wconf 83' lang='lat' dir='ltr'>memorie</span> <span class='ocrx_word' id='word_1_714' title='bbox 1441 1366 1592 1396; x_wconf 84' lang='lat' dir='ltr'>compositus.</span> <span class='ocrx_word' id='word_1_715' title='bbox 1609 1366 1695 1388; x_wconf 88' lang='lat' dir='ltr'>Eadem</span> <span class='ocrx_word' id='word_1_716' title='bbox 1716 1366 1824 1394; x_wconf 82' lang='lat' dir='ltr'>leguntur</span> <span class='ocrx_word' id='word_1_717' title='bbox 1841 1365 1865 1387; x_wconf 91' lang='lat' dir='ltr'>in</span> <span class='ocrx_word' id='word_1_718' title='bbox 1888 1365 1945 1392; x_wconf 85' lang='lat' dir='ltr'>fine,</span> <span class='ocrx_word' id='word_1_719' title='bbox 1967 1364 2008 1393; x_wconf 87' lang='lat' dir='ltr'>qui</span> 
     </span>
     <span class='ocr_line' id='line_1_85' title="bbox 1163 1412 2013 1441; baseline -0.004 -3"><span class='ocrx_word' id='word_1_720' title='bbox 1163 1415 1263 1438; x_wconf 83' lang='lat' dir='ltr'>occurrit</span> <span class='ocrx_word' id='word_1_721' title='bbox 1281 1415 1317 1437; x_wconf 83' lang='lat' dir='ltr'>sol.</span> <span class='ocrx_word' id='word_1_722' title='bbox 1335 1415 1388 1437; x_wconf 83' lang='lat'>227.</span> <span class='ocrx_word' id='word_1_723' title='bbox 1405 1421 1442 1441; x_wconf 85' lang='lat' dir='ltr'>v.,</span> <span class='ocrx_word' id='word_1_724' title='bbox 1459 1414 1499 1436; x_wconf 88' lang='lat' dir='ltr'>ubi</span> <span class='ocrx_word' id='word_1_725' title='bbox 1516 1414 1621 1437; x_wconf 88' lang='lat' dir='ltr'>additur:</span> <span class='ocrx_word' id='word_1_726' title='bbox 1640 1413 1677 1437; x_wconf 78' lang='lat' dir='ltr'>Acl</span> <span class='ocrx_word' id='word_1_727' title='bbox 1694 1412 1789 1436; x_wconf 78' lang='lat' dir='ltr'>laudem</span> <span class='ocrx_word' id='word_1_728' title='bbox 1806 1414 1829 1436; x_wconf 87' lang='lat' dir='ltr'>et</span> <span class='ocrx_word' id='word_1_729' title='bbox 1842 1412 1957 1436; x_wconf 78' lang='lat' dir='ltr'>bonorem</span> <span class='ocrx_word' id='word_1_730' title='bbox 1969 1413 2013 1435; x_wconf 95' lang='lat' dir='ltr'>Do-</span> 
     </span>
     <span class='ocr_line' id='line_1_86' title="bbox 1163 1460 2013 1492; baseline -0.004 -7"><span class='ocrx_word' id='word_1_731' title='bbox 1163 1462 1224 1485; x_wconf 87' lang='lat' dir='ltr'>mini</span> <span class='ocrx_word' id='word_1_732' title='bbox 1238 1461 1317 1485; x_wconf 79' lang='lat' dir='ltr'>nostri</span> <span class='ocrx_word' id='word_1_733' title='bbox 1334 1462 1384 1485; x_wconf 88' lang='lat' dir='ltr'>Iesu</span> <span class='ocrx_word' id='word_1_734' title='bbox 1402 1461 1446 1485; x_wconf 78' lang='lat' dir='ltr'>Xti</span> <span class='ocrx_word' id='word_1_735' title='bbox 1462 1461 1579 1492; x_wconf 68' lang='lat' dir='ltr'>crucifioei.</span> <span class='ocrx_word' id='word_1_736' title='bbox 1598 1461 1731 1490; x_wconf 82' lang='lat' dir='ltr'>Sequuntur</span> <span class='ocrx_word' id='word_1_737' title='bbox 1747 1460 1804 1483; x_wconf 85' lang='lat' dir='ltr'>tituli</span> <span class='ocrx_word' id='word_1_738' title='bbox 1822 1460 1852 1483; x_wconf 84' lang='lat' dir='ltr'>ad</span> <span class='ocrx_word' id='word_1_739' title='bbox 1868 1460 1940 1482; x_wconf 85' lang='lat' dir='ltr'>instar</span> <span class='ocrx_word' id='word_1_740' title='bbox 1951 1461 2013 1482; x_wconf 87' lang='lat' dir='ltr'>sche-</span> 
     </span>
     <span class='ocr_line' id='line_1_87' title="bbox 1162 1509 1352 1532; baseline 0.005 -1"><span class='ocrx_word' id='word_1_741' title='bbox 1162 1509 1230 1532; x_wconf 84' lang='lat' dir='ltr'>matis</span> <span class='ocrx_word' id='word_1_742' title='bbox 1247 1509 1352 1532; x_wconf 86' lang='lat' dir='ltr'>ordinati.</span> 
     </span>
    </p>
   </div>
   <div class='ocr_carea' id='block_1_8' title="bbox 1227 1554 2054 1588">
    <p class='ocr_par' dir='ltr' id='par_1_22' title="bbox 1227 1554 2054 1588">
     <span class='ocr_line' id='line_1_88' title="bbox 1227 1554 2054 1588; baseline -0.004 -9"><span class='ocrx_word' id='word_1_743' title='bbox 1227 1556 1279 1579; x_wconf 82' lang='grc'>157.</span> <span class='ocrx_word' id='word_1_744' title='bbox 1297 1555 1398 1584; x_wconf 82' lang='lat' dir='ltr'>Ibidem,</span> <span class='ocrx_word' id='word_1_745' title='bbox 1418 1556 1471 1578; x_wconf 90' lang='lat' dir='ltr'>cod.</span> <span class='ocrx_word' id='word_1_746' title='bbox 1493 1556 1558 1577; x_wconf 86' lang='lat'>1891.</span> <span class='ocrx_word' id='word_1_747' title='bbox 1576 1554 1675 1577; x_wconf 91' lang='lat' dir='ltr'>membr.</span> <span class='ocrx_word' id='word_1_748' title='bbox 1692 1555 1716 1577; x_wconf 94' lang='lat' dir='ltr'>in</span> <span class='ocrx_word' id='word_1_749' title='bbox 1734 1555 1754 1577; x_wconf 82' lang='grc'>8.</span> <span class='ocrx_word' id='word_1_750' title='bbox 1778 1554 1878 1582; x_wconf 92' lang='lat' dir='ltr'>plurium</span> <span class='ocrx_word' id='word_1_751' title='bbox 1903 1557 2011 1577; x_wconf 88' lang='lat' dir='ltr'>aetatum.</span> <span class='ocrx_word' id='word_1_752' title='bbox 2048 1586 2054 1588; x_wconf 31' lang='lat'><strong><em>⁴</em></strong></span> 
     </span>
    </p>
   </div>
   <div class='ocr_carea' id='block_1_9' title="bbox 1160 1601 2015 2994">
    <p class='ocr_par' dir='ltr' id='par_1_23' title="bbox 1160 1601 2014 1816">
     <span class='ocr_line' id='line_1_89' title="bbox 1163 1601 2012 1631; baseline -0.002 -5"><span class='ocrx_word' id='word_1_753' title='bbox 1163 1617 1194 1619; x_wconf 97' lang='lat'><strong>—</strong></span> <span class='ocrx_word' id='word_1_754' title='bbox 1211 1604 1259 1626; x_wconf 88' lang='lat' dir='ltr'>Hoc</span> <span class='ocrx_word' id='word_1_755' title='bbox 1276 1603 1416 1631; x_wconf 87' lang='lat' dir='ltr'>opusculum</span> <span class='ocrx_word' id='word_1_756' title='bbox 1433 1606 1467 1625; x_wconf 85' lang='lat' dir='ltr'>est</span> <span class='ocrx_word' id='word_1_757' title='bbox 1484 1609 1545 1625; x_wconf 84' lang='lat' dir='ltr'>saec.</span> <span class='ocrx_word' id='word_1_758' title='bbox 1562 1602 1622 1625; x_wconf 85' lang='lat' dir='ltr'>XIV.</span> <span class='ocrx_word' id='word_1_759' title='bbox 1640 1605 1662 1624; x_wconf 91' lang='lat' dir='ltr'>et</span> <span class='ocrx_word' id='word_1_760' title='bbox 1679 1601 1749 1624; x_wconf 89' lang='lat' dir='ltr'>habet</span> <span class='ocrx_word' id='word_1_761' title='bbox 1765 1601 1855 1624; x_wconf 86' lang='lat' dir='ltr'>Initium</span> <span class='ocrx_word' id='word_1_762' title='bbox 1872 1602 1910 1624; x_wconf 78' lang='lat' dir='ltr'>sol.</span> <span class='ocrx_word' id='word_1_763' title='bbox 1927 1601 1981 1624; x_wconf 87' lang='lat'>267.</span> <span class='ocrx_word' id='word_1_764' title='bbox 1992 1607 2012 1624; x_wconf 85' lang='lat' dir='ltr'>r.</span> 
     </span>
     <span class='ocr_line' id='line_1_90' title="bbox 1164 1647 2014 1679; baseline -0.004 -5"><span class='ocrx_word' id='word_1_765' title='bbox 1164 1650 1208 1674; x_wconf 88' lang='lat' dir='ltr'>sub</span> <span class='ocrx_word' id='word_1_766' title='bbox 1226 1652 1269 1673; x_wconf 87' lang='lat' dir='ltr'>hac</span> <span class='ocrx_word' id='word_1_767' title='bbox 1286 1650 1395 1673; x_wconf 85' lang='lat' dir='ltr'>rubrica:</span> <span class='ocrx_word' id='word_1_768' title='bbox 1414 1649 1498 1679; x_wconf 85' lang='lat' dir='ltr'>Incipit</span> <span class='ocrx_word' id='word_1_769' title='bbox 1519 1649 1663 1673; x_wconf 77' lang='lat' dir='ltr'>tractatulus</span> <span class='ocrx_word' id='word_1_770' title='bbox 1687 1649 1854 1672; x_wconf 76' lang='lat' dir='ltr'>Bonaventure</span> <span class='ocrx_word' id='word_1_771' title='bbox 1878 1648 1905 1672; x_wconf 84' lang='lat' dir='ltr'>de</span> <span class='ocrx_word' id='word_1_772' title='bbox 1927 1647 2014 1672; x_wconf 79' lang='lat' dir='ltr'>arbore</span> 
     </span>
     <span class='ocr_line' id='line_1_91' title="bbox 1164 1695 2012 1728; baseline -0.004 -7"><span class='ocrx_word' id='word_1_773' title='bbox 1164 1697 1234 1728; x_wconf 73' lang='lat' dir='ltr'>Liyni</span> <span class='ocrx_word' id='word_1_774' title='bbox 1248 1697 1301 1721; x_wconf 80' lang='lat' dir='ltr'>vite.</span> <span class='ocrx_word' id='word_1_775' title='bbox 1318 1697 1366 1720; x_wconf 80' lang='lat' dir='ltr'>Xto</span> <span class='ocrx_word' id='word_1_776' title='bbox 1385 1696 1495 1727; x_wconf 65' lang='lat' dir='ltr'>confixus</span> <span class='ocrx_word' id='word_1_777' title='bbox 1511 1702 1566 1719; x_wconf 84' lang='lat' dir='ltr'>sum</span> <span class='ocrx_word' id='word_1_778' title='bbox 1584 1695 1652 1719; x_wconf 78' lang='lat' dir='ltr'>cruci</span> <span class='ocrx_word' id='word_1_779' title='bbox 1670 1699 1714 1718; x_wconf 90' lang='lat' dir='ltr'>etc.</span> <span class='ocrx_word' id='word_1_780' title='bbox 1736 1696 1823 1718; x_wconf 90' lang='lat' dir='ltr'>Desinit</span> <span class='ocrx_word' id='word_1_781' title='bbox 1844 1696 1882 1718; x_wconf 80' lang='lat' dir='ltr'>fol.</span> <span class='ocrx_word' id='word_1_782' title='bbox 1906 1696 1959 1718; x_wconf 87' lang='lat'>282.</span> <span class='ocrx_word' id='word_1_783' title='bbox 1977 1702 2012 1718; x_wconf 91' lang='lat' dir='ltr'>v.:</span> 
     </span>
     <span class='ocr_line' id='line_1_92' title="bbox 1160 1741 2013 1775; baseline -0.004 -7"><span class='ocrx_word' id='word_1_784' title='bbox 1160 1751 1206 1775; x_wconf 83' lang='lat' dir='ltr'>per</span> <span class='ocrx_word' id='word_1_785' title='bbox 1222 1744 1315 1773; x_wconf 78' lang='lat' dir='ltr'>infinita</span> <span class='ocrx_word' id='word_1_786' title='bbox 1332 1743 1413 1768; x_wconf 83' lang='lat' dir='ltr'>secula</span> <span class='ocrx_word' id='word_1_787' title='bbox 1429 1743 1575 1767; x_wconf 80' lang='lat' dir='ltr'>seculorum.</span> <span class='ocrx_word' id='word_1_788' title='bbox 1592 1743 1674 1766; x_wconf 84' lang='lat' dir='ltr'>Amen.</span> <span class='ocrx_word' id='word_1_789' title='bbox 1697 1741 1803 1772; x_wconf 69' lang='lat' dir='ltr'>Explicit</span> <span class='ocrx_word' id='word_1_790' title='bbox 1824 1741 1898 1765; x_wconf 84' lang='lat' dir='ltr'>arbor</span> <span class='ocrx_word' id='word_1_791' title='bbox 1916 1741 1943 1765; x_wconf 83' lang='lat' dir='ltr'>de</span> <span class='ocrx_word' id='word_1_792' title='bbox 1964 1741 2013 1765; x_wconf 82' lang='lat' dir='ltr'>vita</span> 
     </span>
     <span class='ocr_line' id='line_1_93' title="bbox 1164 1792 1284 1816; baseline 0 -1"><span class='ocrx_word' id='word_1_793' title='bbox 1164 1793 1217 1816; x_wconf 80' lang='lat' dir='ltr'>Iesn</span> <span class='ocrx_word' id='word_1_794' title='bbox 1233 1792 1284 1815; x_wconf 77' lang='lat' dir='ltr'>Xti.</span> 
     </span>
    </p>

    <p class='ocr_par' dir='ltr' id='par_1_24' title="bbox 1161 1836 2015 2102">
     <span class='ocr_line' id='line_1_94' title="bbox 1231 1836 2013 1866; baseline -0.004 -4"><span class='ocrx_word' id='word_1_795' title='bbox 1231 1839 1281 1862; x_wconf 81' lang='lat'>158.</span> <span class='ocrx_word' id='word_1_796' title='bbox 1300 1838 1417 1866; x_wconf 77' lang='lat' dir='ltr'>Tm‘denti,</span> <span class='ocrx_word' id='word_1_797' title='bbox 1436 1837 1574 1860; x_wconf 85' lang='lat' dir='ltr'>bibliotheca</span> <span class='ocrx_word' id='word_1_798' title='bbox 1591 1837 1706 1865; x_wconf 83' lang='lat' dir='ltr'>Civitatis,</span> <span class='ocrx_word' id='word_1_799' title='bbox 1723 1837 1809 1860; x_wconf 90' lang='lat' dir='ltr'>collect.</span> <span class='ocrx_word' id='word_1_800' title='bbox 1822 1837 1949 1864; x_wconf 80' lang='lat' dir='ltr'>Gentssotti,</span> <span class='ocrx_word' id='word_1_801' title='bbox 1961 1836 2013 1859; x_wconf 89' lang='lat' dir='ltr'>cod.</span> 
     </span>
     <span class='ocr_line' id='line_1_95' title="bbox 1164 1884 2015 1909; baseline -0.004 0"><span class='ocrx_word' id='word_1_802' title='bbox 1164 1886 1217 1909; x_wconf 89' lang='lat'>240.</span> <span class='ocrx_word' id='word_1_803' title='bbox 1234 1885 1334 1909; x_wconf 89' lang='lat' dir='ltr'>membr.</span> <span class='ocrx_word' id='word_1_804' title='bbox 1352 1886 1375 1908; x_wconf 89' lang='lat' dir='ltr'>in</span> <span class='ocrx_word' id='word_1_805' title='bbox 1393 1885 1413 1907; x_wconf 88' lang='lat'>4.</span> <span class='ocrx_word' id='word_1_806' title='bbox 1431 1891 1491 1908; x_wconf 87' lang='lat' dir='ltr'>saec.</span> <span class='ocrx_word' id='word_1_807' title='bbox 1509 1885 1560 1907; x_wconf 88' lang='lat' dir='ltr'>XV.</span> <span class='ocrx_word' id='word_1_808' title='bbox 1576 1885 1683 1907; x_wconf 91' lang='lat' dir='ltr'>ineuntis.</span> <span class='ocrx_word' id='word_1_809' title='bbox 1699 1896 1731 1901; x_wconf 84' lang='lat'>—</span> <span class='ocrx_word' id='word_1_810' title='bbox 1748 1884 1794 1907; x_wconf 92' lang='lat' dir='ltr'>Fol.</span> <span class='ocrx_word' id='word_1_811' title='bbox 1817 1890 1841 1906; x_wconf 94' lang='lat' dir='ltr'>v.</span> <span class='ocrx_word' id='word_1_812' title='bbox 1863 1890 1909 1906; x_wconf 92' lang='lat' dir='ltr'>non</span> <span class='ocrx_word' id='word_1_813' title='bbox 1934 1889 2015 1906; x_wconf 87' lang='lat' dir='ltr'>nume-</span> 
     </span>
     <span class='ocr_line' id='line_1_96' title="bbox 1163 1930 2013 1963; baseline -0.004 -7"><span class='ocrx_word' id='word_1_814' title='bbox 1163 1936 1226 1956; x_wconf 89' lang='lat' dir='ltr'>rato:</span> <span class='ocrx_word' id='word_1_815' title='bbox 1243 1932 1327 1963; x_wconf 82' lang='lat' dir='ltr'>Incipit</span> <span class='ocrx_word' id='word_1_816' title='bbox 1345 1932 1403 1956; x_wconf 80' lang='lat' dir='ltr'>liber</span> <span class='ocrx_word' id='word_1_817' title='bbox 1421 1932 1500 1956; x_wconf 81' lang='lat' dir='ltr'>crucis</span> <span class='ocrx_word' id='word_1_818' title='bbox 1517 1931 1593 1955; x_wconf 85' lang='lat' dir='ltr'>editus</span> <span class='ocrx_word' id='word_1_819' title='bbox 1610 1938 1625 1955; x_wconf 89' lang='lat' dir='ltr'>a</span> <span class='ocrx_word' id='word_1_820' title='bbox 1642 1932 1813 1955; x_wconf 79' lang='lat' dir='ltr'>Bomwentura</span> <span class='ocrx_word' id='word_1_821' title='bbox 1831 1930 1945 1955; x_wconf 83' lang='lat' dir='ltr'>Generali</span> <span class='ocrx_word' id='word_1_822' title='bbox 1954 1930 2013 1954; x_wconf 88' lang='lat' dir='ltr'>Fra-</span> 
     </span>
     <span class='ocr_line' id='line_1_97' title="bbox 1163 1978 2013 2009; baseline -0.004 -5"><span class='ocrx_word' id='word_1_823' title='bbox 1163 1983 1229 2005; x_wconf 85' lang='lat' dir='ltr'>trum</span> <span class='ocrx_word' id='word_1_824' title='bbox 1246 1980 1382 2008; x_wconf 86' lang='lat' dir='ltr'>Minorum,</span> <span class='ocrx_word' id='word_1_825' title='bbox 1400 1979 1494 2009; x_wconf 72' lang='lat' dir='ltr'>eqreyio</span> <span class='ocrx_word' id='word_1_826' title='bbox 1511 1978 1607 2002; x_wconf 83' lang='lat' dir='ltr'>doctore</span> <span class='ocrx_word' id='word_1_827' title='bbox 1623 1985 1692 2003; x_wconf 82' lang='lat' dir='ltr'>sacre</span> <span class='ocrx_word' id='word_1_828' title='bbox 1708 1978 1830 2009; x_wconf 61' lang='lat' dir='ltr'>theologie.</span> <span class='ocrx_word' id='word_1_829' title='bbox 1841 1979 1890 2002; x_wconf 83' lang='lat' dir='ltr'>Xto</span> <span class='ocrx_word' id='word_1_830' title='bbox 1903 1978 2013 2008; x_wconf 66' lang='lat' dir='ltr'>confixus</span> 
     </span>
     <span class='ocr_line' id='line_1_98' title="bbox 1161 2024 2014 2055; baseline -0.004 -5"><span class='ocrx_word' id='word_1_831' title='bbox 1161 2033 1216 2050; x_wconf 82' lang='lat' dir='ltr'>sum</span> <span class='ocrx_word' id='word_1_832' title='bbox 1233 2026 1301 2050; x_wconf 84' lang='lat' dir='ltr'>cruci</span> <span class='ocrx_word' id='word_1_833' title='bbox 1316 2029 1360 2048; x_wconf 91' lang='lat' dir='ltr'>etc.</span> <span class='ocrx_word' id='word_1_834' title='bbox 1377 2026 1464 2048; x_wconf 85' lang='lat' dir='ltr'>Desinit</span> <span class='ocrx_word' id='word_1_835' title='bbox 1480 2026 1519 2048; x_wconf 85' lang='lat' dir='ltr'>sol.</span> <span class='ocrx_word' id='word_1_836' title='bbox 1536 2026 1617 2048; x_wconf 86' lang='lat' dir='ltr'>ultimo</span> <span class='ocrx_word' id='word_1_837' title='bbox 1629 2025 1715 2048; x_wconf 88' lang='lat' dir='ltr'>codicis</span> <span class='ocrx_word' id='word_1_838' title='bbox 1728 2032 1750 2047; x_wconf 90' lang='lat' dir='ltr'>v.</span> <span class='ocrx_word' id='word_1_839' title='bbox 1763 2025 1853 2048; x_wconf 86' lang='lat' dir='ltr'>verbis:</span> <span class='ocrx_word' id='word_1_840' title='bbox 1862 2031 1907 2054; x_wconf 83' lang='lat' dir='ltr'>per</span> <span class='ocrx_word' id='word_1_841' title='bbox 1920 2024 2014 2055; x_wconf 79' lang='lat' dir='ltr'>infinita</span> 
     </span>
     <span class='ocr_line' id='line_1_99' title="bbox 1162 2072 1820 2102; baseline -0.006 -4"><span class='ocrx_word' id='word_1_842' title='bbox 1162 2073 1243 2098; x_wconf 79' lang='lat' dir='ltr'>secula</span> <span class='ocrx_word' id='word_1_843' title='bbox 1260 2073 1405 2097; x_wconf 82' lang='lat' dir='ltr'>seculorum.</span> <span class='ocrx_word' id='word_1_844' title='bbox 1423 2074 1506 2096; x_wconf 78' lang='lat' dir='ltr'>Amen.</span> <span class='ocrx_word' id='word_1_845' title='bbox 1523 2072 1636 2102; x_wconf 68' lang='lat' dir='ltr'>Explicit.</span> <span class='ocrx_word' id='word_1_846' title='bbox 1654 2073 1702 2095; x_wconf 88' lang='lat' dir='ltr'>Deo</span> <span class='ocrx_word' id='word_1_847' title='bbox 1719 2072 1820 2102; x_wconf 71' lang='lat' dir='ltr'>=qratias.</span> 
     </span>
    </p>

    <p class='ocr_par' dir='ltr' id='par_1_25' title="bbox 1162 2118 2015 2331">
     <span class='ocr_line' id='line_1_100' title="bbox 1227 2118 2014 2149; baseline -0.001 -7"><span class='ocrx_word' id='word_1_848' title='bbox 1227 2120 1278 2142; x_wconf 77' lang='lat'>159.</span> <span class='ocrx_word' id='word_1_849' title='bbox 1299 2119 1434 2143; x_wconf 82' lang='lat' dir='ltr'>Turonibus</span> <span class='ocrx_word' id='word_1_850' title='bbox 1462 2119 1556 2149; x_wconf 88' lang='lat' dir='ltr'>(Tours)</span> <span class='ocrx_word' id='word_1_851' title='bbox 1578 2119 1601 2142; x_wconf 93' lang='lat' dir='ltr'>in</span> <span class='ocrx_word' id='word_1_852' title='bbox 1626 2119 1708 2147; x_wconf 84' lang='lat' dir='ltr'>Gallia,</span> <span class='ocrx_word' id='word_1_853' title='bbox 1734 2118 1872 2141; x_wconf 90' lang='lat' dir='ltr'>bibliotheca</span> <span class='ocrx_word' id='word_1_854' title='bbox 1898 2118 2014 2148; x_wconf 72' lang='lat' dir='ltr'>Civitatis,</span> 
     </span>
     <span class='ocr_line' id='line_1_101' title="bbox 1163 2165 2014 2194; baseline -0.004 -4"><span class='ocrx_word' id='word_1_855' title='bbox 1163 2167 1214 2190; x_wconf 88' lang='lat' dir='ltr'>cod.</span> <span class='ocrx_word' id='word_1_856' title='bbox 1233 2167 1286 2189; x_wconf 76' lang='lat'>519.</span> <span class='ocrx_word' id='word_1_857' title='bbox 1302 2167 1325 2189; x_wconf 91' lang='lat' dir='ltr'>in</span> <span class='ocrx_word' id='word_1_858' title='bbox 1343 2167 1365 2188; x_wconf 88' lang='lat'>8.</span> <span class='ocrx_word' id='word_1_859' title='bbox 1381 2172 1441 2188; x_wconf 85' lang='lat' dir='ltr'>saec.</span> <span class='ocrx_word' id='word_1_860' title='bbox 1460 2166 1515 2193; x_wconf 86' lang='lat' dir='ltr'>XV,</span> <span class='ocrx_word' id='word_1_861' title='bbox 1532 2172 1603 2194; x_wconf 87' lang='lat' dir='ltr'>quem</span> <span class='ocrx_word' id='word_1_862' title='bbox 1626 2165 1695 2188; x_wconf 88' lang='lat' dir='ltr'>etiam</span> <span class='ocrx_word' id='word_1_863' title='bbox 1720 2165 1888 2193; x_wconf 86' lang='lat' dir='ltr'>descripsimus</span> <span class='ocrx_word' id='word_1_864' title='bbox 1913 2167 1969 2188; x_wconf 91' lang='lat' dir='ltr'>tom.</span> <span class='ocrx_word' id='word_1_865' title='bbox 1987 2165 2014 2187; x_wconf 92' lang='lat' dir='ltr'>V.</span> 
     </span>
     <span class='ocr_line' id='line_1_102' title="bbox 1162 2212 2013 2243; baseline -0.002 -6"><span class='ocrx_word' id='word_1_866' title='bbox 1162 2220 1217 2243; x_wconf 82' lang='lat' dir='ltr'>pag.</span> <span class='ocrx_word' id='word_1_867' title='bbox 1235 2214 1321 2237; x_wconf 89' lang='lat' dir='ltr'>XXXII</span> <span class='ocrx_word' id='word_1_868' title='bbox 1338 2221 1359 2236; x_wconf 93' lang='lat' dir='ltr'>n.</span> <span class='ocrx_word' id='word_1_869' title='bbox 1379 2215 1431 2236; x_wconf 86' lang='lat'>121.</span> <span class='ocrx_word' id='word_1_870' title='bbox 1450 2226 1481 2230; x_wconf 97' lang='lat'><strong>—</strong></span> <span class='ocrx_word' id='word_1_871' title='bbox 1497 2214 1546 2236; x_wconf 90' lang='lat' dir='ltr'>Hoc</span> <span class='ocrx_word' id='word_1_872' title='bbox 1563 2213 1703 2241; x_wconf 86' lang='lat' dir='ltr'>opusculum</span> <span class='ocrx_word' id='word_1_873' title='bbox 1720 2212 1800 2241; x_wconf 89' lang='lat' dir='ltr'>incipit</span> <span class='ocrx_word' id='word_1_874' title='bbox 1817 2213 1853 2235; x_wconf 82' lang='lat' dir='ltr'>fol.</span> <span class='ocrx_word' id='word_1_875' title='bbox 1872 2213 1909 2235; x_wconf 85' lang='lat'>21.</span> <span class='ocrx_word' id='word_1_876' title='bbox 1927 2219 1957 2241; x_wconf 78' lang='lat' dir='ltr'>r.,</span> <span class='ocrx_word' id='word_1_877' title='bbox 1975 2213 2013 2235; x_wconf 89' lang='lat' dir='ltr'>cui</span> 
     </span>
     <span class='ocr_line' id='line_1_103' title="bbox 1163 2259 2015 2290; baseline -0.002 -6"><span class='ocrx_word' id='word_1_878' title='bbox 1163 2262 1341 2290; x_wconf 85' lang='lat' dir='ltr'>praemittuntur</span> <span class='ocrx_word' id='word_1_879' title='bbox 1358 2261 1454 2287; x_wconf 79' lang='lat' dir='ltr'>eadem,</span> <span class='ocrx_word' id='word_1_880' title='bbox 1472 2266 1533 2289; x_wconf 90' lang='lat' dir='ltr'>quae</span> <span class='ocrx_word' id='word_1_881' title='bbox 1549 2259 1664 2283; x_wconf 85' lang='lat' dir='ltr'>habentur</span> <span class='ocrx_word' id='word_1_882' title='bbox 1680 2266 1751 2288; x_wconf 84' lang='lat' dir='ltr'>supra</span> <span class='ocrx_word' id='word_1_883' title='bbox 1763 2266 1786 2282; x_wconf 90' lang='lat' dir='ltr'>n.</span> <span class='ocrx_word' id='word_1_884' title='bbox 1799 2260 1837 2282; x_wconf 86' lang='lat'>23.</span> <span class='ocrx_word' id='word_1_885' title='bbox 1848 2260 1871 2282; x_wconf 87' lang='lat' dir='ltr'>in</span> <span class='ocrx_word' id='word_1_886' title='bbox 1884 2259 1965 2283; x_wconf 88' lang='lat' dir='ltr'>codice</span> <span class='ocrx_word' id='word_1_887' title='bbox 1976 2260 2015 2282; x_wconf 85' lang='lat' dir='ltr'>Pa-</span> 
     </span>
     <span class='ocr_line' id='line_1_104' title="bbox 1163 2307 1704 2331; baseline -0.002 0"><span class='ocrx_word' id='word_1_888' title='bbox 1163 2308 1261 2331; x_wconf 87' lang='lat' dir='ltr'>risiensi.</span> <span class='ocrx_word' id='word_1_889' title='bbox 1279 2308 1364 2331; x_wconf 89' lang='lat' dir='ltr'>Desinit</span> <span class='ocrx_word' id='word_1_890' title='bbox 1382 2308 1435 2330; x_wconf 79' lang='lat' dir='ltr'>solio</span> <span class='ocrx_word' id='word_1_891' title='bbox 1454 2307 1491 2330; x_wconf 85' lang='lat'>37.</span> <span class='ocrx_word' id='word_1_892' title='bbox 1508 2314 1530 2330; x_wconf 93' lang='lat' dir='ltr'>v.</span> <span class='ocrx_word' id='word_1_893' title='bbox 1549 2310 1574 2330; x_wconf 86' lang='lat' dir='ltr'>ut</span> <span class='ocrx_word' id='word_1_894' title='bbox 1590 2308 1612 2330; x_wconf 92' lang='lat' dir='ltr'>in</span> <span class='ocrx_word' id='word_1_895' title='bbox 1629 2307 1704 2330; x_wconf 88' lang='lat' dir='ltr'>editis.</span> 
     </span>
    </p>

    <p class='ocr_par' dir='ltr' id='par_1_26' title="bbox 1163 2354 2015 2572">
     <span class='ocr_line' id='line_1_105' title="bbox 1228 2354 2014 2382; baseline -0.001 -5"><span class='ocrx_word' id='word_1_896' title='bbox 1228 2355 1279 2377; x_wconf 83' lang='lat'>160.</span> <span class='ocrx_word' id='word_1_897' title='bbox 1296 2354 1448 2378; x_wconf 84' lang='lat' dir='ltr'>Vindobonae</span> <span class='ocrx_word' id='word_1_898' title='bbox 1458 2355 1482 2377; x_wconf 90' lang='lat' dir='ltr'>in</span> <span class='ocrx_word' id='word_1_899' title='bbox 1494 2354 1597 2382; x_wconf 80' lang='lat' dir='ltr'>Austria,</span> <span class='ocrx_word' id='word_1_900' title='bbox 1610 2354 1750 2377; x_wconf 88' lang='lat' dir='ltr'>bibliotheca</span> <span class='ocrx_word' id='word_1_901' title='bbox 1761 2354 1875 2382; x_wconf 86' lang='lat' dir='ltr'>Palatina,</span> <span class='ocrx_word' id='word_1_902' title='bbox 1888 2360 1931 2376; x_wconf 90' lang='lat' dir='ltr'>ms.</span> <span class='ocrx_word' id='word_1_903' title='bbox 1945 2354 2014 2377; x_wconf 81' lang='lat'>1650.</span> 
     </span>
     <span class='ocr_line' id='line_1_106' title="bbox 1164 2401 2014 2430; baseline -0.001 -6"><span class='ocrx_word' id='word_1_904' title='bbox 1164 2402 1264 2425; x_wconf 88' lang='lat' dir='ltr'>membr.</span> <span class='ocrx_word' id='word_1_905' title='bbox 1281 2402 1304 2424; x_wconf 93' lang='lat' dir='ltr'>in</span> <span class='ocrx_word' id='word_1_906' title='bbox 1321 2402 1343 2424; x_wconf 87' lang='lat'>4.</span> <span class='ocrx_word' id='word_1_907' title='bbox 1359 2408 1419 2424; x_wconf 85' lang='lat' dir='ltr'>saec.</span> <span class='ocrx_word' id='word_1_908' title='bbox 1439 2402 1500 2424; x_wconf 85' lang='lat' dir='ltr'>XIV.</span> <span class='ocrx_word' id='word_1_909' title='bbox 1516 2414 1547 2418; x_wconf 78' lang='lat'>—</span> <span class='ocrx_word' id='word_1_910' title='bbox 1564 2402 1644 2430; x_wconf 89' lang='lat' dir='ltr'>Incipit</span> <span class='ocrx_word' id='word_1_911' title='bbox 1666 2402 1711 2424; x_wconf 88' lang='lat' dir='ltr'>hoc</span> <span class='ocrx_word' id='word_1_912' title='bbox 1736 2401 1874 2429; x_wconf 87' lang='lat' dir='ltr'>opusculum</span> <span class='ocrx_word' id='word_1_913' title='bbox 1901 2401 1937 2423; x_wconf 88' lang='lat' dir='ltr'>sol.</span> <span class='ocrx_word' id='word_1_914' title='bbox 1960 2401 1977 2423; x_wconf 97' lang='grc'>1.</span> <span class='ocrx_word' id='word_1_915' title='bbox 1995 2407 2014 2424; x_wconf 92' lang='lat' dir='ltr'>r.</span> 
     </span>
     <span class='ocr_line' id='line_1_107' title="bbox 1164 2448 2012 2476; baseline -0.002 -4"><span class='ocrx_word' id='word_1_916' title='bbox 1164 2449 1213 2472; x_wconf 92' lang='lat' dir='ltr'>sine</span> <span class='ocrx_word' id='word_1_917' title='bbox 1230 2449 1274 2472; x_wconf 88' lang='lat' dir='ltr'>ulla</span> <span class='ocrx_word' id='word_1_918' title='bbox 1291 2451 1357 2476; x_wconf 81' lang='lat' dir='ltr'>nota,</span> <span class='ocrx_word' id='word_1_919' title='bbox 1375 2451 1397 2471; x_wconf 90' lang='lat' dir='ltr'>et</span> <span class='ocrx_word' id='word_1_920' title='bbox 1413 2449 1496 2471; x_wconf 89' lang='lat' dir='ltr'>desinit</span> <span class='ocrx_word' id='word_1_921' title='bbox 1514 2449 1551 2471; x_wconf 81' lang='lat' dir='ltr'>fol.</span> <span class='ocrx_word' id='word_1_922' title='bbox 1570 2449 1606 2471; x_wconf 85' lang='lat'>16.</span> <span class='ocrx_word' id='word_1_923' title='bbox 1623 2455 1659 2476; x_wconf 89' lang='lat' dir='ltr'>v.,</span> <span class='ocrx_word' id='word_1_924' title='bbox 1678 2448 1717 2471; x_wconf 89' lang='lat' dir='ltr'>ubi</span> <span class='ocrx_word' id='word_1_925' title='bbox 1732 2448 1791 2471; x_wconf 86' lang='lat' dir='ltr'>alius</span> <span class='ocrx_word' id='word_1_926' title='bbox 1802 2448 1900 2476; x_wconf 84' lang='lat' dir='ltr'>scriptor</span> <span class='ocrx_word' id='word_1_927' title='bbox 1912 2448 2012 2471; x_wconf 86' lang='lat' dir='ltr'>addidit:</span> 
     </span>
     <span class='ocr_line' id='line_1_108' title="bbox 1163 2495 2015 2526; baseline -0.004 -6"><span class='ocrx_word' id='word_1_928' title='bbox 1163 2496 1277 2526; x_wconf 70' lang='lat' dir='ltr'>Maqister</span> <span class='ocrx_word' id='word_1_929' title='bbox 1297 2496 1475 2519; x_wconf 77' lang='lat' dir='ltr'>Bonaventura.</span> <span class='ocrx_word' id='word_1_930' title='bbox 1493 2496 1526 2518; x_wconf 91' lang='lat' dir='ltr'>De</span> <span class='ocrx_word' id='word_1_931' title='bbox 1543 2496 1587 2518; x_wconf 88' lang='lat' dir='ltr'>hoc</span> <span class='ocrx_word' id='word_1_932' title='bbox 1605 2495 1685 2518; x_wconf 89' lang='lat' dir='ltr'>codice</span> <span class='ocrx_word' id='word_1_933' title='bbox 1701 2495 1771 2518; x_wconf 86' lang='lat' dir='ltr'>locuti</span> <span class='ocrx_word' id='word_1_934' title='bbox 1788 2501 1870 2518; x_wconf 87' lang='lat' dir='ltr'>sumus</span> <span class='ocrx_word' id='word_1_935' title='bbox 1893 2495 1962 2517; x_wconf 88' lang='lat' dir='ltr'>etiam</span> <span class='ocrx_word' id='word_1_936' title='bbox 1979 2501 2015 2517; x_wconf 89' lang='lat' dir='ltr'>su-</span> 
     </span>
     <span class='ocr_line' id='line_1_109' title="bbox 1164 2542 1477 2572; baseline -0.003 -6"><span class='ocrx_word' id='word_1_937' title='bbox 1164 2549 1206 2572; x_wconf 87' lang='lat' dir='ltr'>pra</span> <span class='ocrx_word' id='word_1_938' title='bbox 1223 2549 1278 2571; x_wconf 84' lang='lat' dir='ltr'>pag.</span> <span class='ocrx_word' id='word_1_939' title='bbox 1295 2543 1367 2566; x_wconf 85' lang='lat' dir='ltr'>XXIII</span> <span class='ocrx_word' id='word_1_940' title='bbox 1384 2549 1407 2566; x_wconf 92' lang='lat' dir='ltr'>n.</span> <span class='ocrx_word' id='word_1_941' title='bbox 1423 2542 1477 2565; x_wconf 79' lang='lat'>256.</span> 
     </span>
    </p>

    <p class='ocr_par' dir='ltr' id='par_1_27' title="bbox 1164 2588 2015 2802">
     <span class='ocr_line' id='line_1_110' title="bbox 1232 2588 2015 2618; baseline -0.001 -6"><span class='ocrx_word' id='word_1_942' title='bbox 1232 2590 1281 2612; x_wconf 89' lang='lat'>161.</span> <span class='ocrx_word' id='word_1_943' title='bbox 1298 2589 1399 2618; x_wconf 83' lang='lat' dir='ltr'>Ibidem,</span> <span class='ocrx_word' id='word_1_944' title='bbox 1417 2596 1460 2612; x_wconf 91' lang='lat' dir='ltr'>ms.</span> <span class='ocrx_word' id='word_1_945' title='bbox 1477 2589 1547 2612; x_wconf 85' lang='grc'>3711.</span> <span class='ocrx_word' id='word_1_946' title='bbox 1563 2590 1636 2612; x_wconf 87' lang='lat' dir='ltr'>chart.</span> <span class='ocrx_word' id='word_1_947' title='bbox 1660 2589 1683 2611; x_wconf 92' lang='lat' dir='ltr'>in</span> <span class='ocrx_word' id='word_1_948' title='bbox 1704 2589 1742 2612; x_wconf 77' lang='lat' dir='ltr'>fol.</span> <span class='ocrx_word' id='word_1_949' title='bbox 1768 2594 1828 2611; x_wconf 87' lang='lat' dir='ltr'>saec.</span> <span class='ocrx_word' id='word_1_950' title='bbox 1854 2589 1904 2611; x_wconf 89' lang='lat' dir='ltr'>XV.</span> <span class='ocrx_word' id='word_1_951' title='bbox 1921 2601 1952 2605; x_wconf 98' lang='lat'><strong>—</strong></span> <span class='ocrx_word' id='word_1_952' title='bbox 1968 2588 2015 2611; x_wconf 89' lang='lat' dir='ltr'>Fol.</span> 
     </span>
     <span class='ocr_line' id='line_1_111' title="bbox 1165 2635 2015 2666; baseline 0 -7"><span class='ocrx_word' id='word_1_953' title='bbox 1165 2637 1217 2660; x_wconf 83' lang='lat'>204.</span> <span class='ocrx_word' id='word_1_954' title='bbox 1235 2643 1253 2659; x_wconf 89' lang='lat' dir='ltr'>r.</span> <span class='ocrx_word' id='word_1_955' title='bbox 1270 2639 1323 2665; x_wconf 89' lang='lat' dir='ltr'>post</span> <span class='ocrx_word' id='word_1_956' title='bbox 1345 2637 1388 2659; x_wconf 91' lang='lat' dir='ltr'>alia</span> <span class='ocrx_word' id='word_1_957' title='bbox 1406 2642 1477 2665; x_wconf 86' lang='lat' dir='ltr'>opera</span> <span class='ocrx_word' id='word_1_958' title='bbox 1500 2639 1534 2659; x_wconf 87' lang='lat' dir='ltr'>est</span> <span class='ocrx_word' id='word_1_959' title='bbox 1551 2642 1651 2666; x_wconf 85' lang='lat' dir='ltr'>sequens</span> <span class='ocrx_word' id='word_1_960' title='bbox 1668 2636 1774 2659; x_wconf 88' lang='lat' dir='ltr'>rubrica:</span> <span class='ocrx_word' id='word_1_961' title='bbox 1792 2635 1877 2666; x_wconf 81' lang='lat' dir='ltr'>Incipit</span> <span class='ocrx_word' id='word_1_962' title='bbox 1894 2635 1952 2659; x_wconf 87' lang='lat' dir='ltr'>liber</span> <span class='ocrx_word' id='word_1_963' title='bbox 1969 2636 2015 2659; x_wconf 91' lang='lat' dir='ltr'>Bo-</span> 
     </span>
     <span class='ocr_line' id='line_1_112' title="bbox 1164 2682 2014 2713; baseline -0.002 -6"><span class='ocrx_word' id='word_1_964' title='bbox 1164 2685 1309 2712; x_wconf 75' lang='lat' dir='ltr'>naventure,</span> <span class='ocrx_word' id='word_1_965' title='bbox 1326 2683 1368 2713; x_wconf 80' lang='lat' dir='ltr'>qui</span> <span class='ocrx_word' id='word_1_966' title='bbox 1384 2682 1522 2707; x_wconf 84' lang='lat' dir='ltr'>intitulatur</span> <span class='ocrx_word' id='word_1_967' title='bbox 1540 2682 1644 2713; x_wconf 72' lang='lat' dir='ltr'>Liynum</span> <span class='ocrx_word' id='word_1_968' title='bbox 1656 2683 1700 2707; x_wconf 85' lang='lat' dir='ltr'>vite</span> <span class='ocrx_word' id='word_1_969' title='bbox 1711 2685 1796 2707; x_wconf 83' lang='lat' dir='ltr'>eterne.</span> <span class='ocrx_word' id='word_1_970' title='bbox 1809 2683 1895 2706; x_wconf 85' lang='lat' dir='ltr'>Eadem</span> <span class='ocrx_word' id='word_1_971' title='bbox 1907 2685 2014 2711; x_wconf 82' lang='lat' dir='ltr'>repetun-</span> 
     </span>
     <span class='ocr_line' id='line_1_113' title="bbox 1165 2730 2014 2759; baseline -0.004 -4"><span class='ocrx_word' id='word_1_972' title='bbox 1165 2732 1240 2755; x_wconf 88' lang='lat' dir='ltr'>turin</span> <span class='ocrx_word' id='word_1_973' title='bbox 1258 2731 1303 2754; x_wconf 86' lang='lat' dir='ltr'>fine</span> <span class='ocrx_word' id='word_1_974' title='bbox 1321 2731 1358 2754; x_wconf 81' lang='lat' dir='ltr'>sol.</span> <span class='ocrx_word' id='word_1_975' title='bbox 1375 2731 1428 2753; x_wconf 88' lang='lat'>214.</span> <span class='ocrx_word' id='word_1_976' title='bbox 1448 2737 1465 2753; x_wconf 94' lang='lat' dir='ltr'>r.</span> <span class='ocrx_word' id='word_1_977' title='bbox 1483 2731 1525 2753; x_wconf 89' lang='lat' dir='ltr'>Hic</span> <span class='ocrx_word' id='word_1_978' title='bbox 1547 2731 1600 2753; x_wconf 91' lang='lat' dir='ltr'>cod.</span> <span class='ocrx_word' id='word_1_979' title='bbox 1623 2730 1669 2753; x_wconf 88' lang='lat' dir='ltr'>iam</span> <span class='ocrx_word' id='word_1_980' title='bbox 1694 2732 1786 2753; x_wconf 89' lang='lat' dir='ltr'>notatus</span> <span class='ocrx_word' id='word_1_981' title='bbox 1808 2733 1842 2753; x_wconf 86' lang='lat' dir='ltr'>est</span> <span class='ocrx_word' id='word_1_982' title='bbox 1866 2736 1937 2759; x_wconf 85' lang='lat' dir='ltr'>supra</span> <span class='ocrx_word' id='word_1_983' title='bbox 1959 2736 2014 2758; x_wconf 77' lang='lat' dir='ltr'>pag.</span> 
     </span>
     <span class='ocr_line' id='line_1_114' title="bbox 1165 2777 1347 2802; baseline -0.011 0"><span class='ocrx_word' id='word_1_984' title='bbox 1165 2779 1236 2802; x_wconf 90' lang='lat' dir='ltr'>XXIII</span> <span class='ocrx_word' id='word_1_985' title='bbox 1253 2785 1275 2801; x_wconf 89' lang='lat' dir='ltr'>n.</span> <span class='ocrx_word' id='word_1_986' title='bbox 1293 2777 1347 2801; x_wconf 78' lang='lat'>257.</span> 
     </span>
    </p>

    <p class='ocr_par' dir='ltr' id='par_1_28' title="bbox 1165 2824 2014 2994">
     <span class='ocr_line' id='line_1_115' title="bbox 1231 2824 2014 2853; baseline -0.003 -5"><span class='ocrx_word' id='word_1_987' title='bbox 1231 2826 1281 2848; x_wconf 80' lang='lat'>162.</span> <span class='ocrx_word' id='word_1_988' title='bbox 1298 2824 1398 2853; x_wconf 83' lang='lat' dir='ltr'>Ibidem,</span> <span class='ocrx_word' id='word_1_989' title='bbox 1420 2831 1463 2847; x_wconf 86' lang='lat' dir='ltr'>ms.</span> <span class='ocrx_word' id='word_1_990' title='bbox 1482 2825 1550 2847; x_wconf 84' lang='lat'>4362.</span> <span class='ocrx_word' id='word_1_991' title='bbox 1567 2825 1639 2847; x_wconf 82' lang='lat' dir='ltr'>chart.</span> <span class='ocrx_word' id='word_1_992' title='bbox 1661 2825 1684 2847; x_wconf 89' lang='lat' dir='ltr'>in</span> <span class='ocrx_word' id='word_1_993' title='bbox 1706 2825 1744 2847; x_wconf 82' lang='lat' dir='ltr'>fol.</span> <span class='ocrx_word' id='word_1_994' title='bbox 1766 2830 1826 2847; x_wconf 88' lang='lat' dir='ltr'>saec.</span> <span class='ocrx_word' id='word_1_995' title='bbox 1849 2824 1900 2846; x_wconf 92' lang='lat' dir='ltr'>XV.</span> <span class='ocrx_word' id='word_1_996' title='bbox 1919 2837 1947 2840; x_wconf 97' lang='lat'><strong>—</strong></span> <span class='ocrx_word' id='word_1_997' title='bbox 1965 2824 2014 2847; x_wconf 88' lang='lat' dir='ltr'>Hoc</span> 
     </span>
     <span class='ocr_line' id='line_1_116' title="bbox 1165 2870 2013 2902; baseline -0.001 -7"><span class='ocrx_word' id='word_1_998' title='bbox 1165 2872 1303 2901; x_wconf 87' lang='lat' dir='ltr'>opusculum</span> <span class='ocrx_word' id='word_1_999' title='bbox 1329 2872 1408 2900; x_wconf 87' lang='lat' dir='ltr'>incipit</span> <span class='ocrx_word' id='word_1_1000' title='bbox 1426 2872 1462 2894; x_wconf 79' lang='lat' dir='ltr'>foi.</span> <span class='ocrx_word' id='word_1_1001' title='bbox 1486 2873 1552 2900; x_wconf 86' lang='lat'>222.,</span> <span class='ocrx_word' id='word_1_1002' title='bbox 1570 2871 1655 2895; x_wconf 84' lang='lat' dir='ltr'>omisso</span> <span class='ocrx_word' id='word_1_1003' title='bbox 1672 2871 1749 2894; x_wconf 84' lang='lat' dir='ltr'>titulo:</span> <span class='ocrx_word' id='word_1_1004' title='bbox 1766 2871 1814 2894; x_wconf 76' lang='lat' dir='ltr'>Xto</span> <span class='ocrx_word' id='word_1_1005' title='bbox 1832 2870 1942 2902; x_wconf 70' lang='lat' dir='ltr'>confi-‘tus</span> <span class='ocrx_word' id='word_1_1006' title='bbox 1958 2876 2013 2894; x_wconf 82' lang='lat' dir='ltr'>sum</span> 
     </span>
     <span class='ocr_line' id='line_1_117' title="bbox 1165 2917 2013 2947; baseline -0.002 -5"><span class='ocrx_word' id='word_1_1007' title='bbox 1165 2918 1239 2943; x_wconf 82' lang='lat' dir='ltr'>cruci.</span> <span class='ocrx_word' id='word_1_1008' title='bbox 1257 2919 1343 2941; x_wconf 91' lang='lat' dir='ltr'>Desinit</span> <span class='ocrx_word' id='word_1_1009' title='bbox 1360 2918 1464 2941; x_wconf 88' lang='lat' dir='ltr'>absolute</span> <span class='ocrx_word' id='word_1_1010' title='bbox 1481 2919 1518 2941; x_wconf 85' lang='lat' dir='ltr'>rol.</span> <span class='ocrx_word' id='word_1_1011' title='bbox 1537 2919 1590 2941; x_wconf 87' lang='grc'>231.</span> <span class='ocrx_word' id='word_1_1012' title='bbox 1607 2925 1630 2941; x_wconf 87' lang='lat' dir='ltr'>v.</span> <span class='ocrx_word' id='word_1_1013' title='bbox 1648 2918 1767 2947; x_wconf 84' lang='lat' dir='ltr'>Quaedam</span> <span class='ocrx_word' id='word_1_1014' title='bbox 1785 2918 1814 2941; x_wconf 90' lang='lat' dir='ltr'>de</span> <span class='ocrx_word' id='word_1_1015' title='bbox 1831 2919 1875 2941; x_wconf 90' lang='lat' dir='ltr'>hoc</span> <span class='ocrx_word' id='word_1_1016' title='bbox 1897 2917 1949 2940; x_wconf 87' lang='lat' dir='ltr'>cod.</span> <span class='ocrx_word' id='word_1_1017' title='bbox 1966 2917 2013 2940; x_wconf 85' lang='lat' dir='ltr'>iam</span> 
     </span>
     <span class='ocr_line' id='line_1_118' title="bbox 1165 2965 1663 2994; baseline 0.002 -6"><span class='ocrx_word' id='word_1_1018' title='bbox 1165 2966 1266 2989; x_wconf 83' lang='lat' dir='ltr'>diximus</span> <span class='ocrx_word' id='word_1_1019' title='bbox 1282 2971 1352 2994; x_wconf 88' lang='lat' dir='ltr'>supra</span> <span class='ocrx_word' id='word_1_1020' title='bbox 1369 2969 1426 2994; x_wconf 82' lang='lat' dir='ltr'>pag.</span> <span class='ocrx_word' id='word_1_1021' title='bbox 1444 2965 1552 2988; x_wconf 82' lang='lat' dir='ltr'>XXXVII</span> <span class='ocrx_word' id='word_1_1022' title='bbox 1570 2972 1592 2988; x_wconf 91' lang='lat' dir='ltr'>n.</span> <span class='ocrx_word' id='word_1_1023' title='bbox 1610 2966 1663 2989; x_wconf 86' lang='lat'>221.</span> 
     </span>
    </p>
   </div>
  </div>
 </body>
</html>
