2133 3317
287 226 392 254 XXXVI

287 303 397 334 clialoqus
415 304 587 327 Bonacentare.
605 304 690 326 Desinit
708 304 744 326 [01.
762 304 801 326 75.
817 310 852 326 xa:
870 303 912 333 qui
927 305 961 326 est
978 310 1041 326 1111113
1058 305 1080 327 et
1096 303 1135 326 tri-

288 357 334 375 nus
352 351 483 375 benedictus
501 351 524 373 in
541 350 629 374 secuta.
647 351 729 374 Amen.

354 398 402 420 193.
420 397 568 427 Salisbzirqi,
583 397 720 420 bibliotheca
734 397 862 419 monasterii
875 397 946 419 5311611
962 398 1033 425 Petri,
1050 398 1102 420 cod.
1114 404 1136 420 a.

288 446 313 467 ll.
330 446 367 468 23.
385 446 457 468 chart.
475 445 496 467 111
515 445 536 467 8.
553 450 613 467 saec.
631 444 683 466 XV.
700 447 752 471 post
764 444 881 472 medium,
899 444 929 467 de
946 450 993 472 quo
1010 445 1102 472 egimus
1114 448 1136 467 et

288 495 342 515 tom.
362 493 390 514 V.
407 498 462 520 pag.
479 492 563 514 XXXII
588 497 611 513 11.
635 491 688 513 102.
706 504 735 506 -
753 491 904 520 soliloquium
922 491 1001 519 incipit
1025 492 1061 514 fol.
1080 492 1133 515 11311,

288 546 318 567 xz,
332 539 470 567 praemisso:
488 538 656 561 Bonaeentura
673 537 700 560 (16
712 537 822 567 ymaqine
835 537 891 566 vite,
905 540 926 560 et
938 538 1020 560 desinit
1032 539 1069 561 [01.
1086 539 1135 562 190.

289 587 380 609 addito:
399 585 502 614 Empticit
519 585 577 608 liber
590 585 724 608 intitulatus
742 585 768 608 de
779 586 891 615 qmaqine
907 585 953 609 vite
971 587 1135 610 Bonanentnre

289 633 432 661 cardinalis,
446 638 493 662 pro
512 638 559 662 quo
576 631 607 655 sit
623 632 686 655 Deus
704 631 837 656 benedictus
849 632 874 655 in
890 633 971 657 secuta
987 632 1132 656 secutorum.

288 683 368 703 Amen.

354 727 402 749 191.
416 726 515 755 Ibidem,
536 727 588 749 cod.
606 733 625 748 a.
644 727 675 748 111.
694 727 730 748 118.
748 727 819 749 chart.
836 727 858 748 iu
876 727 898 749 8.
910 733 970 749 saec.
982 727 1076 749 XV.—
1088 727 1136 748 Hoc

290 774 426 801 opusculum
446 773 524 801 incipit
542 773 579 795 [01.
596 774 617 795 2.
635 779 654 795 1.
671 773 721 795 51116
738 773 782 795 ulla
799 775 853 795 nota
868 776 889 795 et
907 772 990 795 desinit
1008 773 1044 794 [01.
1064 772 1100 795 42.
1118 779 1137 795 r.

289 826 313 843 ut
331 821 352 843 in
370 821 449 849 editis;
467 820 520 842 inde
537 819 670 842 subiicitur:
688 819 794 849 Eseplicit
811 819 916 848 libellus,
937 819 979 849 qui
999 819 1137 842 intitulatur

288 874 375 898 ymaqo
394 867 437 890 cite
454 867 627 890 Bcnacenture.

355 915 405 937 195.
423 913 523 942 Ibidem,
542 914 594 936 cod.
619 920 638 936 a.
666 914 709 936 Vll.
729 914 766 936 27.
792 914 890 936 membr.
920 914 940 936 in
960 914 979 936 4.
1006 920 1066 936 5366.
1083 914 1135 936 XV.

289 962 396 984 ineuntis.
415 974 445 977 —
463 962 508 983 Fol.
526 968 548 983 v.
562 968 605 983 11011
618 964 740 983 numerato
758 963 792 983 est
802 961 907 983 rubrica:
924 960 1008 990 Incipit
1020 960 1137 990 dyaloqus

290 1009 468 1036 Bomrcenture,
493 1008 529 1032 rel
555 1008 722 1038 Soliloquinm.
740 1009 826 1030 Desinit
853 1008 914 1030 utin
941 1008 1022 1030 editis:
1041 1008 1083 1037 qui
1104 1010 1138 1031 est

290 1055 368 1079 trimis
386 1058 408 1078 et
426 1062 486 1078 1111113
505 1054 638 1078 benedictas
654 1061 677 1077 in
695 1054 783 1078 secula.
801 1056 883 1077 Anien.

356 1104 405 1125 196.
422 1102 523 1131 Ibidem,
542 1103 593 1125 cod.
619 1103 642 1125 b.
659 1103 687 1124 V.
706 1103 742 1124 39.
768 1104 840 1124 chart.
859 1103 881 1124 in
908 1102 929 1124 4.
947 1108 1007 1124 5366.
1034 1103 1085 1124 XV.
1105 1115 1137 1118 —

289 1151 334 1173 Fol.
360 1157 382 1173 v.
408 1157 453 1172 non
470 1152 592 1172 numerato
618 1150 660 1172 alia
678 1156 762 1172 manus
788 1150 906 1177 praemisit
930 1150 983 1172 111116
1008 1150 1136 1177 opusculo:

288 1198 447 1227 Soliloquium
459 1197 507 1221 sice
520 1197 636 1228 dyaloqus
650 1197 822 1220 Bonaventure.
836 1197 922 1219 Desinit
939 1200 990 1219 ante
1007 1197 1075 1219 finem
1088 1197 1137 1219 edi-

287 1247 363 1267 torum
387 1244 415 1267 ad
432 1244 516 1266 verba:
533 1243 691 1273 supereminet
704 1243 857 1273 pulcritudo,
875 1250 890 1266 6.
911 1250 958 1273 qua
967 1244 1137 1273 processerunt

287 1291 328 1314 hec
345 1291 432 1314 omnia.
450 1292 525 1314 Amen
543 1291 603 1319 (cap.
623 1291 643 1313 4.
662 1297 683 1313 11.
702 1291 758 1320 27.).

355 1338 403 1360 197.
423 1337 522 1366 Ibidem,
540 1338 591 1360 cod.
610 1337 631 1360 b.
650 1338 720 1373 1429.
738 1339 809 1360 chart.
827 1344 887 1360 saec.
905 1337 955 1364 XV,
973 1344 1045 1365 anno,
1064 1340 1087 1360 ut
1105 1337 1136 1359 ibi

289 1389 393 1412 notatur,
416 1385 480 1407 1474.
498 1398 527 1400 —
545 1385 688 1413 Opusculum
712 1385 831 1414 Soliloquii
848 1388 882 1407 est
900 1385 936 1407 [01.
959 1391 976 1407 1.
996 1391 1041 1407 11011
1058 1391 1137 1407 11111116-

288 1436 337 1455 1310
355 1432 399 1454 sub
416 1434 459 1454 hac
476 1431 581 1454 rubrica:
610 1432 699 1461 Ymaqo
723 1431 766 1455 rite
787 1431 876 1461 incipit.
895 1431 979 1454 Desinit
1003 1432 1039 1454 [01.
1057 1431 1136 1453 ultimo

287 1478 376 1501 verbis:
396 1478 455 1506 Oro,
474 1479 536 1501 Deus
553 1484 631 1506 meus,
650 1483 791 1507 coqnoscam
809 1479 844 1505 te,·
861 1478 947 1506 reliqua
967 1478 1056 1500 desunt.

351 1526 404 1548 l98.
421 1525 522 1554 Ibidem,
540 1526 592 1548 cod.
618 1532 638 1548 a.
664 1526 702 1547 Vl.
728 1526 764 1547 29.
784 1525 881 1547 membr.
900 1526 921 1547 8.
947 1531 1006 1547 saec.
1025 1525 1086 1547 XIV.
1106 1537 1136 1541 —

289 1572 439 1601 Soliloquium
457 1576 491 1595 651
508 1575 560 1600 post
577 1573 619 1594 alia
642 1573 678 1595 [01.
696 1579 715 1594 1.
739 1579 784 1594 11011
803 1574 924 1594 numerato
946 1571 990 1594 sub
1007 1572 1085 1594 titulo:
1101 1572 1137 1594 In-

289 1619 343 1649 cipit
359 1625 446 1649 ι6111690
464 1619 515 1642 cite.
534 1620 619 1641 Desinit
636 1620 674 1642 [01.
691 1626 726 1641 v.:
745 1619 787 1649 qni
807 1621 840 1642 est
857 1618 936 1642 trinus
953 1620 975 1642 et
991 1625 1056 1642 *terius
1073 1618 1136 1641 bene-

288 1666 364 1690 dictus
382 1666 406 1689 in
423 1666 512 1690 secata.
530 1667 611 1689 Amen.
630 1666 735 1696 Explicit
752 1672 839 1697 ynzaqo
856 1666 908 1689 iile.
924 1666 1029 1689 Auctoris
1050 1672 1136 1688 nomen

288 1716 384 1736 tacetur.

354 1760 403 1782 199.
422 1759 506 1783 Sancti
521 1759 643 1787 Floriani,
670 1760 806 1782 bibliotheca
832 1760 959 1782 Monasterii
977 1759 1085 1782 Canonic.
1103 1765 1136 1781 re-

287 1808 416 1836 galai-ium,
434 1808 485 1830 cod.
504 1809 541 1830 Xl.
559 1808 595 1829 97.
615 1809 687 1829 chart.
706 1808 728 1829 in
746 1808 782 1829 sol.
808 1814 868 1829 saec.
895 1808 954 1829 XIV.
972 1808 1083 1829 exeuntis.
1105 1819 1136 1823 —

288 1856 334 1878 Fol.
357 1856 406 1878 197.
425 1862 458 1878 1.;
477 1855 561 1884 Incipit
580 1854 638 1878 liber
660 1854 841 1878 meditationum
866 1854 914 1877 sice
940 1854 1077 1877 oratiommz
1099 1853 1137 1877 tlo-

290 1903 350 1926 mini
373 1902 506 1926 cardinalis
531 1903 594 1925 Bone
626 1902 738 1930 Ventura,
764 1901 806 1932 qui
830 1902 909 1931 i'maqo
927 1901 972 1925 cite
988 1901 1136 1924 nominatur.

288 1950 375 1973 Desinit
392 1950 428 1972 Iol.
448 1950 500 1971 206.
518 1956 544 1976 1.,
563 1949 601 1971 ubi
620 1952 672 1977 post
694 1948 800 1978 Explicit
819 1952 956 1977 repetuntur
972 1948 1043 1971 verba
1071 1954 1137 1976 prac-

287 1997 363 2019 missa.

351 2045 406 2067 200.
423 2043 525 2071 Ibidem,
542 2045 594 2066 cod.
612 2044 651 2066 Xl.
670 2044 722 2065 Ἰ166.
739 2044 811 2066 chart.
829 2043 850 2065 in
870 2044 891 2065 8.
906 2049 967 2065 saec.
988 2043 1038 2065 XV.
1060 2043 1137 2065 ineun-

288 2092 322 2114 tis.
341 2104 370 2107 ——
388 2091 541 2119 soliloquium
560 2091 640 2118 incipit
657 2091 693 2112 [01.
715 2090 765 2112 1011.
783 2096 802 2112 1.
819 2091 862 2112 hac
884 2089 992 2111 rubrica:
1016 2089 1137 2118 Septimus

288 2137 380 2168 qradas
398 2139 431 2161 est
448 2137 562 2167 sapientie
578 2138 600 2159 et
617 2136 829 2166 contemplationis.
848 2135 921 2165 Oriqo
938 2137 1018 2159 autem
1038 2137 1137 2158 contem-

285 2184 399 2215 plationis
416 2186 450 2207 est
468 2183 593 2214 ineffabilis
613 2183 730 2211 Trinitas,
749 2182 837 2206 scilicet
849 2183 920 2206 Pater
933 2184 955 2205 et
965 2182 1041 2206 Filitts
1053 2184 1076 2205 et
1086 2182 1136 2211 Spi-

288 2232 351 2255 ritus
368 2233 479 2259 sanctas,
493 2237 565 2260 qaam
578 2230 654 2260 taaqit
665 2230 799 2259 Apostolus,
815 2236 868 2253 cum
883 2229 954 2253 dicit:
968 2229 1045 2253 Flecto
1058 2235 1135 2259 qenua

288 2285 340 2302 mea
359 2283 402 2301 etc.
422 2278 571 2307 Prosequitur
588 2278 703 2306 integrum
722 2284 782 2305 opus
800 2284 873 2306 usquc
891 2277 921 2300 ad
940 2277 976 2299 [01.
993 2277 1088 2303 Υ160.1.,
1099 2277 1136 2299 6111

288 2327 405 2349 adduntur
423 2326 504 2348 eadem
523 2331 583 2354 quae
600 2325 746 2353 praecedenti
765 2325 837 2347 codici
856 2324 937 2346 verba.

350 2374 404 2396 201.
422 2372 519 2400 Ibidem,
546 2372 597 2394 cod.
623 2373 659 2395 Xl.
684 2372 735 2394 285.

288 2420 432 2449 Opusculum
451 2419 530 2447 incipit
549 2419 586 2441 [01.
604 2419 641 2441 68.
659 2425 681 2441 v.
699 2425 751 2441 611111
770 2420 812 2441 1136
835 2419 984 2441 indicatione:
1009 2419 1135 2441 Tractatus

755 2372 853 2394 membr.
871 2372 893 2394 in
912 2373 934 2394 8.
950 2378 1011 2394 saec.
1028 2372 1086 2394 XlV.
1105 2384 1135 2388 —

288 2467 315 2490 de
332 2468 419 2496 septem
436 2465 551 2495 yradibus
566 2465 725 2495 perfectionis.
743 2465 821 2488 Flecto
838 2471 916 2494 qenua
928 2471 980 2487 mea
993 2468 1035 2487 etc.
1048 2464 1135 2487 Desinit

290 2515 326 2536 [01.
348 2514 398 2535 118.
416 2520 438 2535 v.
457 2513 484 2535 ad
504 2512 575 2535 verba
593 2518 644 2540 cap.
663 2512 683 2534 4.
702 2518 724 2534 11.
743 2512 796 2534 27.:
812 2511 975 2541 Supereminet
987 2511 1037 2535 eius
1046 2511 1135 2541 pulcri-

289 2560 355 2588 tudo,
377 2566 392 2583 6
411 2566 457 2589 qua
472 2560 643 2589 processerunt
667 2558 708 2581 ltec
733 2558 821 2581 omnia.
849 2558 953 2588 Eoepttcz't
969 2560 1086 2582 tractatus
1108 2558 1135 2581 de

287 2609 374 2637 septem
390 2606 505 2637 aradibus
518 2605 677 2636 perfectionis.

352 2655 405 2676 202.
423 2653 522 2682 Ibidem,
540 2653 592 2675 cod.
609 2653 646 2675 Xl.
665 2652 718 2675 545.
737 2652 836 2675 membr.
859 2653 883 2675 in
909 2653 931 2675 4.
948 2659 1008 2676 saec.
1028 2653 1088 2675 XIV.
1105 2665 1135 2669 —

289 2701 399 2724 Convenit
417 2707 470 2723 cum
488 2700 581 2723 duobus
598 2699 791 2728 praecedentibus
808 2700 887 2729 quoad
904 2700 994 2723 titulum
1006 2703 1028 2723 et
1039 2701 1136 2729 reliqua.

288 2749 369 2777 Incipit
384 2749 421 2771 sol.
444 2748 493 2770 141.
510 2755 532 2770 v.
550 2751 572 2770 et
588 2748 671 2770 desinit
689 2748 725 2770 tot.
744 2748 796 2770 Ἰ168.

352 2796 404 2818 203.
424 2795 508 2819 Sancti
525 2795 600 2823 Galli,
622 2795 760 2818 bibliotheca
778 2795 918 2823 monasterii,
934 2795 986 2817 cod.
998 2795 1051 2817 780.
1064 2795 1135 2817 chart.

290 2842 311 2865 in
330 2843 367 2865 [01.
385 2848 445 2865 saec.
465 2842 515 2864 XV.
528 2855 558 2858 —
570 2843 617 2865 Hoc
629 2843 768 2870 opusculum
780 2842 858 2870 incipit
869 2848 924 2870 pag.
941 2843 958 2864 1.
972 2841 1016 2864 sub
1028 2841 1136 2864 rubrica:

290 2889 406 2918 Dialogues
425 2889 487 2911 Bone
508 2888 609 2911 tentare
626 2888 687 2911 inter
704 2888 821 2911 rationem
840 2890 861 2911 et
878 2888 993 2911 animam.
1010 2887 1089 2910 Flecto
1101 2893 1136 2917 qe-

290 2942 340 2959 11116
356 2942 407 2959 mea
427 2939 469 2958 etc.
488 2936 574 2958 Desinit
596 2942 651 2964 pag.
674 2936 711 2958 78.
739 2938 762 2958 ut
784 2936 805 2958 in
824 2936 901 2964 editis,
920 2935 1015 2958 addito:
1033 2934 1137 2964 Eaeplioz‘t

289 2988 376 3012 ymaqo
395 2981 445 3004 cite.

994 225 1238 254 PROLEGOMENA
1260 225 1288 254 C.
1312 226 1329 254 I.

1256 304 1308 327 204.
1326 304 1426 333 Ibidem,
1452 306 1503 327 6011.
1527 306 1580 328 917.
1598 306 1669 328 chart.
1687 306 1708 328 in
1727 306 1748 328 8.
1768 311 1827 328 saec.
1847 306 1897 327 XV.
1915 318 1946 322 -
1964 306 2041 328 Solilo-

1193 352 1274 380 quium
1293 352 1372 380 incipit
1390 358 1443 380 pag.
1462 352 1514 374 485.
1532 352 1575 375 sub
1593 353 1673 375 titulo:
1688 353 1813 376 Tractatns
1827 353 1889 375 Bone
1900 354 1998 375 venture
2010 352 2036 375 de

1193 398 1389 428 contemplatione
1405 399 1485 421 anime
1501 399 1588 422 devote.
1605 399 1658 422 inde
1670 400 1774 428 sequitur
1786 405 1882 422 censura
1900 399 1980 421 libelli:
1993 400 2038 422 Iste

1194 444 1287 468 libellus
1304 445 1331 468 de
1348 445 1447 469 diversis
1465 445 1531 469 dictis
1549 447 1695 470 Sanctorum
1706 448 1829 470 extractus
1842 448 1864 469 et
1876 446 1985 469 collectus
1997 448 2038 474 est,

1193 492 1235 521 qui
1248 493 1324 521 potest
1341 492 1462 522 appellari
1476 493 1598 522 occupatio
1616 493 1769 522 devotorum,·
1781 493 1850 517 habet
1860 493 1883 516 in
1896 500 1920 516 se
1936 495 2039 523 quatuor

1192 538 1359 562 distinctiones.
1375 539 1459 562 Prima
1475 538 1592 562 distinctio
1618 539 1684 563 docet
1707 540 1813 563 devotam
1833 539 1940 563 animam
1957 539 2038 563 cidere

1193 591 1239 608 sua
1251 585 1364 608 interiora
1370 594 1380 614 ,·
1391 585 1495 609 secunda
1508 586 1623 615 respicere
1634 593 1679 609 sua
1691 587 1828 615 anteriora,—
1841 586 1910 610 tertia
1922 586 2041 609 attendere

1193 631 1225 654 ad
1242 631 1377 661 inferiora,
1400 634 1487 661 quarta
1510 632 1670 662 contemplare
1692 639 1737 656 sna
1756 633 1890 663 superiora.
1909 634 2041 661 Sequuntur

1194 679 1299 701 membra
1318 679 1498 708 uniuscuiusque
1515 680 1664 702 distinctionis
1682 683 1703 702 et
1721 681 1879 703 concluditur:
1897 681 1967 707 Ecce,
1987 685 2041 709 quo-

1194 726 1265 749 modo
1277 726 1320 749 iste
1333 726 1425 749 libellus
1434 726 1590 756 distinquitnr
1596 733 1641 756 per
1651 726 1818 756 distinctiones,
1830 727 1988 751 distinctiones
1994 733 2040 757 per

1195 772 1313 801 membra,
1329 772 1436 796 membra
1444 779 1490 803 per
1498 775 1590 803 partes.
1603 774 1691 797 Tamen
1702 773 1726 796 in
1736 774 1849 803 predictis
1860 774 1949 797 alicubi
1959 774 2039 804 aliqua

1195 819 1278 842 deuota.
1295 819 1473 843 interserantur
1490 822 1511 843 et
1527 819 1714 849 interpellantia·
1732 820 1764 843 ad
1780 821 1896 844 maiorem
1913 820 2040 844 devotionis

1194 866 1360 890 eoecitationem
1377 869 1398 890 et
1415 867 1443 890 cb
1459 867 1536 897 ⁸qratia
1553 867 1653 890 maioris
1670 868 1822 897 infusionem.
1840 869 1940 897 Insuper
1958 869 2041 891 notan-

1194 913 1251 937 dum
1268 916 1315 942 est,
1336 913 1400 943 qaod
1416 914 1559 943 quicumque
1576 914 1600 937 in
1618 914 1661 937 isto
1688 913 1747 937 libro
1770 914 1887 944 proficere
1908 914 2038 943 desiderat,

1194 966 1244 983 non
1261 961 1368 984 cursorie
1386 961 1421 984 cel
1438 961 1531 984 curiose
1548 967 1592 990 que
1608 960 1642 984 sic
1659 960 1790 984 tradantur
1816 962 1982 988 transcurrat,
2000 960 2041 984 sed

1194 1007 1226 1030 ad
1242 1014 1338 1031 sensnm
1355 1007 1483 1031 verboram
1501 1007 1625 1038 diligenter
1642 1008 1747 1031 attendat
1759 1009 1780 1031 et
1790 1008 1930 1031 sententiam
1942 1008 2040 1039 fideliter

1191 1054 1307 1084 ponderet
1319 1056 1340 1078 et
1351 1054 1492 1078 documenta
1510 1055 1600 1083 devote,
1614 1055 1721 1084 practice
1733 1057 1755 1078 et
1765 1055 1907 1084 speculative
1918 1055 2039 1078 humiliter

1193 1102 1310 1125 advertat.
1327 1103 1359 1125 Et
1374 1102 1408 1125 sic
1425 1102 1462 1125 liic
1475 1109 1520 1132 per
1538 1102 1581 1125 Dei
1597 1102 1700 1132 qratiam
1724 1102 1813 1132 poterit
1829 1102 1935 1125 invenire
1951 1102 1990 1125 sui
2006 1102 2041 1125 in-

1195 1148 1300 1171 tellectus
1318 1148 1530 1177 illuminationem,
1544 1148 1585 1171 sui
1595 1148 1693 1178 affectas
1705 1148 1932 1178 inflammationem,
1944 1155 1986 1172 sue
1997 1148 2042 1172 vite

1193 1195 1379 1218 emendationem
1397 1197 1418 1218 et
1435 1195 1511 1219 divine
1527 1196 1652 1219 suavitatis
1669 1195 1861 1219 consolationem.
1880 1195 1910 1219 Et
1925 1195 1960 1219 sic
1972 1201 2041 1225 eape-

1194 1241 1240 1265 dite
1254 1242 1379 1272 pervenire
1396 1242 1428 1265 ad
1445 1242 1576 1273 beatificam
1593 1242 1720 1271 visionem,
1735 1242 1768 1265 ad
1779 1242 1886 1272 deificam
1902 1242 2041 1272 fruitionem

1193 1290 1215 1312 et
1232 1288 1264 1311 ad
1282 1289 1439 1319 tranquillam
1456 1291 1479 1312 et
1494 1295 1605 1312 securam
1623 1291 1701 1312 eterne
1718 1289 1867 1313 beatitudinis
1879 1289 1977 1319 firmam
1986 1294 2042 1318 pos-

1192 1336 1329 1359 sessionem.
1346 1336 1452 1366 Eoepticit
1466 1336 1591 1366 111-0109115.
1609 1337 1765 1365 Opusculum,
1779 1339 1803 1359 ut
1815 1336 1909 1359 intuenti
1923 1339 1995 1364 patet,
2008 1339 2040 1359 est

1192 1384 1215 1406 in
1234 1384 1399 1412 compendium
1418 1384 1547 1407 redactum.
1565 1384 1651 1407 Desinit
1668 1390 1721 1412 pag.
1740 1384 1798 1406 206:
1816 1383 1858 1413 qni
1873 1385 1907 1406 est
1924 1383 2004 1406 trinus
2021 1384 2042 1406 et

1193 1436 1256 1453 unus
1275 1429 1407 1453 benedictus
1425 1430 1448 1453 in
1466 1430 1546 1453 secula
1562 1430 1708 1453 seculorum.
1725 1431 1808 1453 Amen.
1826 1430 1866 1453 Fr.
1886 1429 1978 1453 Gallus.

1256 1478 1310 1500 205.
1328 1477 1427 1506 Ibidem,
1447 1478 1498 1500 cod.
1515 1478 1569 1500 927.
1586 1479 1658 1500 chart.
1676 1478 1699 1500 in
1722 1478 1742 1500 4.
1766 1484 1826 1500 saec.
1844 1477 1895 1500 XV.
1914 1490 1944 1493 -
1962 1477 2041 1499 Solilo-

1194 1528 1275 1556 quium
1294 1526 1372 1554 incipit
1389 1532 1443 1554 pag.
1462 1526 1503 1547 311
1525 1526 1561 1548 his
1577 1525 1671 1548 verbis:
1691 1525 1732 1548 Hic
1749 1524 1828 1548 oritur
1846 1524 1911 1553 liber,
1930 1524 1972 1554 qui
1991 1526 2041 1554 pot-

1193 1575 1227 1596 est
1236 1572 1376 1602 nuncupari
1392 1572 1514 1601 occupatio
1532 1571 1678 1595 devotorum..
1692 1571 1816 1600 Sequitur:
1829 1572 1874 1594 Iste
1886 1570 1978 1594 libellus
1990 1574 2040 1600 etc„

1193 1624 1218 1642 ut
1236 1620 1258 1642 in
1276 1620 1327 1642 cod.
1345 1619 1501 1647 praecedenti.
1521 1619 1607 1641 Desinit
1624 1625 1679 1647 pag.
1697 1619 1750 1641 338.
1767 1624 1809 1646 per
1826 1617 1914 1641 rerba:
1937 1617 2041 1648 Empltcz'i

1193 1666 1285 1690 libellas
1302 1666 1378 1690 dictus
1396 1666 1517 1695 occupatio
1535 1665 1681 1689 devotorum.
1706 1666 1747 1688 Hic
1772 1665 1824 1688 6011.
1849 1665 1932 1688 omittit
1957 1671 2041 1688 nomen

1192 1714 1298 1736 auctoris.

1257 1761 1311 1783 206.
1329 1760 1429 1789 Ibidem,
1448 1761 1500 1783 cod.
1518 1761 1570 1782 938.
1588 1761 1659 1783 chart.
1677 1761 1701 1782 in
1719 1760 1741 1783 4.
1760 1766 1820 1783 saec.
1845 1760 1895 1782 XV.
1921 1763 1973 1783 ante
1995 1766 2040 1782 me-

1193 1808 1266 1830 dium.
1279 1820 1310 1824 —
1321 1808 1465 1836 Opust-ulum
1483 1807 1561 1835 incipit
1574 1813 1627 1835 pag.
1640 1807 1694 1829 506.
1706 1807 1787 1829 eadem
1800 1806 1906 1833 rubrica,
1918 1813 1964 1835 qua
1976 1812 2041 1834 prae-

1193 1854 1291 1882 cedens,
1308 1857 1330 1876 et
1347 1854 1431 1876 desinit
1448 1860 1502 1881 pag.
1520 1854 1576 1875 601:
1595 1853 1637 1883 qni
1652 1854 1686 1876 est
1702 1852 1781 1876 trinus
1793 1854 1815 1876 et
1827 1859 1890 1876 nnus
1907 1852 2039 1876 benedictus

1192 1901 1217 1925 in
1233 1894 1313 1925 secula
1329 1901 1473 1925 seculorum.
1491 1902 1572 1924 Amen.

1257 1949 1309 1971 207.
1328 1948 1427 1976 Ibidem,
1445 1949 1497 1971 cod.
1515 1948 1569 1970 942.
1586 1949 1680 1971 miscell.
1697 1949 1718 1970 in
1739 1948 1760 1970 4.
1776 1954 1836 1971 saec.
1850 1948 1900 1970 XV.
1913 1960 1944 1964 —
1956 1947 2040 1976 Pagina

1194 1997 1234 2018 1l81
1256 1996 1353 2024 legitur:
1373 1995 1455 2025 Incipit
1473 1994 1589 2025 dyaloqns
1615 1995 1678 2018 Bone
1699 1995 1800 2018 Venture
1817 1995 1878 2018 inter
1895 1995 2003 2018 annnam
2019 1996 2040 2018 el

1192 2043 1323 2071 rationem,
1342 2043 1383 2072 qui
1398 2048 1485 2072 ymaqo
1510 2042 1556 2065 vite
1580 2044 1657 2065 eterne
1674 2044 1838 2072 nuncapatur.
1860 2042 1939 2066 Flecte
1962 2049 2040 2072 qenua

1192 2096 1245 2112 mea.
1262 2093 1305 2112 etc.
1331 2090 1417 2111 Desinit
1442 2095 1497 2117 pag.
1519 2089 1564 2111 ‘265
1581 2095 1635 2112 611111
1653 2089 1784 2111 additione:
1802 2088 1907 2118 Ea-plicit
1922 2088 2039 2119 dyaloqns

1193 2136 1256 2159 Bone
1278 2136 1378 2158 Venture
1396 2135 1456 2158 inter
1474 2135 1583 2158 animam
1600 2137 1622 2158 et
1638 2135 1763 2158 rationem.

1257 2184 1311 2205 208.
1328 2182 1413 2206 Sancti
1430 2182 1499 2205 Pauli
1514 2182 1536 2204 in
1554 2182 1682 2211 Carinthia⁷
1694 2181 1832 2205 bibliotheca
1844 2182 1973 2205 Monasterii
1985 2183 2040 2205 Ord.

1193 2231 1215 2252 S.
1235 2231 1363 2257 Benedicti,
1381 2231 1434 2253 cod.
1453 2227 1540 2258 Hospit.
1559 2230 1596 2252 32.
1614 2231 1684 2252 chart.
1703 2236 1763 2252 saec.
1780 2230 1831 2252 XV.
1843 2242 1874 2246 ———
1886 2230 2039 2259 Soliloquium

1193 2277 1272 2304 incipit
1288 2277 1326 2299 [01.
1345 2277 1398 2299 292.
1415 2283 1439 2298 v.
1456 2276 1505 2298 sine
1522 2276 1629 2298 rubrica:
1647 2276 1726 2299 Flecto
1744 2282 1823 2306 yenna.
1835 2283 1887 2299 ntea
1899 2279 1943 2299 etc.
1955 2276 2041 2299 Desinit

1194 2324 1230 2346 [01.
1249 2324 1303 2346 309.
1322 2330 1344 2345 v.
1364 2329 1416 2346 cum
1435 2325 1477 2346 hac
1494 2323 1627 2346 additione:
1646 2323 1754 2353 Emplicit
1770 2329 1856 2354 ymaqo
1874 2323 1919 2346 vite
1934 2330 1976 2347 seu
1992 2329 2040 2353 spe-

1192 2371 1287 2399 culam,
1305 2370 1436 2394 secundum
1454 2369 1570 2399 quosdam
1587 2376 1643 2393 nero
1665 2370 1786 2393 meditatio
1805 2371 1971 2393 Boniti-entare
1990 2376 2040 2393 car-

1192 2418 1279 2441 dinalis
1297 2420 1318 2441 et
1335 2418 1446 2441 doctoris.

1255 2465 1308 2487 209.
1326 2463 1416 2487 Sebatii
1440 2464 1555 2492 (Schwaz)
1581 2464 1603 2486 111
1630 2450 1720 2491 Tyroli,
1747 2463 1886 2486 bibliotheca
1908 2463 2038 2486 Monasterii

1192 2512 1274 2534 Montis
1291 2512 1313 2533 S.
1331 2511 1422 2539 Georgii
1441 2511 1496 2533 Ord.
1515 2512 1535 2533 S.
1554 2511 1670 2533 Benedicti
1697 2511 1767 2539 (nunc
1784 2510 1888 2539 Fieclit),
1912 2511 1963 2533 cod.
1981 2511 2036 2532 olim

1191 2559 1251 2587 sign.
1276 2565 1341 2581 num.
1368 2560 1421 2581 lss2.
1445 2560 1516 2581 chart.
1543 2559 1565 2580 in
1590 2559 1627 2580 [01.
1649 2564 1709 2581 5366.
1731 2558 1781 2581 XV.
1804 2561 1856 2580 ante
1881 2558 2037 2581 medietatem.

1193 2619 1224 2623 —
1242 2606 1287 2628 Fol.
1310 2606 1359 2628 165.
1377 2612 1414 2628 v.:
1433 2605 1517 2635 Incipit
1535 2605 1605 2634 liber,
1631 2605 1673 2635 qui
1694 2611 1781 2635 yinaqo
1806 2605 1851 2628 vite
1873 2611 1918 2634 per
1942 2604 2039 2628 modum

1193 2652 1292 2682 dyaloql
1317 2651 1471 2681 compilatus,
1497 2651 1520 2674 in
1546 2657 1592 2681 qao
1620 2651 1701 2674 anima
1734 2651 1878 2681 intermicat,
1908 2651 1978 2675 lz-omo
2003 2657 2039 2674 re-

1193 2699 1299 2729 spondet.
1325 2699 1404 2722 Flecto
1430 2704 1508 2729 qenna
1533 2705 1586 2721 mea
1612 2701 1655 2721 etc.
1677 2699 1763 2721 Finitur
1791 2699 1827 2722 [01.
1852 2700 1903 2721 182.
1925 2705 1948 2721 v.
1971 2702 1994 2721 111
2017 2699 2038 2721 111

1193 2747 1266 2769 editis.

1258 2794 1310 2815 210.
1328 2792 1495 2823 Statqardiae,
1514 2792 1653 2815 bibliotheca
1670 2793 1753 2821 Regis,
1772 2793 1824 2815 cod.
1843 2793 1864 2815 7.
1882 2794 1954 2815 chart.
1966 2793 1989 2814 in
2001 2793 2038 2815 [01.

1193 2847 1254 2863 saec.
1272 2841 1323 2863 XV.
1343 2853 1371 2856 ——
1388 2841 1434 2863 Fol.
1452 2841 1472 2862 3.
1490 2847 1509 2862 r.
1527 2841 1623 2868 legitur:
1634 2840 1720 2870 Incipit
1731 2840 1789 2863 liber
1801 2839 1980 2863 meditationmn
1992 2839 2039 2862 sice

1195 2887 1331 2910 orationum
1349 2886 1441 2909 (lamini
1456 2886 1587 2910 cardinalis
1603 2888 1625 2909 et
1642 2886 1745 2910 doctoris
1763 2887 1936 2909 Bonacentnre.
1953 2885 2039 2908 Desinit

1194 2935 1231 2957 [01.
1248 2941 1272 2956 v.
1289 2940 1333 2957 non
1351 2936 1485 2961 numerato,
1505 2937 1530 2956 ut
1549 2934 1571 2956 in
1592 2934 1665 2957 editis.
1681 2935 1733 2957 Post
1752 2933 1856 2963 Eirplicit
1871 2934 1987 2956 adduntur
2004 2939 2039 2955 63-

1194 2981 1247 3003 116111
1266 2980 1351 3007 verba,
1368 2986 1428 3009 quae
1445 2980 1465 3002 in
1484 2980 1598 3009 principio
1615 2984 1667 3003 sunt
1685 2981 1754 3003 dicta.
