2133 3317
88 292 191 323 pauper
202 288 229 312 et
243 284 304 312 vilis
314 283 456 317 cuiusdam
471 283 606 320 agricolae
621 283 766 312 servientis
777 283 895 320 episcopi
909 284 928 311 ¹.

88 332 172 368 Quem
195 330 252 366 ipse
266 333 407 367 gratanter
422 330 590 366 suscipiens,
606 337 668 358 cum
684 332 840 362 caemento,
855 329 929 366 quod

87 377 136 407 sibi
157 377 295 410 occurrit,
316 376 348 404 ad
371 376 482 404 modum
504 376 595 404 crucis
617 384 699 404 manu
722 376 834 412 propria
865 383 929 404 con-

87 423 218 461 signavit,
240 423 442 459 operimentum
464 422 587 450 formans
608 430 643 450 ex
673 430 705 451 eo
726 422 852 451 crucifixi
880 422 927 450 ho-

86 470 166 500 minis
187 473 214 498 et
235 469 365 506 pauperis
387 469 531 498 seminudi.
554 469 596 497 Sic
618 469 702 506 igitur
724 477 822 498 servus
850 469 929 506 Regis

86 517 208 546 altissimi
231 516 323 544 nudus
344 516 457 544 relictus
482 519 538 549 est,
570 519 601 544 ut
629 516 735 544 nudum
763 519 929 552 sequeretur

86 563 251 592 crucifixum
281 562 427 590 Dominum
444 561 464 595 ²,
495 570 578 598 quem
609 562 734 595 amabat;
765 562 803 590 sic
831 562 929 598 utique

87 617 168 639 cruce
190 609 329 642 munitus,
352 611 383 636 ut
403 609 522 636 animam
544 616 621 637 suam
645 609 718 645 ligno
737 608 834 637 salutis
855 616 929 636 com-

87 656 221 689 mitteret,
243 663 293 691 per
314 655 386 691 quod
403 654 436 683 de
451 654 545 682 mundi
564 654 707 691 naufragio
722 654 815 682 salvus
829 654 928 682 exiret.

164 702 189 730 5.
212 701 324 730 Solutus
345 701 445 729 exinde
467 700 561 728 mundi
584 703 756 736 contemptor
778 708 794 728 a
813 700 929 728 vinculis

86 747 288 777 mundanarum
309 747 487 784 cupidinum,
503 747 611 775 civitate
633 746 743 780 relicta,
765 754 882 775 securus
903 749 930 774 et

86 795 177 824 liber-“²
198 799 335 824 secretum
359 794 514 823 solitudinis
535 794 628 830 petiit,
650 797 682 822 ut
702 793 778 822 solus
799 796 826 821 et
847 793 930 821 silens

23 847 76 867 int·-
86 849 221 878 supernae
242 841 351 869 audiret
371 840 544 869 allocutionis
565 848 706 868 arcanum.
729 840 859 876 Dumque
880 848 929 876 per

85 888 180 918 silvam
202 887 340 925 quandam
361 887 413 915 iter
434 887 552 920 faciens,
584 886 678 915 laudes
699 886 815 915 Domino
836 886 930 923 lingua

85 935 252 964 Francorum
274 934 316 962 vir
337 933 385 962 Dei
401 933 562 962 Franciscus
576 933 734 962 decantaret
748 941 811 961 cum
827 933 928 967 1111111ο;

86 982 206 1010 latrones
237 988 321 1018 super
352 988 415 1009 eum
447 988 483 1008 ex
514 980 612 1009 abditis
644 980 797 1008 irruerunt.
823 980 930 1016 Quibus

85 1028 161 1058 ferali
176 1028 282 1061 animo,
297 1027 360 1064 quis
374 1030 461 1061 esset,
481 1027 715 1063 interrogantibus
731 1027 772 1055 vir
786 1026 850 1060 Dei,
865 1034 929 1055 eon-

85 1075 196 1104 fidentia
207 1077 218 1091 ⁴
234 1075 346 1111 plenus,
363 1074 523 1110 prophetica
538 1081 603 1102 voce
618 1073 774 1110 respondit:
801 1085 814 1098 «
830 1073 930 1101 Praeco

86 1129 157 1155 sum,
173 1120 316 1157 inquiens,
331 1120 421 1157 magni
437 1120 553 1157 Regis».
566 1120 597 1148 At
611 1120 648 1148 illi
665 1119 851 1157 percutientes
866 1127 928 1148 eum

85 1168 113 1196 in
134 1167 272 1196 defossum
295 1167 385 1196 locum
408 1167 519 1203 plenum
541 1166 652 1195 nivibus
672 1166 865 1203 proiecerunt,
890 1166 930 1194 di-

86 1218 192 1243 centes:
219 1226 231 1238 α
246 1214 319 1248 1366,
341 1214 457 1247 rustice,
473 1221 572 1250 praeco
586 1213 633 1242 Dei
647 1225 673 1241 n.
696 1213 753 1250 lpse
774 1221 855 1247 vero,
878 1213 930 1241 illis

85 1261 290 1294 recedentibus,
300 1261 422 1289 exsilivit
435 1260 469 1289 de
482 1260 575 1296 fovea,
589 1268 744 1297 magnoque
758 1260 931 1289 exhilaratus

85 1307 200 1345 gaudio,
221 1307 310 1335 altiori
333 1307 422 1343 coepit
443 1314 509 1335 voce
530 1314 580 1343 per
602 1314 715 1335 nemora
734 1306 828 1335 laudes
849 1306 930 1335 Crea-

86 1354 138 1383 tori
160 1354 283 1382 omnium
306 1361 464 1390 personare.

165 1401 190 1429 6.
214 1401 244 1429 Et
266 1400 379 1429 veniens
399 1400 433 1428 ad
454 1400 592 1437 quoddam
614 1400 734 1428 vicinum
751 1399 929 1434 coenobium,

85 1447 286 1484 eleemosynam
307 1447 385 1484 petiit
406 1449 437 1475 ut
458 1446 600 1475 mendicus
620 1449 648 1475 et
668 1447 772 1483 recepit
797 1449 829 1475 ut
856 1447 930 1475 inco-

0 1494 179 1531 ‘mgnitus
200 1498 226 1523 et
253 1494 408 1530 despectus.
432 1493 494 1522 lnde
521 1501 586 1522 vero
614 1493 793 1530 progrediens
821 1493 930 1522 devenit

33 1535 39 1541 ’
86 1541 259 1578 Eugubium,
281 1540 328 1569 ubi
350 1548 366 1569 a
387 1540 506 1577 quodam
528 1540 616 1568 amico
637 1540 754 1576 pristino
775 1540 885 1576 agnitus
904 1542 931 1568 et

86 1590 246 1624 susceptus,
269 1594 391 1624 paupere
412 1586 537 1615 tunicula
564 1589 595 1615 ut
616 1586 717 1614 Christi
742 1586 930 1623 pauperculus

9 1638 71 1666 ‚hm
85 1636 227 1663 contectus
247 1637 296 1662 est.
321 1650 356 1653 —
372 1633 477 1661 Exinde
499 1633 583 1661 totius
601 1633 765 1661 humititatis
779 1636 886 1661 amator
902 1641 930 1663 se

9 1666 28 1681 ω’
85 1680 227 1709 transtulit
240 1679 273 1708 ad
288 1680 411 1716 leprosos
425 1682 541 1716 eratque
562 1687 625 1708 cum
648 1679 702 1713 eis,
724 1679 930 1716 diligentissime

86 1726 209 1755 serviens
236 1726 365 1754 omnibus
392 1728 506 1762 propter
534 1726 630 1754 Deum.
660 1725 779 1754 Lavabat
806 1726 929 1762 ipsorum

0 1752 3 1805 Ι
85 1773 184 1810 pedes,
206 1773 307 1810 ligabat
321 1773 431 1807 ulcera,
447 1773 582 1801 educebat
596 1773 740 1809 plagarum
755 1772 929 1809 putredinem

0 1811 2 1872 j
85 1823 112 1849 et
133 1819 235 1848 saniem
250 1819 439 1856 abstergebat,
462 1819 640 1848 osculabatur
654 1819 735 1848 etiam
751 1827 785 1847 ex
806 1819 931 1847 miranda

0 1874 2 1928 1
85 1866 229 1896 devotione
249 1866 390 1895 ulcerosas
411 1866 505 1903 plagas
519 1866 659 1903 ipsorum,
681 1866 856 1902 evangelicus
877 1873 931 1894 me-

85 1913 164 1942 dicus
184 1921 250 1941 mox
272 1913 394 1941 futurus.
416 1913 531 1949 Propter
552 1912 626 1950 quod
648 1915 751 1941 tantam
773 1916 815 1941 est
835 1920 851 1940 a
879 1912 930 1940 Do-

86 1959 159 1988 mino
174 1962 339 1988 consecutus
354 1959 502 1993 virtutem,
523 1962 555 1987 ut
569 1959 595 1987 in
612 1959 804 1996 spiritualibus
825 1962 851 1987 et
870 1966 930 1987 cor*

85 2006 227 2044 poralibus
247 2006 352 2035 morbis
372 2006 535 2034 mirabiliter
557 2006 748 2043 expurgandis
775 2006 929 2034 mirabilem

85 2052 233 2081 efficaciam
254 2052 399 2081 obtineret.
422 2051 546 2081 Referam
568 2059 655 2080 unum
677 2051 711 2080 de
732 2051 842 2085 multis,
856 2051 930 2088 quod

86 2099 196 2134 accidit,
218 2099 269 2127 viri
291 2099 339 2127 Dei
361 2098 433 2127 fama
453 2098 628 2135 postmodum
650 2098 734 2126 atiuls
754 2098 929 2127 clarescente.

0 2153 71 2174 mmmm
86 2140 161 2175 Cum*
175 2146 247 2175 enim
268 2146 412 2174 cuiusdam
421 2141 460 2174 'de
474 2145 606 2174 comitatu
621 2145 766 2182 Spoletano
781 2153 812 2174 os
826 2145 930 2182 pariter

0 2195 22 2216 ¹⁰·
87 2195 115 2223 et
141 2184 285 2222 'maxillam
314 2193 429 2222 morbus
450 2193 561 2230 quidam
592 2192 733 2221 horribilis
759 2192 931 2228 depascendo

87 2239 260 2274 corroderet,
282 2247 332 2268 nec
353 2239 495 2268 subveniri
517 2242 609 2275 posset
629 2239 716 2267 eidem
731 2238 824 2275 aliquo
846 2238 931 2267 medi-

87 2285 163 2315 cinae
183 2285 320 2320 remedio;
342 2285 470 2322 contigit,
492 2288 524 2313 ut
538 2287 652 2322 propter
666 2285 829 2313 Sanctorum
845 2292 930 2321 expo-

87 2332 186 2361 scenda
217 2332 316 2361 merita
347 2332 540 2369 Apostolorum
565 2331 682 2360 visitatis
710 2331 866 2365 liminibus,
897 2331 931 2360 de

87 2379 306 2416 peregrinatione
328 2379 452 2412 rediens,
474 2386 554 2407 servo
576 2378 622 2407 Dei
649 2381 825 2412 occurreret;
853 2386 931 2406 cum-

87 2433 141 2463 que
162 2434 228 2463 prae
248 2425 392 2454 devotione
424 2426 506 2454 vellet
537 2425 623 2462 ipsius
654 2424 773 2453 osculari
802 2425 931 2461 vestigia,

88 2472 130 2501 vir
158 2473 271 2501 humilis
292 2473 344 2501 hoc
365 2481 419 2501 non
441 2472 545 2507 ferens,
566 2472 684 2500 osculari
718 2471 819 2500 volenti
849 2471 932 2508 pedes

87 2519 212 2548 osculum
234 2519 290 2548 oris
310 2519 392 2548 dedit.
414 2519 486 2548 Dum
508 2521 600 2547 autem
630 2518 802 2555 leprosorum
834 2526 932 2547 servus

87 2565 246 2595 Franciscus
267 2565 384 2594 mirabili
407 2565 507 2603 pietate
529 2565 601 2593 illam
634 2565 740 2602 plagam
770 2564 930 2593 horribilem

88 2619 135 2641 ore
162 2620 240 2641 sacro
267 2612 452 2649 contingeret;
474 2612 547 2640 omni
580 2612 673 2649 fugato
699 2611 812 2645 morbo,
841 2611 932 2639 subito

151 2752 158 2765 ¹
178 2754 231 2776 Acta
250 2753 290 2776 SS.
306 2753 412 2783 episcopo
432 2760 473 2782 pro
490 2753 599 2782 episcopi.

150 2790 159 2804 ²
176 2792 274 2819 Hieron„
291 2792 360 2820 Epist.
379 2792 431 2814 425.
450 2792 514 2820 (alias
532 2792 562 2820 4.)
581 2792 602 2813 in
620 2792 675 2814 fine:
694 2792 716 2814 Si
735 2791 806 2814 habes
826 2791 931 2814 substan-

90 2829 151 2857 tiam,
167 2829 239 2853 vende
255 2831 276 2853 et
292 2830 323 2853 cla
336 2830 484 2860 pauperibus
501 2830 589 2860 [Matth.
608 2831 650 2857 r19,
667 2830 729 2859 21.];
747 2830 765 2853 si
784 2837 829 2852 non
847 2830 931 2857 habes,

91 2868 171 2896 grandi
188 2875 258 2891 onere
269 2868 378 2892 liberatus
389 2876 427 2897 es,
439 2869 528 2891 nudum
540 2869 655 2892 Christum
673 2869 749 2891 nudus
761 2875 866 2898 sequere.
886 2870 930 2891 Csr.

90 2912 158 2934 supra
176 2913 229 2935 pag.
244 2908 251 2929 1
262 2907 300 2935 14,
313 2911 366 2930 nota
378 2908 399 2930 7.
412 2911 433 2930 et
451 2914 504 2936 pag.
516 2908 573 2935 277,
586 2911 638 2930 nota
651 2909 672 2930 2.
683 2920 714 2924 —
726 2907 830 2930 Subinde
842 2908 932 2936 respici-

90 2948 125 2967 tur
142 2946 195 2974 Sap.
213 2945 254 2973 14,
272 2947 298 2969 5:
316 2947 403 2974 Exiguo
420 2947 482 2974 ligno
500 2947 595 2969 credunt
608 2947 711 2969 homines
727 2947 815 2969 animas
827 2953 893 2974 suas,
911 2950 933 2969 et

90 2986 231 3007 transeuntes
248 2991 322 3012 mare,
338 2992 380 3013 per
396 2989 468 3008 ratem
486 2985 574 3008 liberati
591 2989 650 3008 sunt.
720 2985 729 2998 ¹³
746 2986 803 3009 Cod.
821 2987 837 3008 B
854 2985 931 3011 libere.

480 205 678 234 OPUSCULUM
700 205 788 233 xxiii.
811 205 960 234 LEGENDA
982 206 1096 235 SANCTI
1117 207 1290 236 FRANCISCI.
1312 208 1380 236 CAP.
1403 208 1431 236 ll.
1775 210 1829 238 509

986 291 1067 320 aeger
1078 284 1123 313 1116
1138 285 1280 314 sanitatem
1298 286 1472 322 recuperavit
1486 289 1615 323 optatam.
1631 287 1741 320 Nescio,
1757 287 1831 323 quod

986 330 1086 358 horum
1108 332 1195 367 magis
1216 332 1250 360 sit
1271 333 1370 361 merito
1387 333 1596 367 admirandum,
1617 341 1651 361 an
1667 333 1830 362 humilitatis

986 376 1159 411 profunditas
1180 378 1206 405 in
1229 378 1323 406 osculo
1345 381 1399 407 tam
1421 379 1553 415 benigno,
1576 387 1610 407 an
1626 379 1737 408 virtutis
1751 388 1830 416 prae-

986 422 1096 451 claritas
1118 423 1144 451 in
1167 424 1300 452 miraculo
1322 429 1376 453 tam
1398 426 1542 462 stupendo.

1065 470 1090 496 7.
1120 470 1259 498 Fundatus
1291 471 1343 499 iam
1373 472 1399 500 in
1428 472 1527 500 Christi
1561 472 1716 501 humilitate
1747 473 1975 520 Fran-ngpasatdpas

985 515 1076 544 ciscus
1097 516 1129 544 ad
1152 517 1311 545 memoriam
1335 518 1441 547 reducit
1455 518 1636 547 obedientiam
1652 519 1702 547 sibi
1718 527 1732 548 e
1747 527 1829 548 cruce
1870 506 1954 520 neema..

985 562 1136 590 iniunctam
1158 563 1191 591 de
1216 564 1301 592 sancti
1323 565 1446 593 Damiani
1468 565 1582 594 ecclesia
1604 566 1757 602 reparanda
1771 566 1781 583 ⁵
1803 569 1830 594 et

986 611 1116 645 tanquam
1140 617 1223 638 verus
1244 610 1373 639 obediens
1394 611 1524 639 Assisium
1556 612 1652 645 rediit,
1674 616 1705 640 111
1733 613 1829 641 saltem

985 655 1165 683 mendicando
1187 657 1245 684 voci
1267 657 1375 686 divinae
1396 661 1515 694 pareret.
1544 658 1727 695 Depositaque
1755 659 1829 687 omni

985 702 1151 730 verecundia
1174 706 1286 739 propter
1307 712 1430 733 amorem
1445 705 1575 741 pauperis
1595 705 1738 739 Crucifixi,
1754 714 1830 734 men—

985 748 1093 776 dicabat
1114 749 1188 785 apud
1209 757 1270 783 eos,
1294 750 1364 778 inter
1385 759 1455 787 quos
1476 751 1618 779 abundare
1639 752 1758 786 solebat,
1784 752 1830 780 de-

986 795 1039 823 bile
1061 803 1175 832 corpus,
1197 796 1323 825 attritum
1346 797 1454 825 ieiuniis
1475 798 1607 826 oneribus
1628 799 1749 835 lapidum
1765 807 1830 836 sup-

987 841 1119 877 ponendo.
1143 842 1281 871 Praedicta
1303 843 1387 880 igitur
1415 844 1544 879 ecclesia,
1577 845 1688 873 iuvante
1716 853 1745 874 se
1778 846 1829 874 Do-

986 888 1060 916 mino
1080 891 1108 917 et
1127 889 1270 918 devotione
1286 890 1387 918 civium
1403 891 1555 925 assistente,
1578 892 1693 925 refecta;
1715 900 1749 920 ne
1770 896 1832 928 post

986 935 1107 963 laborem
1130 943 1231 972 corpus
1254 939 1375 973 torperet
1396 937 1518 973 ignavia,
1542 938 1682 966 transtulit
1697 946 1725 966 se
1739 939 1773 966 ad
1788 947 1831 967 re-

986 981 1135 1018 parandam
1152 983 1293 1011 ecclesiam
1309 984 1445 1020 quandam
1462 984 1532 1012 beati
1548 984 1619 1013 Petri
1635 985 1743 1021 longius
1761 994 1776 1014 a
1794 986 1831 1014 ci-

987 1028 1069 1056 vitate
1090 1028 1235 1057 distantem
1257 1029 1292 1057 011
1312 1030 1484 1058 devotionem
1505 1031 1666 1067 specialem,
1688 1040 1771 1068 quam
1797 1032 1831 1060 ad

986 1074 1176 1111 Apostolorum
1191 1076 1343 1112 principem
1357 1077 1480 1105 sincerae
1495 1077 1556 1105 fidei
1573 1078 1694 1114 puritate
1708 1078 1829 1114 gerebat.

1064 1121 1090 1148 8.
1114 1121 1166 1149 Hac
1182 1121 1289 1149 tandem
1305 1123 1419 1151 ecclesia
1440 1126 1641 1157 consummata,
1657 1124 1783 1160 pervenit
1796 1124 1830 1152 ad
1851 1128 1961 1171 {tgffgussffi

987 1167 1093 1201 locum,
1115 1168 1162 1204 qui
1186 1168 1380 1197 Portiimeulct
1394 1169 1511 1204 dicitur,
1527 1170 1553 1198 in
1569 1178 1625 1206 quo
1639 1171 1753 1199 ecclesia
1768 1171 1831 1199 bea·
1955 1165 1960 1170 ’

986 1213 1106 1242 tissimae
1128 1214 1260 1250 Virginis,
1282 1215 1422 1251 genitricis
1443 1215 1508 1250 Dei,
1530 1216 1684 1253 antiquitus
1698 1216 1831 1245 fabricata

986 1260 1144 1294 exstiterat,
1158 1261 1204 1289 sed
1219 1261 1328 1290 deserta
1339 1265 1404 1290 tunc
1416 1270 1431 1290 a
1446 1263 1554 1291 nemine
1569 1263 1728 1291 curabatur.
1744 1264 1832 1299 Quam

986 1314 1049 1335 curn
1071 1307 1113 1335 vir
1134 1307 1181 1335 Dei
1203 1307 1241 1336 sic
1262 1308 1421 1336 derelictam
1444 1309 1631 1345 conspiceret,
1653 1309 1688 1338 ob
1709 1310 1829 1338 devotio-

986 1361 1049 1381 nem
1070 1353 1237 1387 ferventem,
1259 1362 1342 1390 quam
1365 1355 1482 1383 habebat
1502 1355 1535 1383 ad
1558 1355 1700 1384 Dominam
1720 1355 1831 1390 1111111111,

987 1400 1076 1436 coepit
1099 1399 1152 1428 illic
1172 1400 1282 1429 assidue
1314 1409 1364 1437 pro
1396 1401 1483 1438 ipsius
1514 1403 1687 1438 reparatione
1718 1403 1830 1431 morari.

987 1446 1111 1475 Sentiens
1132 1450 1224 1475 autem
1246 1447 1325 1476 iuxta
1347 1456 1446 1476 nomen
1467 1448 1554 1485 ipsius
1582 1449 1728 1483 ecclesiae,
1750 1458 1806 1486 quo
1820 1449 1831 1466 ⁶

986 1493 1021 1521 ab
1042 1494 1156 1530 antiquo
1177 1494 1287 1522 Sancta
1308 1495 1407 1523 Maria
1428 1495 1462 1523 de
1477 1495 1595 1532 Awyelz's
1610 1495 1770 1531 vocabatur,
1784 1505 1832 1525 an-

987 1540 1138 1576 gelicarum
1160 1540 1195 1568 ibi
1219 1541 1406 1569 visitationum
1427 1541 1625 1579 frequentiam,
1647 1543 1744 1579 pedem
1769 1543 1832 1572 fixit

987 1587 1086 1616 ibidem
1109 1590 1223 1624 propter
1245 1588 1427 1616 reverentiam
1459 1589 1624 1625 Angelorum
1653 1597 1832 1627 amoremque

988 1633 1167 1670 praecipuum
1190 1634 1283 1662 Matris
1303 1634 1414 1663 Christi.
1439 1635 1516 1663 Hunc
1538 1635 1628 1664 locum
1651 1635 1693 1664 vir
1721 1639 1833 1665 sanctus

986 1680 1089 1708 amavit
1110 1688 1176 1717 prae
1197 1681 1296 1709 ceteris
1317 1681 1411 1709 1111111111
1433 1681 1511 1716 locis;
1542 1682 1586 1710 hic
1614 1682 1714 1711 etenim
1742 1683 1834 1711 humi-

987 1726 1049 1755 liter
1071 1727 1172 1763 coepit,
1195 1727 1239 1755 hic
1261 1727 1383 1756 virtuose
1404 1728 1529 1764 profecit,
1552 1728 1596 1757 hic
1621 1728 1737 1758 feliciter
1769 1737 1833 1758 con-

987 1774 1152 1807 summavit,
1174 1774 1248 1802 bunc
1269 1774 1296 1802 in
1318 1778 1406 1803 morte
1420 1775 1563 1804 Fratribus
1578 1778 1708 1812 tanquam
1726 1776 1831 1813 Virgini

987 1820 1161 1849 carissimum
1183 1821 1384 1849 commendavit
1400 1822 1418 1849 ⁷.
1434 1838 1472 1841 ——
1484 1821 1522 1850 De
1537 1822 1589 1851 hoc
1603 1822 1698 1851 Frater
1719 1823 1831 1859 quidam
1845 1826 1970 1874 ⁰⁰,fgffi10ffl

987 1868 1043 1896 Deo
1063 1867 1179 1896 devotus
1199 1871 1262 1896 ante
1291 1869 1497 1898 conversionem
1519 1877 1597 1897 suam
1627 1869 1759 1898 visionem
1792 1870 1831 1898 vi-

986 1915 1065 1944 derat
1085 1914 1217 1943 relatione
1239 1915 1409 1952 condignam.
1433 1916 1594 1944 lnnumeros
1625 1916 1755 1945 cernebat
1782 1917 1831 1945 ho-

987 1961 1074 1989 mines
1095 1961 1224 1989 caecitate
1245 1969 1408 1998 percussos,
1433 1962 1501 1991 facie
1533 1962 1559 1990 in
1592 1962 1698 1991 caelum
1727 1962 1831 1991 directa

987 2010 1014 2036 et
1035 2008 1151 2044 genibus
1172 2008 1269 2042 flexis,
1292 2008 1317 2036 111
1341 2009 1424 2037 11111115
1445 2009 1575 2038 ecclesiae
1597 2012 1670 2038 stare
1695 2009 1831 2044 circuitu;

987 2054 1034 2090 qui
1056 2062 1168 2088 omnes,
1190 2054 1327 2090 protensis
1349 2054 1475 2084 manibus
1506 2055 1533 2083 in
1562 2055 1665 2090 altum,
1698 2056 1831 2092 lacryma-

987 2099 1078 2129 biliter
1093 2100 1247 2128 clamabant
1261 2100 1293 2128 ad
1309 2100 1413 2135 Deum,
1430 2101 1646 2130 misericordiam
1660 2102 1831 2138 postulantes

987 2149 1014 2174 et
1035 2146 1137 2175 lumen.
1161 2147 1191 2174 Et
1212 2154 1290 2181 ecce,
1313 2147 1408 2184 ingens
1429 2147 1462 2176 de
1483 2148 1557 2176 caelo
1572 2148 1700 2184 splendor
1721 2148 1831 2177 advenit

987 2201 1016 2222 se
1038 2201 1087 2230 per
1108 2201 1204 2222 omnes
1223 2193 1394 2228 diffundens,
1416 2194 1464 2231 qui
1486 2194 1578 2223 lumen
1610 2194 1761 2232 unicuique
1783 2195 1832 2223 tri-

986 2240 1047 2269 buit
1061 2244 1087 2269 et
1102 2241 1217 2269 salutem
1233 2240 1412 2269 desideratam
1428 2241 1569 2270 concessit.
1579 2242 1671 2270 —Hic
1685 2244 1727 2270 est
1741 2242 1830 2276 locus,

987 2286 1015 2314 in
1036 2294 1092 2323 quo
1113 2287 1239 2315 Fratrum
1261 2286 1397 2315 Minorum
1419 2286 1493 2315 Ordo
1520 2295 1536 2315 a
1566 2290 1660 2316 sancto
1687 2288 1831 2316 Francisco

987 2340 1036 2369 per
1057 2332 1164 2361 divinae
1186 2333 1361 2362 revelationis
1382 2333 1541 2362 instinctum
1561 2333 1706 2362 inchoatus
1720 2337 1770 2362 est.
1786 2334 1831 2362 Di—

989 2379 1067 2407 vinae
1088 2387 1209 2416 namque
1230 2379 1417 2416 providentiae
1439 2382 1525 2414 nutu,
1547 2388 1602 2417 11113
1616 2380 1716 2409 Christi
1733 2388 1831 2410 servus

987 2425 1159 2462 dirigebatur
1181 2426 1207 2453 in
1229 2425 1372 2460 omnibus,
1394 2429 1451 2454 tres
1481 2426 1636 2455 materiales
1666 2427 1757 2455 erexit
1788 2435 1832 2456 ec-

988 2471 1099 2504 clesias,
1121 2475 1285 2509 antequam,
1313 2472 1444 2501 Ordinem
1476 2473 1623 2507 inchoans,
1655 2473 1831 2510 Evangelium

988 2517 1172 2555 praedicaret,
1193 2521 1225 2547 ut
1246 2527 1300 2547 non
1322 2519 1410 2547 solum
1433 2527 1449 2547 a
1469 2519 1646 2548 sensibilibus
1666 2520 1700 2548 ad
1731 2520 1831 2549 intelli-

988 2564 1096 2601 gibilia,
1117 2573 1133 2593 a
1153 2565 1309 2593 minoribus
1335 2565 1369 2593 ad
1400 2565 1504 2594 maiora
1525 2565 1651 2594 ordinato
1681 2575 1830 2604 progressu

988 2611 1200 2645 conscenderet,
1223 2619 1320 2640 verum
1342 2612 1440 2646 etiam,
1462 2615 1506 2646 ut,
1528 2612 1595 2650 quid
1616 2616 1687 2642 esset
1707 2613 1832 2643 facturus

1048 2752 1058 2765 ¹
1075 2752 1130 2776 Cod.
1148 2754 1165 2775 A
1192 2759 1246 2776 cum
1270 2753 1373 2783 sidentia.
1392 2754 1487 2776 inferius
1512 2754 1556 2777 fide
1578 2754 1647 2777 codd.
1669 2755 1830 2783 supplevimus

987 2791 1103 2821 inquiens.

1049 2829 1059 2842 ⁶
1078 2831 1135 2853 Vide
1151 2837 1221 2859 supra
1239 2837 1260 2853 n.
1281 2832 1300 2853 l.
1317 2843 1348 2848 -—
1364 2832 1407 2854 Pro
1424 2837 1435 2854 e
1452 2837 1521 2855 cruce
1534 2832 1549 2853 B
1561 2832 1588 2854 de
1599 2838 1682 2859 cruce,
1694 2833 1709 2854 F
1721 2839 1736 2855 α
1748 2838 1829 2861 cruce,

988 2869 1007 2891 l(
1026 2869 1092 2897 legit:
1109 2868 1273 2897 obedientiam,
1291 2871 1317 2892 ut
1331 2869 1369 2899 pie
1384 2869 1482 2899 probat,
1500 2869 1639 2894 iniunctam.

1051 2907 1060 2921 ⁶
1077 2908 1133 2931 Cod.
1148 2909 1164 2931 Β
1181 2915 1249 2938 quae.

1052 2946 1060 2960 ⁷
1077 2948 1122 2970 cfr.
1140 2947 1274 2976 Wadding„
1291 2948 1387 2970 Annales
1405 2948 1531 2976 Minorum,
1549 2951 1604 2971 tom.
1622 2949 1637 2972 1,
1653 2949 1683 2972 311
1700 2955 1737 2972 an.
1756 2950 1830 2978 1226,

989 2993 1011 3009 n.
1029 2986 1067 3009 31.
1085 2992 1151 3016 seqq.
