2133 3317
768 215 1011 244 PROLEGOMENA
1033 216 1060 244 C.
1084 216 1123 244 111.

78 296 157 324 incipit
172 295 221 318 sine
238 295 315 318 titulo:
331 294 407 318 Homo
424 293 521 324 quidam
546 292 697 317 descendebat
717 296 759 315 etc.
777 294 800 315 ln
821 299 849 315 eo
866 296 920 315 sunt

78 343 125 366 duo
141 342 264 370 opuscula:
289 340 429 364 Fasciculus
450 340 565 371 myrrhae
587 343 609 362 et
631 339 676 363 Eia
691 345 756 363 nunc
773 339 858 363 milites
877 340 920 368 (De

77 395 156 419 pugna
173 388 302 417 spirituali).

140 434 252 463 Basileae,
271 435 322 457 cod.
347 435 374 456 A.
397 435 420 456 ll.
446 434 484 456 36.
504 435 576 457 chart.
601 440 662 457 saec.
679 434 730 456 XV.
749 434 811 462 (ante
832 440 918 456 annum

79 483 155 510 ⁴438).
172 482 219 504 Fol.
236 482 289 504 433.
306 488 336 504 r.:
355 480 439 510 Incipit
454 482 572 504 tractatus
589 480 616 504 de
637 480 807 510 reformatione
829 479 918 503 virium

77 529 154 553 anime
171 528 245 551 bonus
262 529 283 551 et
299 527 396 551 devotus
413 529 434 550 et
445 527 553 550 maxime
565 526 770 556 contemplativus.
782 527 857 550 Homo
870 526 919 556 qui-

77 576 128 600 dem
145 575 196 605 (sic)
209 574 332 598 descendit.
350 575 437 597 Desinit
455 575 492 597 fol.
515 574 566 597 ¹53.
581 580 601 597 r.
617 573 691 596 Habet
708 574 744 596 sol.
766 573 816 596 147.
833 580 851 596 r.
870 580 918 596 ver-

77 623 121 647 ba:
138 623 170 646 De
185 621 277 645 duobus
296 620 356 645 veris
373 620 526 644 bellatoribus
543 620 690 644 necessariis.
710 619 754 643 Eia
776 625 840 643 nunc
856 619 915 643 mili-

77 673 110 695 tes
125 672 167 692 etc.
185 681 215 685 —
232 668 318 692 Ibidem
335 668 396 690 aliud
420 668 537 696 exemplar
558 668 582 690 in
604 667 656 690 cod.
678 668 703 690 Α.
728 667 764 690 Vl.
785 667 824 690 30.
845 668 917 690 chart.

76 723 112 740 an.
129 716 197 738 ⁴436.

136 762 269 790 Μοηαοὴίἰ,
286 761 423 785 bibliotheca
441 761 526 789 Regia,
543 761 596 784 cod.
613 761 681 783 5606.
704 761 776 783 chart.
793 766 830 782 an.
848 760 916 782 ⁴457.

32 821 36 824 ·
75 811 121 834 Fol.
138 810 176 832 83.
192 816 228 832 v.:
248 809 374 832 Tractatus
395 807 481 838 fratris
503 806 625 831 Gebrandi
639 806 667 830 de
692 806 789 830 Colonia
806 806 833 829 de
849 806 917 836 spiri-

76 856 137 881 tuali
150 855 318 879 exercitatione
340 854 499 884 reparationis
512 854 594 884 lapsus
606 853 713 877 humani.
731 854 806 876 Homo
819 853 916 883 quidam

76 902 225 927 descendebat
241 905 311 925 etc...
328 902 410 925 Passio
428 901 517 925 Christi
537 901 633 924 Domini
649 900 749 924 breviter
766 900 798 923 ad
818 900 916 923 modum

75 949 246 981 fasciculorum
265 948 369 973 collecta.
386 948 527 972 Fasciculus
538 948 644 978 myri-he.
660 960 692 965 —
709 947 796 971 Ibidem
813 950 847 970 est
863 947 915 970 cod.

75 998 143 1021 3037.
160 998 232 1020 chart.
248 1003 310 1020 saec.
326 997 378 1019 XV.
395 996 512 1024 praedicto
529 996 618 1018 similis.

137 1043 283 1072 Colmariae,
303 1043 441 1066 bibliotheca
457 1042 569 1069 Civitatis,
586 1042 637 1065 cod.
659 1048 705 1065 non
730 1042 833 1070 signatus
855 1047 915 1064 saec.

74 1090 129 1114 XV:
148 1090 274 1114 stactatus
290 1089 386 1112 deuotus
403 1089 431 1112 de
447 1088 618 1119 reformatione
634 1087 723 1111 virium
739 1087 819 1111 anime
840 1087 915 1111 editus

70 1142 116 1167 per
131 1136 254 1160 dominum
272 1135 408 1160 Gerardum
425 1135 452 1159 de
468 1135 594 1159 Satthama
605 1135 639 1164 (t),
655 1135 736 1158 virum
754 1141 840 1164 maone
857 1134 916 1157 litte-

73 1185 164 1212 rature,
181 1183 274 1207 habitus
291 1182 352 1206 inter
370 1182 472 1206 Clericus
489 1182 515 1206 in
530 1181 653 1206 communi
668 1181 777 1205 viventes.

136 1231 194 1254 Cum
211 1231 281 1259 igitur
297 1233 359 1253 certo
384 1233 482 1258 constet,
499 1236 559 1258 opus
581 1230 611 1252 de
635 1229 809 1259 Reformatione
825 1228 914 1252 virium

72 1277 167 1301 animae
177 1283 190 1299 a
201 1277 303 1299 Gerardo
315 1282 366 1299 esse
377 1276 532 1305 compositum
549 1282 610 1299 saec.
626 1276 691 1303 XlV;
709 1281 762 1298 cum
774 1276 914 1304 eaecerplum

72 1325 139 1352 illud,
155 1324 219 1353 quod
235 1330 288 1346 cum
314 1323 408 1346 nomine
433 1323 614 1346 Bortaventurae
635 1323 775 1351 impressum
797 1325 842 1351 est,
863 1328 914 1350 pro-

72 1371 123 1395 bari
138 1377 184 1394 non
193 1371 265 1399 possit
280 1377 330 1393 esse
347 1370 392 1392 iam
410 1373 476 1393 antea
493 1370 618 1398 scriptum,
630 1370 672 1392 sed
683 1369 811 1392 secundum
822 1369 915 1392 codices

71 1418 148 1447 potius
163 1420 216 1446 post
231 1417 300 1445 illud;
317 1423 371 1440 cum
394 1417 463 1439 etiam
481 1417 569 1440 indoles
585 1420 607 1439 et
624 1417 688 1439 stilus
704 1416 804 1444 excerpti
825 1416 913 1438 nullum

71 1465 195 1493 vestigium
219 1464 330 1493 praebeat
354 1464 440 1492 ingenii
461 1463 668 1486 Bonaventuriani:
685 1463 740 1486 satis
764 1463 912 1485 manifestum

71 1515 116 1541 est,
133 1513 234 1541 praefata
250 1512 298 1535 duo
314 1511 426 1540 opuscula
446 1511 600 1539 expungenda
622 1516 673 1533 esse
690 1517 716 1533 ex
733 1510 827 1533 elencho
844 1510 913 1532 libro-

71 1564 123 1582 rum
140 1559 323 1581 Bonaventurae.

132 1604 155 1627 5.
170 1604 204 1627 De
215 1603 291 1627 tribus
302 1603 416 1627 ternariis
426 1604 579 1633 peccatorum
592 1602 720 1632 infamibus
733 1603 794 1631 (Vat.
807 1606 863 1625 torn.
876 1603 912 1625 Vl.

69 1657 124 1680 pag.
140 1651 204 1680 279).

132 1698 224 1726 incipit:
244 1698 321 1720 «Tres
337 1700 390 1720 sunt
411 1697 503 1720 ternarii
529 1701 677 1725 peccatorum
702 1697 799 1719 infames
811 1705 833 1718 ι».
851 1696 911 1724 Opu-

68 1746 158 1769 sculum
176 1746 219 1768 hoc
237 1748 271 1768 est
282 1746 445 1773 fragmentum,
457 1747 481 1767 ut
492 1747 652 1773 praenotatum
664 1746 698 1766 est
709 1744 731 1766 in
743 1743 780 1766 ed.
793 1743 911 1766 Vaticana.

68 1793 117 1816 Non
134 1793 196 1816 enim
221 1793 245 1815 in
269 1799 297 1815 eo
321 1792 447 1820 explicatur
472 1792 515 1814 nisi
536 1791 625 1819 primus
641 1791 754 1814 ternarius
769 1791 799 1813 de
816 1793 910 1818 peccato

68 1838 195 1869 originali,
212 1838 311 1862 mortali
327 1841 349 1861 et
365 1837 459 1862 veniali.
484 1837 649 1860 Desiderantur
665 1837 795 1864 secundus,
813 1837 842 1859 de
860 1843 910 1864 pec-

67 1889 118 1910 cato
135 1885 225 1914 cordis,
242 1886 292 1909 oris
309 1888 331 1908 et
355 1885 446 1915 operis,
471 1888 540 1914 atque
565 1885 656 1911 tertius,
677 1884 706 1907 de
731 1884 831 1912 peccatis
856 1889 910 1907 con—

67 1932 223 1962 cupiscentiae
247 1932 340 1960 carnis,
366 1930 567 1961 concupiscentiae
592 1931 717 1954 oculorum
739 1934 761 1953 et
784 1930 909 1960 superbiae

65 1979 134 2003 vitae.
151 1980 192 2002 Hic
208 1979 310 2002 desectus
326 1979 442 2001 invenitur
458 1979 482 2000 in
499 1977 607 2000 omnibus
623 1977 691 2000 codd.
703 1981 726 2000 et
736 1977 798 2004 edd„
810 1983 909 2006 quarum

66 2026 141 2055 prima
157 2029 192 2049 est
208 2032 245 2048 an.
263 2025 335 2052 ⁴484,
352 2025 453 2048 secunda
470 2025 593 2052 Argentina
618 2031 654 2047 an.
680 2024 749 2046 4495.
768 2025 791 2046 ln
808 2024 844 2046 ed.
862 2024 909 2046 Bri-

66 2073 138 2096 xiensi
154 2079 192 2095 an.
204 2072 264 2095 ⁴504
276 2075 298 2094 et
315 2072 338 2094 in
349 2072 402 2095 cod.
413 2071 470 2094 intra
483 2077 507 2093 n.
519 2071 540 2093 4.
552 2071 622 2093 relato
634 2071 718 2093 desunt
729 2071 770 2093 tria
783 2071 862 2093 ultima
874 2076 909 2093 ca-

67 2120 149 2148 pitula:
171 2128 181 2140 ι
193 2126 214 2142 c.
232 2119 267 2142 Vl.
286 2119 318 2142 De
334 2119 411 2141 radice
428 2121 590 2146 peccatorum,
607 2123 668 2147 quae
684 2120 718 2140 est
735 2123 800 2140 amor
821 2118 869 2146 sui;
888 2124 907 2140 c.

66 2167 114 2190 Vll.
124 2167 201 2195 Quare
218 2167 287 2188 homo
304 2165 367 2188 solus
383 2171 410 2187 ex
427 2164 574 2187 inferioribus
586 2164 697 2187 creaturis
708 2164 781 2192 possit
798 2169 907 2193 peccare;

66 2219 86 2237 c.
102 2213 158 2236 Vin.
175 2213 251 2242 Quare
267 2211 387 2240 peccatum
405 2218 451 2235 non
467 2211 565 2239 vitatur,
578 2211 620 2234 nisi
638 2211 703 2240 prius
722 2214 907 2239 cognoscatur».

66 2261 155 2289 Reapse
172 2259 297 2282 verisimile
313 2262 359 2286 est,
377 2260 433 2281 haec
450 2261 530 2286 postea
547 2258 623 2281 addita
641 2264 700 2286 esse,
720 2258 779 2280 sicut
796 2261 818 2280 et
835 2257 906 2280 verba

66 2307 99 2330 ibi
114 2307 211 2330 omissa:
230 2314 241 2328 a
255 2306 313 2329 Vide
330 2306 353 2328 in
369 2305 513 2334 Centiloquio
535 2305 565 2328 de
582 2308 677 2333 peccato
703 2304 785 2327 veniali
808 2305 906 2333 iatiusn;

65 2359 125 2383 quae
141 2353 209 2376 etiam
227 2352 256 2375 ab
273 2352 322 2375 aliis
342 2352 449 2375 adiuncta
466 2357 517 2374 esse
541 2351 656 2374 videntur.
673 2352 847 2373 bonaventurae
863 2351 906 2372 hoc

67 2400 219 2428 fragmentum
236 2398 368 2422 attribuitur
385 2399 406 2421 in
424 2398 528 2421 indiculis
545 2398 637 2420 Mariani
649 2398 770 2420 Florentini
783 2400 806 2420 et
819 2397 905 2420 Trithe-

66 2446 119 2475 mii;
136 2446 241 2469 Oudinus
263 2446 314 2474 (loc.
340 2445 376 2468 cit.
401 2445 444 2468 col.
471 2445 525 2474 404)
551 2444 644 2472 scribit,
661 2445 716 2467 illud
736 2451 810 2467 «esse
835 2445 906 2467 Bona-

66 2496 160 2516 ventura
177 2499 221 2516 non
239 2493 360 2521 indignum
373 2501 394 2519 »;
412 2492 554 2515 Venetorum
579 2492 694 2515 editorum
713 2491 820 2515 Diatriba
838 2492 903 2520 (pag.

67 2540 120 2570 102)
137 2543 216 2568 negat,
237 2539 481 2563 «lucubratiunculam
506 2540 564 2562 hanc
590 2546 601 2561 a
625 2540 786 2562 Bonaventura
804 2538 904 2562 elabora-

66 2589 112 2610 tam
130 2587 198 2610 fuisse
209 2596 231 2614 ’3
247 2587 332 2610 Bonelli
349 2593 405 2609 vero
424 2586 552 2615 (Prodrom.
571 2586 612 2609 col.
631 2586 685 2615 541)
704 2587 765 2614 vult,
783 2586 838 2609 illud
856 2592 905 2608 cer-

65 2636 113 2656 tum
129 2639 180 2657 esse
196 2633 300 2656 eiusdem
317 2639 384 2661 opus.
401 2633 528 2661 Principale
543 2635 707 2661 argumentum
720 2632 792 2660 ipsius
803 2636 837 2655 est
849 2633 904 2655 hoc:

68 2687 79 2701 ι
90 2679 163 2708 Caput.
179 2680 272 2703 tertium
289 2680 367 2709 (huius
382 2680 497 2709 opusculi)
515 2680 545 2702 ita
563 2680 717 2702 concluditur:
738 2679 792 2703 Vide
808 2679 833 2703 in
850 2679 904 2703 Cen-

65 2725 161 2756 titoquio
185 2726 212 2749 de
233 2727 330 2756 peccato
354 2725 442 2749 veniali
463 2725 541 2750 latius.
568 2727 627 2754 Ergo
651 2726 748 2754 perinde
771 2730 860 2749 certum
877 2732 904 2749 ac

65 2771 140 2800 ipsum
165 2771 334 2801 Centiloquium
351 2781 372 2794 ι».
397 2773 515 2801 Attamen,
546 2779 599 2795 cum
630 2773 652 2794 in
677 2773 849 2801 Prologomenis
873 2774 902 2796 ad

65 2820 119 2841 tom.
136 2819 165 2841 V.
187 2819 250 2847 (pag.
268 2819 364 2847 XLthl)
382 2819 436 2842 satis
452 2819 706 2846 demonstraverimus,
730 2819 903 2850 Centiloquium

65 2870 114 2888 esse
129 2865 248 2894 quoddam
265 2868 406 2894 excerptum,
423 2866 548 2894 praecipue
572 2872 599 2889 ex
624 2866 735 2894 operibus
760 2867 902 2890 Bonaventu·

65 2917 116 2939 rae,
133 2912 173 2935 sed
191 2919 237 2935 non
254 2912 284 2935 ab
300 2912 363 2941 ipso,
379 2913 420 2935 sed
438 2913 515 2941 potius
531 2919 544 2935 a
569 2913 605 2936 Fr.
628 2913 769 2936 Marchesino
786 2920 799 2936 a
816 2914 901 2942 Regio,

64 2964 122 2982 saec.
139 2959 198 2982 XlV.
215 2962 320 2987 auctore,
336 2959 491 2988 elaboratum;
510 2960 554 2983 iam
572 2963 644 2989 patet,
663 2961 846 2984 Bonaventuram
856 2967 901 2984 non

155 3037 183 3061 S.
193 3038 286 3061 Bonav.
295 3050 326 3055 —
338 3039 408 3061 Tom.
417 3039 472 3062 Vin.

1743 215 1818 244 extu

972 299 1042 322 posse
1064 300 1115 317 esse
1136 294 1204 317 huius
1229 294 1334 322 opusculi
1359 297 1489 322 auctorem,
1506 293 1528 317 si
1551 294 1682 321 constaret,
1700 296 1817 316 auctorem

976 339 1051 367 ipsum
1069 341 1151 363 citasse
1169 341 1222 364 illud
1241 340 1421 370 Gentiloquium.
1438 353 1468 357 —
1485 341 1543 363 Satis
1568 340 1628 363 bene
1650 340 1679 362 de
1696 341 1740 363 hoc
1758 341 1818 367 frag-

975 391 1052 409 mento
1069 388 1171 416 loquitur
1196 387 1303 410 Sbaralea
1322 388 1372 416 (loc.
1398 388 1435 410 cit.
1459 394 1513 416 pag.
1539 387 1582 410 154
1608 387 1667 416 seq.)
1692 387 1751 409 inter
1775 387 1818 409 alia

975 434 1066 457 dicens:
1086 444 1097 454 α
1109 435 1240 463 Ambigitur
1257 441 1327 463 porro
1339 435 1368 458 de
1379 438 1485 458 auctore:
1503 435 1613 463 primum,
1630 435 1684 464 quia
1701 434 1817 457 interdum

975 481 1047 509 serpit
1063 482 1126 503 humi
1144 488 1185 504 nec
1203 488 1295 510 semper
1312 482 1388 504 stilum
1407 482 1429 504 S.
1452 482 1556 505 Doctoris
1574 481 1654 510 habet;
1672 481 1757 504 deinde
1769 487 1817 503 ver·

975 527 1053 550 bosior
1075 531 1122 555 est,
1139 534 1209 557 quam
1227 529 1283 551 solet
1299 534 1350 551 esse
1366 529 1541 557 Bonaventura,
1558 531 1580 551 et
1596 534 1667 557 quam
1685 528 1751 551 decet
1767 534 1818 551 esse

975 580 1071 602 gravem
1089 574 1220 602 doctorem;
1239 578 1370 603 postremo,
1387 582 1441 598 cum
1458 576 1531 604 egerit
1556 576 1579 598 S.
1596 576 1680 598 Doctor
1697 575 1727 598 de
1744 574 1817 598 tribus

975 623 1123 648 peccatorum
1140 621 1265 649 generibus
1287 622 1309 644 in
1330 622 1476 651 Breviloquio
1497 624 1520 644 et
1540 622 1683 651 Ceutiloquio
1700 621 1737 651 [ut
1762 621 1816 644 falso

974 667 1063 695 putavit
1081 667 1197 698 Sbaralea]
1215 672 1236 691 et
1254 669 1373 696 potissime
1385 669 1406 691 in
1423 669 1552 692 Comment.
1568 669 1598 691 ad
1615 669 1639 691 ll.
1657 669 1719 691 Sent.
1736 667 1760 690 d.
1779 668 1817 690 35.

973 717 996 737 et
1007 715 1044 737 36.
1058 716 1090 744 [et
1106 715 1181 745 alibi],
1193 722 1238 738 non
1251 719 1357 744 apparet,
1375 723 1416 739 cur
1433 717 1517 739 iterum
1534 716 1635 739 scribere
1651 723 1678 739 ea
1695 717 1725 739 de
1742 722 1767 738 re
1778 722 1817 739 vo-

974 762 1042 784 luerit
1055 771 1076 784 ».
1092 763 1153 785 Haec
1170 762 1341 791 approbamus,
1359 764 1522 793 concedentes,
1540 764 1680 792 opusculum
1692 770 1742 786 esse
1754 764 1816 791 utile,

972 809 1096 832 convenire
1107 815 1159 832 cum
1172 810 1275 832 doctrina
1292 811 1479 837 Bonaventurae,
1496 813 1518 833 et
1534 810 1612 839 quoad
1629 810 1756 833 doctrinam
1769 816 1816 833 non

973 856 1098 885 indiqnum
1110 863 1160 879 esse
1172 857 1347 884 Bonaventura3
1359 860 1520 880 verumtamen
1533 857 1588 880 nihil
1601 857 1739 884 invenimus,
1751 857 1815 886 quod

971 902 1077 925 ostendat
1094 903 1258 931 proprietatem
1276 903 1357 926 indolis
1373 906 1396 926 et
1420 904 1464 926 stili
1486 904 1691 932 Bonaventuriani,
1709 904 1749 926 sed
1775 909 1814 932 po-

972 948 1017 970 tius
1033 954 1085 971 cum
1103 948 1211 971 Sbaralea
1229 950 1377 972 contrarium.
1402 950 1505 972 Editores
1531 950 1611 973 Veneti
1636 950 1761 978 praecipue
1781 951 1813 972 of-

972 995 1029 1017 sensi
1046 998 1099 1017 sunt
1116 1001 1173 1018 voce
1189 995 1275 1023 pluries
1292 999 1426 1019 occurrente
1443 995 1566 1020 discrasia.
1584 997 1618 1019 Ad
1630 998 1674 1019 hoc
1690 996 1815 1024 respondet

972 1043 1070 1065 Bonelli:
1098 1043 1144 1065 «Si
1165 1044 1250 1065 Graeca
1274 1050 1318 1066 vox
1341 1043 1417 1066 crasis
1442 1044 1556 1071 significat
1577 1044 1814 1073 temperamentum...

971 1090 1025 1112 satis
1042 1090 1173 1118 intelligitur
1191 1091 1311 1113 infirmitas
1327 1097 1369 1119 per
1385 1090 1540 1119 disci-asiam,
1554 1097 1614 1120 quae
1631 1091 1690 1113 illius
1706 1093 1740 1113 est
1757 1093 1815 1113 tem-

971 1136 1100 1164 peramenti
1116 1137 1166 1159 sive
1182 1137 1340 1165 proportionis
1356 1137 1492 1164 destructio,
1518 1143 1591 1166 eaque
1616 1144 1660 1160 vox
1678 1143 1719 1165 per
1745 1140 1814 1159 meta·

971 1184 1068 1211 phoram
1086 1183 1115 1206 ad
1133 1183 1288 1206 infirmitatem
1305 1184 1396 1206 animae
1413 1186 1486 1212 potest
1500 1184 1615 1206 transferri
1628 1192 1650 1205 n.
1663 1183 1814 1206 Nihilominus

971 1230 1128 1252 confitendum
1146 1233 1190 1257 cst,
1215 1230 1238 1252 in
1263 1230 1354 1258 scriptis
1379 1231 1485 1258 genuinis
1506 1231 1682 1253 Bonaventurae
1699 1231 1758 1252 hanc
1775 1236 1814 1252 vo-

970 1283 1021 1299 cem
1038 1283 1084 1299 non
1102 1277 1206 1299 inveniri.
1223 1289 1254 1294 —
1272 1278 1389 1300 Praeterea
1406 1277 1485 1305 magni
1497 1277 1606 1300 momenti
1619 1280 1660 1304 est,
1672 1277 1737 1306 quod
1754 1277 1813 1299 testi-

970 1324 1046 1346 monia
1064 1326 1152 1346 tantum
1169 1324 1294 1346 recentiora
1311 1327 1334 1346 et
1350 1330 1423 1352 pauca
1440 1330 1483 1352 pro
1495 1324 1655 1347 Bonaventura
1675 1324 1749 1346 afferri
1762 1330 1814 1352 pos-

969 1373 1034 1398 sunt,
1051 1370 1136 1393 scilicet
1152 1371 1199 1393 duo
1216 1371 1300 1393 nullius
1316 1371 1457 1393 auctoritatis
1469 1371 1561 1394 codices
1578 1377 1637 1393 saec.
1656 1371 1716 1393 XVl.
1736 1371 1812 1393 ineun-

970 1417 1008 1445 tis,
1025 1423 1052 1439 ac
1069 1417 1116 1439 duo
1141 1423 1200 1440 saec.
1225 1418 1279 1444 XV,
1304 1423 1404 1446 quorum
1422 1418 1537 1447 antiquior
1559 1420 1593 1440 est
1609 1418 1650 1446 qui
1671 1417 1769 1440 habetur
1791 1418 1811 1439 l.

969 1463 1129 1492 Darmstadii,
1147 1463 1284 1486 bibliotheca
1309 1464 1413 1491 Ducalis,
1434 1464 1487 1487 cod.
1508 1464 1562 1486 696.
1585 1465 1656 1486 chart.
1682 1469 1742 1486 saec.
1760 1464 1811 1486 XV.

969 1514 1022 1533 ante
1039 1511 1193 1534 medietatem.
1210 1522 1241 1527 —
1258 1512 1279 1533 2.
1296 1510 1387 1539 Leodii,
1404 1510 1543 1534 bibliotheca
1563 1510 1734 1539 Universitatis‚
1759 1510 1811 1533 cod.

969 1558 1005 1580 83.
1024 1558 1118 1580 miscell.
1134 1564 1170 1580 an.
1192 1558 1256 1580 1503.
1273 1570 1304 1574 -
1321 1558 1342 1580 3.
1360 1557 1490 1585 Monachii,
1507 1557 1645 1580 bibliotheca
1662 1557 1741 1586 Regia,
1758 1557 1810 1580 cod.

969 1605 1053 1627 11929.
1070 1605 1142 1627 chart.
1159 1605 1219 1627 circa
1239 1611 1275 1627 an.
1303 1605 1359 1626 1500
1382 1605 1417 1627 vel
1443 1605 1512 1633 paulo
1538 1608 1597 1633 post.
1616 1617 1645 1620 —
1668 1604 1690 1627 4.
1709 1604 1812 1628 Traiecti

967 1650 1000 1674 ad
1010 1651 1129 1680 Rhenum,
1147 1651 1285 1674 bibliotheca
1303 1652 1452 1679 Academiae,
1469 1652 1519 1674 cod.
1538 1652 1575 1674 48.
1593 1652 1663 1674 chart.
1682 1657 1741 1674 saec.
1759 1652 1810 1674 XV.

967 1700 1020 1726 post
1037 1698 1191 1721 medietatem.

1029 1745 1069 1768 His
1085 1746 1235 1768 consideratis
1251 1752 1384 1774 censemus,
1401 1747 1555 1774 fragmentum
1573 1746 1617 1768 hoc
1638 1745 1667 1768 ab
1684 1745 1731 1769 alio
1749 1747 1809 1768 theo-

966 1793 1019 1820 logo
1035 1796 1168 1820 excerptum
1185 1799 1235 1815 esse
1252 1799 1279 1815 ex
1296 1792 1405 1820 operibus
1417 1792 1515 1815 aliorum
1527 1792 1732 1821 Scholasucorum,
1745 1798 1809 1820 prae-

965 1839 1033 1867 cipue
1050 1840 1072 1861 S.
1090 1839 1271 1861 Bonaventurae.

1028 1886 1050 1908 6.
1069 1886 1100 1908 De
1116 1885 1290 1908 resurrectione
1306 1891 1322 1908 a
1335 1886 1432 1915 peccalo
1449 1884 1481 1908 ad
1497 1884 1602 1915 qratiam
1625 1885 1686 1913 (Vat.
1704 1887 1757 1907 tom.
1771 1885 1807 1907 Vl.

964 1939 1019 1961 pag.
1037 1932 1100 1962 277).
1585 1925 1592 1929 “

1028 1980 1118 2008 incipit:
1136 1979 1227 2003 Paulus
1244 1979 1378 2009 Apostolus.
1400 1979 1505 2002 Oudinus
1522 1979 1574 2008 (loc.
1592 1979 1629 2002 cit.
1646 1979 1688 2002 col.
1707 1979 1760 2006 404)
1777 1979 1807 2002 de

965 2027 1008 2049 hoc
1020 2029 1042 2048 et
1053 2026 1082 2048 de
1094 2026 1240 2054 praecedenti
1252 2028 1340 2048 censet:
1360 2035 1372 2046 α
1381 2026 1509 2054 Utrumque
1521 2025 1636 2048 abiectum
1654 2031 1681 2048 ac
1698 2025 1806 2054 simplex,

964 2073 1015 2095 licet
1033 2073 1192 2095 Bonaventura
1213 2079 1258 2094 non
1275 2072 1427 2100 indignum».
1453 2072 1534 2094 Mirum
1551 2076 1597 2099 est,
1615 2072 1678 2101 quod
1696 2073 1739 2094 hac
1755 2072 1806 2095 vice

964 2119 1063 2142 editores
1081 2120 1160 2142 Veneti
1186 2119 1311 2148 (Diatribae
1327 2125 1381 2147 pag.
1398 2119 1423 2141 74
1453 2119 1524 2148 seq.),
1542 2122 1620 2141 contra
1637 2119 1754 2142 Oudinum
1771 2119 1806 2141 in-

953 2169 1095 2202 surgentes,
1113 2166 1213 2189 libellum
1230 2166 1360 2196 qenainum
1377 2172 1426 2189 esse
1443 2166 1535 2193 volunt,
1553 2166 1610 2189 dum
1628 2166 1735 2189 Sbaralea
1753 2166 1805 2195 (loc.

963 2213 1000 2236 cit.
1019 2219 1072 2241 pag.
1090 2213 1144 2242 1158)
1162 2216 1184 2235 et
1201 2213 1285 2236 Bonelli
1303 2213 1432 2241 (Prodrom.
1449 2213 1491 2235 col.
1510 2213 1554 2235 695
1571 2212 1630 2241 seq.)
1648 2213 1703 2235 iliud
1726 2213 1805 2236 dicunt

963 2266 1014 2283 esse
1030 2259 1154 2289 spurium,
1172 2260 1220 2282 scil.
1238 2260 1272 2288 (ut
1288 2260 1377 2287 primae
1394 2259 1505 2282 editiones
1517 2259 1609 2288 habent)
1630 2265 1681 2283 «ew
1698 2259 1764 2283 dictis
1779 2259 1804 2283 S.

963 2307 1143 2331 Bonavenlurae
1159 2308 1310 2336 excerptum,
1328 2310 1367 2329 aut
1383 2312 1413 2329 etc
1429 2306 1522 2336 scriptis
1537 2308 1703 2330 extractum».
1720 2307 1804 2330 Bonelli

962 2353 1032 2382 igitur
1043 2354 1124 2380 refert,
1137 2353 1224 2382 primas
1236 2353 1346 2376 editiones
1359 2354 1428 2376 factas
1440 2359 1490 2376 esse
1502 2353 1592 2376 Parisiis
1609 2359 1646 2376 an.
1666 2353 1723 2376 1498
1741 2354 1804 2382 apud

962 2400 1054 2423 Petrum
1072 2401 1102 2422 Le
1123 2400 1169 2422 Dru
1193 2400 1272 2429 (quam
1294 2400 1417 2422 editionem
1440 2400 1526 2422 invenit
1547 2401 1569 2422 P.
1592 2400 1675 2423 Fidelis
1696 2407 1708 2423 a
1726 2401 1803 2423 Fanna

962 2446 1061 2470 Cadorni
1078 2447 1101 2469 in
1118 2446 1254 2469 bibliotheca
1267 2446 1378 2476 Civitatis)
1390 2450 1412 2469 et
1424 2453 1460 2469 an.
1480 2447 1537 2469 1502
1555 2447 1615 2475 typis
1628 2448 1688 2469 ioan.
1705 2447 1803 2475 GerIier,

962 2500 1003 2516 nee
1020 2500 1065 2516 non
1082 2494 1189 2521 Lugduni
1206 2500 1243 2516 an.
1261 2493 1321 2516 '1505
1338 2494 1400 2521 apud
1418 2495 1478 2516 ioan.
1495 2494 1524 2516 de
1541 2494 1629 2521 Platea,
1647 2494 1669 2516 in
1686 2500 1732 2523 qua
1744 2494 1806 2522 lega-

962 2543 1010 2563 tur:
1038 2547 1084 2563 aex
1101 2540 1168 2563 dictis
1184 2541 1207 2563 S.
1230 2540 1404 2562 Bonaventurae
1426 2543 1567 2568 excerptus»
1592 2541 1696 2569 Denique
1718 2541 1803 2569 prodiit

962 2588 1063 2610 Venetiis
1080 2593 1116 2610 an.
1132 2587 1189 2609 1497
1202 2593 1254 2610 cum
1267 2588 1308 2610 hac
1325 2587 1454 2610 additione:
1476 2593 1522 2610 aex
1541 2587 1631 2615 scriptis
1648 2588 1673 2610 D.
1685 2588 1802 2611 Bonaven-

962 2637 1025 2657 turae
1037 2636 1150 2656 extractus
1159 2642 1180 2656 n.
1198 2634 1270 2656 Etiam
1290 2634 1372 2656 unicus
1393 2640 1463 2662 quem
1475 2634 1595 2663 novimus,
1607 2634 1660 2657 cod.
1672 2635 1732 2657 idem
1751 2640 1803 2657 con·

961 2680 1046 2707 firmat,
1063 2680 1104 2709 qui
1120 2683 1154 2703 est
1173 2679 1274 2704 Traiecti
1289 2680 1321 2703 acl
1337 2679 1443 2703 Rhenum
1461 2680 1482 2703 in
1502 2680 1639 2703 bibliotheca
1656 2681 1801 2708 Academiae,

960 2728 1011 2750 cod.
1034 2727 1088 2750 250.
1105 2728 1127 2750 S.
1144 2728 1169 2749 E.
1186 2726 1284 2749 membr.
1296 2727 1320 2749 in
1333 2727 1353 2749 4.
1371 2733 1431 2749 saec.
1448 2727 1500 2749 XV.
1516 2727 1573 2750 Nam
1590 2730 1643 2755 post
1659 2728 1701 2750 alia
1718 2734 1801 2756 opera,

961 2775 998 2797 sol.
1016 2780 1060 2797 non
1082 2776 1202 2796 numerato
1219 2774 1314 2802 legitur:
1334 2774 1459 2797 Tractatus
1481 2773 1509 2797 (le
1530 2774 1704 2798 resurrectione
1720 2781 1735 2797 a
1749 2780 1800 2804 pec-

960 2823 1012 2845 cato
1028 2820 1060 2843 ad
1076 2820 1193 2850 qratiam,
1210 2820 1340 2843 admodum
1358 2820 1422 2844 utilis
1439 2827 1466 2843 ex
1483 2827 1553 2844 ntCTls
1569 2820 1595 2844 S.
1612 2821 1800 2845 Bonacenlurae.

959 2867 1050 2890 Paulus
1068 2866 1201 2897 Apostolus.
1219 2867 1288 2895 igitur
1299 2867 1409 2890 sententia
1426 2867 1546 2890 Sbaraleae
1563 2871 1585 2890 et
1602 2868 1685 2890 Bonelli
1702 2868 1798 2891 tenenda

959 2918 1000 2937 est.
1012 2914 1153 2942 Opusculum
1166 2920 1211 2936 non
1223 2914 1337 2936 invenitur
1353 2914 1375 2936 in
1393 2915 1565 2938 collectionibus
1583 2915 1700 2944 impressis
1716 2916 1800 2944 Argen-

959 2962 1018 2984 tinae
1035 2967 1070 2983 an.
1089 2961 1149 2983 '1495
1166 2964 1188 2983 et
1205 2961 1305 2984 Venetiis
1324 2961 1391 2984 1504.

1661 3025 1703 3048 XV
