2133 3317
270 214 353 243 XXIV

335 293 388 315 266.
407 292 505 321 Ibidem,
518 293 571 316 cod.
583 293 651 316 4502.
669 294 742 316 chart.
753 293 775 315 in
794 293 815 316 4.
827 299 887 315 saec.
901 293 951 315 XV.
964 306 994 309 —-
1005 293 1052 315 Fol.
1064 294 1117 316 207.

270 345 305 361 v.:
324 339 409 369 Incipit
427 341 544 363 tractatus
562 340 727 363 Bonauenture
749 339 776 362 de
793 339 882 369 triplici
898 339 944 363 via.
963 340 1022 363 Cum
1040 340 1118 364 omnis

270 386 367 410 scientia
384 388 452 416 perat
469 389 512 409 ctc.
533 387 617 409 Desinit
630 387 667 408 [01.
683 387 736 408 226.
754 393 788 408 v.:
807 386 830 409 in
848 386 884 409 his
897 388 932 410 est
946 387 1000 416 fons
1018 387 1070 411 cite.
1082 388 1119 411 Ad

271 440 340 464 quem
357 440 400 458 nos
414 434 532 464 perducat
549 433 591 464 qui
606 433 662 457 vicit
678 435 701 457 et
715 436 803 464 reqnat
819 435 860 457 etc.
878 434 992 463 Empticit.

334 481 386 503 267.
404 480 504 509 Ibidem,
519 480 656 503 bibliotheca
675 481 803 503 Monasterii
819 483 911 503 sanctae
927 480 1008 504 Crucis
1025 482 1118 504 Ordinis

270 528 466 555 CistercIensium‚
484 528 536 551 cod.
551 529 604 550 290.
622 528 667 550 iam
680 531 770 551 notatus
788 531 843 551 tom.
862 529 890 552 V.
907 535 962 557 pag.
978 529 1072 552 XXXIII
1093 536 1116 552 n.

272 576 322 597 130.
341 589 371 591 —
387 576 434 598 FoI.
457 575 509 597 138.
534 582 556 597 v.
575 575 729 603 praemittitur
747 577 872 604 opusculo:
900 575 1001 599 Libellus
1027 576 1120 600 domini

271 622 436 645 Bonacenture
452 621 480 644 de
497 621 606 650 lectione,
624 621 735 645 oracione
752 623 773 645 et
794 621 954 645 meditacione.
973 622 1060 645 Desinit
1081 622 1118 645 [01.

270 669 322 692 148.
340 676 379 691 v.:
397 668 486 698 Sapere
502 667 590 698 absque
607 668 718 698 appetitu.
736 669 807 691 Hinc:
824 669 930 698 Ezrplicit
946 670 1063 692 tractatus
1080 669 1118 692 do-

269 715 330 738 mini
354 716 519 739 Bonacenture
544 715 572 739 de
597 715 763 745 meditacione,
789 716 900 739 oracione
927 718 949 739 et
974 716 1118 746 contempla-

269 763 340 786 cione.

333 810 385 831 268.
404 809 503 838 Ibidem,
531 810 582 832 cod.
610 809 679 832 1714.
704 809 802 832 membr.
828 810 850 832 in
878 810 899 832 4.
923 816 983 833 saec.
1007 810 1067 833 XIV.
1088 810 1118 833 in-

269 856 350 878 euntis
370 868 399 871 —
416 855 559 884 Opusculum
584 856 662 884 incipit
688 857 725 879 [01.
752 856 801 879 141.
822 863 841 879 r.
867 857 993 884 praemiSso
1016 859 1117 879 tantum:

270 903 453 931 Bouaventura,·
470 903 586 931 sequitur:
604 903 675 931 Eece,
699 903 814 933 descripsi
837 903 878 926 tibi
902 909 955 926 eum
977 906 1019 926 etc.
1046 906 1071 926 ut
1096 904 1117 926 in

267 950 341 973 editis.

331 998 383 1020 269.
397 997 495 1026 Ibidem,
508 998 560 1021 cod.
572 999 644 1026 5086,
657 999 701 1020 iam
715 998 844 1026 descriptus
854 1002 909 1021 tom.
921 999 950 1021 V.
959 1005 1014 1027 pag.
1027 999 1116 1021 XXXV

268 1051 290 1067 n.
309 1045 345 1066 32.
363 1057 394 1061 —
410 1044 554 1072 Opusculum
576 1045 663 1073 incipit.
681 1046 717 1067 [01.
741 1045 778 1067 71.
796 1051 814 1067 r.
832 1045 880 1068 sine
902 1045 966 1068 titulo
989 1048 1011 1068 et
1032 1045 1114 1068 desinit

268 1092 306 1113 [01.
322 1091 359 1113 76.
378 1098 396 1114 r.
414 1091 437 1113 in
455 1097 506 1120 cap.
524 1093 544 1114 2.
563 1098 586 1114 n.
607 1093 641 1114 12.
658 1092 749 1114 verbis:
766 1091 895 1121 inteiponit
912 1092 1115 1121 misericordiam,

269 1144 313 1168 que
330 1140 364 1161 est
379 1138 505 1168 utriusque
524 1138 680 1168 principium.
706 1140 729 1161 In
746 1139 791 1161 fine
814 1139 900 1162 codIcIs
923 1142 1026 1162 notatur:
1046 1140 1115 1163 Anno

266 1184 364 1207 Domini
380 1183 453 1208 4447.

331 1232 383 1254 270.
402 1231 501 1260 Ibidem,
524 1231 662 1255 bibliotheca
686 1233 775 1261 privata
794 1233 951 1261 Imperatoris,
974 1233 1025 1256 cod.
1043 1233 1113 1256 7906.

267 1279 362 1302 miscell.
380 1286 439 1302 saec.
458 1280 510 1302 XV.
523 1293 554 1296 ——
566 1281 613 1303 FoI.
633 1280 685 1303 114.
702 1287 732 1303 r.:
751 1280 835 1310 Incipit
844 1287 951 1310 paruum
968 1280 1056 1304 bonum
1067 1281 1116 1311 fra-

268 1325 311 1349 tris
330 1327 501 1349 Bonaccnture.
519 1327 605 1349 Desinit
623 1327 660 1349 [01.
682 1327 731 1349 134.
750 1334 784 1349 v.:
804 1328 831 1350 [η
847 1327 884 1350 his
896 1329 929 1350 est
937 1327 991 1357 fons
1008 1327 1061 1350 vite.
1079 1327 1116 1350 Ad

267 1379 340 1403 quam
356 1375 397 1397 etc.
415 1374 498 1397 Amen.
516 1373 621 1403 Eoeplieit
633 1380 740 1403 parcum
758 1374 846 1397 bonam
864 1374 1037 1397 Bonaventure.

331 1420 383 1442 271.
405 1420 502 1443 Voravii
513 1420 609 1449 (Vorau)
623 1421 644 1443 111
657 1421 745 1449 Styria,
758 1420 896 1444 bibliotheca
908 1421 1049 1449 Canonicae,
1062 1421 1114 1444 cod.

266 1467 404 1495 CLXXXIII,
430 1474 500 1497 quem
518 1469 651 1491 notavimus
667 1471 722 1491 tom.
752 1470 777 1491 V.
795 1475 849 1497 pag.
874 1469 963 1491 XXXV
989 1475 1011 1491 n.
1030 1470 1068 1491 33.
1084 1482 1115 1486 —

267 1514 410 1543 Opusculum
429 1515 508 1543 incipit
524 1514 568 1537 sub
585 1515 663 1538 titulo:
682 1515 837 1538 Itinerarium
853 1516 1035 1545 Bonaeenture,
1052 1516 1114 1538 desi-

265 1563 299 1585 nit
315 1562 394 1584 verbis
412 1568 462 1590 cap.
480 1563 502 1584 2.
519 1568 541 1584 n.
562 1563 602 1584 12:
620 1568 664 1591 quc
681 1564 714 1585 est
726 1562 850 1592 utriusque
866 1562 1020 1592 principium.

330 1610 382 1632 272.
404 1609 577 1639 Wolsenbutae,
603 1609 741 1632 bibliotheca
764 1611 868 1638 Ducalis,
890 1611 943 1633 cod.
964 1611 1018 1634 613.
1040 1611 1114 1633 Helm.

265 1658 337 1679 chart.
355 1657 377 1679 in
395 1657 416 1679 4.
437 1663 498 1679 saec.
518 1657 578 1679 XIV.
601 1657 712 1679 exeuntis,
729 1669 759 1674 —
776 1657 823 1679 FoI.
846 1658 883 1679 23.
907 1663 925 1679 r.
948 1660 982 1680 est
1003 1657 1114 1680 rubrica:

266 1704 351 1734 Incipit
362 1704 389 1727 de
400 1704 489 1734 triplici
504 1706 568 1728 statu
586 1704 702 1727 bonorum
715 1704 885 1734 incipientium,
900 1705 1078 1735 proficientium
1093 1707 1115 1729 et

262 1750 431 1780 perfectorum.
445 1750 511 1779 Ecce,
524 1750 639 1780 descripsi
649 1757 702 1774 eam
714 1754 756 1774 etc.
769 1751 855 1774 Desinit
867 1752 920 1774 [0110
936 1752 973 1774 30.
986 1758 1020 1774 v.:
1038 1753 1060 1775 et
1071 1751 1115 1775 hoc

266 1797 400 1827 Seraphim.
418 1798 501 1821 Amen.

329 1845 380 1867 273.
399 1844 499 1873 Ibidem,
517 1845 569 1868 cod.
588 1845 640 1873 550.
659 1846 704 1868 iam
722 1846 852 1874 descriptus
870 1849 925 1869 tom.
951 1846 979 1869 V.
998 1853 1052 1875 pag.
1070 1847 1114 1870 XV

264 1898 288 1914 n.
310 1892 342 1914 12.
360 1904 391 1908 —
407 1892 452 1914 FoI.
471 1892 523 1914 371.
541 1897 571 1914 r.:
590 1891 674 1921 Incipit
685 1892 808 1915 ternarius
823 1898 865 1915 seu
882 1892 975 1916 maleus
994 1893 1114 1916 Bonaven-

264 1941 323 1963 ture.
343 1939 428 1962 Desinit
446 1940 498 1962 [0110
511 1940 565 1962 378.
581 1946 600 1962 r.
618 1941 761 1968 fragmento:
778 1940 841 1963 Deus
853 1942 948 1963 estesse
960 1943 1015 1969 etc.,
1030 1946 1114 1970 sapere

263 1986 351 2017 absque
368 1987 471 2017 appetitu
478 1996 487 2015 ,·
505 1987 542 2010 cui
559 1987 652 2010 additur
664 1986 693 2009 ab
711 1988 761 2016 ipso
773 1987 881 2010 librario:
899 1988 948 2011 Hoc
965 1994 1008 2017 per
1025 1994 1113 2011 manus

263 2034 295 2064 sr.
308 2034 420 2057 Iohannis
433 2034 566 2057 Riimeland
575 2040 621 2064 pro
633 2035 690 2058 tunc
702 2034 810 2058 Custodis
824 2034 932 2058 Custodie
944 2034 1110 2065 Maydeburyi.

263 2081 332 2104 Anno
350 2080 448 2104 Domini
467 2079 545 2104 4457.

327 2127 380 2150 274.
392 2127 493 2156 Ibidem,
506 2128 557 2150 cod.
569 2128 624 2150 900.
635 2129 708 2151 chart.
720 2128 743 2150 in
756 2128 777 2150 4.
795 2134 855 2151 saec.
867 2129 919 2150 XV.
928 2142 959 2144 —
971 2129 1018 2151 FoI.
1031 2129 1081 2151 XV.
1094 2135 1113 2151 r.

263 2174 418 2203 praemittitur
429 2175 509 2202 operi:
528 2174 613 2204 Incipit
624 2174 716 2198 libellus
734 2174 810 2198 editus
826 2181 842 2198 a
853 2175 931 2205 fratre
943 2175 1113 2199 Bonaventura

263 2221 397 2251 appellatus
414 2221 525 2251 Reqimen
541 2221 688 2245 conscientie.
702 2222 787 2244 Desinit
804 2222 840 2244 [01.
858 2222 941 2245 XXVI.
954 2229 978 2245 v.
991 2223 1012 2245 in
1025 2229 1077 2251 cap.
1089 2223 1111 2245 3.

264 2275 286 2291 n.
303 2269 325 2291 7.
343 2268 434 2291 verbis:
452 2268 476 2291 in
492 2267 642 2298 sequentibus
655 2268 794 2292 dominatur
812 2268 912 2299 affectio.
930 2269 1068 2293 Benedictus
1080 2269 1110 2293 sit

264 2316 329 2339 Iesus
346 2317 368 2339 et
380 2315 424 2345 pia
441 2316 518 2339 Mater
529 2315 587 2339 eius.

327 2363 380 2386 275.
397 2362 497 2391 Ibidem,
525 2363 577 2385 cod.
596 2363 632 2385 81.
656 2364 678 2385 2.
695 2363 793 2391 August.
816 2363 915 2386 membr.
935 2370 995 2387 saec.
1013 2364 1064 2387 XV.
1080 2377 1112 2381 —

263 2410 310 2432 FoI.
329 2410 367 2432 39.
379 2416 402 2432 v.
419 2412 453 2432 est
469 2415 569 2438 sequens
590 2409 695 2432 rubrica:
723 2409 872 2439 Opusculum
889 2409 976 2437 fratris
992 2410 1112 2434 Bonaven·

263 2457 317 2479 ture
333 2455 361 2479 de
378 2455 519 2479 conscientia
535 2455 647 2486 reqeuda.
665 2456 752 2479 Desinit
771 2457 809 2479 sol.
825 2457 864 2479 55.
881 2463 903 2479 V.
923 2456 1003 2479 verbis
1020 2463 1071 2485 cap.
1090 2457 1112 2479 3.

262 2510 285 2526 n.
303 2503 330 2526 7:
348 2505 369 2527 et
386 2503 495 2527 osculum
511 2504 533 2526 et
549 2503 697 2533 amplexu-m.
711 2503 762 2532 Quo
774 2503 818 2527 nos
832 2503 951 2533 perducat
969 2503 1011 2533 qui
1025 2503 1072 2527 vi...
1090 2506 1112 2526 et

264 2550 319 2573 nihil
336 2550 405 2573 aliud.

327 2598 380 2620 276.
398 2597 497 2626 Ibidem,
519 2598 571 2621 cod.
600 2598 665 2620 1310.
687 2598 761 2621 Helm.
783 2599 854 2620 chart.
878 2598 900 2620 in
930 2599 964 2621 12.
981 2604 1041 2621 saec.
1059 2598 1111 2622 XV.

262 2659 293 2663 —
311 2646 390 2674 Incipit
414 2648 436 2668 et
461 2645 545 2668 desinit
567 2646 631 2668 utin
656 2645 735 2673 editis,
751 2645 800 2668 sine
818 2646 863 2668 ullo
886 2645 950 2668 titulo
972 2649 994 2668 et
1016 2646 1110 2668 nomine

262 2693 368 2715 auctoris.

326 2740 379 2762 277.
396 2739 496 2767 Ibidem,
521 2740 574 2762 cod.
603 2740 668 2762 1167.
686 2739 786 2762 membr.
804 2740 826 2762 in
852 2739 872 2762 4.

263 2786 418 2809 medietatem.
435 2799 466 2803 —
483 2786 569 2815 Incipit.
592 2787 627 2809 [01.
646 2788 667 2809 8.
691 2790 743 2809 31118
760 2787 866 2809 ultimum
889 2793 936 2810 non
953 2789 1074 2810 numerato
1096 2793 1109 2809 3

263 2839 314 2861 cap.
336 2834 352 2855 Ι.
370 2840 393 2856 n.
411 2834 419 2855 I
435 2842 440 2856 :
457 2832 597 2861 Sciendum,
619 2833 682 2863 quod
703 2833 792 2863 triplex
809 2835 844 2857 est
866 2833 1005 2857 intellectus.
1024 2834 1110 2856 Desinit

262 2886 313 2908 cap.
332 2881 352 2903 3.
370 2886 392 2902 n.
409 2880 431 2902 7.
454 2880 482 2903 ad
505 2880 590 2903 verba:
616 2882 637 2904 et
654 2880 763 2903 osculum
784 2882 807 2904 et
824 2880 973 2910 amplexum.
997 2880 1048 2908 Quo
1065 2886 1109 2904 nos

258 2927 378 2957 perducat
394 2928 458 2950 Iesus
474 2928 532 2950 ictus
555 2926 632 2950 Filius
650 2927 692 2950 Dei
716 2927 863 2957 cracifioeus,
891 2927 934 2957 qui
957 2926 1013 2950 vivit
1034 2928 1055 2950 et
1072 2933 1109 2950 re-

262 2977 321 3004 ‚qnat
338 2974 361 2998 in
378 2974 458 2998 secula
474 2974 619 2998 secutorum.
636 2976 718 2998 Amen.

890 2746 951 2763 saec.
970 2740 1031 2763 XIV.
1058 2742 1110 2762 ante

982 214 1226 243 PROLEGOMENA
1249 214 1277 243 C.
1299 215 1317 243 Ι.

1239 294 1292 316 278.
1310 293 1411 322 Ibidem,
1429 294 1480 316 cod.
1499 294 1537 316 17.
1558 295 1592 317 18.
1609 295 1706 323 August.
1724 295 1795 317 chart.
1812 294 1835 316 in
1853 294 1874 317 4.
1891 300 1951 317 saec.
1969 295 2021 317 XV.

1175 354 1206 357 —
1223 342 1366 369 Opusculum
1385 342 1463 370 incipit
1480 343 1516 365 [01.
1541 342 1594 365 251.
1611 349 1630 365 r.
1646 347 1669 365 et
1686 342 1769 365 desinit
1787 343 1839 365 265Δ
1857 349 1876 365 r.
1895 342 1984 365 verbis:
2001 345 2023 366 et

1175 387 1219 411 hoc
1236 387 1370 417 Seraphim.
1388 388 1495 418 Explicit
1504 389 1661 412 Itinerarium
1677 389 1762 413 mentis
1779 389 1805 413 in
1815 389 1919 419 seipsam
1935 389 2024 413 editum

1172 440 1216 464 per
1234 434 1358 457 dominum
1375 435 1567 459 Bonaoenturam
1584 436 1739 460 cardinalem.

1239 481 1292 503 279.
1310 481 1409 510 Ibidem,
1422 482 1474 504 cod.
1490 482 1544 505 783.
1556 483 1630 505 Helm.
1642 484 1713 506 chart.
1725 490 1786 506 saec.
1798 484 1849 507 XV.
1861 496 1892 500 -·
1904 483 2021 512 Opusculo

1175 528 1328 555 praemittitur
1344 528 1450 550 rubrica:
1463 528 1548 558 Incipit
1558 528 1657 553 libellus.
1669 530 1756 552 Desinit
1767 530 1845 553 verbis
1857 536 1908 558 cap.
1924 531 1946 553 3.
1958 537 1981 552 n.
1994 530 2022 553 7:

1175 573 1200 596 in
1216 573 1365 603 sequentibus
1382 574 1521 598 dominatur
1532 575 1631 605 affectio.
1643 577 1751 599 Additur:
1764 577 1870 607 Eaplicit
1888 577 1996 601 Triviam
2007 584 2022 601 a

1176 621 1344 644 Bonaventura
1360 621 1457 644 editum.

1238 668 1292 690 280.
1309 667 1407 697 Ibidem,
1425 669 1481 691 cod..
1496 669 1548 691 122.
1566 670 1638 692 Helm.
1651 671 1702 693 cod.
1720 672 1792 693 chart.
1804 671 1825 693 in
1843 671 1881 694 [01.
1898 677 1957 694 5388.
1971 671 2021 694 XV.

1175 727 1206 732 --
1218 715 1297 743 Incipit
1314 716 1351 738 [01.
1369 716 1423 738 329.
1441 722 1458 738 r.
1477 718 1499 739 et
1516 716 1599 739 desinit
1613 716 1667 740 337.
1681 724 1716 739 v.:
1729 717 1754 740 in
1765 717 1801 741 his
1813 719 1846 741 est
1857 718 1911 748 fons
1922 718 1975 741 cite.
1986 718 2024 741 Ad

1175 768 1248 791 quam
1265 768 1307 785 nos
1321 761 1454 791 perducere
1470 762 1581 792 diynetur
1598 762 1734 787 misericors
1746 764 1817 787 Deus.
1834 766 1917 788 Amen.
1934 764 2022 787 Omitti-

1174 812 1211 832 tur
1228 810 1305 832 titulus
1322 810 1400 838 operis
1416 812 1439 832 81
1455 816 1539 833 nomen
1557 811 1666 833 auctorIs.

1238 857 1291 878 281.
1309 856 1409 885 Ibidem,
1428 857 1480 880 cod.
1498 857 1551 880 272.
1568 858 1641 880 Helm.
1660 859 1731 880 chart.
1748 858 1771 880 in
1788 859 1825 881 [01.
1845 864 1906 881 5388.
1923 859 1975 881 XV.
1991 871 2023 876 —

1174 904 1219 925 Fol.
1242 903 1291 926 125.
1310 910 1332 926 v.
1350 907 1403 932 post
1420 905 1461 926 alia
1479 910 1550 932 opera
1567 905 1663 932 legitur:
1681 904 1794 934 Sequitur
1808 911 1915 935 parvum
1935 905 2022 929 bonum

1174 950 1347 974 Bonacenture.
1373 951 1445 979 Ecce,
1467 950 1582 981 descripsi
1605 957 1658 974 eam
1683 955 1725 974 etc.
1748 952 1835 975 Desinit
1861 953 1898 975 [01.
1924 953 1977 975 132.
2003 959 2022 975 r.

1174 997 1255 1020 iisdem
1274 997 1364 1026 verius,
1381 997 1468 1026 quibus
1484 998 1633 1026 praecedens.

1237 1045 1290 1067 282.
1314 1045 1491 1073 Wratislaoiae,
1509 1044 1648 1068 bibliotheca
1663 1046 1835 1073 Universitatis,
1853 1047 1905 1069 cod.
1922 1046 1987 1069 81355.
2005 1047 2020 1069 1.

1173 1091 1195 1113 111
1214 1091 1251 1114 [01.
1273 1092 1327 1114 226.
1344 1093 1415 1114 chart.
1438 1104 1467 1108 —
1485 1092 1532 1114 FoI.
1558 1093 1608 1114 117.
1625 1098 1644 1115 r.
1665 1093 1730 1120 operi
1753 1093 1921 1121 praemittitur:
1938 1092 2023 1123 Incipit

1173 1138 1291 1163 Stimutus
1308 1139 1448 1163 conscientie
1465 1139 1513 1163 sice
1528 1141 1645 1163 tractatus
1661 1139 1797 1169 qraduum,
1814 1139 1899 1170 quibus
1912 1139 2021 1170 perveni-

1172 1187 1213 1209 tur
1229 1185 1261 1208 ad
1277 1192 1360 1209 ceram
1376 1185 1530 1216 sapientiam,
1549 1187 1723 1210 Bonavenlure.
1741 1187 1827 1210 Desinit
1845 1187 1882 1209 [01.
1901 1187 1953 1209 120.
1970 1193 2020 1209 ver-

1172 1232 1220 1255 bis:
1238 1234 1259 1256 et
1276 1232 1319 1256 hoc
1336 1233 1463 1262 Seraphim
1480 1235 1521 1256 etc.
1540 1233 1586 1256 Pro
1605 1239 1650 1263 quo
1667 1233 1698 1257 sit
1715 1233 1847 1257 benedictus
1864 1234 1927 1257 Deus
1945 1233 1970 1256 in
1986 1240 2021 1257 se-

1172 1279 1284 1303 culorum
1300 1279 1389 1304 secula..
1407 1281 1489 1303 Amen.
1510 1280 1617 1309 Eoepneit
1635 1279 1753 1304 Stimutus
1770 1280 1921 1309 conscientie,
1940 1280 1983 1311 qui
1999 1282 2022 1304 et

1173 1328 1289 1350 tractatus
1307 1326 1441 1356 yraduum,
1461 1326 1546 1356 quibus
1560 1327 1700 1356 peruenitur
1718 1327 1750 1350 ad
1766 1333 1849 1350 veram
1865 1327 2019 1357 sapientiam,

1172 1374 1350 1403 Bonaventure,
1368 1380 1431 1397 anno
1449 1374 1545 1398 Domini
1559 1374 1702 1398 MCCCGLX
1707 1375 1767 1398 VIII.

1236 1422 1289 1443 283.
1307 1421 1406 1450 Ibidem,
1422 1422 1473 1444 cod.
1486 1422 1500 1444 1.
1518 1422 1582 1444 class.
1596 1422 1618 1444 111
1636 1422 1673 1444 [01.
1692 1422 1744 1444 245.
1757 1423 1829 1445 chart.
1842 1426 1947 1446 exaratus
1959 1429 2020 1446 anno

1171 1468 1400 1492 MCCCLXXXVII.
1412 1483 1442 1485 —
1460 1470 1506 1492 Fol.
1525 1469 1574 1492 175.
1591 1476 1613 1492 v.
1630 1470 1726 1498 legitur:
1744 1469 1787 1493 Hic
1804 1469 1885 1500 incipit
1903 1470 2019 1494 Viaticum

1170 1516 1219 1539 sive
1236 1515 1359 1545 speculum
1381 1516 1460 1539 anime
1482 1515 1514 1539 ad
1531 1516 1606 1539 Deum
1623 1516 1797 1540 Bonaeenture.
1814 1516 1886 1545 Ecce,
1906 1516 2022 1547 descripsi

1171 1569 1224 1586 eam
1241 1567 1283 1586 etc.
1302 1564 1387 1586 Desinit
1404 1564 1442 1586 [01.
1460 1564 1512 1586 183.
1530 1570 1553 1585 v.
1570 1563 1592 1586 in
1615 1564 1637 1586 3.
1654 1569 1704 1592 cap.
1722 1570 1744 1586 n.
1771 1564 1797 1586 8:
1820 1570 1836 1587 a
1858 1565 1879 1587 te
1894 1570 2021 1594 nunquam

1170 1610 1308 1640 separabor.
1326 1611 1410 1634 Amen.
1428 1611 1477 1634 Nos
1494 1616 1549 1634 cum
1564 1610 1633 1640 prole
1647 1610 1689 1640 pia
1702 1610 1822 1634 benedicat
1843 1610 1914 1641 Virqo
1931 1611 2018 1635 Maria.

1234 1656 1287 1679 284.
1306 1656 1404 1685 Ibidem,
1426 1657 1478 1679 cod.
1504 1658 1518 1679 I.
1536 1658 1601 1679 class.
1619 1657 1690 1679 272³.
1712 1658 1784 1680 chart.
1804 1657 1825 1680 in
1850 1657 1887 1680 [01.
1914 1661 2020 1681 exaratus

1171 1709 1231 1726 anno
1250 1704 1318 1726 1471.
1337 1717 1367 1720 —
1384 1704 1528 1732 Opusculum
1547 1704 1626 1732 incipit
1643 1704 1715 1727 [01.1.
1729 1711 1747 1726 r.
1765 1705 1814 1727 sine
1826 1705 1872 1727 ullo
1890 1705 1965 1733 titulo,
1983 1705 2020 1728 de-

1170 1750 1223 1773 sinit
1242 1751 1278 1773 101.
1300 1751 1334 1773 12.
1347 1757 1364 1772 r.
1383 1750 1473 1773 verbis:
1491 1751 1522 1774 Et
1532 1750 1576 1774 hoe
1592 1752 1627 1774 est
1645 1750 1781 1781 Seraphim.
1796 1750 1833 1774 Ad
1853 1757 1898 1781 que
1914 1757 1958 1775 nos
1967 1757 2020 1781 per-

1170 1797 1256 1821 ducere
1272 1797 1384 1827 diqnetur
1402 1798 1465 1821 Deus
1477 1797 1608 1827 gloriosus,
1621 1797 1663 1828 qui
1678 1798 1703 1821 in
1717 1797 1831 1821 Trinitate
1845 1798 1967 1828 perfecta,
1984 1798 2019 1822 vi-

1170 1844 1202 1868 cit
1219 1846 1241 1868 et
1256 1847 1342 1875 reqnat
1360 1845 1383 1868 in
1399 1844 1481 1868 secula
1496 1844 1634 1868 secutorum
1651 1844 1789 1868 benedictus.
1812 1845 1894 1868 Amen.
1912 1845 2017 1876 Empticit

1172 1892 1304 1916 Tei-narius
1321 1892 1446 1916 reverendi
1459 1892 1538 1922 patris
1555 1894 1576 1916 et
1593 1892 1696 1916 doctoris
1719 1893 1885 1916 Bonaventare
1907 1893 2019 1917 cardina-

1171 1939 1212 1967 lis,
1231 1946 1277 1969 quo
1303 1939 1403 1963 interior
1426 1940 1496 1963 homo
1517 1946 1562 1969 per
1587 1939 1729 1963 eoeercitium
1748 1940 1858 1970 pervenit
1881 1940 1913 1964 ad
1937 1947 2020 1964 veram

1169 1986 1292 2010 scientiam
1310 1988 1331 2009 et
1348 1986 1499 2016 sapientiam.

1233 2033 1286 2056 285.
1303 2032 1403 2061 Ibidem,
1425 2033 1477 2056 cod.
1495 2033 1509 2055 I.
1535 2034 1602 2056 class.
1618 2022 1671 2056 275¹.
1688 2034 1759 2056 chart.
1786 2034 1807 2056 in
1825 2034 1861 2056 [01.
1886 2040 1948 2057 sace.
1965 2035 2017 2057 XV.

1170 2093 1199 2096 —
1217 2081 1262 2103 Fol.
1281 2080 1333 2103 243.
1351 2087 1382 2103 r.:
1401 2080 1485 2110 Incipit
1503 2081 1620 2104 tractatas
1638 2080 1803 2104 Bonacenture
1820 2080 1848 2104 de
1869 2080 1958 2110 triplici
1973 2083 2018 2105 sta-

1170 2128 1208 2154 tu,
1226 2126 1265 2150 via
1282 2126 1350 2150 bona.
1369 2127 1456 2149 Desinit
1473 2127 1510 2149 sol.
1528 2127 1581 2149 240.
1598 2134 1629 2155 r.,
1646 2130 1671 2150 ut
1692 2127 1848 2155 praecedens,
1865 2128 1907 2151 sed
1924 2128 2018 2151 additur

1169 2174 1221 2196 fini:
1240 2173 1343 2204 Explicit
1369 2175 1486 2197 tractatus
1504 2174 1669 2197 Bonaventure
1694 2174 1722 2197 de
1738 2174 1828 2204 trictici
1847 2175 1886 2198 cia
1911 2175 2016 2199 multum

1169 2221 1241 2244 utilis.

1232 2269 1286 2291 286.
1303 2267 1404 2297 Ibidem,
1424 2269 1477 2291 cod.
1494 2269 1517 2291 11.
1535 2269 1600 2291 81355.
1619 2269 1655 2292 12.
1673 2270 1745 2292 chart.
1762 2270 1785 2292 in
1804 2270 1824 2292 4.
1840 2276 1900 2293 saec.
1918 2270 1970 2293 XV.
1987 2283 2018 2288 —

1169 2316 1248 2344 Incipit
1266 2316 1303 2338 rol.
1321 2316 1358 2338 90.
1382 2322 1401 2338 r.
1418 2316 1469 2339 sine
1485 2316 1561 2339 titulo:
1579 2316 1650 2344 Ecce,
1668 2316 1783 2346 descripsi
1800 2323 1853 2340 eam
1870 2320 1913 2340 etc.
1930 2318 2018 2341 Desinit

1169 2363 1206 2385 sol.
1225 2362 1266 2385 94:
1284 2364 1306 2386 et
1322 2362 1366 2386 hoc
1382 2362 1518 2393 Seraphim.
1537 2363 1647 2386 Additur:
1666 2364 1729 2387 Deus
1746 2365 1780 2387 est
1796 2370 1846 2387 esse
1867 2363 1955 2394 absque
1972 2369 2015 2388 818.

1168 2412 1190 2432 81
1208 2409 1229 2432 in
1247 2410 1303 2432 fine:
1321 2409 1429 2439 Eoepticz't
1453 2409 1571 2433 Stimulus
1594 2410 1733 2434 conscientie
1749 2417 1795 2440 per
1814 2417 1902 2435 manus
1923 2411 2018 2435 Nicolai

1167 2456 1279 2480 Zoranie.

1231 2504 1283 2526 287.
1302 2503 1400 2532 Ibidem,
1423 2504 1475 2527 cod.
1498 2504 1513 2526 I.
1530 2504 1594 2527 class.
1618 2504 1672 2526 217.
1689 2505 1761 2527 chart.
1779 2504 1802 2527 In
1825 2505 1862 2527 [01.
1880 2511 1942 2528 5388.
1959 2506 2016 2533 XV,

1167 2557 1237 2580 quem
1255 2551 1386 2574 notavifflus
1403 2554 1458 2574 tom.
1476 2551 1504 2573 V.
1521 2557 1576 2579 pag.
1596 2551 1667 2573 XLVI
1684 2551 1727 2573 col.
1746 2551 1766 2574 1.
1785 2558 1808 2574 n.
1826 2552 1846 2574 8.
1864 2564 1895 2568 —
1911 2552 2015 2581 011115811-

1166 2599 1214 2621 lum
1231 2598 1311 2627 incipit
1328 2599 1365 2621 [01.
1383 2599 1437 2621 303,
1453 2605 1472 2621 r.
1495 2601 1517 2621 et
1534 2599 1616 2621 desinit
1634 2599 1670 2622 sol.
1693 2599 1751 2622 310:
1774 2600 1795 2622 et
1812 2598 1855 2622 hoc
1876 2598 2014 2629 Seraphim.

1167 2646 1275 2675 Sequitur
1298 2647 1471 2674 fragmentum:
1496 2646 1560 2669 Deus
1586 2647 1621 2669 est
1644 2652 1694 2669 esse
1718 2649 1760 2669 etc.
1778 2652 1854 2675 usque
1879 2646 1909 2669 ad
1926 2645 2015 2669 verba:

1168 2692 1237 2721 Quod
1252 2692 1302 2722 ipse
1317 2694 1427 2722 prestare
1447 2692 1566 2723 dignetur.
1584 2694 1608 2715 In
1625 2693 1671 2716 fine
1686 2692 1820 2716 subiicitur:
1838 2692 1945 2723 Explicit
1956 2692 2014 2716 tiber

1166 2740 1193 2763 de
1210 2739 1353 2764 conscientia
1370 2739 1481 2770 replenda.

1229 2787 1283 2809 288.
1300 2786 1400 2815 Ibidem,
1420 2787 1473 2809 cod.
1491 2787 1526 2809 IV.
1539 2787 1605 2809 class.
1626 2787 1676 2809 100.
1693 2788 1764 2809 chart.
1776 2793 1837 2810 saec.
1855 2787 1914 2810 XIV.
1932 2793 2015 2809 exeun-

1166 2834 1200 2857 tis.
1216 2847 1247 2851 —
1265 2834 1329 2862 Opus
1345 2834 1522 2857 Bonaventurae
1538 2834 1617 2862 incipit
1634 2835 1672 2856 [01.
1694 2834 1743 2857 127.
1761 2841 1796 2857 v.:
1811 2834 1882 2862 Ecce,
1899 2833 2014 2863 descripsi

1165 2887 1218 2904 eam
1234 2883 1277 2903 etc.
1296 2881 1383 2903 Desinit
1399 2881 1436 2903 [01.
1455 2881 1508 2904 131.
1527 2887 1550 2904 v.
1566 2881 1589 2904 in
1606 2887 1657 2910 cap.
1670 2882 1691 2904 3.
1703 2888 1727 2904 n.
1744 2882 1767 2904 7.
1784 2881 1874 2904 verbis:
1890 2887 2013 2911 quousque

1162 2927 1318 2957 perveniatur
1330 2927 1362 2950 ad
1373 2927 1495 2958 copulam,
1516 2927 1548 2951 ad
1558 2928 1679 2957 osculum,
1691 2927 1723 2951 ad
1734 2928 1916 2958 amplexionem.
1929 2928 2012 2951 Amen.

1165 2973 1272 3004 Explicit
1288 2974 1418 3004 Speculum
1435 2974 1515 2998 anime
1531 2975 1704 2999 Bonaventure.
