2133 3317
0 1034 1 1040 ἵ
11 1048 83 1068 multus

0 1072 42 1100 iimo
51 1076 84 1090 seu

13 1187 40 1207 lez
53 1187 79 1206 vi-

8 1212 46 1230 itu.

332 218 528 248 OPUSCULUM
549 218 615 246 XVI.
637 217 810 246 EXPOSITIO
831 218 933 247 SUPER
954 218 1108 248 REGULAM
1128 219 1282 248 FRATRUM
1303 219 1464 249 MINORUM.
1486 219 1554 248 CAP.
1577 219 1606 248 Π.

97 297 170 336 quod
185 296 260 334 ponit
272 297 296 330 ¹,
314 296 404 325 omnia
418 296 501 324 simul
515 295 600 324 fuisse
618 297 710 324 creata
723 298 751 324 et
765 303 815 332 per
832 295 937 332 species

96 343 237 377 distincta,
257 346 286 371 et
311 342 455 371 luciferum
483 342 511 370 in
539 342 630 378 primo
659 350 736 370 nunc
763 349 830 370 suae
860 349 937 370 crea-

96 390 177 420 tionis
196 389 281 418 fuisse
301 397 318 417 a
338 389 399 417 luce
413 388 549 422 divisum,
572 391 603 416 ut
624 388 681 424 ipse
702 396 756 417 non
771 388 936 422 asserendo,

96 437 143 467 sed
163 435 328 473 inquirendo
349 435 459 464 videtur
480 435 596 463 innuere
617 434 763 463 undecimo
781 442 866 471 super
886 434 937 463 Ge-

94 483 221 516 nesim2,
242 485 274 511 ut
293 485 369 519 patet
389 481 547 518 diligentius
568 481 702 516 intuenti,
723 481 804 510 cuius
826 481 937 518 opposi-

95 533 155 559 tum
169 532 243 558 tenet
258 529 391 562 Ecclesia;
407 528 479 557 sicut
493 529 573 557 etiam
589 529 700 558 videtur
714 529 806 558 dicere
820 528 852 557 ad
868 528 936 557 Dar-

94 575 236 610 danum³,
249 575 323 613 quod
346 575 526 604 sanctificatio
546 575 573 603 in
589 577 669 603 utero
691 575 798 603 loannis
818 577 845 603 et
867 575 937 603 lere-

93 623 164 652 miae
185 624 292 651 tantum
312 621 475 658 intelligitur
508 633 522 646 <t
536 621 689 650 secundum
711 621 937 658 praedestinatio-

73 688 78 694 ·
92 677 155 699 nem
169 680 196 697 n.
219 668 251 697 Et
270 668 357 697 multa
377 668 430 697 alia
444 668 550 697 similia.
565 683 602 688 -—
618 668 753 704 Amplius,
768 669 895 705 quamvis
909 668 937 697 in

94 715 275 746 elucidatione
288 715 491 751 problematum
508 715 570 752 plus
585 717 673 743 stetur
688 715 839 751 Augustino
853 722 936 751 quam

94 763 273 798 Hieronymo,
294 761 321 790 in
343 761 515 798 expositione
537 763 626 789 tamen
649 763 744 789 textus
758 769 824 797 prae
838 761 938 790 ceteris

93 811 184 839 statur
205 808 356 837 sententiae
377 807 533 843 Hieronymi
562 807 750 841 translatoris,
779 807 825 844 qni
849 807 875 835 in
897 807 937 835 di—

93 855 182 885 versis
202 855 304 892 linguis
324 854 493 883 intellectum
522 862 589 891 prae
617 854 716 882 ceteris
741 854 822 882 etiam
845 853 938 882 docto-

93 903 172 932 ribus
191 902 286 931 didicit
306 902 523 938 Scripturarum.
552 901 640 938 Ipsius
664 904 757 930 autem
779 900 812 929 de
833 901 938 930 calcea-

94 949 194 979 mentis
214 949 322 985 supra⁴
343 951 417 985 patet
438 947 580 976 sententia.

171 996 218 1024 24.
240 995 291 1024 Sed
312 1003 363 1032 pro
384 995 610 1024 vestimentorum
626 994 765 1032 qualitate
779 994 887 1023 subdit:
904 995 938 1022 Et

95 1043 218 1072 Fratres
242 1050 340 1071 omnes
366 1041 540 1070 vestimentis
559 1041 666 1070 vilibus
687 1041 861 1069 induantur.
884 1041 938 1069 Hoc

93 1089 205 1127 quidem
228 1088 355 1117 convenit
382 1088 529 1117 altissimae
549 1089 723 1125 paupertati;
744 1095 937 1125 quaecumque

93 1135 167 1164 enim
198 1137 264 1163 sunt
290 1134 319 1163 in
344 1142 398 1162 usu
426 1141 558 1162 verorum
580 1142 750 1171 pauperum,
772 1136 837 1162 sunt
858 1133 938 1162 iuxta

94 1181 264 1219 paupertatis
285 1181 409 1218 regulam
430 1181 623 1210 mensuranda.
646 1181 715 1210 Haec
735 1181 825 1210 vilitas
846 1181 873 1209 in
889 1181 938 1210 tri-

93 1228 147 1257 bus
167 1227 331 1257 attendenda
352 1230 401 1262 est,
423 1227 526 1256 scilicet
545 1227 571 1255 in
590 1227 683 1264 pretio
698 1230 725 1256 et
739 1227 832 1256 colore
845 1235 876 1256 ac
891 1236 939 1257 su-

94 1274 244 1312 peradditis
258 1274 340 1311 panni
355 1274 470 1303 alterius
490 1274 666 1302 assumentis
678 1275 697 1302 ⁵.
719 1274 747 1302 ln
767 1274 877 1311 pretio,
897 1275 938 1303 in-

94 1330 195 1359 quam,
216 1321 282 1359 quia
302 1324 452 1358 paupertas
477 1329 543 1350 vera
571 1321 638 1350 nihil
668 1321 820 1358 pretiosum
845 1322 936 1351 habet.

95 1368 178 1397 Color
192 1368 273 1397 etiam
294 1368 443 1402 naturalis,
466 1376 520 1396 non
540 1367 691 1396 artificialis
710 1367 737 1396 in
752 1370 827 1396 veste
841 1367 937 1396 haberi

94 1415 189 1449 debet;
210 1415 289 1444 aliter
310 1415 415 1444 frustra
441 1418 621 1443 monerentur
642 1414 751 1442 Fratres
772 1414 798 1442 in
820 1422 939 1451 sequen-

93 1460 184 1496 tibus,
205 1461 318 1490 minime
338 1460 460 1490 iudicare
483 1464 592 1489 utentes
609 1460 780 1489 vestimentis
801 1461 936 1489 coloratis

101 1508 230 1537 Tertium
244 1508 370 1542 additur,
386 1510 417 1536 ut
438 1508 539 1536 saeculi
561 1507 677 1536 stultitia
697 1507 724 1536 in
746 1508 873 1536 Fratrum
889 1508 938 1536 ha-

94 1555 153 1584 bitu
173 1555 354 1588 ostendatur;
373 1554 448 1583 unde
469 1554 580 1583 subdit:
604 1555 637 1583 Et
656 1555 769 1591 possint
796 1563 830 1583 ea
858 1563 936 1592 repe-

95 1759 139 1780 hoc
155 1758 217 1781 dicat
233 1761 256 1781 et
273 1758 382 1786 losephus
398 1758 466 1786 plane
484 1757 526 1788 [lll.
544 1758 621 1788 Antiq.
637 1758 722 1782 ludaic.
742 1764 762 1780 c.
774 1759 795 1781 G.
807 1765 830 1781 u
843 1759 864 1781 6.
876 1761 898 1781 et
911 1759 938 1781 V.
962 1761 964 1766 '

95 1797 124 1820 de
141 1798 202 1820 Bello
219 1797 322 1825 ludaico,
340 1803 360 1820 c.
377 1796 399 1820 5.
414 1803 438 1820 n.
459 1796 501 1826 5.]‚
514 1800 535 1819 et
547 1797 621 1825 prima
634 1797 716 1825 positio
729 1797 868 1820 tabernaculi
881 1799 938 1821 sacta

97 1842 110 1858 a
127 1836 204 1864 Moyse
222 1836 271 1865 [cfr.
288 1836 358 1859 Exod.
375 1842 394 1858 c.
412 1837 449 1858 26.
468 1835 545 1865 seqq.]
563 1836 647 1864 innuit,
665 1837 708 1859 nisi
726 1837 779 1865 quia
805 1837 888 1859 Paulus
908 1837 936 1859 ad

96 1875 214 1898 Hebraeos
231 1874 269 1905 [9,
288 1876 309 1898 3.
326 1875 384 1904 seq}
405 1874 555 1898 thuribulmn
580 1876 644 1903 ponit
660 1882 763 1898 aureum
781 1876 838 1898 intra
854 1878 938 1899 sancta.

95 1915 235 1938 sanctorum
252 1915 406 1937 solummodo.
424 1914 500 1937 Potuit
516 1920 566 1937 esse
583 1920 652 1941 sane,
669 1915 733 1943 quod
751 1915 773 1937 in
787 1915 886 1943 templo,
899 1915 938 1937 ubi

95 1953 172 1976 omnia
190 1954 298 1981 ampliata
314 1954 407 1976 fuerunt
424 1956 446 1976 et
462 1953 623 1982 multiplicata,
641 1956 731 1982 praeter
747 1954 817 1976 altare
829 1960 939 1981 aureum,
963 1966 964 1982 2

95 1993 159 2022 quod
176 1995 224 2015 erat
240 1995 301 2015 extra
318 1993 397 2015 velum
416 1992 486 2021 [quod
505 1992 663 2021 distinguebat
679 1995 755 2015 sancta
774 1996 909 2016 sanctorum
926 2000 939 2016 a
963 1995 964 2022 l

93 2031 247 2061 saoetuarioj,
265 2032 294 2054 ad
308 2032 374 2060 quod
391 2032 428 2054 bis
445 2032 467 2055 in
483 2032 522 2055 die
537 2033 694 2055 necessarium
711 2035 761 2054 erat
777 2032 875 2060 ingredi,
891 2035 940 2055 erat
963 2054 964 2057 ,

93 2071 271 2099 superadditum
290 2071 431 2094 thuribulum
448 2071 471 2093 in
486 2071 565 2098 aditu,
583 2071 605 2093 in
628 2078 675 2100 quo
699 2078 807 2094 summus
830 2072 940 2094 sacerdos
963 2090 964 2094 ,

94 2115 184 2138 prunas
199 2113 222 2132 et
239 2110 375 2138 thymiama,
391 2116 453 2139 quae
468 2116 549 2132 secum
566 2110 664 2137 sermm,
675 2111 790 2138 adoleret,
803 2110 897 2139 quando
907 2110 939 2134 ad

98 2149 203 2171 interiora
221 2148 369 2177 contingebat
386 2149 462 2177 ipsum
481 2153 609 2177 penetrare.
626 2149 670 2172 Csr.
688 2149 763 2177 Beda,
788 2150 819 2172 lll.
846 2149 875 2171 de
898 2150 940 2172 Ta-

98 2187 222 2210 beruaculo
244 2191 285 2210 etc.
303 2194 324 2210 c.
344 2188 378 2215 tl,
396 2187 435 2211 ubi
453 2188 507 2211 dicit
524 2188 624 2216 positum
646 2197 656 2208 α
667 2191 721 2216 apte
738 2189 781 2211 hoe
799 2189 867 2211 altare
879 2188 940 2211 intus

97 2226 117 2249 in
134 2227 218 2249 vicinia
235 2227 279 2249 veli
297 2230 319 2249 et
336 2233 402 2249 arcae
413 2236 435 2249 ι».

159 2265 168 2278 ¹
185 2265 246 2288 Libr.
262 2266 278 2288 l.
296 2266 325 2288 de
342 2266 398 2288 Gen.
415 2266 444 2289 ad
461 2266 493 2289 lit,
510 2273 529 2288 c.
548 2266 585 2288 45.
602 2273 625 2288 n.
642 2267 687 2293 29;
709 2266 747 2289 lV.
769 2272 789 2288 c.
807 2267 845 2289 33.
862 2273 884 2289 n.
902 2267 940 2289 52.

100 2310 180 2334 seqq.;
200 2305 225 2327 V.
243 2310 264 2327 e.
281 2305 301 2327 3.
317 2311 341 2327 n.
360 2305 382 2327 5.
399 2311 463 2334 seqq.
476 2308 498 2327 et
509 2311 530 2327 c.
543 2306 579 2327 ⁵23.
592 2312 614 2327 n.
627 2305 664 2327 44.
675 2311 756 2334 seqq.;
775 2305 810 2328 Vl.
823 2312 842 2328 r.
860 2306 876 2327 1.
889 2312 940 2334 seq.

97 2342 141 2365 Csr.
159 2344 258 2370 Bonav.,
276 2344 299 2366 ll.
316 2344 378 2366 sent.
398 2343 428 2365 lit.
447 2343 559 2371 Magistri,
584 2343 608 2366 d.
632 2344 678 2366 xil.
696 2349 715 2366 c.
734 2344 755 2365 2.
772 2346 794 2366 et
810 2343 938 2366 Commeat.

98 2387 118 2404 a.
137 2382 158 2404 4.
175 2388 197 2410 q.
216 2383 237 2404 2.

159 2420 170 2434 ²
186 2420 243 2449 Cap.
262 2421 297 2443 16.
316 2427 337 2443 n.
356 2421 392 2443 2³.
411 2424 432 2443 et
450 2427 469 2443 c.
490 2421 523 2443 19.
549 2427 570 2443 n.
597 2421 633 2442 26.
659 2427 708 2449 seq.
730 2420 775 2443 Csr.
793 2421 894 2447 Bonav.,
917 2421 941 2443 ll.

100 2460 162 2482 Sent.
181 2460 212 2482 lit.
229 2460 341 2488 Magistri,
359 2460 382 2482 d.
399 2461 433 2482 111.
452 2466 471 2482 c.
492 2459 511 2482 4.
529 2463 552 2482 et
568 2459 697 2482 Commeat.
714 2466 737 2487 p.
757 2460 779 2482 ll.
798 2465 818 2481 a.
837 2460 858 2481 i.
875 2466 897 2488 q.
915 2460 939 2487 2,

97 2498 138 2521 ubi
154 2505 222 2527 vera,
240 2505 284 2521 non
302 2499 433 2528 inquisitiva
452 2499 561 2521 sententia
579 2498 700 2526 Augustini
718 2498 862 2526 proponitur.

160 2536 169 2550 ⁸
186 2537 258 2565 Epist.
276 2537 328 2560 487.
347 2537 412 2565 (alias
429 2537 476 2566 57.)
494 2543 513 2560 c.
536 2538 569 2559 12.
587 2544 607 2559 n,
626 2537 668 2565 37,
686 2537 725 2559 ubi
738 2537 767 2559 de
778 2537 871 2559 lei-entia
883 2538 941 2559 haec

99 2576 208 2599 sententia
225 2576 368 2604 proponitur.
386 2576 430 2599 Csr.
449 2577 548 2603 Bonav.,
566 2576 603 2598 lV.
621 2577 681 2598 Seni.
693 2576 724 2598 lit.
738 2576 850 2604 Magistri,
867 2576 890 2598 d.
905 2576 941 2598 Vt.

98 2621 118 2638 c.
135 2615 161 2642 3,
176 2615 199 2637 in
217 2621 264 2643 quo
279 2618 357 2638 tamen
374 2618 493 2643 monetur,
511 2615 664 2643 Augustinum
682 2614 792 2644 ambiano
808 2621 878 2643 super
898 2616 941 2637 hoc

97 2654 200 2676 locutum
218 2654 294 2677 ruisse.

160 2693 169 2705 ⁴
186 2693 252 2715 Num.
275 2693 307 2715 17.
325 2696 347 2715 et
367 2694 400 2715 18.

161 2731 170 2744 ⁶
187 2733 254 2754 Marc.
272 2733 298 2759 -2,
313 2733 356 2754 21:
376 2732 446 2754 Nemo
463 2734 620 2754 assumentum
637 2731 705 2760 panni
728 2731 792 2753 rudis
814 2732 884 2753 assuit
901 2738 941 2754 ve-

98 2771 204 2794 stimento
220 2771 292 2793 veteri
310 2774 352 2793 etc.
369 2783 400 2787 ·—
418 2771 531 2799 Expositio
546 2774 645 2799 quatuor
657 2770 817 2798 magistrorum
835 2770 856 2792 in
874 2777 893 2793 c.
911 2772 940 2793 2:

103 2817 114 2829 ιι
125 2810 258 2838 Quaeritur,
271 2809 328 2838 quid
340 2809 429 2832 dicatur
442 2809 605 2832 vestimentum
622 2809 674 2831 vile.
691 2809 716 2831 Et
733 2809 861 2831 secundum
879 2809 941 2831 intel-

99 2847 183 2870 lectum
197 2849 297 2876 Regulae
314 2848 389 2870 vilitas
405 2848 529 2871 attenditur
547 2849 569 2870 in
587 2848 660 2876 pretio
676 2848 760 2875 pariter
778 2850 799 2870 et
816 2849 892 2870 colore
909 2854 941 2870 se-

100 2887 201 2909 cundum
217 2887 398 2909 aestimationem
415 2887 535 2909 hominum
553 2887 666 2915 regionis,
684 2887 706 2908 in
726 2893 770 2915 qua
788 2887 878 2909 Fratres
895 2893 941 2909 mo-

100 2928 179 2947 rantur
190 2934 210 2947 ».
229 2926 302 2954 Quam
320 2926 493 2953 responsionem
512 2929 589 2953 postea
608 2925 746 2953 approbavit
763 2924 867 2947 Clemens
880 2926 906 2947 V.
918 2926 940 2947 in

101 2970 140 2986 sua
159 2964 310 2986 declaratione
327 2964 398 2987 Eoelui
413 2964 440 2986 cle
455 2964 582 2993 paradiso.
600 2970 620 2986 c.
638 2965 658 2986 3.
678 2971 698 2986 u.
716 2965 738 2986 2.

163 3002 172 3016 ⁶
191 3004 255 3026 Vcrs.
273 3004 295 3025 2.
312 3004 344 3025 De
361 3004 453 3031 Glossa,
470 3009 530 3032 quae
547 3006 580 3025 est
597 3002 722 3025 ordinaria
741 3002 776 3027 (rx
794 3003 896 3029 Hieron,
914 3003 942 3024 V.

1779 220 1835 248 405

993 295 1068 324 liare
1089 297 1123 325 de
1142 297 1237 325 saccis
1257 300 1282 325 ct
1300 296 1369 326 aliis
1387 297 1473 334 petiis
1487 305 1554 326 cum
1569 296 1759 326 benedictione
1775 297 1834 325 Dei.

993 343 1094 371 Saccus
1114 343 1218 380 duplex
1240 347 1296 378 est,
1318 344 1421 373 scilicet
1442 343 1535 373 lineus
1556 347 1583 373 et
1603 344 1722 378 laneas,
1741 351 1837 373 secun-

993 389 1060 417 dum
1091 390 1165 426 quod
1193 398 1290 419 saccus
1309 390 1412 419 dicitur
1432 391 1521 420 omnis
1542 391 1626 420 vestis
1647 391 1726 425 vilis;
1748 394 1775 420 et
1794 394 1836 420 est

992 443 1089 464 saccus
1110 436 1259 470 ciliciam,
1274 445 1330 474 quo
1344 438 1386 466 usi
1403 441 1468 466 sunt
1483 438 1642 474 Prophetae.
1664 438 1739 467 Unde
1755 438 1837 466 Isaiae

993 482 1164 519 vigesimo⁵t
1187 483 1267 512 Solve
1287 492 1407 512 saccum
1428 485 1462 513 de
1483 484 1589 513 tumbis
1604 485 1676 519 tuis,
1692 485 1727 514 ibi
1745 485 1838 514 Hiero-

992 536 1093 564 nymus
1114 529 1141 557 in
1162 529 1274 558 Glossa:
1301 541 1315 555 α
1330 530 1397 559 Mira.
1417 531 1586 560 obedientia!
1602 532 1660 560 solo
1675 532 1782 560 cilicino
1797 532 1838 560 in-

993 575 1147 610 duebatur,
1175 579 1207 605 ut
1235 577 1348 605 tradunt
1375 577 1530 607 Hebraei».
1554 579 1603 607 Per
1625 578 1702 607 alias
1722 579 1837 615 petias'

992 622 1110 651 aliorum
1126 630 1280 659 pannorum
1295 623 1439 652 diversitas
1453 624 1615 662 intelligitur
1636 625 1662 654 in
1685 625 1839 654 substantia

994 669 1097 705 pariter
1118 672 1145 698 et
1166 669 1265 698 colore.
1286 687 1326 690 ——
1346 670 1460 699 Additur
1481 674 1572 700 autem
1595 672 1660 700 huic
1675 672 1837 701 vestimento

994 714 1148 743 benedictio
1173 716 1239 750 Dei,
1261 717 1390 753 quoniam
1413 717 1461 754 qui
1483 725 1512 746 se
1533 718 1650 747 stultum
1671 720 1698 746 et
1718 718 1837 754 despica-

994 761 1077 790 bilem
1100 762 1214 791 exhibet
1234 763 1338 791 mundo
1365 764 1421 792 Deo
1451 764 1571 793 efficitur
1592 765 1738 801 pretiosus.
1768 765 1837 793 Haec

994 811 1034 837 est
1056 808 1209 837 benedictio
1230 809 1293 838 eins
1320 810 1372 848 qui
1392 810 1535 847 apparuit
1556 811 1587 839 in
1609 811 1698 844 rubo,
1721 811 1754 840 de
1782 819 1838 848 qua

993 855 1095 883 dicitur
1123 856 1328 885 Deuteronomii
1358 856 1498 893 trigesimo
1527 858 1608 886 tertio
1622 857 1642 886 ⁸.
1675 858 1734 894 Ipse
1764 858 1836 887 enim

994 901 1120 930 Christus
1142 910 1210 931 usus
1230 905 1272 931 est
1293 903 1432 932 vilissimis
1457 904 1587 932 vestibus.
1617 904 1691 933 Unde
1718 905 1838 941 Chryso-

995 951 1101 977 stomus
1121 956 1205 985 super
1227 949 1354 978 loannem
1376 950 1488 978 homilia
1502 950 1607 979 decima
1621 951 1740 980 tertia9:
1761 963 1774 976 «
1789 953 1838 980 An-

994 997 1105 1031 tequam
1127 996 1300 1032 apparuisset
1322 996 1412 1030 lesus,
1434 997 1608 1033 praedicabat
1632 1005 1695 1026 eum
1726 998 1838 1027 loannes

994 1041 1130 1078 Baptista,
1152 1045 1183 1070 ut
1197 1042 1275 1070 facile
1290 1043 1466 1079 susceptibile
1480 1046 1552 1072 esset
1567 1044 1763 1078 testimonium,
1779 1044 1838 1080 ipso

993 1092 1160 1125 apparente,
1181 1089 1251 1117 nihil
1273 1089 1319 1117 vili
1341 1089 1502 1118 indumento
1517 1094 1632 1119 nocente
1653 1091 1686 1119 ei.
1710 1091 1748 1119 Ita
1766 1091 1838 1120 enim

993 1135 1040 1163 vili
1061 1135 1349 1164 circumamiciebatur
1374 1136 1463 1165 forma
1486 1139 1514 1165 et
1542 1138 1682 1166 communi
1710 1138 1839 1167 omnibus

993 1181 1130 1215 Christus,
1145 1185 1176 1210 ut
1187 1182 1372 1212 Samaritanae
1387 1183 1517 1212 mulieres
1531 1187 1558 1212 et
1572 1184 1732 1213 meretrices
1747 1188 1774 1213 et
1787 1193 1839 1225 pu:

993 1228 1092 1257 blicani
1107 1236 1170 1257 cum
1190 1236 1288 1265 magno
1302 1237 1373 1258 ausu
1388 1230 1522 1259 auderent
1536 1230 1559 1259 ei
1575 1231 1798 1268 appropinquare
1812 1234 1839 1260 et

994 1275 1068 1312 loqui
1084 1287 1111 1303 n.
1134 1275 1201 1304 Haec
1229 1275 1450 1316 Chrysostomus.
1473 1277 1573 1306 Dicunt
1594 1281 1684 1306 tamen
1713 1278 1838 1315 quidam,

994 1321 1068 1359 quod
1089 1322 1182 1350 tunica
1202 1330 1252 1350 sua
1274 1322 1446 1351 inconsutilis
1467 1323 1519 1352 fuit
1539 1323 1573 1352 [le
1595 1324 1698 1359 serico,
1714 1325 1756 1353 vel
1772 1333 1838 1361 pur-

994 1376 1079 1405 pura;
1101 1368 1174 1405 quod
1196 1369 1277 1397 nimis
1297 1372 1339 1397 est
1360 1369 1529 1403 absurdum,
1552 1370 1682 1407 quoniam
1704 1370 1725 1399 si
1748 1371 1838 1407 quoti-

992 1415 1106 1443 dianum
1121 1415 1313 1443 vestimentum
1336 1415 1395 1444 eius
1417 1424 1591 1452 purpureum
1603 1416 1752 1450 extitisset,
1768 1425 1838 1445 nun-

994 1469 1077 1498 quam
1099 1469 1163 1490 eum
1186 1462 1285 1491 milites
1313 1462 1340 1490 in
1369 1470 1496 1499 purpura
1520 1463 1598 1499 quasi
1620 1463 1647 1491 in
1669 1466 1744 1492 veste
1766 1464 1838 1491 inso-

994 1508 1041 1536 lita
1062 1508 1212 1537 illusissent
1223 1508 1254 1536 ¹⁰.
1276 1508 1352 1537 Unde
1373 1509 1585 1545 Chrysostomus
1600 1517 1683 1546 super
1699 1510 1838 1545 loannem,

993 1562 1136 1592 exponens
1155 1555 1229 1592 quod
1251 1555 1352 1584 dicitur
1373 1555 1406 1585 de
1429 1556 1521 1585 tunica
1541 1557 1642 1586 Christi
1657 1557 1838 1591 inconsutili,

994 1759 1124 1782 Commeat.
1144 1760 1166 1782 iu
1185 1759 1234 1782 lsai,
1251 1760 1293 1788 20,
1311 1760 1354 1789 2.),
1372 1760 1413 1782 cfr.
1429 1766 1499 1788 supra
1523 1766 1575 1788 pag.
1599 1761 1655 1789 307,
1678 1764 1729 1783 nota
1753 1761 1774 1783 5.
1797 1762 1839 1783 Pru

995 1798 1087 1821 cilicino
1104 1799 1123 1821 G
1141 1801 1163 1821 et
1180 1799 1216 1821 ed.
1238 1799 1242 1820 1
1265 1805 1319 1821 cum
1336 1799 1414 1821 Glossa
1432 1798 1507 1822 cilicio
1516 1808 1525 1827 ‚·
1543 1799 1651 1822 Hieron.:
1670 1800 1791 1829 Simulque
1807 1800 1840 1822 di-

994 1837 1081 1860 scimus
1098 1837 1267 1866 obedientiam,
1284 1838 1348 1866 quod
1361 1838 1396 1860 vir
1406 1837 1515 1860 nobilis...
1530 1838 1663 1866 deposuerit
1674 1844 1766 1861 sacrum
1775 1855 1780 1865 ,
1792 1845 1840 1867 quo

994 1875 1098 1903 abiecto,
1115 1876 1192 1899 nudus
1210 1876 1287 1904 fuerit,
1309 1882 1378 1899 unam
1400 1877 1466 1904 prius
1490 1876 1577 1899 habens
1594 1877 1706 1904 tunicam,
1724 1880 1746 1899 et
1765 1877 1839 1905 ipsam

996 1915 1119 1938 cilicinam.
1136 1927 1167 1933 -
1185 1915 1296 1943 Superius
1312 1922 1356 1943 pro
1373 1915 1461 1945 duplex
1477 1916 1495 1938 B
1511 1915 1608 1945 triplex.

1061 1953 1069 1966 ⁷
1088 1954 1121 1976 Du
1139 1954 1230 1982 Cange,
1247 1955 1388 1986 Glossarium
1406 1958 1464 1977 ἓως
1480 1954 1548 1978 Pccia
1562 1955 1657 1985 (petia),
1671 1956 1839 1983 fragmentum,

996 1994 1106 2020 frustum,
1128 1992 1273 2021 membrum,
1289 1993 1372 2016 nostris
1393 1992 1465 2023 piace.
1483 1993 1606 2023 Repeciure
1627 1993 1778 2023 (repetiere),
1800 2000 1840 2016 ve-

997 2032 1037 2054 teri
1055 2032 1114 2054 vesti
1131 2035 1250 2060 segmenta
1268 2038 1374 2059 assuere,
1389 2033 1474 2055 Gallice
1491 2032 1605 2062 rapie'ncr,
1624 2039 1636 2055 a
1652 2033 1723 2062 petia.
1740 2046 1770 2049 —-
1788 2033 1838 2055 Vat.

994 2077 1049 2093 cuvm
1067 2071 1105 2093 ed.
1123 2072 1135 2093 2
1153 2077 1276 2099 perperam
1295 2071 1387 2100 species.

1059 2108 1068 2121 ¹³
1086 2109 1153 2132 Vers.
1174 2110 1215 2132 to:
1233 2110 1364 2132 Benedictio
1389 2110 1448 2135 illius
1469 2110 1509 2139 qui
1531 2110 1638 2138 apparuit
1663 2110 1685 2133 iu
1707 2110 1780 2137 rubo,
1803 2117 1840 2133 ve-

996 2148 1044 2170 niat
1061 2154 1131 2176 super
1148 2152 1217 2176 caput
1235 2149 1314 2176 loseph
1333 2152 1375 2171 etc.

1060 2186 1069 2199 ⁹
1087 2188 1153 2209 Num.
1172 2189 1197 2215 2,
1215 2187 1255 2210 ubi
1273 2188 1348 2210 versio
1360 2194 1456 2210 recens:
1468 2188 1515 2210 Non
1529 2191 1672 2216 praesentem
1685 2188 1755 2211 modo
1767 2190 1841 2210 osten-

996 2226 1041 2253 dit,
1053 2226 1093 2248 sed
1106 2230 1229 2255 antequam
1242 2230 1363 2254 appareat,
1375 2227 1515 2255 praedicat...
1528 2226 1573 2249 Cur
1584 2233 1652 2254 ergo,
1664 2230 1788 2255 antequam
1800 2233 1841 2255 ap-

997 2268 1101 2294 pareret,
1119 2265 1147 2287 ita
1165 2266 1255 2288 locutus
1272 2266 1324 2288 est?
1342 2266 1369 2288 Ut
1387 2268 1507 2294 acceptum
1524 2268 1584 2288 esset
1595 2266 1728 2294 apparentis
1740 2265 1839 2288 testimo-

996 2304 1075 2331 nium,
1092 2305 1137 2326 iam
1154 2304 1286 2327 auditorum
1304 2304 1387 2327 animis
1403 2305 1433 2327 ad
1450 2306 1493 2327 hoc
1505 2305 1622 2333 apparatis
1633 2311 1675 2333 per
1687 2305 1776 2327 loannis
1793 2311 1839 2327 ser—

997 2349 1106 2370 inonem;
1124 2349 1183 2365 neve
1199 2343 1282 2366 Christi
1299 2343 1343 2366 vile
1361 2344 1521 2366 indumentum
1539 2344 1640 2366 officeret
1665 2344 1716 2371 ipsi.
1743 2344 1798 2366 Nam
1821 2344 1840 2365 si

997 2382 1083 2410 aliquid
1100 2382 1129 2404 de
1146 2381 1236 2404 Christo
1252 2382 1383 2409 audissent,
1401 2385 1524 2410 antequam
1542 2382 1604 2404 illum
1622 2382 1739 2409 viderent,
1752 2382 1792 2404 nisi
1810 2385 1840 2404 te-

997 2420 1130 2442 stimonium
1149 2420 1202 2442 illud
1221 2427 1332 2448 magnum
1350 2424 1372 2443 et
1389 2420 1493 2443 mirabile
1509 2421 1539 2443 de
1564 2421 1601 2442 illo
1627 2421 1780 2448 accepissent,
1803 2422 1840 2443 ha-

997 2459 1059 2482 bitus
1071 2459 1187 2482 humilitas
1199 2460 1274 2482 statim
1286 2459 1400 2482 dictorum
1419 2460 1571 2487 magnitudini
1588 2459 1719 2482 obstitisset.
1737 2460 1840 2482 Christus

997 2498 1058 2520 enirn
1076 2501 1123 2520 tam
1140 2499 1207 2521 trivio
1225 2501 1247 2520 et
1263 2498 1354 2526 vulgari
1372 2497 1450 2520 habitu
1467 2498 1602 2525 incedebat,
1614 2501 1638 2521 ut
1649 2502 1672 2521 et
1683 2499 1839 2522 Samaritanae

997 2537 1104 2559 mulieres
1121 2540 1143 2559 et
1161 2537 1292 2560 meretrices
1303 2540 1325 2559 et
1337 2537 1453 2564 publicani
1465 2543 1518 2559 cum
1531 2543 1614 2565 magna
1627 2537 1729 2560 libertate
1741 2544 1767 2559 ac
1780 2538 1839 2560 fidu-

997 2575 1030 2598 cia
1049 2575 1077 2597 ad
1096 2575 1158 2597 illum
1177 2575 1313 2597 accederent
1331 2575 1454 2604 ipsumque
1478 2576 1654 2604 alloquerentur.
1672 2589 1702 2591 —
1720 2576 1772 2598 Post
1789 2575 1839 2605 ipso

997 2615 1126 2643 apparente
1154 2614 1204 2636 Vat.
1229 2614 1389 2642 prosequitur:
1418 2614 1441 2636 in
1459 2613 1502 2637 viti
1515 2614 1651 2637 vestimento
1676 2614 1838 2638 innotescente.

998 2653 1079 2682 ltaque
1096 2652 1157 2675 enim
1170 2652 1192 2675 in
1206 2652 1248 2675 viti
1264 2653 1324 2675 veste
1340 2652 1530 2676 annuntiabatur
1546 2652 1626 2682 forma
1646 2653 1769 2676 communi
1784 2657 1838 2681 rte,

998 2692 1015 2713 G
1033 2695 1055 2713 et
1072 2691 1109 2713 ed.
1129 2692 1137 2712 4
1159 2690 1407 2714 tae-cumammtebatm·
1423 2691 1502 2720 forma
1520 2691 1543 2714 in
1561 2691 1682 2715 communi
1706 2692 1839 2721 Ιπεριὲκειτο

998 2731 1075 2761 σχῆμα
1092 2728 1129 2751 καὶ
1147 2728 1240 2759 κοινὸν]

1062 2767 1080 2783 ¹⁰
1095 2769 1172 2791 Matth.
1190 2769 1227 2795 27,
1245 2769 1326 2797 27-293
1343 2769 1410 2792 Marc.
1425 2769 1461 2797 45,
1475 2769 1510 2791 16.
1523 2776 1603 2798 seqq.;
1616 2770 1675 2792 ioan.
1689 2770 1725 2798 119,
1737 2771 1758 2792 9..
1771 2776 1837 2799 seqq.

997 2820 1028 2824 —
1045 2807 1174 2835 chrysost„
1192 2808 1274 2829 llomil.
1292 2809 1329 2830 85.
1348 2808 1413 2835 (alias
1430 2807 1477 2837 84.)
1495 2809 1516 2830 in
1534 2809 1593 2830 ioan.
1612 2809 1652 2836 ⁴9,
1671 2809 1708 2831 23.
1722 2815 1744 2831 n.
1757 2810 1782 2831 2:
1797 2810 1839 2832 Alii

998 2847 1088 2873 dieunt,
1107 2847 1159 2869 illud
1178 2847 1248 2869 vestis
1265 2853 1338 2874 genus
1354 2846 1485 2869 describere
1503 2848 1680 2875 Evangelismin.
1697 2848 1753 2876 Quia
1777 2849 1838 2871 enim

998 2886 1020 2907 in
1039 2885 1161 2907 Palaestina
1180 2885 1239 2907 duos
1256 2888 1393 2908 consuentes
1410 2892 1499 2914 pannos
1511 2885 1543 2907 sic
1555 2886 1689 2908 vestimenta
1707 2889 1797 2914 texunt,
1815 2890 1837 2909 ut

998 2923 1110 2952 significet
1122 2924 1223 2952 loannes,
1237 2925 1303 2946 talem
1316 2924 1386 2946 fuisse
1399 2924 1510 2951 tunicam,
1522 2924 1589 2946 dicit:
1605 2925 1709 2954 Desuper
1721 2926 1837 2948 contemta.

1000 2963 1022 2985 ld
1034 2969 1090 2985 vero
1102 2963 1178 2985 (licere
1196 2963 1249 2985 mihi
1263 2963 1365 2991 videtur,
1383 2966 1406 2985 ut
1423 2963 1521 2985 vestium
1535 2963 1643 2985 vilitatem
1658 2963 1799 2991 subindicet‚
1817 2967 1839 2986 et

998 3002 1055 3024 sicut
1073 3002 1093 3023 in
1112 3002 1160 3024 aliis
1177 3001 1297 3028 omnibus,
1315 3002 1346 3024 sic
1364 3002 1386 3024 in
1404 3005 1467 3024 veste
1484 3008 1537 3024 eum
1555 3002 1633 3024 vilitati
1650 3002 1772 3024 studuisse.

1852 351 1880 370 De
1892 356 1954 371 saeco.

1854 676 1881 695 De
1894 676 1972 695 bencdi-

1853 700 1915 719 ctione
1929 700 1969 718 Dei.

1863 1282 1889 1300 De
1902 1282 1965 1301 tunica

1877 1305 1953 1324 christi.
