2133 3317
270 193 323 222 162

801 190 998 219 OPUSCULUM
1019 190 1050 218 X.
1073 189 1158 218 VlTlS
1179 190 1329 218 MYSTICA.
1351 190 1419 218 CAP.
1443 190 1482 218 111.

1027 350 1188 379 CAPrrULuM
1214 350 1253 378 lll.

930 473 970 501 De
991 471 1235 509 circumfossione
1254 472 1323 501 vitis
1336 474 1353 501 ¹.

346 598 369 624 1.
393 594 629 632 Circanzfoditar
650 595 731 623 etiam
748 594 819 623 vitis.
841 594 933 623 Fossio
955 595 1023 623 haec
1045 594 1109 623 insi-

118 653 168 677 Quid
181 654 205 672 sit
216 644 397 673 etr-diantium
419 643 496 671 fraus
518 642 697 679 intelligitur3
719 642 798 679 quasi
820 641 893 670 enim
915 642 1023 670 foveam
1044 641 1112 670 fodit

131 677 237 696 cumsossio.

263 691 310 728 qui
333 690 396 719 dolo
410 689 586 718 machinatur
600 688 720 725 aliquem
735 688 879 725 decipere,
896 688 969 716 unde
991 695 1111 725 conque-

263 745 328 766 rens
348 736 451 765 dicit2:
477 735 630 764 Foderunt
650 739 717 763 ante
736 733 844 771 faciem
869 743 965 763 meam
985 732 1110 771 foveam.

263 785 321 813 Non
335 783 408 812 enim
424 785 532 819 poterat
553 781 591 810 illi
606 781 687 810 dolus
708 781 808 818 aliquis
822 781 967 814 abscondi,
983 781 1030 817 qui
1046 788 1113 809 ocu-

263 831 336 859 latus
356 832 398 858 est
422 832 486 857 ante
507 831 534 857 et
557 831 645 862 retro,
667 828 714 865 qui
744 830 771 856 et
791 827 942 864 praeterita
962 831 989 856 et
1016 827 1113 855 futura

263 877 341 915 quasi
365 876 520 913 praesentia
548 875 682 904 intuetur.
712 875 896 904 Ostendamus
916 875 1032 904 istarum
1059 875 1113 903 fos-

264 924 372 953 sionum
401 923 522 959 aliquam
553 930 601 959 per
622 922 793 958 exemplum.
825 922 1000 955 Adducunt,
1023 921 1113 958 inquit

264 970 441 1007 Evangelium
454 970 473 1003 ³,
497 969 612 998 Domino
627 969 687 997 lesu
702 968 853 997 mulierem
875 968 1057 1000 aduiteram,
1072 968 1113 996 di-

265 1021 372 1051 centes,
394 1016 468 1054 quod
496 1016 608 1054 Moyses
629 1015 801 1044 huiusmodi
828 1015 859 1043 in
882 1015 950 1052 Lege
979 1014 1114 1051 lapidare

261 1064 418 1102 praecepit.
447 1064 490 1091 Tu
511 1067 609 1091 atatem
630 1062 703 1100 qaid
723 1062 817 1091 dicis?
834 1062 900 1090 Vide
921 1062 1013 1090 foveas
1032 1069 1114 1090 verae

265 1111 341 1144 vitis,
357 1111 459 1147 quibus
474 1110 585 1146 maligni
600 1110 737 1146 agricolae
753 1110 860 1138 beatam
876 1109 959 1137 vitem
976 1111 1113 1142 nostram,

264 1158 453 1187 dulcissimum
479 1157 625 1185 Dominum
648 1157 751 1190 lesum,
780 1155 1033 1189 circumfoderunt,
1058 1163 1113 1183 non

1169 597 1201 623 ut
1221 602 1280 623 eam
1301 594 1424 623 facerent
1444 595 1616 632 germinare,
1638 596 1684 624 sed
1706 596 1793 633 magis
1814 605 1949 626 arescere.
1965 597 2018 626 Ve-

1169 643 1325 670 rumtamen
1341 641 1369 669 in
1384 641 1555 670 contrarium
1570 642 1652 671 cessit
1667 650 1764 671 eorum
1780 643 1907 677 intentio,
1922 646 1949 672 et
1964 643 2018 672 cir—

1169 688 1308 717 cumfossa
1330 696 1429 725 magna
1449 688 1521 718 facta
1541 691 1583 718 est
1597 693 1624 718 et
1646 690 1792 719 humorem
1808 690 1887 719 nobis
1909 690 2016 719 miseri-

1169 734 1279 763 cordiae
1300 734 1442 763 distillavit
1452 735 1472 763 4.

1249 783 1275 810 2.
1298 782 1421 818 Longum
1451 782 1540 810 vero⁵
1568 785 1641 811 esset
1668 783 1762 817 nimis,
1791 792 1888 813 omnes
1907 784 2016 818 foveas,

1170 836 1239 865 quas
1260 828 1371 865 maligni
1393 828 1529 865 agricolae
1554 829 1697 864 foderunt,
1719 830 1840 864 edicere,
1856 830 1902 867 qui
1925 831 2018 859 omnia

1171 874 1244 903 illius
1265 877 1292 903 et
1323 875 1409 903 verba
1429 879 1457 904 et
1487 875 1558 905 facta
1579 876 1742 905 calumniari
1774 877 1943 906 nitebantur.
1967 877 2018 906 Sed

1170 921 1218 949 ubi
1233 921 1376 956 viderunt,
1392 922 1646 952 circumfossionem
1658 923 1669 940 ⁶
1690 923 1759 952 nihil
1774 932 1874 953 nocere
1894 924 1956 958 viti,
1971 924 2019 953 sed

1170 967 1244 1004 ipsos
1266 968 1398 997 fodientes
1420 969 1446 997 in
1462 969 1535 1005 ipsas
1556 969 1649 998 foveas
1671 969 1810 1004 incidisse;
1827 970 1913 1007 ipsam
1935 971 2018 999 vitem

1171 1014 1223 1042 iam
1246 1022 1300 1042 non
1322 1015 1540 1050 circumfodere,
1562 1015 1609 1045 sed
1630 1016 1775 1052 perfodere
1797 1017 1972 1051 laborabant,
1986 1020 2018 1046 ut

1171 1061 1210 1089 sic
1231 1061 1327 1090 saltem
1350 1061 1383 1090 ad
1398 1062 1512 1091 modum
1534 1063 1652 1091 aliarum
1667 1063 1800 1092 arborum
1821 1067 1961 1093 aeternam
1978 1064 2018 1093 in-

1171 1111 1299 1136 curreret
1326 1108 1492 1137 ariditatem.
1521 1109 1660 1138 Foderunt
1691 1118 1757 1147 ergo
1779 1113 1806 1139 et
1838 1110 2018 1147 perfoderunt

1172 1163 1226 1183 non
1249 1155 1338 1183 solum
1361 1163 1475 1190 manus,
1497 1156 1544 1185 sed
1565 1160 1592 1185 et
1620 1156 1703 1193 pedes
1714 1157 1734 1191 ⁷,
1757 1157 1829 1186 latus
1853 1165 1965 1194 quoque
1993 1160 2020 1186 et

264 1338 357 1368 statim]
374 1340 558 1361 resurrecturum
576 1337 670 1360 sciebat.
689 1338 749 1360 Vere
767 1337 831 1360 fortis
848 1338 904 1359 haec
922 1337 1004 1359 mulier
1021 1340 1043 1359 et
1060 1343 1116 1365 prae

265 1378 354 1400 cunctis
371 1381 422 1406 post
439 1377 520 1400 Filium
537 1377 685 1399 honoranda!
705 1377 763 1399 Vere
781 1376 865 1406 strupo
883 1376 933 1406 [cfr.
948 1378 1004 1399 Gen.
1022 1378 1048 1404 2,
1066 1376 1115 1405 23]

265 1420 287 1439 et
304 1417 347 1439 dici
367 1419 441 1445 potest
458 1419 479 1439 et
496 1419 530 1439 est
546 1416 592 1445 [ed.
611 1417 618 1438 1
641 1418 663 1438 et
679 1417 735 1438 Bon.
753 1418 831 1438 contra
844 1416 860 1438 A
872 1417 887 1438 Β
904 1416 1013 1438 omittunt
1026 1417 1047 1439 et
1059 1416 1114 1445 estl,

265 1462 325 1485 quae
342 1463 354 1478 a
372 1456 422 1478 viro
440 1456 530 1479 Christo
548 1462 588 1484 per
605 1456 691 1478 amoris
709 1455 866 1478 fortitudinem
886 1455 938 1484 [ΑΒ
956 1461 971 1478 a
993 1454 1045 1478 ciro
1067 1455 1117 1484 fot·-

266 1495 364 1524 tz‘ssz'mo]
382 1498 486 1523 separata
505 1502 549 1517 non
567 1498 613 1522 est,
631 1495 670 1517 scd
689 1501 742 1517 eum
766 1501 837 1523 quem
864 1495 1000 1517 morientem
1018 1498 1040 1517 et
1058 1501 1117 1516 mor-

266 1536 331 1556 tuum
348 1534 416 1562 vidit,
434 1534 531 1556 credidit
543 1534 719 1556 immortalitatis
731 1534 804 1562 gloria
816 1533 990 1556 sublimandum
1003 1534 1042 1563 [ita
1059 1534 1076 1556 A
1088 1534 1116 1561 ss;

266 1574 304 1596 ed.
322 1574 330 1595 1
353 1576 374 1595 et
392 1574 448 1596 Bou.
467 1572 639 1601 sublimatum}

330 1612 337 1624 ²
355 1612 428 1635 Codd.
446 1614 462 1634 A
473 1612 489 1634 Β
507 1612 615 1634 omittunt
631 1611 697 1639 vitis,
719 1612 773 1634 Bon.
792 1612 847 1639 legit
863 1612 896 1634 De
912 1611 1015 1641 fossione
1032 1613 1054 1635 et
1070 1611 1116 1635 cir-

266 1651 424 1681 cumfossione
442 1651 508 1679 vitis,
527 1651 564 1673 ed.
583 1651 608 1673 i:
625 1651 658 1673 De
682 1650 877 1680 circumfossione
899 1650 965 1678 citis,
989 1650 1013 1673 id
1034 1652 1068 1674 est
1089 1650 1117 1674 de

266 1690 358 1714 insidiis
376 1690 520 1714 ludaeorum
537 1691 559 1713 et
575 1689 714 1713 vulneribus
732 1689 828 1713 Christi.

329 1729 338 1743 ²
355 1731 437 1753 Psalm.
462 1731 505 1758 56,
527 1730 548 1752 7.
572 1742 602 1746 -
626 1730 719 1752 lusci-ius
741 1730 864 1757 respicitur
887 1730 957 1757 Apoe
980 1730 1006 1756 4,
1030 1730 1055 1756 6,
1078 1729 1117 1752 ubi

266 1772 366 1798 quatuor
383 1769 490 1791 animalia
509 1769 617 1791 dicuntur
637 1769 728 1797 «plena
746 1769 819 1791 oculis
837 1771 889 1791 ante
911 1771 933 1790 et
955 1772 1016 1791 retro
1027 1777 1054 1795 ›);
1077 1769 1117 1791 cfr.

266 1809 346 1831 Ezech.
365 1809 391 1836 1,
411 1809 447 1830 18.
467 1811 489 1830 et
507 1808 547 1836 to,
567 1808 604 1830 12,
622 1807 725 1830 Subinde
746 1810 799 1835 post
820 1807 891 1837 quasi
907 1807 952 1837 [ed.
973 1808 980 1829 1
1002 1813 1055 1830 cum
1074 1808 1118 1830 AB

266 1847 389 1877 tanquam]
404 1846 540 1877 praesentia
558 1846 664 1870 intuetur
681 1847 717 1869 ed.
736 1847 745 1868 1
767 1849 789 1869 et
802 1847 859 1869 Bon.
871 1849 950 1869 contra
968 1846 1012 1869 CD
1023 1847 1063 1869 EF
1080 1847 1118 1869 ad-

266 1887 324 1909 dunt
336 1886 423 1910 Omnia
434 1885 497 1909 enim
509 1885 574 1909 nuda
585 1887 608 1908 et
618 1887 702 1915 aperta
713 1887 770 1908 sant
781 1885 856 1908 oculis
874 1885 923 1909 eius
937 1885 1016 1915 [Hebr.
1029 1885 1050 1913 4,
1064 1885 1117 1915 13.].

329 1924 338 1937 ³
355 1926 418 1948 ioan.
435 1926 460 1952 8,
478 1926 499 1947 3.
518 1928 541 1947 et
557 1925 579 1947 5,
596 1925 670 1948 Codd.
688 1925 732 1947 AB
749 1924 828 1954 inq'ait
839 1924 1000 1954 Euanqetista.
1013 1938 1042 1941 —-
1054 1926 1118 1948 Prae-

267 1965 388 1987 cedentem
406 1964 589 1992 propositionem
607 1964 644 1986 ed.
663 1964 671 1986 1
692 1964 724 1986 sic
742 1963 847 1986 exhibet:
865 1963 1024 1987 ostendamus
1038 1966 1118 1987 (intem

264 2009 309 2032 pcr
333 2002 470 2032 eat-emptum
495 2002 603 2032 aliquam
624 2002 736 2032 fraadcm
759 2002 862 2026 istarum
877 2002 1025 2032 fossionum,
1049 2004 1118 2025 Bon.:

269 2041 431 2065 Ostendemus
447 2043 527 2064 autem
544 2041 647 2064 istarum
664 2041 797 2070 fossionum
813 2041 908 2071 aliquas
922 2048 964 2071 per
981 2042 1119 2071 ezcmptam

269 2081 322 2110 [AB
343 2087 385 2111 per
406 2080 517 2110 exempla
539 2080 669 2110 aliquam],
697 2081 827 2108 insinuans,
850 2081 1022 2109 refragantibus
1048 2081 1118 2103 CDE

268 2120 353 2147 FGH,
370 2121 435 2148 plura
453 2120 558 2148 exempla
575 2120 722 2142 adducenda.
740 2120 835 2142 iuferius
852 2123 904 2148 post
924 2119 978 2143 Vide
989 2120 1026 2143 cd.
1040 2121 1047 2141 1
1065 2127 1118 2148 pro-

269 2159 373 2188 sequitur
389 2159 493 2188 foveam,
512 2165 559 2188 qua
577 2158 669 2181 beatam
690 2158 760 2181 vitem
784 2160 892 2181 nostram
914 2158 1119 2188 circumfoderant

268 2198 306 2221 itti
318 2198 418 2228 pessimi
432 2197 554 2227 ayricoloe
571 2197 620 2226 [cfr.
638 2198 715 2220 Matth.
728 2198 770 2224 21,
789 2198 826 2220 33.
846 2197 934 2226 seqq.],
952 2204 1001 2221 non
1017 2199 1045 2221 ut
1062 2198 1119 2227 [ulti-

269 2244 307 2260 ma
324 2243 378 2265 pars
395 2237 428 2260 sic
445 2236 514 2258 etiam
531 2235 652 2258 exhibetur
669 2236 698 2258 ab
716 2236 733 2258 A
744 2236 768 2265 B]
787 2240 830 2258 etc.

332 2275 341 2288 4
360 2276 400 2298 Ed.
419 2276 426 2297 1
448 2277 471 2298 et
487 2275 646 2305 clrcnmfossa
662 2274 747 2305 fertilis
760 2274 837 2304 maqis
851 2275 891 2303 [ita
908 2275 977 2297 etiam
990 2275 1008 2297 A
1018 2275 1043 2304 B]
1055 2276 1119 2305 facta

270 2315 304 2337 est
320 2316 343 2337 et
358 2314 484 2337 hamorem
501 2313 679 2337 misericordiae
696 2314 830 2342 distillans,
854 2321 896 2342 pro
919 2316 939 2337 et
962 2313 1119 2343 circumfossa

270 2354 325 2376 Bon.
343 2355 365 2376 et
382 2353 554 2383 circumfossio.
573 2354 613 2376 Ed.
636 2354 640 2375 l
663 2356 685 2375 et
702 2354 756 2376 Bon.
775 2359 828 2375 cum
846 2354 864 2375 A
877 2354 905 2380 B,
923 2353 973 2375 aliis
985 2353 1054 2376 codd.
1068 2360 1120 2375 con-

270 2392 445 2420 tradicentibus,
464 2393 499 2415 hie
517 2393 618 2415 addunt:
635 2393 724 2415 Foveas
742 2399 797 2414 vero
819 2392 872 2421 [AB
895 2392 966 2421 enim]
990 2393 1119 2415 rideamus.

270 2432 379 2454 Dixerunt
396 2432 460 2460 apud
482 2437 517 2454 se:
541 2432 563 2454 Si
585 2432 714 2454 secundum
732 2432 817 2460 Legem
840 2431 922 2454 dixerit
943 2432 1064 2454 mulierem
1088 2431 1119 2454 la-

266 2471 412 2501 pidandam,
430 2472 451 2493 in
470 2471 516 2500 [ed.
535 2471 542 2493 1
565 2478 618 2493 cum
636 2471 680 2493 AB
698 2471 781 2493 omittit
798 2471 831 2500 in]
850 2472 941 2494 foveam
964 2472 1048 2494 incidet
1071 2478 1120 2494 cru-

270 2511 378 2537 delitatis,
395 2511 436 2539 qui
453 2511 483 2533 de
499 2517 524 2533 se
541 2511 596 2533 dicit
613 2510 699 2540 [Matth.
717 2511 755 2537 11,
776 2510 836 2540 29.];
847 2510 910 2534 Mitis
922 2517 977 2534 sam
989 2513 1010 2534 ct
1022 2511 1119 2534 humitis

270 2549 353 2578 corde,·
371 2552 393 2572 et
409 2550 492 2572 iterum
511 2550 596 2579 [Matth.
613 2550 639 2577 9,
658 2550 699 2578 ·13;
719 2550 760 2578 12,
781 2550 808 2577 7;
830 2550 889 2572 Osee
913 2551 938 2577 6,
962 2550 1006 2579 (3.]:
1027 2550 1120 2574 Miseri-

271 2588 377 2612 cordiam
393 2588 446 2612 volo
464 2591 486 2612 et
502 2595 551 2612 non
567 2588 721 2618 sacrificium.
739 2589 761 2611 Si
780 2596 836 2611 vero
848 2589 931 2612 dixerit
942 2588 1119 2617 absolttendam,

272 2629 362 2650 foveam
380 2628 585 2656 praevaricationis
602 2634 647 2650 non
663 2628 747 2650 evadet
764 2630 787 2650 et
809 2628 859 2651 iure
880 2628 1073 2651 condemnabitur
1096 2631 1121 2651 ut

271 2667 338 2695 Legis
355 2670 519 2695 transgressor.
538 2668 574 2690 Sic
592 2669 689 2697 captant
706 2667 731 2690 in
748 2668 857 2691 animam
874 2667 931 2691 insti
947 2668 992 2697 [Ps.
1013 2669 1056 2695 93,
1073 2668 1119 2697 21.]

271 2709 292 2728 et
309 2705 436 2729 observant
443 2708 580 2736 peccatores
592 2706 682 2730 iustam
693 2708 715 2730 et
725 2706 825 2730 strident
842 2706 949 2730 dentibus
965 2707 1010 2736 [Ps.
1029 2708 1066 2735 36,
1081 2708 1120 2735 12;

271 2751 297 2767 ex
315 2745 358 2767 AB
375 2746 537 2773 supplevimus
548 2745 677 2774 dentibus],
696 2746 833 2774 nescientes,
846 2746 910 2775 quod
926 2746 1020 2775 frustra
1034 2746 1121 2769 iacitur

271 2785 319 2806 rete
335 2785 389 2806 aitte
407 2784 487 2807 oculos
501 2786 663 2813 pennatorum
681 2785 758 2814 [Prov.
772 2785 797 2811 1,
814 2784 870 2813 l7.],
887 2787 909 2807 et
925 2785 988 2814 quod
1007 2784 1048 2814 qai
1063 2784 1122 2814 fodit

271 2822 364 2852 foveam
384 2822 469 2846 incidet
485 2823 510 2846 in
527 2830 579 2846 cam
597 2823 673 2853 [Prov.
692 2824 733 2851 26,
752 2823 793 2851 273
811 2824 883 2846 Eccle.
903 2824 943 2850 10,
956 2824 995 2853 8.].
1018 2824 1063 2847 Sed
1076 2824 1122 2853 [ed.

273 2862 281 2883 1
303 2861 368 2884 addit
385 2861 473 2890 leviter]
493 2862 613 2885 transilivit
630 2863 671 2885 has
688 2864 768 2885 foreas
786 2862 839 2892 [AB
857 2862 918 2891 eam]
939 2866 1016 2885 noster
1033 2863 1122 2885 idithun

273 2900 312 2929 [ita
330 2901 347 2922 A
358 2900 387 2926 B,
405 2900 444 2928 qui
462 2903 537 2922 tamen
550 2900 654 2923 scribunt
665 2900 780 2930 yditltz'nm
793 2902 834 2923 cfr.
851 2901 951 2928 Hieron„
962 2901 992 2923 de
1004 2900 1120 2923 Nominib.

273 2939 378 2961 Hebraic.
395 2939 425 2961 de
442 2940 507 2962 Psalt.
526 2939 633 2967 ldithttn,
647 2940 773 2962 transiliens
789 2946 829 2962 eos
846 2940 896 2962 sive
909 2940 991 2962 saliens
1002 2946 1050 2963 eos.
1063 2940 1123 2962 Vide

272 2978 341 3000 etiam
359 2979 463 3006 August,
481 2979 582 3001 Enarrat.
594 2979 615 3001 in
634 2979 668 3001 Ps.
687 2979 723 3001 38.
742 2985 764 3001 n.
784 2980 791 3000 1
803 2996 809 3006 ‚
826 2981 848 3001 et
865 2979 952 3005 isidor„
971 2979 1016 3001 Vll.
1034 2979 1123 3006 Etymo-

1173 1337 1219 1365 log.
1236 1344 1255 1359 c.
1274 1338 1295 1358 8.
1314 1344 1336 1359 n.
1355 1338 1391 1359 28.
1404 1337 1445 1359 Ed.
1459 1337 1466 1358 1
1483 1338 1563 1359 noster
1575 1335 1644 1365 Ibem,
1656 1337 1714 1359 Bon.
1727 1338 1812 1360 nostra
1825 1336 1890 1366 loeas]
1912 1337 2021 1366 ipsosque

1172 1376 1274 1405 fossores
1292 1376 1375 1398 deiecit
1391 1376 1414 1397 iu
1432 1376 1479 1398 illas
1497 1376 1523 1405 [A
1534 1376 1549 1397 B
1567 1375 1653 1404 illam].
1667 1376 1703 1398 Ait
1716 1376 1777 1398 enim
1791 1376 1861 1405 [ioan.
1876 1377 1901 1405 8,
1917 1376 1961 1406 7.]:
1975 1376 2023 1405 Qui

1172 1414 1222 1438 sine
1235 1416 1332 1444 peccato
1354 1416 1387 1437 est
1409 1416 1528 1443 vestrum,
1551 1414 1645 1444 primus
1668 1414 1746 1438 mittat
1767 1415 1792 1438 in
1814 1415 1880 1438 illam
1904 1416 2021 1445 lapidem;

1172 1454 1237 1483 quasi
1256 1454 1316 1476 dicat
1334 1454 1387 1483 [AB
1405 1453 1511 1483 diceret]:
1529 1454 1585 1482 Legi
1603 1460 1668 1476 meae
1685 1460 1732 1476 non
1749 1455 1897 1483 contradico,
1912 1455 2021 1483 pietatem

1173 1500 1249 1515 meam
1267 1500 1313 1516 non
1331 1493 1422 1515 desero.
1439 1494 1480 1515 lsta
1499 1493 1594 1522 quidem
1607 1493 1691 1515 meruit
1702 1493 1811 1522 lapidari,
1823 1494 1863 1517 sed
1876 1500 1922 1516 non
1935 1495 2022 1522 lapida-

1173 1532 1245 1560 bitur,
1264 1532 1317 1561 quia
1335 1532 1374 1561 qui
1392 1532 1492 1560 lapidem
1510 1532 1569 1554 iuste
1581 1532 1654 1560 possit
1668 1533 1689 1555 in
1702 1539 1753 1555 eam
1766 1533 1855 1555 mittere
1868 1539 1912 1555 non
1925 1533 2022 1556 habetur

1174 1572 1201 1601 [Α
1211 1573 1227 1594 Β
1244 1572 1333 1594 addunt
1343 1577 1392 1594 non
1404 1571 1466 1594 enim
1478 1571 1529 1594 vult
1541 1572 1590 1594 Lea:
1601 1570 1687 1594 habere
1703 1571 1826 1595 ministros
1843 1572 1883 1595 sui
1894 1572 2022 1602 praevari-

1173 1610 1283 1639 catore-§L
1297 1611 1389 1633 Numne
1400 1610 1436 1632 vis
1447 1610 1524 1633 adbuc
1536 1610 1624 1639 aliquas
1642 1610 1668 1639 [A
1678 1611 1694 1632 B
1715 1610 1752 1634 Vis
1769 1612 1850 1633 antem
1862 1610 1940 1634 adhuc
1951 1611 2020 1640 alias]

1174 1651 1251 1672 foveas
1269 1650 1365 1672 videre?
1382 1649 1456 1677 Licet,
1475 1649 1582 1678 inquiunt
1600 1649 1685 1678 [Matth.
1702 1651 1744 1677 22,
1763 1650 1822 1679 ·17.]‚
1847 1656 1943 1673 censam
1968 1650 2024 1673 dari

1174 1689 1280 1717 caesari,
1298 1696 1330 1712 an
1347 1690 1413 1712 non?
1431 1689 1539 1711 Dixerunt
1557 1689 1596 1718 [ita
1612 1689 1669 1716 Ass;
1687 1690 1724 1712 ed.
1744 1691 1752 1711 1
1773 1693 1796 1712 et
1816 1690 1874 1712 Bon.
1896 1690 2022 1719 Direrant]

1174 1729 1236 1751 enim
1253 1728 1316 1756 apud
1334 1735 1370 1751 se:
1389 1728 1411 1751 Si
1430 1728 1521 1751 dixerit:
1539 1729 1614 1755 Licet,
1631 1728 1745 1751 tenebitur
1761 1735 1815 1751 reus
1832 1731 1941 1758 tanquam
1957 1729 2023 1752 liber-

1174 1769 1225 1791 tatis
1242 1771 1334 1790 uostrae
1351 1768 1488 1790 destructor.
1506 1768 1595 1790 Solutio
1611 1767 1673 1790 enim
1686 1774 1768 1790 census
1779 1768 1865 1790 servitii
1877 1768 1970 1796 signum
1982 1771 2022 1791 est.

1175 1808 1197 1830 Si
1224 1807 1318 1830 dixerit:
1341 1807 1391 1829 Non
1413 1807 1477 1834 licet,
1499 1813 1553 1829 reus
1575 1807 1617 1829 erit
1639 1807 1714 1829 laesae
1736 1807 1868 1829 maiestatis.
1890 1807 1908 1830 O
1930 1808 2022 1830 stultos!

1175 1847 1236 1869 Solet
1252 1847 1335 1868 stultus
1352 1846 1407 1868 alios
1424 1846 1553 1868 seeundum
1570 1852 1595 1868 se
1607 1845 1742 1873 aestimare,
1754 1848 1776 1868 et
1788 1846 1851 1874 quod
1864 1845 1913 1873 ipse
1926 1846 2023 1874 ignorat,

1174 1886 1290 1914 sapientes
1307 1891 1414 1914 quosque
1431 1885 1504 1907 credit
1520 1885 1623 1907 similiter
1640 1885 1749 1913 ignorare
1766 1885 1816 1914 [cfr.
1834 1886 1905 1908 Eccle.
1925 1886 1966 1913 10,
1984 1885 2023 1915 3.].

1175 1925 1219 1948 Sed
1238 1925 1295 1954 quid
1312 1925 1343 1947 ait
1360 1925 1490 1953 Sapientia?
1507 1923 1614 1947 Libertati
1633 1924 1659 1953 [A
1670 1925 1686 1946 B
1703 1924 1792 1947 addunt
1808 1923 1858 1953 Dei]
1870 1930 1916 1947 non
1927 1925 2024 1952 derogo,

1175 1964 1317 1987 maiestatem
1336 1964 1389 1993 [AB
1407 1964 1496 1986 addunt
1512 1963 1613 1993 reniam]
1631 1970 1676 1986 non
1699 1964 1803 1990 offendo,
1821 1964 1842 1986 in
1866 1963 1911 1993 [ed.
1934 1964 1942 1985 1
1970 1970 2024 1986 cum

1175 2003 1219 2025 AB
1237 2003 1321 2025 omittit
1337 2002 1369 2031 in]
1389 2003 1467 2025 foveas
1489 2005 1578 2025 vestras
1600 2007 1645 2024 non
1667 2002 1752 2025 incido.
1774 2001 1868 2025 Reddite
1888 2008 1949 2032 quae
1968 2004 2026 2026 sunt

1175 2042 1280 2065 caesaris
1297 2041 1402 2069 caesari,
1423 2042 1444 2064 et
1461 2048 1521 2071 quae
1537 2042 1593 2064 sant
1610 2041 1654 2064 Dei
1668 2042 1716 2064 Deo
1734 2041 1820 2070 [Mattb.
1837 2042 1878 2070 22,
1900 2041 1954 2071 2i.].
1976 2042 2024 2064 Non

1174 2081 1236 2102 enim
1253 2080 1377 2102 offenditur
1393 2080 1455 2102 Deus
1472 2080 1558 2108 iustus,
1576 2080 1616 2108 qui
1634 2080 1683 2102 vult
1697 2080 1763 2102 reddi
1780 2080 1865 2108 cuique
1876 2080 1940 2109 quod
1955 2086 2025 2103 suum

1175 2122 1216 2142 est.
1235 2120 1257 2141 Si
1274 2119 1376 2142 reddatis
1388 2119 1475 2141 caesari
1487 2119 1550 2147 quod
1564 2119 1662 2141 caesaris
1674 2121 1720 2147 est,
1732 2125 1776 2141 non
1792 2119 1819 2148 [A
1828 2119 1844 2141 Β
1857 2119 2023 2147 coniungentes

1174 2158 1196 2181 si
1211 2158 1339 2181 reddatis...
1357 2159 1391 2181 est
1408 2164 1462 2180 cum
1479 2158 1633 2186 praecedente
1650 2158 1820 2186 propositione,
1843 2165 1885 2186 pro
1905 2164 1952 2181 non
1969 2158 2025 2180 sub-

1175 2198 1271 2220 stituunt
1290 2196 1341 2225 nec]
1364 2197 1487 2219 offenditur
1508 2203 1595 2219 caesar.
1618 2197 1639 2219 Si
1663 2197 1710 2219 Deo
1732 2196 1879 2220 reddideritis
1901 2197 1964 2225 quod
1986 2197 2024 2226 [ita

1174 2237 1231 2263 ΑΒ;
1249 2236 1286 2259 ed.
1305 2237 1312 2258 1
1335 2238 1357 2258 et
1373 2237 1428 2258 Bon.
1446 2235 1514 2265 qaae]
1533 2236 1618 2258 creavit
1637 2236 1708 2263 iuste,
1725 2236 1789 2265 quod
1806 2236 1891 2258 iustum
1907 2238 1941 2258 est
1954 2236 2025 2259 facitis

1176 2276 1229 2305 [AB
1246 2276 1353 2298 omittunt
1370 2274 1455 2298 inste...
1472 2274 1563 2304 facitis,
1586 2274 1659 2297 verba
1680 2275 1703 2297 si
1725 2275 1797 2298 Deo...
1820 2274 1910 2298 creavit
1931 2275 2026 2297 coniun-

1175 2318 1256 2343 gentes
1272 2321 1324 2337 cum
1340 2314 1493 2342 praecedente
1504 2314 1671 2342 propositione.
1684 2314 1755 2337 iidem
1767 2314 1835 2336 codd.
1847 2314 1954 2336 omittunt
1965 2320 2026 2342 quae

1176 2353 1324 2383 sequuntur].
1340 2353 1438 2376 Reddite
1454 2359 1511 2381 ergo
1528 2353 1614 2375 caesari
1632 2353 1767 2380 denarium,
1785 2353 1884 2375 caesaris
1901 2352 2024 2375 habentem

1175 2393 1314 2421 imaginem3
1332 2392 1422 2415 reddite
1439 2393 1487 2414 Deo
1504 2392 1618 2419 animam,
1635 2398 1705 2421 quam
1723 2391 1755 2414 ad
1771 2391 1900 2421 z'mayz'nem
1916 2393 1938 2414 ct
1960 2390 2025 2414 simi-

1176 2432 1299 2455 litudinem
1316 2438 1387 2455 suam
1404 2431 1493 2455 crearit
1511 2432 1577 2461 [Gen.
1602 2432 1628 2459 1,
1651 2432 1689 2454 26.
1709 2431 1775 2460 seq.]‚
1793 2434 1815 2453 et
1836 2437 1890 2453 ecce
1911 2431 1964 2453 iusti
1980 2432 2025 2453 fue·

1176 2472 1231 2494 ritis.

1239 2509 1248 2522 ⁵
1265 2510 1322 2533 Cod.
1342 2509 1359 2532 C
1384 2508 1458 2537 enim,
1479 2509 1527 2536 alii,
1550 2512 1575 2531 ut
1596 2508 1676 2535 ABF,
1699 2509 1736 2531 ed.
1762 2509 1770 2530 1
1797 2512 1820 2531 et
1839 2509 1895 2530 Bou.
1919 2508 2026 2530 omittunt

1177 2555 1244 2577 υενο,
1259 2549 1322 2578 quod
1340 2549 1359 2571 D
1369 2549 1385 2571 E
1402 2547 1521 2576 praebent.
1538 2547 1641 2570 Subinde
1657 2554 1700 2575 pro
1713 2554 1773 2577 qaas
1787 2547 1890 2577 matiani
1904 2547 2025 2577 [tyrii-otae

1176 2589 1287 2619 foderant
1306 2589 1343 2617 (ita
1361 2587 1378 2611 C
1390 2588 1469 2617 DEF)
1485 2588 1521 2610 ed.
1544 2588 1549 2609 1
1571 2589 1594 2610 et
1618 2588 1674 2609 Bou.
1692 2593 1754 2617 quas
1774 2593 1844 2610 verde
1865 2586 1909 2610 viti
1929 2587 2025 2609 nostrae

1176 2627 1278 2657 matiani
1294 2626 1334 2650 isti
1356 2626 1480 2656 foderant,
1506 2629 1528 2648 et
1550 2632 1592 2654 pro
1616 2625 1658 2655 qai
1676 2625 1757 2649 omnia
1779 2625 1819 2654 (ita
1839 2625 1942 2653 CDEF)
1967 2625 2023 2647 Bon.

1176 2674 1230 2690 cum
1248 2666 1285 2689 ed.
1305 2667 1312 2688 1
1334 2666 1391 2696 quia
1407 2665 1497 2689 omnia.

1240 2704 1250 2717 ‘³
1267 2706 1297 2728 lta
1313 2705 1342 2732 F,
1360 2704 1430 2727 CDE
1447 2703 1663 2731 circumcisionem,
1678 2704 1737 2726 ed.t
1754 2706 1776 2725 et
1787 2703 1841 2725 Bon.
1859 2702 1906 2726 Sed
1922 2708 1978 2726 cam
1993 2701 2024 2725 vi-

1177 2744 1271 2772 derent,
1289 2743 1503 2773 circumfossiones.
1518 2744 1571 2765 Post
1589 2742 1631 2765 viti
1646 2743 1684 2765 ed.
1699 2743 1707 2764 1
1726 2742 1873 2771 prosequitur
1890 2741 1967 2771 maqis
1984 2747 2025 2764 aa·

1178 2785 1224 2806 tem
1235 2789 1259 2806 se
1277 2783 1352 2813 ipsos,
1365 2782 1423 2805 dum
1439 2781 1534 2812 fodiunt
1545 2781 1569 2804 in
1586 2781 1651 2811 ipsas
1668 2781 1788 2809 incidisse,
1801 2780 1878 2811 ipsam
1894 2780 1965 2804 vitem
1979 2779 2026 2803 cir-

1179 2822 1315 2852 cumfodere
1332 2823 1354 2845 et
1367 2821 1492 2851 perfodere
1511 2824 1554 2844 etc.

1241 2860 1250 2872 ⁷
1269 2861 1351 2883 Psalm.
1369 2861 1411 2888 21,
1430 2860 1471 2882 17ι
1494 2860 1612 2883 Foderunt
1633 2866 1715 2882 manus
1732 2865 1796 2882 meas
1818 2862 1840 2881 et
1862 2859 1934 2886 pedes
1952 2864 2024 2881 meos.

1179 2901 1240 2923 Ioan.
1259 2901 1300 2929 19,
1318 2900 1361 2922 34ι
1379 2900 1425 2922 Sed
1442 2906 1502 2922 unus
1519 2899 1617 2921 militum
1634 2899 1713 2921 lancea
1734 2899 1793 2921 latus
1809 2898 1859 2920 eius
1876 2898 1973 2925 aperuit.
1995 2909 2026 2914 —-

1180 2940 1223 2961 Pro
1239 2938 1385 2962 sanctissimi
1400 2938 1479 2962 cordis
1496 2939 1552 2961 Bon.
1571 2937 1701 2961 beatissimi
1716 2937 1807 2965 cordis,
1819 2940 1842 2959 et
1859 2943 1901 2965 pro
1917 2936 2025 2966 perfora-

1180 2979 1231 3001 tum
1250 2978 1294 3007 (ita
1310 2977 1354 3001 CD
1365 2978 1415 3006 EF)
1433 2978 1469 3000 ed.
1490 2978 1497 2999 1
1519 2980 1541 3000 et
1558 2978 1613 3000 Bon.
1631 2976 1792 3000 vulneratum.

2033 978 2046 997 N
2050 984 2074 997 on
2087 980 2115 998 tau
2119 986 2128 1000 11

2034 1002 2115 1021 circumi·
2120 1010 2128 1022 l-

2040 1030 2068 1047 re,
2082 1025 2115 1044 sed

2028 1049 2115 1073 pei-foder
2120 1056 2132 1069 a

2054 1072 2116 1091 luet-ui:
