2133 3317
9 1321 31 1344 118.
37 1321 76 1335 01⁵3·

14 1344 46 1359 ΙΙΙΙ.

44 1647 75 1661 no-

21 1665 50 1685 ile.

0 1844 7 1879 Ζ

3 1887 7 1897 Ι

489 207 686 237 OPUSCULUM
706 208 794 235 xxm.
816 208 964 237 LEGENDA
987 209 1101 237 SANCTI
1122 209 1295 238 FRANCISCI.
1317 210 1385 239 CAP.
1408 211 1438 239 X.

94 285 237 322 eroganda.
254 285 313 322 Ipse
334 293 412 319 vero,
428 285 493 322 quia
508 285 615 322 pondus
629 285 750 322 fugiebat
765 285 896 322 pecuniae
911 289 938 314 et

94 333 119 360 in
141 331 232 360 animo
253 332 361 360 Soldani
377 339 458 360 verae
479 331 587 368 pietatis
602 339 654 360 non
677 331 785 360 videbat
804 332 937 366 radicem,

94 378 251 406 nullatenus
271 378 416 415 acquievit.

171 425 197 452 9.
220 424 320 453 Videns
334 424 429 458 etiam,
451 432 479 453 se
494 432 547 453 non
566 424 702 461 proficere
717 425 743 453 in
759 425 937 454 conversione

93 471 181 508 gentis
206 470 279 499 illius
304 478 354 499 nec
368 471 476 507 assequi
500 479 578 507 posse
597 471 769 508 propositum
783 472 803 506 ¹,
824 472 857 500 ad
874 480 937 508 par-

93 521 134 547 tes
153 517 275 546 fidelium
290 517 384 546 divina
405 517 571 546 revelatione
586 518 776 554 praemonitus
794 519 934 547 remeavit.

93 565 135 593 Sic
150 564 242 601 itaque
266 564 310 592 Dei
326 564 470 593 ordinante
485 565 641 598 clementia,
657 567 684 593 et
704 565 789 594 sancti
805 565 857 593 viri
873 573 935 602 pro-

93 613 215 639 merente
237 610 352 644 virtute,
374 610 589 640 misericorditer
606 614 633 639 et
655 611 817 640 mirabiliter
832 611 934 640 factum

92 660 148 691 est,
169 657 243 694 quod
271 657 370 685 Christi
393 657 498 686 amicus
526 661 642 686 mortem
665 666 716 694 pro
743 658 802 695 ipso
828 659 935 687 viribus

93 703 156 732 totis
176 703 355 740 exquireret,
376 707 403 732 et
424 707 516 732 tamen
544 704 702 733 nullatenus
724 704 874 738 inveniret,
903 708 935 733 ut

1781 212 1837 241 533

994 288 1021 315 et
1043 286 1141 315 merito
1156 295 1209 315 non
1231 291 1338 316 careret
1352 288 1435 324 optati
1458 289 1581 325 martyrii
1601 292 1628 317 et
1648 289 1837 326 insigniendus

994 336 1154 361 servaretur
1176 333 1203 362 iu
1225 337 1366 370 posterum
1382 335 1525 372 privilegio
1539 336 1671 372 singulari
1685 336 1703 364 Ξ.
1726 336 1768 365 Sic
1783 336 1837 365 uti-

994 386 1048 415 que
1069 379 1170 407 factum
1186 382 1241 413 est,
1264 383 1295 408 ut
1310 380 1379 417 ignis
1394 381 1438 410 ille
1459 381 1569 410 divinus
1583 382 1674 410 adhuc
1689 382 1837 419 perfectius

995 425 1081 461 ipsius
1102 429 1240 454 aestuaret
1262 426 1288 454 iu
1310 427 1407 461 corde,
1430 431 1461 456 ut
1489 431 1550 465 post
1571 429 1709 465 patentius
1737 437 1835 466 evapo-

994 476 1069 501 raret
1090 473 1117 500 in
1139 480 1229 502 carne.
1252 473 1274 501 O
1296 482 1360 502 vere
1382 474 1492 503 beatum
1518 475 1625 509 virum,
1647 476 1727 505 cuius
1748 485 1835 510 caro,

993 519 1042 547 etsi
1060 519 1202 555 tyrannico
1226 519 1300 548 ferro
1321 528 1374 548 non
1397 521 1537 556 caeditur,
1558 522 1638 551 occisi
1665 525 1754 552 tamen
1770 524 1834 560 Agni

993 565 1171 594 similitudine
1192 574 1246 594 non
1261 567 1402 603 privatur!
1425 567 1460 601 O,
1482 568 1610 605 inquam,
1626 577 1691 598 vere
1705 578 1736 598 ac
1758 570 1836 607 plene

993 611 1120 646 beatum,
1151 613 1231 641 cuius
1262 613 1380 641 animam
1417 625 1430 639 «
1452 614 1502 643 etsi
1536 615 1643 652 gladius
1678 620 1836 652 persecuto-

993 658 1031 687 ris
1052 667 1105 687 nou
1134 659 1262 693 abstulit,
1288 660 1405 696 palmam
1429 663 1519 690 tamen
1545 662 1670 698 martyrii
1693 671 1746 691 non
1768 664 1835 692 ami-

993 705 1027 733 sit
1038 705 1049 722 ³
1064 708 1090 734 »l

855 834 1016 863 Caranum
1040 835 1071 863 X.

700 956 739 984 De
758 956 856 984 studio
876 959 901 984 et
921 956 1028 984 virtute
1052 957 1196 985 orationis
1206 958 1226 985 4.

172 1078 196 1105 1.
218 1077 343 1106 Sentiens
356 1077 457 1106 Christi
479 1085 577 1106 servus
592 1078 753 1106 Franciscus
774 1086 890 1115 corpore
904 1086 933 1107 se

89 1123 278 1161 peregrinum
300 1132 319 1152 α
342 1124 464 1152 Domino
476 1125 497 1158 ⁵,
519 1132 582 1153 cum
605 1125 657 1153 iam
679 1124 713 1153 ad
735 1127 846 1153 terrena
867 1125 934 1153 foris

90 1170 226 1199 desideria
246 1178 296 1207 per
316 1170 416 1199 Christi
440 1171 580 1199 caritatem
604 1174 678 1199 totus
699 1174 770 1199 esset
792 1171 932 1200 insensibi-

91 1216 124 1245 lis
143 1216 247 1250 sactus;
269 1224 303 1245 ne
323 1216 394 1245 foret
414 1217 519 1253 absque
540 1217 723 1246 consolatione
744 1217 851 1251 dilecti,
872 1217 934 1246 sine

91 1263 303 1292 intermissione
317 1271 412 1296 orans,
434 1264 562 1300 spiritum
585 1264 640 1292 Deo
655 1264 835 1293 contendebat
856 1264 934 1293 exhi-

90 1309 156 1339 bere
184 1313 365 1346 praesentem.
390 1310 453 1339 Erat
481 1310 593 1347 quidem
621 1311 709 1339 oratio
738 1311 932 1347 contemplanti

90 1356 244 1391 solatium,
262 1357 342 1391 dum,
358 1365 544 1394 supernarum
558 1357 678 1386 circuitu
692 1358 865 1386 mansionum
882 1358 934 1386 An-

90 1403 214 1441 gelorum
237 1403 357 1432 concivis
370 1403 424 1432 iam
446 1403 548 1437 factus,
563 1403 678 1432 ferventi
700 1403 835 1432 desiderio
849 1412 934 1441 quae-

91 1449 169 1478 rebat
195 1449 326 1478 dilectum
338 1450 358 1483 ⁶,
390 1457 406 1478 a
436 1458 492 1487 quo
519 1450 594 1478 solus
625 1458 688 1478 eum
720 1450 811 1478 carnis
843 1450 934 1486 paries

90 1495 270 1533 disiungebat.
300 1496 364 1524 Erat
395 1499 421 1524 et
452 1497 576 1532 operanti
594 1496 797 1534 praesidium,
818 1496 884 1525 dum
906 1496 933 1524 in

91 1543 234 1577 omnibus,
256 1551 327 1580 quae
341 1542 451 1579 agebat,
473 1543 507 1571 de
528 1551 579 1572 sua
602 1543 729 1571 diffidens
750 1543 886 1571 industria
907 1546 934 1571 et

91 1590 124 1619 de
144 1597 265 1627 superna
293 1590 393 1626 pietate
414 1590 567 1624 conlidens,
590 1598 638 1627 per
660 1590 747 1627 ipsius
776 1590 933 1619 instantiam

91 1639 178 1665 totum
201 1636 226 1664 in
248 1636 364 1665 Domino
385 1636 533 1673 cogitatum
557 1636 674 1665 iactabat
690 1637 708 1665 ⁷.
735 1654 772 1657 —
794 1637 934 1665 Orationis

90 1683 205 1720 gratiam
228 1683 288 1711 viro
303 1683 430 1720 religioso
450 1683 658 1712 desiderandam
674 1692 759 1721 super
780 1684 871 1712 omnia
886 1684 933 1712 fir-

91 1730 172 1758 miter
193 1730 344 1764 asserebat,
366 1730 531 1767 nullumque
552 1730 668 1759 credens
689 1730 747 1759 sine
768 1731 826 1767 ipsa
844 1731 870 1759 in
887 1731 932 1760 Dei

91 1776 246 1813 prosperari
262 1776 383 1811 servitio,
396 1776 492 1811 modis,
504 1777 606 1814 quibus
618 1780 734 1814 poterat,
746 1778 855 1806 Fratres
869 1785 935 1806 suos

90 1822 122 1851 ad
144 1823 204 1852 eius
225 1823 347 1852 studium
371 1823 518 1852 excitabat.
534 1823 600 1851 Nam
622 1823 766 1852 ambulans
781 1827 807 1852 et
822 1824 934 1858 sedens,

91 1868 165 1897 intus
185 1872 212 1898 et
233 1869 313 1903 foris,
336 1869 464 1897 laborans
484 1872 511 1898 et
533 1877 632 1898 vacans
654 1870 772 1898 orationi
793 1870 861 1899 adeo
875 1873 935 1899 erat

91 1915 222 1950 intentus,
243 1918 275 1944 ut
295 1916 332 1944 illi
362 1915 504 1944 videretur
525 1924 579 1944 non
602 1916 691 1944 solum
719 1916 854 1953 quidquid
875 1920 935 1945 erat

90 1962 116 1990 in
140 1970 172 1991 eo
192 1962 283 1991 cordis
304 1965 331 1991 et
351 1962 488 1999 corporis,
510 1970 607 1991 verum
623 1963 704 1991 etiam
719 1963 810 1999 operis
825 1965 852 1992 et
867 1966 934 1991 tem-

90 2009 165 2046 poris
185 2009 332 2038 dedicasse.

181 2058 207 2085 2.
240 2056 341 2085 Solitus
372 2060 431 2085 erat
465 2056 568 2085 nullam
607 2057 788 2086 visitationem
821 2057 935 2094 spiritus

47 2111 153 2135 ..cum
184 2103 348 2140 negligentia
369 2103 530 2140 praeterire.
559 2103 712 2140 Siquidem,
743 2111 806 2132 cum
837 2104 934 2133 offere-

91 2150 188 2184 batur,
210 2150 378 2187 sequebatur
399 2158 475 2184 eam,
497 2153 524 2178 et
551 2150 684 2187 quamdiu
710 2150 842 2179 Dominus
870 2159 934 2179 con-

91 2196 217 2230 cedebat,
238 2196 382 2225 dulcedine
403 2196 600 2233 perfruebatur
621 2197 720 2225 oblata.
742 2197 811 2225 Cum
825 2200 933 2232 autem,

91 2242 212 2271 intentus
232 2242 337 2276 itineri,
354 2242 438 2271 divini
461 2242 580 2279 Spiritus
600 2243 708 2280 aliquos
728 2243 842 2272 sentiret
862 2244 934 2272 affla-

91 2292 150 2323 tus;
166 2289 246 2318 sociis
261 2289 501 2326 praecedentibus,
516 2289 632 2326 gradum
648 2290 762 2327 figebat,
778 2298 934 2328 novamque

91 2335 294 2372 inspirationem
310 2335 343 2364 ad
358 2335 516 2364 fruitionem
538 2339 716 2370 convertens,
728 2337 860 2374 qratiam
876 2345 935 2365 ηοη

92 2382 245 2420 recipiebat
259 2383 290 2411 in
300 2391 428 2411 vacuum
436 2382 456 2410 ⁸.
468 2382 692 2419 Suspendebatur
704 2383 844 2412 multoties
860 2386 934 2412 tanto

154 2557 162 2570 ¹
180 2558 269 2581 Scilicet
286 2559 429 2586 martyrium.
448 2572 476 2574 ——
495 2559 597 2581 Yocibus
613 2565 655 2583 uec
666 2560 761 2589 assequi
771 2561 824 2583 edd.
841 2561 932 2583 interse-

95 2600 146 2619 runt
161 2603 239 2620 sunm.

155 2635 163 2648 ²
181 2637 268 2664 Nempe
285 2636 431 2664 stigmatibus
448 2638 530 2664 sacris,
547 2638 576 2659 de
593 2637 678 2666 quibus
695 2638 751 2660 iutra
770 2644 789 2660 c.
811 2639 843 2660 13.
860 2651 890 2655 -
903 2640 934 2661 111-

95 2675 162 2697 terius
179 2682 221 2703 pro
237 2676 356 2705 patentius
374 2676 427 2698 edd.
443 2676 567 2706 potentius.

155 2712 164 2726 ³
181 2715 208 2737 Ut
225 2714 308 2737 dicitur
325 2715 346 2737 in
364 2716 419 2737 sesto
438 2716 459 2737 S.
473 2715 558 2737 Martini
573 2716 618 2743 (11.
634 2715 713 2744 Nou),
731 2719 775 2737 ant.
788 2716 816 2738 ad
836 2717 934 2743 Magnifi-

95 2755 129 2774 cat
147 2753 170 2774 ll.
188 2753 256 2781 Vesp.
276 2754 325 2781 (cfr.
343 2757 397 2776 tom.
416 2754 452 2776 lV.
470 2760 523 2782 pag*
543 2754 601 2782 757,
624 2757 676 2776 nota
695 2755 738 2782 9.):
756 2755 773 2777 O
791 2755 933 2777 sanctissima

96 2791 184 2816 anima,
201 2798 270 2820 quam
288 2792 328 2815 etsi
347 2795 390 2815 etc.

155 2829 165 2842 ⁴
182 2830 228 2852 Ctr.
244 2831 326 2853 Thom.
343 2838 355 2853 a
373 2831 468 2858 Celano,
487 2832 536 2854 Vita
556 2832 569 2853 l.
587 2838 609 2860 p.
627 2833 640 2854 l.
659 2838 677 2854 c.
696 2833 733 2854 30.
750 2835 771 2854 et
792 2832 841 2854 Vita
866 2833 888 2855 11.
909 2839 932 2860 p.

97 2867 128 2889 lll.
145 2874 164 2890 c.
182 2869 260 2891 38-44.

157 2906 166 2919 ⁵
183 2908 252 2935 Epist.
269 2909 291 2930 ll.
309 2908 359 2930 Cor.
377 2909 403 2937 5,
422 2909 448 2931 6:
467 2909 524 2931 Dum
542 2916 623 2931 sumus
646 2909 666 2931 in
685 2916 789 2937 corpore,
804 2910 934 2937 peregrina-

97 2950 147 2967 mur
164 2952 175 2967 a
195 2946 300 2969 Domino.
320 2960 349 2963 —
366 2948 460 2970 lnrerius
477 2949 629 2976 respitiunttu·
648 2949 662 2970 l.
679 2949 759 2970 Thess.
777 2948 802 2973 ὅ,
825 2949 862 2970 17:
881 2949 934 2971 Sine

97 2983 259 3007 intermissione
277 2989 351 3009 orate:
370 2986 391 3008 ll.
409 2986 460 3009 Cor.
480 2987 505 3010 5.
524 2987 549 3008 8:
568 2987 685 3009 Audemus
707 2990 783 3009 autem
806 2991 826 3009 et
849 2987 932 3009 bonam

990 1078 1227 1115 contemplationis
1254 1087 1385 1114 excessu,
1414 1083 1446 1109 ut
1473 1089 1558 1118 supra
1587 1083 1766 1120 semetipsum
1792 1092 1836 1113 ra-

990 1128 1054 1161 ptus
1085 1129 1112 1154 et
1144 1126 1218 1154 ultra
1239 1126 1391 1155 humanum
1423 1135 1535 1157 sensum
1567 1129 1671 1166 aliquid
1699 1130 1835 1165 sentiens,

990 1171 1056 1208 quid
1077 1174 1206 1208 ageretur
1228 1172 1301 1201 circa
1315 1181 1344 1202 se
1358 1174 1497 1209 exterius,
1520 1175 1667 1212 ignoraret.
1683 1193 1721 1198 —
1736 1178 1836 1207 Trans-

990 1217 1048 1246 iens
1070 1226 1188 1255 namque
1219 1220 1304 1248 semel
1335 1228 1385 1256 per
1416 1221 1537 1258 Burgum
1569 1223 1653 1251 sancti
1680 1224 1836 1260 Sepulcri⁹‚

990 1267 1112 1293 castrum
1134 1265 1231 1302 utique
1256 1267 1437 1303 populosum,
1466 1276 1516 1304 pro
1546 1268 1685 1298 debilitate
1713 1271 1837 1307 corporis

991 1311 1141 1340 subvectus
1161 1312 1260 1347 asello,
1281 1313 1376 1342 obvias
1397 1314 1495 1343 babuit
1516 1315 1612 1344 turbas
1634 1316 1660 1344 in
1682 1324 1746 1345 eum
1771 1325 1836 1354 prae

990 1357 1135 1387 devotione
1153 1362 1274 1388 ruentes
1291 1360 1407 1389 Tractus
1428 1364 1520 1390 autem
1536 1365 1563 1390 et
1584 1362 1712 1392 detentus
1733 1363 1767 1392 ab
1782 1364 1836 1397 eis,

991 1412 1167 1441 compressus
1187 1414 1299 1443 quoque
1326 1415 1358 1435 ac
1379 1407 1570 1444 multipliciter
1591 1412 1770 1443 attrectatus,
1799 1410 1837 1439 in-

991 1451 1127 1480 sensibilis
1148 1452 1293 1481 videbatur
1314 1453 1347 1481 ad
1369 1454 1461 1482 omnia
1481 1458 1508 1483 et
1530 1455 1604 1484 velut
1626 1456 1753 1485 exanime
1775 1465 1835 1486 cor—

992 1505 1044 1534 pus
1064 1498 1097 1526 de
1119 1498 1162 1527 his
1189 1507 1260 1535 quae
1282 1499 1384 1528 fiebant
1405 1500 1479 1529 circa
1500 1501 1607 1538 ipsum,
1636 1503 1704 1531 nihil
1727 1504 1836 1540 penitus

991 1544 1158 1573 advertebat.
1181 1546 1256 1574 Unde
1271 1554 1347 1580 cum,
1362 1547 1414 1575 iam
1432 1547 1479 1576 diu
1498 1549 1613 1578 transito
1628 1553 1718 1579 castro
1733 1550 1836 1580 turbis-

991 1598 1045 1627 que
1067 1591 1185 1625 relictis‚
1207 1593 1378 1628 pervenisset
1399 1593 1433 1622 ad
1454 1587 1591 1631 quoddam
1614 1595 1782 1624 domicilium
1798 1597 1835 1625 le-

992 1645 1154 1673 prosorum;
1178 1638 1255 1675 quasi
1278 1639 1388 1668 aliunde
1411 1640 1519 1669 rediens
1533 1642 1692 1670 caelestium
1714 1646 1835 1672 contem-

991 1683 1093 1720 plator,
1120 1685 1234 1714 sollicite
1255 1686 1415 1722 requisivit,
1437 1687 1548 1724 quando
1569 1689 1788 1726 propinquarent
1802 1690 1835 1719 ad

992 1730 1123 1767 Burgum.
1139 1731 1214 1760 Mens
1228 1732 1339 1769 quidem
1354 1733 1441 1769 ipsius
1456 1733 1482 1762 in
1498 1734 1662 1764 caelestibus
1677 1735 1733 1764 fixa
1748 1736 1836 1773 splen-

991 1777 1105 1806 doribus
1132 1778 1277 1807 varietates
1302 1787 1355 1807 non
1378 1783 1501 1808 senserat
1522 1781 1644 1810 locorum
1661 1790 1710 1811 nec
1732 1786 1835 1820 tempo-

992 1831 1054 1852 rum
1076 1831 1126 1852 nec
1147 1825 1353 1854 occurrentium
1376 1834 1567 1862 personarum.
1589 1828 1667 1864 Quod
1689 1829 1739 1865 ipsi
1765 1830 1835 1858 acci-

991 1869 1063 1899 disse
1083 1870 1272 1907 frequentius,
1294 1872 1432 1901 sociorum
1460 1873 1520 1902 eius
1541 1875 1714 1911 experientia
1742 1876 1835 1905 multi-

992 1916 1057 1953 plex
1077 1917 1274 1954 comprobavit.

1070 1963 1095 1992 3.
1119 1964 1150 1992 Et
1170 1965 1235 2001 quia
1257 1965 1283 1993 in
1305 1965 1428 1995 oratione
1449 1971 1623 2004 perceperat,
1645 1969 1730 1998 sancti
1752 1970 1834 2007 Spiri-

991 2013 1037 2039 tus
1057 2010 1239 2040 desideratam
1262 2013 1444 2048 praesentiam
1467 2016 1542 2042 tanto
1562 2014 1725 2045 familiarius
1746 2024 1774 2045 se
1795 2017 1835 2046 os-

991 2057 1065 2086 serre
1085 2058 1278 2094 precantibus,
1300 2062 1404 2096 quanto
1435 2060 1498 2096 plus
1520 2061 1624 2090 invenit
1651 2063 1791 2100 elongatos
1819 2073 1835 2093 a

991 2104 1109 2141 strepitu
1131 2104 1351 2139 mundanorum
1374 2105 1434 2134 ideo
1454 2107 1513 2135 loca
1534 2108 1655 2137 solitaria
1682 2118 1834 2147 quaerens,

990 2150 1023 2179 ad
1046 2151 1207 2180 solitudines
1227 2154 1254 2180 et
1275 2152 1404 2181 ecclesias
1432 2153 1576 2183 derelictas
1603 2159 1735 2185 oraturus
1756 2162 1835 2187 nocte

991 2197 1137 2234 pergebat;
1159 2198 1206 2226 ubi
1227 2198 1391 2227 daemonum
1414 2208 1520 2237 pugnas
1542 2201 1689 2232 horribiles
1709 2204 1834 2241 frequen-

991 2247 1032 2272 ter
1054 2244 1197 2278 sustinuit,
1219 2245 1266 2282 qui
1286 2253 1379 2274 secum
1395 2247 1560 2276 sensibiliter
1582 2249 1771 2286 confligentes,
1793 2252 1834 2280 ni-

991 2291 1121 2319 tebantur
1142 2291 1232 2327 ipsum
1253 2292 1288 2320 ab
1309 2293 1440 2322 orationis
1461 2294 1552 2323 studio
1573 2296 1747 2331 perturbare.
1774 2298 1832 2334 Ipse

990 2345 1069 2371 vero,
1084 2338 1168 2366 armis
1190 2338 1313 2367 munitus
1327 2339 1502 2374 caelestibus,
1518 2345 1621 2378 quanto
1643 2343 1832 2374 vehementius

990 2384 1174 2420 impetebatur
1195 2384 1230 2413 ab
1250 2385 1392 2420 hostibus,
1414 2389 1489 2415 tanto
1511 2387 1608 2416 fortior
1628 2389 1653 2417 in
1683 2390 1786 2419 virtute
1807 2395 1833 2420 et

990 2562 1131 2583 voluntatem
1149 2561 1262 2584 habemus
1280 2563 1353 2590 magis
1365 2564 1505 2591 peregrinari
1524 2571 1535 2586 a
1553 2571 1651 2593 corpore
1663 2569 1685 2588 et
1702 2571 1833 2593 praesentes

990 2606 1040 2622 esse
1057 2600 1086 2622 ad
1104 2600 1234 2622 Dominum.

1053 2638 1062 2650 Β
1079 2638 1142 2660 Cant.
1160 2640 1185 2665 3,
1207 2640 1228 2661 l:
1247 2640 1353 2668 Quaesivi
1372 2647 1441 2669 quen]
1459 2641 1533 2669 diligit
1550 2642 1625 2664 anima
1644 2649 1693 2665 mea
1711 2646 1752 2665 etc.

1054 2676 1062 2689 ⁷
1080 2678 1208 2705 Respicitur
1234 2679 1268 2700 Ps.
1286 2678 1327 2705 54,
1352 2679 1394 2707 23;
1412 2681 1452 2702 csr.
1477 2686 1547 2708 supra
1574 2687 1627 2709 pag.
1653 2682 1709 2708 511,
1735 2686 1786 2705 nota
1809 2683 1830 2705 7.

992 2716 1050 2738 Vide
1068 2716 1204 2745 Waddlng.,
1222 2717 1264 2739 loc.
1276 2717 1326 2744 cit,
1346 2718 1374 2740 ad
1392 2724 1428 2740 an.
1443 2719 1509 2746 1210,
1522 2725 1544 2742 11.
1562 2720 1603 2748 51,
1622 2719 1661 2742 ubi
1679 2721 1746 2743 etiaut
1759 2722 1788 2743 de
1805 2722 1832 2744 iis

991 2761 1051 2783 quae
1071 2759 1207 2783 sequuntur.

1054 2793 1063 2805 Β
1081 2794 1149 2821 Epist.
1168 2795 1191 2816 ll.
1207 2794 1258 2816 Cor.
1276 2795 1303 2822 6,
1322 2796 1347 2817 11
1364 2795 1504 2818 Adiuvantes
1526 2800 1602 2819 autem
1623 2798 1781 2826 exhortamur,
1803 2805 1831 2821 ne

992 2832 1013 2854 in
1031 2839 1131 2855 vacuum
1149 2833 1246 2860 gratiam
1264 2834 1302 2855 Dei
1320 2834 1442 2862 recipiatis.

1053 2870 1062 2883 ς’
1081 2872 1111 2893 De
1128 2878 1174 2900 quo
1192 2872 1259 2894 ctiam
1276 2878 1345 2900 supra
1364 2879 1417 2900 pag.
1431 2873 1487 2901 521,
1502 2877 1552 2896 nota
1570 2875 1603 2896 l0.
1616 2875 1674 2897 Vide
1691 2876 1831 2905 Wadding.,

991 2911 1032 2932 loc.
1050 2910 1100 2937 cit.v
1118 2911 1146 2933 ad
1164 2917 1199 2932 an.
1219 2911 1285 2938 1224,
1303 2918 1324 2933 11.
1343 2911 1379 2934 27.
1398 2925 1426 2927 —
1444 2913 1537 2935 luserius
1555 2919 1596 2941 pro
1611 2920 1671 2943 prae
1688 2913 1807 2937 devotione
1825 2915 1831 2937 l

990 2949 1104 2971 substituit
1121 2956 1165 2978 pro
1182 2949 1310 2973 devotione.

1854 1177 1972 1201 Exemplum.

1849 1968 1926 1991 Quaerit
1939 1968 1982 1987 soli-

1874 1992 1957 2011 tndines.

1849 2201 1924 2224 Pugnae
1937 2207 1982 2220 con·

1863 2226 1890 2243 tra
1905 2225 1981 2243 daemo-

1862 2252 1901 2267 nes.
