<?xml version="1.0" encoding="UTF-8"?>
<!DOCTYPE html PUBLIC "-//W3C//DTD XHTML 1.0 Transitional//EN"
    "http://www.w3.org/TR/xhtml1/DTD/xhtml1-transitional.dtd">
<html xmlns="http://www.w3.org/1999/xhtml" xml:lang="en" lang="en">
 <head>
  <title>
</title>
<meta http-equiv="Content-Type" content="text/html;charset=utf-8" />
  <meta name='ocr-system' content='tesseract 3.04.00' />
  <meta name='ocr-capabilities' content='ocr_page ocr_carea ocr_par ocr_line ocrx_word'/>
</head>
<body>
  <div class='ocr_page' id='page_1' title='image "./doctorisseraphic08bona_0591.png"; bbox 0 0 2133 3317; ppageno 0'>
   <div class='ocr_carea' id='block_1_1' title="bbox 16 45 27 830">
    <p class='ocr_par' dir='ltr' id='par_1_1' title="bbox 16 45 27 830">
     <span class='ocr_line' id='line_1_1' title="bbox 16 45 27 830; baseline 0 0"><span class='ocrx_word' id='word_1_1' title='bbox 16 45 27 830; x_wconf 95' lang='lat' dir='ltr'> </span> 
     </span>
    </p>
   </div>
   <div class='ocr_carea' id='block_1_2' title="bbox 2 1514 94 1619">
    <p class='ocr_par' dir='ltr' id='par_1_2' title="bbox 2 1514 94 1619">
     <span class='ocr_line' id='line_1_2' title="bbox 2 1514 94 1619; baseline 0 -36"><span class='ocrx_word' id='word_1_2' title='bbox 2 1514 55 1619; x_wconf 47' lang='lat' dir='ltr'>kam</span> <span class='ocrx_word' id='word_1_3' title='bbox 68 1564 94 1583; x_wconf 75' lang='lat' dir='ltr'>sa-</span> 
     </span>
     <span class='ocr_line' id='line_1_3' title="bbox 39 1589 72 1607; baseline -0.03 0"><span class='ocrx_word' id='word_1_4' title='bbox 39 1589 72 1607; x_wconf 68' lang='lat' dir='ltr'>lan.</span> 
     </span>
    </p>
   </div>
   <div class='ocr_carea' id='block_1_3' title="bbox 4 985 15 1647">
    <p class='ocr_par' dir='ltr' id='par_1_3' title="bbox 4 985 15 1647">
     <span class='ocr_line' id='line_1_4' title="bbox 4 985 15 1647; baseline 0 0"><span class='ocrx_word' id='word_1_5' title='bbox 4 985 15 1647; x_wconf 95' lang='lat' dir='ltr'> </span> 
     </span>
    </p>
   </div>
   <div class='ocr_carea' id='block_1_4' title="bbox 0 1904 94 2014">
    <p class='ocr_par' dir='ltr' id='par_1_4' title="bbox 0 1904 94 2014">
     <span class='ocr_line' id='line_1_5' title="bbox 0 1904 94 2014; baseline 0 0"><span class='ocrx_word' id='word_1_6' title='bbox 0 1904 94 2014; x_wconf 50' lang='lat' dir='ltr'>a</span> 
     </span>
    </p>
   </div>
   <div class='ocr_carea' id='block_1_5' title="bbox 454 220 1525 251">
    <p class='ocr_par' dir='ltr' id='par_1_5' title="bbox 454 220 1525 251">
     <span class='ocr_line' id='line_1_6' title="bbox 454 220 1525 251; baseline 0.002 -2"><span class='ocrx_word' id='word_1_7' title='bbox 454 220 650 249; x_wconf 85' lang='lat' dir='ltr'>OPUSCULUM</span> <span class='ocrx_word' id='word_1_8' title='bbox 671 220 758 248; x_wconf 80' lang='lat' dir='ltr'>XVIII.</span> <span class='ocrx_word' id='word_1_9' title='bbox 781 220 1062 249; x_wconf 77' lang='lat' dir='ltr'>CONSTITUTIONES</span> <span class='ocrx_word' id='word_1_10' title='bbox 1083 222 1323 251; x_wconf 65' lang='lat' dir='ltr'>MRBONENSES.</span> <span class='ocrx_word' id='word_1_11' title='bbox 1346 223 1440 251; x_wconf 85' lang='lat' dir='ltr'>RUBR.</span> <span class='ocrx_word' id='word_1_12' title='bbox 1463 223 1525 251; x_wconf 88' lang='lat' dir='ltr'>VIII.</span> 
     </span>
    </p>
   </div>
   <div class='ocr_carea' id='block_1_6' title="bbox 107 297 962 2904">
    <p class='ocr_par' dir='ltr' id='par_1_6' title="bbox 113 297 962 1494">
     <span class='ocr_line' id='line_1_7' title="bbox 119 297 962 336; baseline -0.002 -9"><span class='ocrx_word' id='word_1_13' title='bbox 119 298 256 336; x_wconf 89' lang='lat' dir='ltr'>quaelibet</span> <span class='ocrx_word' id='word_1_14' title='bbox 278 298 419 327; x_wconf 81' lang='lat' dir='ltr'>Provincia</span> <span class='ocrx_word' id='word_1_15' title='bbox 440 306 489 334; x_wconf 87' lang='lat' dir='ltr'>per</span> <span class='ocrx_word' id='word_1_16' title='bbox 510 305 598 326; x_wconf 91' lang='lat' dir='ltr'>unum</span> <span class='ocrx_word' id='word_1_17' title='bbox 620 297 794 326; x_wconf 86' lang='lat' dir='ltr'>Visitatorem</span> <span class='ocrx_word' id='word_1_18' title='bbox 817 298 900 326; x_wconf 88' lang='lat' dir='ltr'>semel</span> <span class='ocrx_word' id='word_1_19' title='bbox 923 298 962 325; x_wconf 91' lang='lat' dir='ltr'>vi-</span> 
     </span>
     <span class='ocr_line' id='line_1_8' title="bbox 120 343 962 381; baseline -0.001 -8"><span class='ocrx_word' id='word_1_20' title='bbox 120 345 230 379; x_wconf 86' lang='lat' dir='ltr'>sitetur,</span> <span class='ocrx_word' id='word_1_21' title='bbox 252 345 295 373; x_wconf 92' lang='lat' dir='ltr'>cui</span> <span class='ocrx_word' id='word_1_22' title='bbox 318 345 400 373; x_wconf 91' lang='lat' dir='ltr'>detur</span> <span class='ocrx_word' id='word_1_23' title='bbox 421 345 512 373; x_wconf 86' lang='lat' dir='ltr'>socius</span> <span class='ocrx_word' id='word_1_24' title='bbox 531 352 603 372; x_wconf 91' lang='lat' dir='ltr'>unus</span> <span class='ocrx_word' id='word_1_25' title='bbox 624 343 775 377; x_wconf 88' lang='lat' dir='ltr'>discretus,</span> <span class='ocrx_word' id='word_1_26' title='bbox 797 344 844 381; x_wconf 91' lang='lat' dir='ltr'>qui</span> <span class='ocrx_word' id='word_1_27' title='bbox 867 351 962 372; x_wconf 90' lang='lat' dir='ltr'>succe-</span> 
     </span>
     <span class='ocr_line' id='line_1_9' title="bbox 118 390 959 426; baseline -0.002 -6"><span class='ocrx_word' id='word_1_28' title='bbox 118 391 163 420; x_wconf 85' lang='lat' dir='ltr'>dat</span> <span class='ocrx_word' id='word_1_29' title='bbox 184 391 207 419; x_wconf 91' lang='lat' dir='ltr'>ei</span> <span class='ocrx_word' id='word_1_30' title='bbox 230 390 256 419; x_wconf 92' lang='lat' dir='ltr'>in</span> <span class='ocrx_word' id='word_1_31' title='bbox 278 391 368 419; x_wconf 85' lang='lat' dir='ltr'>officio</span> <span class='ocrx_word' id='word_1_32' title='bbox 390 390 552 419; x_wconf 77' lang='lat' dir='ltr'>visitationis</span> <span class='ocrx_word' id='word_1_33' title='bbox 574 393 697 426; x_wconf 90' lang='lat' dir='ltr'>tempore</span> <span class='ocrx_word' id='word_1_34' title='bbox 718 390 888 418; x_wconf 75' lang='lat' dir='ltr'>infirmitatis</span> <span class='ocrx_word' id='word_1_35' title='bbox 917 391 959 419; x_wconf 93' lang='lat' dir='ltr'>vel</span> 
     </span>
     <span class='ocr_line' id='line_1_10' title="bbox 120 437 960 474; baseline -0.001 -8"><span class='ocrx_word' id='word_1_36' title='bbox 120 437 230 471; x_wconf 90' lang='lat' dir='ltr'>mortis,</span> <span class='ocrx_word' id='word_1_37' title='bbox 252 445 315 466; x_wconf 92' lang='lat' dir='ltr'>cum</span> <span class='ocrx_word' id='word_1_38' title='bbox 337 446 393 474; x_wconf 91' lang='lat' dir='ltr'>quo</span> <span class='ocrx_word' id='word_1_39' title='bbox 414 437 495 466; x_wconf 89' lang='lat' dir='ltr'>etiam</span> <span class='ocrx_word' id='word_1_40' title='bbox 520 437 622 466; x_wconf 85' lang='lat' dir='ltr'>habere</span> <span class='ocrx_word' id='word_1_41' title='bbox 644 437 729 473; x_wconf 80' lang='lat' dir='ltr'>possit</span> <span class='ocrx_word' id='word_1_42' title='bbox 744 437 917 465; x_wconf 86' lang='lat' dir='ltr'>collationem</span> <span class='ocrx_word' id='word_1_43' title='bbox 933 441 960 465; x_wconf 76' lang='lat' dir='ltr'>et</span> 
     </span>
     <span class='ocr_line' id='line_1_11' title="bbox 118 483 961 520; baseline -0.001 -7"><span class='ocrx_word' id='word_1_44' title='bbox 118 484 261 513; x_wconf 85' lang='lat' dir='ltr'>consilium</span> <span class='ocrx_word' id='word_1_45' title='bbox 283 484 309 512; x_wconf 91' lang='lat' dir='ltr'>in</span> <span class='ocrx_word' id='word_1_46' title='bbox 332 484 438 517; x_wconf 89' lang='lat' dir='ltr'>dubiis,</span> <span class='ocrx_word' id='word_1_47' title='bbox 460 492 514 512; x_wconf 91' lang='lat' dir='ltr'>non</span> <span class='ocrx_word' id='word_1_48' title='bbox 536 483 677 520; x_wconf 79' lang='lat' dir='ltr'>expressis</span> <span class='ocrx_word' id='word_1_49' title='bbox 696 483 836 520; x_wconf 79' lang='lat' dir='ltr'>personis,</span> <span class='ocrx_word' id='word_1_50' title='bbox 851 484 884 512; x_wconf 91' lang='lat' dir='ltr'>de</span> <span class='ocrx_word' id='word_1_51' title='bbox 899 484 961 520; x_wconf 89' lang='lat' dir='ltr'>qui-</span> 
     </span>
     <span class='ocr_line' id='line_1_12' title="bbox 117 530 960 567; baseline -0.002 -7"><span class='ocrx_word' id='word_1_52' title='bbox 117 531 169 560; x_wconf 91' lang='lat' dir='ltr'>hus</span> <span class='ocrx_word' id='word_1_53' title='bbox 189 531 294 567; x_wconf 85' lang='lat' dir='ltr'>agitur,</span> <span class='ocrx_word' id='word_1_54' title='bbox 316 531 337 559; x_wconf 92' lang='lat' dir='ltr'>si</span> <span class='ocrx_word' id='word_1_55' title='bbox 360 530 419 559; x_wconf 87' lang='lat' dir='ltr'>fieri</span> <span class='ocrx_word' id='word_1_56' title='bbox 443 533 539 567; x_wconf 87' lang='lat' dir='ltr'>potest.</span> <span class='ocrx_word' id='word_1_57' title='bbox 562 531 719 559; x_wconf 90' lang='lat' dir='ltr'>Teneantur</span> <span class='ocrx_word' id='word_1_58' title='bbox 738 533 829 558; x_wconf 91' lang='lat' dir='ltr'>autem</span> <span class='ocrx_word' id='word_1_59' title='bbox 845 530 960 558; x_wconf 91' lang='lat' dir='ltr'>Ministri</span> 
     </span>
     <span class='ocr_line' id='line_1_13' title="bbox 117 577 960 614; baseline -0.002 -8"><span class='ocrx_word' id='word_1_60' title='bbox 117 580 144 607; x_wconf 88' lang='lat' dir='ltr'>et</span> <span class='ocrx_word' id='word_1_61' title='bbox 163 577 326 606; x_wconf 86' lang='lat' dir='ltr'>Definitores</span> <span class='ocrx_word' id='word_1_62' title='bbox 347 577 419 606; x_wconf 90' lang='lat' dir='ltr'>bona</span> <span class='ocrx_word' id='word_1_63' title='bbox 440 577 492 605; x_wconf 84' lang='lat' dir='ltr'>fide</span> <span class='ocrx_word' id='word_1_64' title='bbox 508 577 653 614; x_wconf 89' lang='lat' dir='ltr'>providere</span> <span class='ocrx_word' id='word_1_65' title='bbox 672 577 695 605; x_wconf 92' lang='lat' dir='ltr'>ei</span> <span class='ocrx_word' id='word_1_66' title='bbox 715 577 748 605; x_wconf 89' lang='lat' dir='ltr'>de</span> <span class='ocrx_word' id='word_1_67' title='bbox 763 585 819 605; x_wconf 90' lang='lat' dir='ltr'>uno</span> <span class='ocrx_word' id='word_1_68' title='bbox 833 577 886 605; x_wconf 89' lang='lat' dir='ltr'>alio</span> <span class='ocrx_word' id='word_1_69' title='bbox 900 577 960 605; x_wconf 88' lang='lat' dir='ltr'>Fra-</span> 
     </span>
     <span class='ocr_line' id='line_1_14' title="bbox 117 623 960 658; baseline -0.002 -5"><span class='ocrx_word' id='word_1_70' title='bbox 117 627 160 653; x_wconf 93' lang='lat' dir='ltr'>tre</span> <span class='ocrx_word' id='word_1_71' title='bbox 180 624 277 653; x_wconf 90' lang='lat' dir='ltr'>idoneo</span> <span class='ocrx_word' id='word_1_72' title='bbox 298 624 404 653; x_wconf 85' lang='lat' dir='ltr'>ratione</span> <span class='ocrx_word' id='word_1_73' title='bbox 426 624 592 658; x_wconf 77' lang='lat' dir='ltr'>honestatis,</span> <span class='ocrx_word' id='word_1_74' title='bbox 613 623 787 652; x_wconf 79' lang='lat' dir='ltr'>discretionis</span> <span class='ocrx_word' id='word_1_75' title='bbox 807 626 834 652; x_wconf 93' lang='lat' dir='ltr'>et</span> <span class='ocrx_word' id='word_1_76' title='bbox 855 623 904 652; x_wconf 86' lang='lat' dir='ltr'>zeli</span> <span class='ocrx_word' id='word_1_77' title='bbox 926 623 960 652; x_wconf 90' lang='lat' dir='ltr'>ad</span> 
     </span>
     <span class='ocr_line' id='line_1_15' title="bbox 117 670 959 708; baseline -0.001 -9"><span class='ocrx_word' id='word_1_78' title='bbox 117 671 169 700; x_wconf 87' lang='lat' dir='ltr'>tale</span> <span class='ocrx_word' id='word_1_79' title='bbox 189 670 310 699; x_wconf 86' lang='lat' dir='ltr'>officium</span> <span class='ocrx_word' id='word_1_80' title='bbox 330 670 549 708; x_wconf 86' lang='lat' dir='ltr'>exsequendum.</span> <span class='ocrx_word' id='word_1_81' title='bbox 566 671 591 698; x_wconf 87' lang='lat' dir='ltr'>Si</span> <span class='ocrx_word' id='word_1_82' title='bbox 607 674 699 699; x_wconf 91' lang='lat' dir='ltr'>autem</span> <span class='ocrx_word' id='word_1_83' title='bbox 714 670 832 698; x_wconf 88' lang='lat' dir='ltr'>alterum</span> <span class='ocrx_word' id='word_1_84' title='bbox 849 670 959 699; x_wconf 89' lang='lat' dir='ltr'>illorum</span> 
     </span>
     <span class='ocr_line' id='line_1_16' title="bbox 116 716 960 754; baseline 0 -9"><span class='ocrx_word' id='word_1_85' title='bbox 116 717 186 746; x_wconf 88' lang='lat' dir='ltr'>mori</span> <span class='ocrx_word' id='word_1_86' title='bbox 208 717 250 746; x_wconf 93' lang='lat' dir='ltr'>vel</span> <span class='ocrx_word' id='word_1_87' title='bbox 272 717 407 745; x_wconf 87' lang='lat' dir='ltr'>infirmari</span> <span class='ocrx_word' id='word_1_88' title='bbox 429 717 589 754; x_wconf 82' lang='lat' dir='ltr'>contigerit,</span> <span class='ocrx_word' id='word_1_89' title='bbox 612 720 739 745; x_wconf 86' lang='lat' dir='ltr'>teneatur</span> <span class='ocrx_word' id='word_1_90' title='bbox 764 716 861 745; x_wconf 84' lang='lat' dir='ltr'>Custos</span> <span class='ocrx_word' id='word_1_91' title='bbox 886 717 960 745; x_wconf 88' lang='grc'>1111115</span> 
     </span>
     <span class='ocr_line' id='line_1_17' title="bbox 116 763 960 800; baseline -0.001 -8"><span class='ocrx_word' id='word_1_92' title='bbox 116 763 260 793; x_wconf 82' lang='lat' dir='ltr'>Custodiae</span> <span class='ocrx_word' id='word_1_93' title='bbox 281 763 314 792; x_wconf 90' lang='lat' dir='ltr'>de</span> <span class='ocrx_word' id='word_1_94' title='bbox 336 764 525 792; x_wconf 84' lang='lat' dir='ltr'>Discretorum</span> <span class='ocrx_word' id='word_1_95' title='bbox 548 763 706 800; x_wconf 89' lang='lat' dir='ltr'>aliquorum</span> <span class='ocrx_word' id='word_1_96' title='bbox 729 763 841 792; x_wconf 89' lang='lat' dir='ltr'>consilio</span> <span class='ocrx_word' id='word_1_97' title='bbox 863 771 960 800; x_wconf 86' lang='lat' dir='ltr'>super-</span> 
     </span>
     <span class='ocr_line' id='line_1_18' title="bbox 116 810 957 847; baseline -0.001 -8"><span class='ocrx_word' id='word_1_98' title='bbox 116 811 206 840; x_wconf 89' lang='lat' dir='ltr'>stitem</span> <span class='ocrx_word' id='word_1_99' title='bbox 227 810 260 839; x_wconf 89' lang='lat' dir='ltr'>de</span> <span class='ocrx_word' id='word_1_100' title='bbox 282 810 379 839; x_wconf 92' lang='lat' dir='ltr'>idoneo</span> <span class='ocrx_word' id='word_1_101' title='bbox 400 810 473 839; x_wconf 91' lang='lat' dir='ltr'>socio</span> <span class='ocrx_word' id='word_1_102' title='bbox 494 810 649 847; x_wconf 92' lang='lat' dir='ltr'>providere.</span> <span class='ocrx_word' id='word_1_103' title='bbox 671 810 850 847; x_wconf 79' lang='lat' dir='ltr'>Assignentur</span> <span class='ocrx_word' id='word_1_104' title='bbox 865 814 957 839; x_wconf 83' lang='lat' dir='ltr'>autem</span> 
     </span>
     <span class='ocr_line' id='line_1_19' title="bbox 116 857 959 894; baseline -0.001 -8"><span class='ocrx_word' id='word_1_105' title='bbox 116 857 143 886; x_wconf 94' lang='lat' dir='ltr'>in</span> <span class='ocrx_word' id='word_1_106' title='bbox 164 857 284 894; x_wconf 85' lang='lat' dir='ltr'>generali</span> <span class='ocrx_word' id='word_1_107' title='bbox 306 857 430 894; x_wconf 89' lang='lat' dir='ltr'>Capitulo</span> <span class='ocrx_word' id='word_1_108' title='bbox 444 857 477 886; x_wconf 93' lang='lat' dir='ltr'>de</span> <span class='ocrx_word' id='word_1_109' title='bbox 492 857 552 885; x_wconf 89' lang='lat' dir='ltr'>aliis</span> <span class='ocrx_word' id='word_1_110' title='bbox 575 857 723 886; x_wconf 82' lang='lat' dir='ltr'>Provinciis</span> <span class='ocrx_word' id='word_1_111' title='bbox 738 857 889 886; x_wconf 89' lang='lat' dir='ltr'>secundum</span> <span class='ocrx_word' id='word_1_112' title='bbox 905 857 959 886; x_wconf 86' lang='lat' dir='ltr'>dis-</span> 
     </span>
     <span class='ocr_line' id='line_1_20' title="bbox 115 904 958 941; baseline 0 -9"><span class='ocrx_word' id='word_1_113' title='bbox 115 904 277 941; x_wconf 83' lang='lat' dir='ltr'>positionem</span> <span class='ocrx_word' id='word_1_114' title='bbox 292 904 408 940; x_wconf 82' lang='lat' dir='ltr'>Capituli</span> <span class='ocrx_word' id='word_1_115' title='bbox 423 904 574 940; x_wconf 86' lang='lat' dir='ltr'>generalis,</span> <span class='ocrx_word' id='word_1_116' title='bbox 590 904 627 932; x_wconf 91' lang='lat' dir='ltr'>ita</span> <span class='ocrx_word' id='word_1_117' title='bbox 641 904 715 940; x_wconf 90' lang='lat' dir='ltr'>quod</span> <span class='ocrx_word' id='word_1_118' title='bbox 730 907 791 940; x_wconf 91' lang='lat' dir='ltr'>post</span> <span class='ocrx_word' id='word_1_119' title='bbox 805 904 958 932; x_wconf 88' lang='lat' dir='ltr'>secundum</span> 
     </span>
     <span class='ocr_line' id='line_1_21' title="bbox 115 950 960 987; baseline -0.001 -8"><span class='ocrx_word' id='word_1_120' title='bbox 115 950 270 987; x_wconf 84' lang='lat' dir='ltr'>Capitulum</span> <span class='ocrx_word' id='word_1_121' title='bbox 294 950 461 987; x_wconf 77' lang='lat' dir='ltr'>provinciale</span> <span class='ocrx_word' id='word_1_122' title='bbox 482 958 498 978; x_wconf 90' lang='lat' dir='ltr'>a</span> <span class='ocrx_word' id='word_1_123' title='bbox 518 950 638 987; x_wconf 82' lang='lat' dir='ltr'>generali</span> <span class='ocrx_word' id='word_1_124' title='bbox 665 950 711 978; x_wconf 91' lang='lat' dir='ltr'>tali</span> <span class='ocrx_word' id='word_1_125' title='bbox 741 954 865 987; x_wconf 87' lang='lat' dir='ltr'>tempore</span> <span class='ocrx_word' id='word_1_126' title='bbox 892 950 960 979; x_wconf 91' lang='lat' dir='ltr'>inci-</span> 
     </span>
     <span class='ocr_line' id='line_1_22' title="bbox 114 997 957 1034; baseline 0 -9"><span class='ocrx_word' id='word_1_127' title='bbox 114 997 190 1034; x_wconf 86' lang='lat' dir='ltr'>piant</span> <span class='ocrx_word' id='word_1_128' title='bbox 218 997 345 1031; x_wconf 87' lang='lat' dir='ltr'>visitare‚</span> <span class='ocrx_word' id='word_1_129' title='bbox 371 997 445 1034; x_wconf 92' lang='lat' dir='ltr'>quod</span> <span class='ocrx_word' id='word_1_130' title='bbox 473 997 585 1034; x_wconf 88' lang='lat' dir='ltr'>expleta</span> <span class='ocrx_word' id='word_1_131' title='bbox 606 997 775 1031; x_wconf 87' lang='lat' dir='ltr'>visitatione,</span> <span class='ocrx_word' id='word_1_132' title='bbox 798 997 957 1033; x_wconf 85' lang='lat' dir='ltr'>provinciali</span> 
     </span>
     <span class='ocr_line' id='line_1_23' title="bbox 113 1043 959 1081; baseline -0.002 -8"><span class='ocrx_word' id='word_1_133' title='bbox 113 1044 238 1081; x_wconf 91' lang='lat' dir='ltr'>Capitulo</span> <span class='ocrx_word' id='word_1_134' title='bbox 259 1043 382 1072; x_wconf 84' lang='lat' dir='ltr'>visitatae</span> <span class='ocrx_word' id='word_1_135' title='bbox 408 1043 565 1072; x_wconf 85' lang='lat' dir='ltr'>Provinciae</span> <span class='ocrx_word' id='word_1_136' title='bbox 587 1044 695 1072; x_wconf 89' lang='lat' dir='ltr'>valeant</span> <span class='ocrx_word' id='word_1_137' title='bbox 716 1043 863 1077; x_wconf 87' lang='lat' dir='ltr'>interesse,</span> <span class='ocrx_word' id='word_1_138' title='bbox 885 1043 959 1080; x_wconf 90' lang='lat' dir='ltr'>quod</span> 
     </span>
     <span class='ocr_line' id='line_1_24' title="bbox 113 1090 957 1127; baseline -0.002 -7"><span class='ocrx_word' id='word_1_139' title='bbox 113 1091 269 1120; x_wconf 86' lang='lat' dir='ltr'>immediate</span> <span class='ocrx_word' id='word_1_140' title='bbox 291 1090 429 1127; x_wconf 89' lang='lat' dir='ltr'>praecedit</span> <span class='ocrx_word' id='word_1_141' title='bbox 450 1098 569 1127; x_wconf 89' lang='lat' dir='ltr'>sequens</span> <span class='ocrx_word' id='word_1_142' title='bbox 590 1090 746 1127; x_wconf 83' lang='lat' dir='ltr'>Capitulum</span> <span class='ocrx_word' id='word_1_143' title='bbox 761 1091 897 1127; x_wconf 82' lang='lat' dir='ltr'>generale.</span> <span class='ocrx_word' id='word_1_144' title='bbox 915 1090 957 1119; x_wconf 87' lang='lat' dir='ltr'>Isti</span> 
     </span>
     <span class='ocr_line' id='line_1_25' title="bbox 113 1137 959 1174; baseline -0.002 -7"><span class='ocrx_word' id='word_1_145' title='bbox 113 1138 223 1167; x_wconf 89' lang='lat' dir='ltr'>visitent</span> <span class='ocrx_word' id='word_1_146' title='bbox 244 1137 352 1174; x_wconf 85' lang='lat' dir='ltr'>singula</span> <span class='ocrx_word' id='word_1_147' title='bbox 373 1137 430 1165; x_wconf 91' lang='lat' dir='ltr'>loca</span> <span class='ocrx_word' id='word_1_148' title='bbox 450 1137 555 1174; x_wconf 83' lang='lat' dir='ltr'>absque</span> <span class='ocrx_word' id='word_1_149' title='bbox 576 1137 808 1165; x_wconf 91' lang='lat' dir='ltr'>Constitutionum</span> <span class='ocrx_word' id='word_1_150' title='bbox 824 1140 851 1165; x_wconf 90' lang='lat' dir='ltr'>et</span> <span class='ocrx_word' id='word_1_151' title='bbox 865 1145 959 1173; x_wconf 89' lang='lat' dir='ltr'>perso-</span> 
     </span>
     <span class='ocr_line' id='line_1_26' title="bbox 113 1183 959 1218; baseline 0 -6"><span class='ocrx_word' id='word_1_152' title='bbox 113 1192 213 1213; x_wconf 89' lang='lat' dir='ltr'>narum</span> <span class='ocrx_word' id='word_1_153' title='bbox 240 1187 267 1212; x_wconf 92' lang='lat' dir='ltr'>et</span> <span class='ocrx_word' id='word_1_154' title='bbox 294 1183 482 1213; x_wconf 88' lang='lat' dir='ltr'>aedificiorum</span> <span class='ocrx_word' id='word_1_155' title='bbox 512 1184 679 1218; x_wconf 76' lang='lat' dir='ltr'>mutatione,</span> <span class='ocrx_word' id='word_1_156' title='bbox 706 1184 731 1212; x_wconf 91' lang='lat' dir='ltr'>in</span> <span class='ocrx_word' id='word_1_157' title='bbox 756 1184 821 1212; x_wconf 90' lang='lat' dir='ltr'>locis</span> <span class='ocrx_word' id='word_1_158' title='bbox 843 1192 959 1213; x_wconf 89' lang='lat' dir='ltr'>conven-</span> 
     </span>
     <span class='ocr_line' id='line_1_27' title="bbox 113 1230 958 1265; baseline 0 -6"><span class='ocrx_word' id='word_1_159' title='bbox 113 1231 235 1260; x_wconf 86' lang='lat' dir='ltr'>tualibus</span> <span class='ocrx_word' id='word_1_160' title='bbox 255 1230 326 1259; x_wconf 86' lang='lat' dir='ltr'>infra</span> <span class='ocrx_word' id='word_1_161' title='bbox 347 1234 404 1260; x_wconf 91' lang='lat' dir='ltr'>tres</span> <span class='ocrx_word' id='word_1_162' title='bbox 424 1231 497 1265; x_wconf 88' lang='lat' dir='ltr'>dies,</span> <span class='ocrx_word' id='word_1_163' title='bbox 513 1231 541 1259; x_wconf 94' lang='lat' dir='ltr'>in</span> <span class='ocrx_word' id='word_1_164' title='bbox 563 1239 616 1259; x_wconf 91' lang='lat' dir='ltr'>non</span> <span class='ocrx_word' id='word_1_165' title='bbox 638 1231 866 1260; x_wconf 79' lang='lat' dir='ltr'>conventualibus</span> <span class='ocrx_word' id='word_1_166' title='bbox 888 1231 958 1260; x_wconf 77' lang='lat' dir='ltr'>infra</span> 
     </span>
     <span class='ocr_line' id='line_1_28' title="bbox 113 1277 958 1315; baseline 0.001 -9"><span class='ocrx_word' id='word_1_167' title='bbox 113 1278 182 1307; x_wconf 90' lang='lat' dir='ltr'>duos</span> <span class='ocrx_word' id='word_1_168' title='bbox 203 1277 236 1306; x_wconf 90' lang='lat' dir='ltr'>ad</span> <span class='ocrx_word' id='word_1_169' title='bbox 258 1278 320 1314; x_wconf 90' lang='lat' dir='ltr'>plus</span> <span class='ocrx_word' id='word_1_170' title='bbox 345 1285 426 1306; x_wconf 90' lang='lat' dir='ltr'>suum</span> <span class='ocrx_word' id='word_1_171' title='bbox 453 1278 573 1306; x_wconf 85' lang='lat' dir='ltr'>officium</span> <span class='ocrx_word' id='word_1_172' title='bbox 595 1281 788 1315; x_wconf 83' lang='lat' dir='ltr'>exsequentes.</span> <span class='ocrx_word' id='word_1_173' title='bbox 811 1278 862 1314; x_wconf 87' lang='lat' dir='ltr'>Qui</span> <span class='ocrx_word' id='word_1_174' title='bbox 885 1282 958 1315; x_wconf 91' lang='lat' dir='ltr'>post-</span> 
     </span>
     <span class='ocr_line' id='line_1_29' title="bbox 113 1324 958 1362; baseline 0.001 -10"><span class='ocrx_word' id='word_1_175' title='bbox 113 1332 196 1361; x_wconf 86' lang='lat' dir='ltr'>quam</span> <span class='ocrx_word' id='word_1_176' title='bbox 217 1324 251 1352; x_wconf 87' lang='lat' dir='ltr'>ad</span> <span class='ocrx_word' id='word_1_177' title='bbox 273 1324 363 1353; x_wconf 91' lang='lat' dir='ltr'>locum</span> <span class='ocrx_word' id='word_1_178' title='bbox 386 1325 512 1352; x_wconf 88' lang='lat' dir='ltr'>Fratrum</span> <span class='ocrx_word' id='word_1_179' title='bbox 535 1324 729 1361; x_wconf 83' lang='lat' dir='ltr'>pervenerint,</span> <span class='ocrx_word' id='word_1_180' title='bbox 751 1325 867 1362; x_wconf 84' lang='lat' dir='ltr'>exsequi</span> <span class='ocrx_word' id='word_1_181' title='bbox 890 1325 958 1353; x_wconf 82' lang='lat' dir='ltr'>inci—</span> 
     </span>
     <span class='ocr_line' id='line_1_30' title="bbox 114 1371 959 1408; baseline 0.001 -9"><span class='ocrx_word' id='word_1_182' title='bbox 114 1371 190 1408; x_wconf 87' lang='lat' dir='ltr'>piant</span> <span class='ocrx_word' id='word_1_183' title='bbox 210 1371 281 1399; x_wconf 84' lang='lat' dir='ltr'>infra</span> <span class='ocrx_word' id='word_1_184' title='bbox 302 1374 359 1400; x_wconf 88' lang='lat' dir='ltr'>tres</span> <span class='ocrx_word' id='word_1_185' title='bbox 380 1371 454 1405; x_wconf 88' lang='lat' dir='ltr'>dies,</span> <span class='ocrx_word' id='word_1_186' title='bbox 475 1371 526 1399; x_wconf 90' lang='lat' dir='ltr'>nisi</span> <span class='ocrx_word' id='word_1_187' title='bbox 550 1371 692 1400; x_wconf 80' lang='lat' dir='ltr'>manifesta</span> <span class='ocrx_word' id='word_1_188' title='bbox 712 1374 739 1400; x_wconf 89' lang='lat' dir='ltr'>et</span> <span class='ocrx_word' id='word_1_189' title='bbox 764 1371 881 1400; x_wconf 89' lang='lat' dir='ltr'>evidenti</span> <span class='ocrx_word' id='word_1_190' title='bbox 911 1380 959 1401; x_wconf 89' lang='lat' dir='ltr'>ne-</span> 
     </span>
     <span class='ocr_line' id='line_1_31' title="bbox 113 1418 958 1452; baseline -0.001 -5"><span class='ocrx_word' id='word_1_191' title='bbox 113 1418 254 1452; x_wconf 81' lang='lat' dir='ltr'>cessitate,</span> <span class='ocrx_word' id='word_1_192' title='bbox 275 1421 324 1446; x_wconf 89' lang='lat' dir='ltr'>ant</span> <span class='ocrx_word' id='word_1_193' title='bbox 345 1418 483 1446; x_wconf 90' lang='lat' dir='ltr'>communi</span> <span class='ocrx_word' id='word_1_194' title='bbox 499 1418 626 1446; x_wconf 84' lang='lat' dir='ltr'>Fratrum</span> <span class='ocrx_word' id='word_1_195' title='bbox 642 1418 783 1447; x_wconf 86' lang='lat' dir='ltr'>voluntate</span> <span class='ocrx_word' id='word_1_196' title='bbox 804 1418 888 1447; x_wconf 86' lang='grc'>1116111</span> <span class='ocrx_word' id='word_1_197' title='bbox 908 1418 958 1447; x_wconf 86' lang='grc'>(111-</span> 
     </span>
     <span class='ocr_line' id='line_1_32' title="bbox 113 1464 266 1494; baseline -0.013 0"><span class='ocrx_word' id='word_1_198' title='bbox 113 1464 266 1494; x_wconf 84' lang='grc'>161611(111111.</span> 
     </span>
    </p>

    <p class='ocr_par' dir='ltr' id='par_1_7' title="bbox 110 1511 959 1830">
     <span class='ocr_line' id='line_1_33' title="bbox 192 1511 959 1541; baseline 0.001 -1"><span class='ocrx_word' id='word_1_199' title='bbox 192 1511 352 1540; x_wconf 87' lang='lat' dir='ltr'>Visitatores</span> <span class='ocrx_word' id='word_1_200' title='bbox 374 1511 530 1540; x_wconf 80' lang='lat' dir='ltr'>huiusmodi</span> <span class='ocrx_word' id='word_1_201' title='bbox 554 1520 607 1541; x_wconf 94' lang='lat' dir='ltr'>non</span> <span class='ocrx_word' id='word_1_202' title='bbox 624 1512 807 1541; x_wconf 86' lang='lat' dir='ltr'>intromittant</span> <span class='ocrx_word' id='word_1_203' title='bbox 822 1520 851 1541; x_wconf 88' lang='lat' dir='ltr'>se</span> <span class='ocrx_word' id='word_1_204' title='bbox 865 1512 899 1541; x_wconf 86' lang='lat' dir='ltr'>de</span> <span class='ocrx_word' id='word_1_205' title='bbox 913 1520 959 1541; x_wconf 93' lang='lat' dir='ltr'>oc-</span> 
     </span>
     <span class='ocr_line' id='line_1_34' title="bbox 114 1558 958 1588; baseline 0 -1"><span class='ocrx_word' id='word_1_206' title='bbox 114 1558 195 1587; x_wconf 90' lang='lat' dir='ltr'>cultis</span> <span class='ocrx_word' id='word_1_207' title='bbox 216 1558 258 1587; x_wconf 91' lang='lat' dir='ltr'>vel</span> <span class='ocrx_word' id='word_1_208' title='bbox 279 1558 397 1587; x_wconf 87' lang='lat' dir='ltr'>discrete</span> <span class='ocrx_word' id='word_1_209' title='bbox 419 1558 551 1587; x_wconf 88' lang='lat' dir='ltr'>correctis</span> <span class='ocrx_word' id='word_1_210' title='bbox 566 1566 616 1587; x_wconf 88' lang='lat' dir='ltr'>nec</span> <span class='ocrx_word' id='word_1_211' title='bbox 630 1558 663 1587; x_wconf 91' lang='lat' dir='ltr'>de</span> <span class='ocrx_word' id='word_1_212' title='bbox 678 1559 843 1588; x_wconf 82' lang='lat' dir='ltr'>discretione</span> <span class='ocrx_word' id='word_1_213' title='bbox 860 1560 901 1588; x_wconf 90' lang='lat' dir='ltr'>vel</span> <span class='ocrx_word' id='word_1_214' title='bbox 918 1559 958 1587; x_wconf 90' lang='lat' dir='ltr'>in-</span> 
     </span>
     <span class='ocr_line' id='line_1_35' title="bbox 113 1605 958 1640; baseline 0.001 -6"><span class='ocrx_word' id='word_1_215' title='bbox 113 1605 277 1634; x_wconf 85' lang='lat' dir='ltr'>discretione</span> <span class='ocrx_word' id='word_1_216' title='bbox 299 1605 478 1634; x_wconf 83' lang='lat' dir='ltr'>correctionis</span> <span class='ocrx_word' id='word_1_217' title='bbox 499 1606 664 1640; x_wconf 85' lang='lat' dir='ltr'>discutiant,</span> <span class='ocrx_word' id='word_1_218' title='bbox 683 1606 733 1635; x_wconf 89' lang='lat' dir='ltr'>nisi</span> <span class='ocrx_word' id='word_1_219' title='bbox 750 1606 811 1635; x_wconf 90' lang='lat' dir='ltr'>talis</span> <span class='ocrx_word' id='word_1_220' title='bbox 826 1606 958 1635; x_wconf 90' lang='lat' dir='ltr'>indiscre-</span> 
     </span>
     <span class='ocr_line' id='line_1_36' title="bbox 113 1652 957 1689; baseline 0 -8"><span class='ocrx_word' id='word_1_221' title='bbox 113 1652 150 1681; x_wconf 92' lang='lat' dir='ltr'>tio</span> <span class='ocrx_word' id='word_1_222' title='bbox 171 1661 220 1689; x_wconf 91' lang='lat' dir='ltr'>per</span> <span class='ocrx_word' id='word_1_223' title='bbox 241 1653 351 1681; x_wconf 89' lang='lat' dir='ltr'>Fratres</span> <span class='ocrx_word' id='word_1_224' title='bbox 372 1652 456 1681; x_wconf 84' lang='lat' dir='ltr'>suerit</span> <span class='ocrx_word' id='word_1_225' title='bbox 484 1655 620 1681; x_wconf 85' lang='lat' dir='ltr'>accusata.</span> <span class='ocrx_word' id='word_1_226' title='bbox 649 1653 769 1682; x_wconf 87' lang='lat' dir='ltr'>Caveant</span> <span class='ocrx_word' id='word_1_227' title='bbox 796 1653 894 1686; x_wconf 88' lang='lat' dir='ltr'>etiam,</span> <span class='ocrx_word' id='word_1_228' title='bbox 922 1661 957 1682; x_wconf 90' lang='lat' dir='ltr'>ne</span> 
     </span>
     <span class='ocr_line' id='line_1_37' title="bbox 111 1699 955 1737; baseline 0.001 -9"><span class='ocrx_word' id='word_1_229' title='bbox 111 1707 195 1736; x_wconf 89' lang='lat' dir='ltr'>super</span> <span class='ocrx_word' id='word_1_230' title='bbox 216 1699 394 1733; x_wconf 83' lang='lat' dir='ltr'>criminibus,</span> <span class='ocrx_word' id='word_1_231' title='bbox 416 1699 450 1728; x_wconf 89' lang='lat' dir='ltr'>de</span> <span class='ocrx_word' id='word_1_232' title='bbox 471 1700 574 1736; x_wconf 89' lang='lat' dir='ltr'>quibus</span> <span class='ocrx_word' id='word_1_233' title='bbox 598 1700 709 1728; x_wconf 82' lang='lat' dir='ltr'>infamia</span> <span class='ocrx_word' id='word_1_234' title='bbox 730 1708 784 1728; x_wconf 89' lang='lat' dir='ltr'>non</span> <span class='ocrx_word' id='word_1_235' title='bbox 807 1700 955 1737; x_wconf 82' lang='lat' dir='ltr'>processit,</span> 
     </span>
     <span class='ocr_line' id='line_1_38' title="bbox 110 1746 956 1784; baseline 0 -9"><span class='ocrx_word' id='word_1_236' title='bbox 110 1746 253 1783; x_wconf 89' lang='lat' dir='ltr'>inquirant</span> <span class='ocrx_word' id='word_1_237' title='bbox 281 1746 502 1783; x_wconf 82' lang='lat' dir='ltr'>particulariter,</span> <span class='ocrx_word' id='word_1_238' title='bbox 531 1749 680 1784; x_wconf 88' lang='lat' dir='ltr'>antequam</span> <span class='ocrx_word' id='word_1_239' title='bbox 709 1747 825 1775; x_wconf 87' lang='lat' dir='ltr'>crimina</span> <span class='ocrx_word' id='word_1_240' title='bbox 858 1747 956 1775; x_wconf 86' lang='lat' dir='ltr'>huius-</span> 
     </span>
     <span class='ocr_line' id='line_1_39' title="bbox 110 1793 561 1830; baseline 0.002 -9"><span class='ocrx_word' id='word_1_241' title='bbox 110 1793 183 1821; x_wconf 90' lang='lat' dir='ltr'>modi</span> <span class='ocrx_word' id='word_1_242' title='bbox 204 1793 232 1821; x_wconf 93' lang='lat' dir='ltr'>in</span> <span class='ocrx_word' id='word_1_243' title='bbox 253 1793 365 1830; x_wconf 89' lang='lat' dir='ltr'>publico</span> <span class='ocrx_word' id='word_1_244' title='bbox 386 1796 561 1822; x_wconf 86' lang='lat' dir='ltr'>accusentur.</span> 
     </span>
    </p>

    <p class='ocr_par' dir='ltr' id='par_1_8' title="bbox 189 1839 731 1877">
     <span class='ocr_line' id='line_1_40' title="bbox 189 1839 731 1877; baseline 0 -9"><span class='ocrx_word' id='word_1_245' title='bbox 189 1839 355 1869; x_wconf 86' lang='lat' dir='ltr'>Procedatur</span> <span class='ocrx_word' id='word_1_246' title='bbox 377 1847 442 1877; x_wconf 83' lang='lat' dir='ltr'>ergo</span> <span class='ocrx_word' id='word_1_247' title='bbox 464 1840 491 1868; x_wconf 92' lang='lat' dir='ltr'>in</span> <span class='ocrx_word' id='word_1_248' title='bbox 513 1841 588 1869; x_wconf 91' lang='lat' dir='ltr'>hunc</span> <span class='ocrx_word' id='word_1_249' title='bbox 610 1840 731 1869; x_wconf 91' lang='lat' dir='ltr'>modum.</span> 
     </span>
    </p>

    <p class='ocr_par' dir='ltr' id='par_1_9' title="bbox 109 1886 956 2205">
     <span class='ocr_line' id='line_1_41' title="bbox 189 1886 954 1924; baseline 0.001 -9"><span class='ocrx_word' id='word_1_250' title='bbox 189 1886 278 1915; x_wconf 90' lang='lat' dir='ltr'>Primo</span> <span class='ocrx_word' id='word_1_251' title='bbox 299 1886 406 1923; x_wconf 82' lang='lat' dir='ltr'>legatur</span> <span class='ocrx_word' id='word_1_252' title='bbox 429 1887 531 1924; x_wconf 81' lang='lat' dir='ltr'>Regula</span> <span class='ocrx_word' id='word_1_253' title='bbox 553 1887 579 1915; x_wconf 91' lang='lat' dir='ltr'>in</span> <span class='ocrx_word' id='word_1_254' title='bbox 601 1887 754 1920; x_wconf 89' lang='lat' dir='ltr'>communi,</span> <span class='ocrx_word' id='word_1_255' title='bbox 773 1887 871 1916; x_wconf 88' lang='lat' dir='ltr'>deinde</span> <span class='ocrx_word' id='word_1_256' title='bbox 886 1887 954 1916; x_wconf 92' lang='lat' dir='ltr'>Con-</span> 
     </span>
     <span class='ocr_line' id='line_1_42' title="bbox 111 1933 955 1970; baseline 0.001 -9"><span class='ocrx_word' id='word_1_257' title='bbox 111 1933 283 1967; x_wconf 83' lang='grc'>5111111101165,</span> <span class='ocrx_word' id='word_1_258' title='bbox 309 1935 403 1970; x_wconf 87' lang='lat' dir='ltr'>postea</span> <span class='ocrx_word' id='word_1_259' title='bbox 432 1933 618 1970; x_wconf 83' lang='lat' dir='ltr'>praecipiatur</span> <span class='ocrx_word' id='word_1_260' title='bbox 644 1934 670 1962; x_wconf 91' lang='lat' dir='ltr'>in</span> <span class='ocrx_word' id='word_1_261' title='bbox 702 1933 805 1962; x_wconf 90' lang='lat' dir='ltr'>virtute</span> <span class='ocrx_word' id='word_1_262' title='bbox 826 1934 955 1962; x_wconf 86' lang='lat' dir='ltr'>obedien-</span> 
     </span>
     <span class='ocr_line' id='line_1_43' title="bbox 111 1979 956 2018; baseline 0.001 -10"><span class='ocrx_word' id='word_1_263' title='bbox 111 1979 179 2014; x_wconf 90' lang='lat' dir='ltr'>tiae,</span> <span class='ocrx_word' id='word_1_264' title='bbox 201 1983 233 2008; x_wconf 88' lang='lat' dir='ltr'>ut</span> <span class='ocrx_word' id='word_1_265' title='bbox 253 1988 364 2014; x_wconf 91' lang='lat' dir='ltr'>omnes,</span> <span class='ocrx_word' id='word_1_266' title='bbox 386 1980 433 2017; x_wconf 90' lang='lat' dir='ltr'>qui</span> <span class='ocrx_word' id='word_1_267' title='bbox 456 1980 703 2017; x_wconf 81' lang='lat' dir='ltr'>interrogabuntur</span> <span class='ocrx_word' id='word_1_268' title='bbox 718 1981 752 2009; x_wconf 88' lang='lat' dir='ltr'>ab</span> <span class='ocrx_word' id='word_1_269' title='bbox 767 1981 822 2015; x_wconf 89' lang='lat' dir='ltr'>eis,</span> <span class='ocrx_word' id='word_1_270' title='bbox 841 1989 956 2018; x_wconf 89' lang='lat' dir='ltr'>respon-</span> 
     </span>
     <span class='ocr_line' id='line_1_44' title="bbox 110 2026 953 2062; baseline 0.001 -7"><span class='ocrx_word' id='word_1_271' title='bbox 110 2026 192 2056; x_wconf 87' lang='lat' dir='ltr'>deant</span> <span class='ocrx_word' id='word_1_272' title='bbox 218 2027 290 2056; x_wconf 88' lang='lat' dir='ltr'>bona</span> <span class='ocrx_word' id='word_1_273' title='bbox 317 2027 386 2061; x_wconf 86' lang='lat' dir='ltr'>fide,</span> <span class='ocrx_word' id='word_1_274' title='bbox 415 2027 436 2056; x_wconf 91' lang='lat' dir='ltr'>si</span> <span class='ocrx_word' id='word_1_275' title='bbox 466 2027 572 2061; x_wconf 88' lang='lat' dir='ltr'>sciunt,</span> <span class='ocrx_word' id='word_1_276' title='bbox 594 2028 637 2056; x_wconf 92' lang='lat' dir='ltr'>vel</span> <span class='ocrx_word' id='word_1_277' title='bbox 658 2028 729 2056; x_wconf 85' lang='lat' dir='ltr'>fama</span> <span class='ocrx_word' id='word_1_278' title='bbox 751 2031 807 2062; x_wconf 87' lang='lat' dir='ltr'>est,</span> <span class='ocrx_word' id='word_1_279' title='bbox 830 2028 953 2057; x_wconf 88' lang='lat' dir='ltr'>Fratrem</span> 
     </span>
     <span class='ocr_line' id='line_1_45' title="bbox 110 2074 953 2111; baseline 0.001 -9"><span class='ocrx_word' id='word_1_280' title='bbox 110 2076 282 2110; x_wconf 87' lang='lat' dir='ltr'>praesentem</span> <span class='ocrx_word' id='word_1_281' title='bbox 310 2074 353 2103; x_wconf 91' lang='lat' dir='ltr'>vel</span> <span class='ocrx_word' id='word_1_282' title='bbox 378 2074 537 2108; x_wconf 86' lang='lat' dir='ltr'>absentem,</span> <span class='ocrx_word' id='word_1_283' title='bbox 558 2074 591 2103; x_wconf 88' lang='lat' dir='ltr'>de</span> <span class='ocrx_word' id='word_1_284' title='bbox 613 2083 669 2111; x_wconf 90' lang='lat' dir='ltr'>quo</span> <span class='ocrx_word' id='word_1_285' title='bbox 690 2074 737 2103; x_wconf 88' lang='lat' dir='ltr'>fiet</span> <span class='ocrx_word' id='word_1_286' title='bbox 758 2074 953 2111; x_wconf 82' lang='lat' dir='ltr'>interrogatio,</span> 
     </span>
     <span class='ocr_line' id='line_1_46' title="bbox 110 2120 953 2158; baseline 0.001 -9"><span class='ocrx_word' id='word_1_287' title='bbox 110 2120 262 2149; x_wconf 84' lang='lat' dir='ltr'>excessisse</span> <span class='ocrx_word' id='word_1_288' title='bbox 282 2123 379 2149; x_wconf 89' lang='lat' dir='ltr'>contra</span> <span class='ocrx_word' id='word_1_289' title='bbox 406 2121 525 2158; x_wconf 86' lang='lat' dir='ltr'>aliquem</span> <span class='ocrx_word' id='word_1_290' title='bbox 553 2121 703 2150; x_wconf 89' lang='lat' dir='ltr'>articulum</span> <span class='ocrx_word' id='word_1_291' title='bbox 731 2121 953 2158; x_wconf 88' lang='lat' dir='ltr'>praedictorum,</span> 
     </span>
     <span class='ocr_line' id='line_1_47' title="bbox 109 2166 769 2205; baseline 0.002 -10"><span class='ocrx_word' id='word_1_292' title='bbox 109 2166 147 2196; x_wconf 92' lang='lat' dir='ltr'>ita</span> <span class='ocrx_word' id='word_1_293' title='bbox 167 2167 240 2204; x_wconf 92' lang='lat' dir='ltr'>quod</span> <span class='ocrx_word' id='word_1_294' title='bbox 262 2167 363 2196; x_wconf 85' lang='lat' dir='ltr'>factum</span> <span class='ocrx_word' id='word_1_295' title='bbox 386 2168 428 2196; x_wconf 90' lang='lat' dir='ltr'>vel</span> <span class='ocrx_word' id='word_1_296' title='bbox 450 2168 522 2196; x_wconf 80' lang='lat' dir='ltr'>fama</span> <span class='ocrx_word' id='word_1_297' title='bbox 542 2168 654 2204; x_wconf 88' lang='lat' dir='ltr'>probari</span> <span class='ocrx_word' id='word_1_298' title='bbox 675 2168 769 2205; x_wconf 88' lang='lat' dir='ltr'>possit.</span> 
     </span>
    </p>

    <p class='ocr_par' dir='ltr' id='par_1_10' title="bbox 109 2214 954 2345">
     <span class='ocr_line' id='line_1_48' title="bbox 187 2214 954 2251; baseline 0.001 -9"><span class='ocrx_word' id='word_1_299' title='bbox 187 2214 282 2242; x_wconf 89' lang='lat' dir='ltr'>Postea</span> <span class='ocrx_word' id='word_1_300' title='bbox 302 2214 393 2243; x_wconf 90' lang='lat' dir='ltr'>dicant</span> <span class='ocrx_word' id='word_1_301' title='bbox 414 2215 522 2243; x_wconf 87' lang='lat' dir='ltr'>Fratres</span> <span class='ocrx_word' id='word_1_302' title='bbox 543 2214 701 2251; x_wconf 87' lang='lat' dir='ltr'>singillatim</span> <span class='ocrx_word' id='word_1_303' title='bbox 725 2215 820 2251; x_wconf 89' lang='lat' dir='ltr'>culpas</span> <span class='ocrx_word' id='word_1_304' title='bbox 841 2223 905 2243; x_wconf 91' lang='lat' dir='ltr'>suas</span> <span class='ocrx_word' id='word_1_305' title='bbox 927 2218 954 2243; x_wconf 93' lang='lat' dir='ltr'>et</span> 
     </span>
     <span class='ocr_line' id='line_1_49' title="bbox 110 2260 952 2298; baseline 0.001 -9"><span class='ocrx_word' id='word_1_306' title='bbox 110 2260 288 2298; x_wconf 83' lang='lat' dir='ltr'>egrediantur</span> <span class='ocrx_word' id='word_1_307' title='bbox 314 2269 362 2298; x_wconf 90' lang='lat' dir='ltr'>per</span> <span class='ocrx_word' id='word_1_308' title='bbox 383 2261 524 2295; x_wconf 89' lang='lat' dir='ltr'>ordinem,</span> <span class='ocrx_word' id='word_1_309' title='bbox 546 2261 582 2290; x_wconf 93' lang='lat' dir='ltr'>ita</span> <span class='ocrx_word' id='word_1_310' title='bbox 604 2261 677 2298; x_wconf 90' lang='lat' dir='ltr'>quod</span> <span class='ocrx_word' id='word_1_311' title='bbox 700 2261 802 2290; x_wconf 89' lang='lat' dir='ltr'>residui</span> <span class='ocrx_word' id='word_1_312' title='bbox 825 2262 952 2290; x_wconf 87' lang='lat' dir='ltr'>incusent</span> 
     </span>
     <span class='ocr_line' id='line_1_50' title="bbox 109 2307 884 2345; baseline 0 -9"><span class='ocrx_word' id='word_1_313' title='bbox 109 2315 267 2344; x_wconf 83' lang='lat' dir='ltr'>egressum,</span> <span class='ocrx_word' id='word_1_314' title='bbox 288 2307 322 2336; x_wconf 92' lang='lat' dir='ltr'>de</span> <span class='ocrx_word' id='word_1_315' title='bbox 343 2316 398 2345; x_wconf 89' lang='lat' dir='ltr'>quo</span> <span class='ocrx_word' id='word_1_316' title='bbox 420 2308 447 2336; x_wconf 94' lang='lat' dir='ltr'>in</span> <span class='ocrx_word' id='word_1_317' title='bbox 470 2308 579 2344; x_wconf 90' lang='lat' dir='ltr'>publico</span> <span class='ocrx_word' id='word_1_318' title='bbox 599 2308 683 2337; x_wconf 91' lang='grc'>1116111</span> <span class='ocrx_word' id='word_1_319' title='bbox 703 2308 884 2337; x_wconf 89' lang='lat' dir='ltr'>accusandus.</span> 
     </span>
    </p>

    <p class='ocr_par' dir='ltr' id='par_1_11' title="bbox 107 2354 952 2904">
     <span class='ocr_line' id='line_1_51' title="bbox 187 2354 952 2391; baseline 0 -8"><span class='ocrx_word' id='word_1_320' title='bbox 187 2354 316 2383; x_wconf 86' lang='lat' dir='ltr'>Districte</span> <span class='ocrx_word' id='word_1_321' title='bbox 336 2362 386 2391; x_wconf 88' lang='lat' dir='ltr'>per</span> <span class='ocrx_word' id='word_1_322' title='bbox 407 2354 589 2383; x_wconf 87' lang='lat' dir='ltr'>obedientiam</span> <span class='ocrx_word' id='word_1_323' title='bbox 605 2354 778 2388; x_wconf 86' lang='lat' dir='ltr'>inhibemus,</span> <span class='ocrx_word' id='word_1_324' title='bbox 801 2363 834 2383; x_wconf 92' lang='lat' dir='ltr'>ne</span> <span class='ocrx_word' id='word_1_325' title='bbox 856 2363 952 2391; x_wconf 83' lang='lat' dir='ltr'>perso-</span> 
     </span>
     <span class='ocr_line' id='line_1_52' title="bbox 109 2401 952 2438; baseline -0.001 -8"><span class='ocrx_word' id='word_1_326' title='bbox 109 2409 161 2430; x_wconf 87' lang='lat' dir='ltr'>nae</span> <span class='ocrx_word' id='word_1_327' title='bbox 181 2403 341 2430; x_wconf 86' lang='lat' dir='ltr'>accusantes</span> <span class='ocrx_word' id='word_1_328' title='bbox 362 2401 497 2430; x_wconf 88' lang='lat' dir='ltr'>accusatis</span> <span class='ocrx_word' id='word_1_329' title='bbox 518 2401 561 2430; x_wconf 93' lang='lat' dir='ltr'>vel</span> <span class='ocrx_word' id='word_1_330' title='bbox 582 2401 641 2429; x_wconf 91' lang='lat' dir='ltr'>aliis</span> <span class='ocrx_word' id='word_1_331' title='bbox 662 2401 742 2429; x_wconf 89' lang='lat' dir='ltr'>modo</span> <span class='ocrx_word' id='word_1_332' title='bbox 756 2401 849 2438; x_wconf 89' lang='lat' dir='ltr'>aliquo</span> <span class='ocrx_word' id='word_1_333' title='bbox 864 2401 952 2430; x_wconf 87' lang='lat' dir='ltr'>scien-</span> 
     </span>
     <span class='ocr_line' id='line_1_53' title="bbox 108 2448 951 2485; baseline -0.001 -8"><span class='ocrx_word' id='word_1_334' title='bbox 108 2451 151 2477; x_wconf 92' lang='lat' dir='ltr'>ter</span> <span class='ocrx_word' id='word_1_335' title='bbox 172 2449 346 2483; x_wconf 88' lang='lat' dir='ltr'>revelentur;</span> <span class='ocrx_word' id='word_1_336' title='bbox 369 2448 442 2485; x_wconf 88' lang='lat' dir='ltr'>quod</span> <span class='ocrx_word' id='word_1_337' title='bbox 464 2448 585 2477; x_wconf 87' lang='lat' dir='ltr'>maxime</span> <span class='ocrx_word' id='word_1_338' title='bbox 607 2448 665 2476; x_wconf 83' lang='lat' dir='ltr'>fieri</span> <span class='ocrx_word' id='word_1_339' title='bbox 687 2448 721 2476; x_wconf 90' lang='lat' dir='ltr'>de</span> <span class='ocrx_word' id='word_1_340' title='bbox 735 2448 893 2476; x_wconf 88' lang='lat' dir='ltr'>nominibus</span> <span class='ocrx_word' id='word_1_341' title='bbox 907 2456 951 2477; x_wconf 90' lang='lat' dir='ltr'>ac-</span> 
     </span>
     <span class='ocr_line' id='line_1_54' title="bbox 108 2494 951 2531; baseline 0 -8"><span class='ocrx_word' id='word_1_342' title='bbox 108 2495 263 2523; x_wconf 87' lang='lat' dir='ltr'>cusantium</span> <span class='ocrx_word' id='word_1_343' title='bbox 291 2494 446 2523; x_wconf 88' lang='lat' dir='ltr'>Ministrum</span> <span class='ocrx_word' id='word_1_344' title='bbox 475 2495 670 2531; x_wconf 83' lang='lat' dir='ltr'>probibemus,</span> <span class='ocrx_word' id='word_1_345' title='bbox 699 2494 751 2522; x_wconf 87' lang='lat' dir='ltr'>nisi</span> <span class='ocrx_word' id='word_1_346' title='bbox 776 2494 809 2523; x_wconf 90' lang='lat' dir='ltr'>de</span> <span class='ocrx_word' id='word_1_347' title='bbox 837 2494 951 2523; x_wconf 90' lang='lat' dir='ltr'>crimine</span> 
     </span>
     <span class='ocr_line' id='line_1_55' title="bbox 108 2541 949 2578; baseline -0.001 -8"><span class='ocrx_word' id='word_1_348' title='bbox 108 2541 227 2570; x_wconf 87' lang='lat' dir='ltr'>accusati</span> <span class='ocrx_word' id='word_1_349' title='bbox 246 2541 274 2570; x_wconf 91' lang='lat' dir='ltr'>in</span> <span class='ocrx_word' id='word_1_350' title='bbox 295 2541 474 2570; x_wconf 87' lang='lat' dir='ltr'>excusatione</span> <span class='ocrx_word' id='word_1_351' title='bbox 489 2549 539 2570; x_wconf 85' lang='lat' dir='ltr'>sua</span> <span class='ocrx_word' id='word_1_352' title='bbox 554 2541 683 2578; x_wconf 80' lang='lat' dir='ltr'>petierint</span> <span class='ocrx_word' id='word_1_353' title='bbox 697 2549 713 2569; x_wconf 88' lang='lat' dir='ltr'>a</span> <span class='ocrx_word' id='word_1_354' title='bbox 727 2549 778 2569; x_wconf 89' lang='lat' dir='ltr'>suo</span> <span class='ocrx_word' id='word_1_355' title='bbox 792 2541 949 2577; x_wconf 84' lang='lat' dir='ltr'>Superiori,</span> 
     </span>
     <span class='ocr_line' id='line_1_56' title="bbox 108 2587 950 2617; baseline -0.001 -1"><span class='ocrx_word' id='word_1_356' title='bbox 108 2587 158 2616; x_wconf 93' lang='lat' dir='ltr'>sibi</span> <span class='ocrx_word' id='word_1_357' title='bbox 179 2588 334 2617; x_wconf 89' lang='lat' dir='ltr'>accusantis</span> <span class='ocrx_word' id='word_1_358' title='bbox 355 2591 382 2617; x_wconf 91' lang='lat' dir='ltr'>et</span> <span class='ocrx_word' id='word_1_359' title='bbox 403 2588 514 2617; x_wconf 89' lang='lat' dir='ltr'>testium</span> <span class='ocrx_word' id='word_1_360' title='bbox 536 2588 647 2616; x_wconf 87' lang='lat' dir='ltr'>nomina</span> <span class='ocrx_word' id='word_1_361' title='bbox 668 2587 793 2616; x_wconf 88' lang='lat' dir='ltr'>relevari.</span> <span class='ocrx_word' id='word_1_362' title='bbox 810 2587 950 2616; x_wconf 85' lang='lat' dir='ltr'>Interdici-</span> 
     </span>
     <span class='ocr_line' id='line_1_57' title="bbox 108 2634 949 2669; baseline 0 -6"><span class='ocrx_word' id='word_1_363' title='bbox 108 2642 170 2663; x_wconf 89' lang='lat' dir='ltr'>mus</span> <span class='ocrx_word' id='word_1_364' title='bbox 189 2634 271 2663; x_wconf 89' lang='lat' dir='ltr'>etiam</span> <span class='ocrx_word' id='word_1_365' title='bbox 295 2635 446 2669; x_wconf 87' lang='lat' dir='ltr'>accusatis,</span> <span class='ocrx_word' id='word_1_366' title='bbox 468 2643 502 2663; x_wconf 90' lang='lat' dir='ltr'>ne</span> <span class='ocrx_word' id='word_1_367' title='bbox 523 2635 641 2663; x_wconf 86' lang='lat' dir='ltr'>scienter</span> <span class='ocrx_word' id='word_1_368' title='bbox 662 2634 695 2663; x_wconf 88' lang='lat' dir='ltr'>de</span> <span class='ocrx_word' id='word_1_369' title='bbox 717 2634 875 2662; x_wconf 88' lang='lat' dir='ltr'>nominibus</span> <span class='ocrx_word' id='word_1_370' title='bbox 904 2642 949 2663; x_wconf 87' lang='lat' dir='ltr'>ac-</span> 
     </span>
     <span class='ocr_line' id='line_1_58' title="bbox 108 2679 949 2717; baseline -0.001 -8"><span class='ocrx_word' id='word_1_371' title='bbox 108 2680 264 2709; x_wconf 89' lang='lat' dir='ltr'>cusantium</span> <span class='ocrx_word' id='word_1_372' title='bbox 285 2688 314 2709; x_wconf 91' lang='lat' dir='ltr'>se</span> <span class='ocrx_word' id='word_1_373' title='bbox 334 2681 492 2717; x_wconf 82' lang='lat' dir='ltr'>inquirant,</span> <span class='ocrx_word' id='word_1_374' title='bbox 521 2681 572 2709; x_wconf 90' lang='lat' dir='ltr'>nisi</span> <span class='ocrx_word' id='word_1_375' title='bbox 601 2688 663 2709; x_wconf 91' lang='lat' dir='ltr'>cum</span> <span class='ocrx_word' id='word_1_376' title='bbox 693 2680 755 2717; x_wconf 88' lang='lat' dir='ltr'>quis</span> <span class='ocrx_word' id='word_1_377' title='bbox 779 2679 813 2708; x_wconf 88' lang='lat' dir='ltr'>de</span> <span class='ocrx_word' id='word_1_378' title='bbox 833 2680 949 2708; x_wconf 90' lang='lat' dir='ltr'>crimine</span> 
     </span>
     <span class='ocr_line' id='line_1_59' title="bbox 107 2726 949 2764; baseline -0.001 -9"><span class='ocrx_word' id='word_1_379' title='bbox 107 2729 254 2756; x_wconf 88' lang='lat' dir='ltr'>accusatur</span> <span class='ocrx_word' id='word_1_380' title='bbox 281 2730 308 2756; x_wconf 90' lang='lat' dir='ltr'>et</span> <span class='ocrx_word' id='word_1_381' title='bbox 330 2727 422 2764; x_wconf 85' lang='lat' dir='ltr'>petiit,</span> <span class='ocrx_word' id='word_1_382' title='bbox 448 2727 498 2756; x_wconf 88' lang='lat' dir='ltr'>sibi</span> <span class='ocrx_word' id='word_1_383' title='bbox 520 2727 710 2756; x_wconf 87' lang='lat' dir='ltr'>accusantium</span> <span class='ocrx_word' id='word_1_384' title='bbox 741 2726 851 2754; x_wconf 89' lang='lat' dir='ltr'>nomina</span> <span class='ocrx_word' id='word_1_385' title='bbox 872 2734 949 2755; x_wconf 85' lang='lat' dir='ltr'>reve-</span> 
     </span>
     <span class='ocr_line' id='line_1_60' title="bbox 107 2772 949 2811; baseline 0 -9"><span class='ocrx_word' id='word_1_386' title='bbox 107 2773 167 2802; x_wconf 89' lang='lat' dir='ltr'>lari.</span> <span class='ocrx_word' id='word_1_387' title='bbox 183 2773 225 2811; x_wconf 90' lang='lat' dir='ltr'>[Et</span> <span class='ocrx_word' id='word_1_388' title='bbox 240 2774 410 2811; x_wconf 88' lang='lat' dir='ltr'>quicumque</span> <span class='ocrx_word' id='word_1_389' title='bbox 431 2777 527 2803; x_wconf 89' lang='lat' dir='ltr'>contra</span> <span class='ocrx_word' id='word_1_390' title='bbox 547 2773 658 2807; x_wconf 81' lang='lat' dir='ltr'>fecerit,</span> <span class='ocrx_word' id='word_1_391' title='bbox 680 2773 826 2802; x_wconf 89' lang='lat' dir='ltr'>revelando</span> <span class='ocrx_word' id='word_1_392' title='bbox 847 2772 949 2802; x_wconf 88' lang='lat' dir='ltr'>scilicet</span> 
     </span>
     <span class='ocr_line' id='line_1_61' title="bbox 107 2820 947 2858; baseline -0.002 -8"><span class='ocrx_word' id='word_1_393' title='bbox 107 2821 150 2850; x_wconf 89' lang='lat' dir='ltr'>vel</span> <span class='ocrx_word' id='word_1_394' title='bbox 166 2821 342 2858; x_wconf 88' lang='lat' dir='ltr'>inquirendo,</span> <span class='ocrx_word' id='word_1_395' title='bbox 358 2829 411 2850; x_wconf 91' lang='lat' dir='ltr'>non</span> <span class='ocrx_word' id='word_1_396' title='bbox 427 2821 511 2858; x_wconf 87' lang='lat' dir='ltr'>possit</span> <span class='ocrx_word' id='word_1_397' title='bbox 526 2821 577 2850; x_wconf 92' lang='lat' dir='ltr'>nisi</span> <span class='ocrx_word' id='word_1_398' title='bbox 593 2828 642 2857; x_wconf 90' lang='lat' dir='ltr'>per</span> <span class='ocrx_word' id='word_1_399' title='bbox 657 2820 811 2849; x_wconf 88' lang='lat' dir='ltr'>Ministrum</span> <span class='ocrx_word' id='word_1_400' title='bbox 828 2820 947 2853; x_wconf 72' lang='lat' dir='ltr'>absolvi,</span> 
     </span>
     <span class='ocr_line' id='line_1_62' title="bbox 108 2865 948 2904; baseline -0.004 -8"><span class='ocrx_word' id='word_1_401' title='bbox 108 2867 206 2903; x_wconf 86' lang='lat' dir='ltr'>quodsi</span> <span class='ocrx_word' id='word_1_402' title='bbox 227 2867 349 2896; x_wconf 86' lang='lat' dir='ltr'>Minister</span> <span class='ocrx_word' id='word_1_403' title='bbox 371 2867 398 2896; x_wconf 92' lang='lat' dir='ltr'>in</span> <span class='ocrx_word' id='word_1_404' title='bbox 420 2867 500 2904; x_wconf 89' lang='lat' dir='ltr'>culpa</span> <span class='ocrx_word' id='word_1_405' title='bbox 521 2867 621 2900; x_wconf 83' lang='lat' dir='ltr'>fuerit,</span> <span class='ocrx_word' id='word_1_406' title='bbox 639 2866 673 2895; x_wconf 89' lang='lat' dir='ltr'>de</span> <span class='ocrx_word' id='word_1_407' title='bbox 687 2866 744 2894; x_wconf 88' lang='lat' dir='ltr'>suis</span> <span class='ocrx_word' id='word_1_408' title='bbox 760 2865 884 2894; x_wconf 87' lang='lat' dir='ltr'>videlicet</span> <span class='ocrx_word' id='word_1_409' title='bbox 904 2873 948 2894; x_wconf 85' lang='lat' dir='ltr'>ac-</span> 
     </span>
    </p>
   </div>
   <div class='ocr_carea' id='block_1_7' title="bbox 1806 225 1861 253">
    <p class='ocr_par' dir='ltr' id='par_1_12' title="bbox 1806 225 1861 253">
     <span class='ocr_line' id='line_1_63' title="bbox 1806 225 1861 253; baseline 0 0"><span class='ocrx_word' id='word_1_410' title='bbox 1806 225 1861 253; x_wconf 72' lang='lat'>459</span> 
     </span>
    </p>
   </div>
   <div class='ocr_carea' id='block_1_8' title="bbox 1005 299 1861 2903">
    <p class='ocr_par' dir='ltr' id='par_1_13' title="bbox 1015 299 1861 1175">
     <span class='ocr_line' id='line_1_64' title="bbox 1019 299 1861 337; baseline 0.006 -11"><span class='ocrx_word' id='word_1_411' title='bbox 1019 299 1194 328; x_wconf 89' lang='lat' dir='ltr'>cusatoribus</span> <span class='ocrx_word' id='word_1_412' title='bbox 1209 300 1374 337; x_wconf 86' lang='lat' dir='ltr'>inquirendo</span> <span class='ocrx_word' id='word_1_413' title='bbox 1388 301 1522 335; x_wconf 87' lang='lat' dir='ltr'>scienter,</span> <span class='ocrx_word' id='word_1_414' title='bbox 1538 301 1581 330; x_wconf 92' lang='lat' dir='ltr'>vel</span> <span class='ocrx_word' id='word_1_415' title='bbox 1602 304 1776 331; x_wconf 85' lang='lat' dir='ltr'>accusatores</span> <span class='ocrx_word' id='word_1_416' title='bbox 1796 302 1861 330; x_wconf 86' lang='lat' dir='ltr'>alio-</span> 
     </span>
     <span class='ocr_line' id='line_1_65' title="bbox 1019 346 1861 385; baseline 0.005 -12"><span class='ocrx_word' id='word_1_417' title='bbox 1019 353 1081 373; x_wconf 91' lang='lat' dir='ltr'>rum</span> <span class='ocrx_word' id='word_1_418' title='bbox 1098 346 1216 375; x_wconf 89' lang='lat' dir='ltr'>indebite</span> <span class='ocrx_word' id='word_1_419' title='bbox 1232 347 1391 381; x_wconf 88' lang='lat' dir='ltr'>revelando,</span> <span class='ocrx_word' id='word_1_420' title='bbox 1411 348 1500 376; x_wconf 86' lang='lat' dir='ltr'>tribus</span> <span class='ocrx_word' id='word_1_421' title='bbox 1514 347 1611 377; x_wconf 87' lang='lat' dir='ltr'>diebus</span> <span class='ocrx_word' id='word_1_422' title='bbox 1626 348 1653 376; x_wconf 93' lang='lat' dir='ltr'>in</span> <span class='ocrx_word' id='word_1_423' title='bbox 1669 356 1738 385; x_wconf 88' lang='lat' dir='ltr'>pane</span> <span class='ocrx_word' id='word_1_424' title='bbox 1754 352 1861 377; x_wconf 89' lang='lat' dir='ltr'>tantum</span> 
     </span>
     <span class='ocr_line' id='line_1_66' title="bbox 1018 392 1861 432; baseline 0.006 -13"><span class='ocrx_word' id='word_1_425' title='bbox 1018 394 1045 419; x_wconf 91' lang='lat' dir='ltr'>et</span> <span class='ocrx_word' id='word_1_426' title='bbox 1065 400 1138 428; x_wconf 85' lang='lat' dir='ltr'>aqua</span> <span class='ocrx_word' id='word_1_427' title='bbox 1160 392 1263 421; x_wconf 87' lang='lat' dir='ltr'>ieiunet</span> <span class='ocrx_word' id='word_1_428' title='bbox 1275 392 1304 430; x_wconf 84' lang='lat'>¹].</span> <span class='ocrx_word' id='word_1_429' title='bbox 1327 394 1425 422; x_wconf 89' lang='lat' dir='ltr'>Nullus</span> <span class='ocrx_word' id='word_1_430' title='bbox 1445 394 1540 423; x_wconf 90' lang='lat' dir='ltr'>Frater</span> <span class='ocrx_word' id='word_1_431' title='bbox 1561 398 1672 423; x_wconf 85' lang='lat' dir='ltr'>accuset</span> <span class='ocrx_word' id='word_1_432' title='bbox 1693 395 1813 432; x_wconf 87' lang='lat' dir='ltr'>aliquem</span> <span class='ocrx_word' id='word_1_433' title='bbox 1828 395 1861 424; x_wconf 90' lang='lat' dir='ltr'>de</span> 
     </span>
     <span class='ocr_line' id='line_1_67' title="bbox 1017 437 1860 478; baseline 0.007 -14"><span class='ocrx_word' id='word_1_434' title='bbox 1017 437 1125 474; x_wconf 82' lang='lat' dir='ltr'>aliquo,</span> <span class='ocrx_word' id='word_1_435' title='bbox 1154 439 1234 467; x_wconf 87' lang='lat' dir='ltr'>cuius</span> <span class='ocrx_word' id='word_1_436' title='bbox 1264 440 1366 468; x_wconf 87' lang='lat' dir='ltr'>veritas</span> <span class='ocrx_word' id='word_1_437' title='bbox 1395 441 1436 469; x_wconf 83' lang='lat' dir='ltr'>vel</span> <span class='ocrx_word' id='word_1_438' title='bbox 1466 441 1536 469; x_wconf 87' lang='lat' dir='ltr'>fama</span> <span class='ocrx_word' id='word_1_439' title='bbox 1559 441 1668 478; x_wconf 89' lang='lat' dir='ltr'>probari</span> <span class='ocrx_word' id='word_1_440' title='bbox 1691 450 1743 470; x_wconf 92' lang='lat' dir='ltr'>non</span> <span class='ocrx_word' id='word_1_441' title='bbox 1767 442 1860 478; x_wconf 83' lang='lat' dir='ltr'>possit.</span> 
     </span>
     <span class='ocr_line' id='line_1_68' title="bbox 1017 484 1861 524; baseline 0.007 -13"><span class='ocrx_word' id='word_1_442' title='bbox 1017 484 1068 519; x_wconf 85' lang='lat' dir='ltr'>Qui</span> <span class='ocrx_word' id='word_1_443' title='bbox 1091 492 1156 512; x_wconf 81' lang='lat' dir='ltr'>vero</span> <span class='ocrx_word' id='word_1_444' title='bbox 1178 488 1273 514; x_wconf 86' lang='lat' dir='ltr'>contra</span> <span class='ocrx_word' id='word_1_445' title='bbox 1294 486 1388 515; x_wconf 88' lang='lat' dir='ltr'>fecerit</span> <span class='ocrx_word' id='word_1_446' title='bbox 1410 495 1460 523; x_wconf 90' lang='lat' dir='ltr'>pro</span> <span class='ocrx_word' id='word_1_447' title='bbox 1481 495 1528 521; x_wconf 91' lang='lat' dir='ltr'>eo,</span> <span class='ocrx_word' id='word_1_448' title='bbox 1551 488 1624 524; x_wconf 88' lang='lat' dir='ltr'>quod</span> <span class='ocrx_word' id='word_1_449' title='bbox 1646 488 1769 517; x_wconf 86' lang='lat' dir='ltr'>Fratrem</span> <span class='ocrx_word' id='word_1_450' title='bbox 1787 497 1861 517; x_wconf 91' lang='lat' dir='ltr'>com-</span> 
     </span>
     <span class='ocr_line' id='line_1_69' title="bbox 1017 530 1861 572; baseline 0.007 -14"><span class='ocrx_word' id='word_1_451' title='bbox 1017 530 1123 559; x_wconf 87' lang='lat' dir='ltr'>misisse</span> <span class='ocrx_word' id='word_1_452' title='bbox 1144 533 1310 565; x_wconf 85' lang='lat' dir='ltr'>asseruerit,</span> <span class='ocrx_word' id='word_1_453' title='bbox 1334 541 1447 569; x_wconf 89' lang='lat' dir='ltr'>poenam</span> <span class='ocrx_word' id='word_1_454' title='bbox 1469 534 1618 568; x_wconf 88' lang='lat' dir='ltr'>sustineat,</span> <span class='ocrx_word' id='word_1_455' title='bbox 1640 543 1711 572; x_wconf 87' lang='lat' dir='ltr'>quae</span> <span class='ocrx_word' id='word_1_456' title='bbox 1733 538 1861 564; x_wconf 87' lang='lat' dir='ltr'>accusato</span> 
     </span>
     <span class='ocr_line' id='line_1_70' title="bbox 1017 575 1859 613; baseline 0.007 -9"><span class='ocrx_word' id='word_1_457' title='bbox 1017 575 1101 613; x_wconf 82' lang='lat' dir='ltr'>infligi</span> <span class='ocrx_word' id='word_1_458' title='bbox 1124 577 1252 612; x_wconf 87' lang='lat' dir='ltr'>deberet,</span> <span class='ocrx_word' id='word_1_459' title='bbox 1275 579 1296 607; x_wconf 89' lang='lat' dir='ltr'>si</span> <span class='ocrx_word' id='word_1_460' title='bbox 1318 579 1351 608; x_wconf 88' lang='lat' dir='ltr'>de</span> <span class='ocrx_word' id='word_1_461' title='bbox 1373 580 1487 609; x_wconf 89' lang='lat' dir='ltr'>crimine</span> <span class='ocrx_word' id='word_1_462' title='bbox 1515 580 1561 609; x_wconf 91' lang='grc'>1110</span> <span class='ocrx_word' id='word_1_463' title='bbox 1589 581 1731 610; x_wconf 90' lang='lat' dir='ltr'>convictus</span> <span class='ocrx_word' id='word_1_464' title='bbox 1755 581 1859 610; x_wconf 88' lang='lat' dir='ltr'>fuisset.</span> 
     </span>
     <span class='ocr_line' id='line_1_71' title="bbox 1018 623 1861 666; baseline 0.008 -16"><span class='ocrx_word' id='word_1_465' title='bbox 1018 623 1088 652; x_wconf 86' lang='lat' dir='ltr'>Idem</span> <span class='ocrx_word' id='word_1_466' title='bbox 1111 623 1158 652; x_wconf 85' lang='lat' dir='ltr'>fiat</span> <span class='ocrx_word' id='word_1_467' title='bbox 1177 624 1210 652; x_wconf 89' lang='lat' dir='ltr'>de</span> <span class='ocrx_word' id='word_1_468' title='bbox 1233 625 1278 652; x_wconf 89' lang='lat' dir='ltr'>illo</span> <span class='ocrx_word' id='word_1_469' title='bbox 1299 626 1346 662; x_wconf 90' lang='lat' dir='ltr'>qui</span> <span class='ocrx_word' id='word_1_470' title='bbox 1369 626 1486 655; x_wconf 88' lang='lat' dir='ltr'>scienter</span> <span class='ocrx_word' id='word_1_471' title='bbox 1501 627 1619 664; x_wconf 86' lang='lat' dir='ltr'>aliquem</span> <span class='ocrx_word' id='word_1_472' title='bbox 1643 627 1676 656; x_wconf 90' lang='lat' dir='ltr'>de</span> <span class='ocrx_word' id='word_1_473' title='bbox 1697 627 1861 666; x_wconf 65' lang='grc'>6110110166-</span> 
     </span>
     <span class='ocr_line' id='line_1_72' title="bbox 1016 670 1859 708; baseline 0.007 -11"><span class='ocrx_word' id='word_1_474' title='bbox 1016 670 1182 707; x_wconf 78' lang='lat' dir='ltr'>cusaverit],</span> <span class='ocrx_word' id='word_1_475' title='bbox 1204 671 1237 699; x_wconf 89' lang='lat' dir='ltr'>de</span> <span class='ocrx_word' id='word_1_476' title='bbox 1258 680 1314 708; x_wconf 92' lang='lat' dir='ltr'>quo</span> <span class='ocrx_word' id='word_1_477' title='bbox 1342 672 1425 701; x_wconf 83' lang='lat' dir='ltr'>fuerit</span> <span class='ocrx_word' id='word_1_478' title='bbox 1454 673 1623 702; x_wconf 86' lang='lat' dir='ltr'>sufficienter</span> <span class='ocrx_word' id='word_1_479' title='bbox 1652 678 1803 703; x_wconf 86' lang='lat' dir='ltr'>correctus.</span> <span class='ocrx_word' id='word_1_480' title='bbox 1833 675 1859 703; x_wconf 86' lang='lat' dir='ltr'>Si</span> 
     </span>
     <span class='ocr_line' id='line_1_73' title="bbox 1017 718 1859 757; baseline 0.007 -13"><span class='ocrx_word' id='word_1_481' title='bbox 1017 725 1082 745; x_wconf 83' lang='lat' dir='ltr'>vero</span> <span class='ocrx_word' id='word_1_482' title='bbox 1105 718 1130 745; x_wconf 93' lang='lat' dir='ltr'>in</span> <span class='ocrx_word' id='word_1_483' title='bbox 1152 718 1313 754; x_wconf 85' lang='lat' dir='ltr'>probatione</span> <span class='ocrx_word' id='word_1_484' title='bbox 1336 719 1476 754; x_wconf 82' lang='lat' dir='ltr'>infamiae,</span> <span class='ocrx_word' id='word_1_485' title='bbox 1496 720 1529 749; x_wconf 86' lang='lat' dir='ltr'>de</span> <span class='ocrx_word' id='word_1_486' title='bbox 1544 729 1599 757; x_wconf 86' lang='lat' dir='ltr'>qua</span> <span class='ocrx_word' id='word_1_487' title='bbox 1615 724 1721 750; x_wconf 90' lang='lat' dir='ltr'>tantum</span> <span class='ocrx_word' id='word_1_488' title='bbox 1736 725 1859 756; x_wconf 89' lang='lat' dir='ltr'>accusat,</span> 
     </span>
     <span class='ocr_line' id='line_1_74' title="bbox 1016 764 1860 805; baseline 0.007 -13"><span class='ocrx_word' id='word_1_489' title='bbox 1016 764 1161 798; x_wconf 82' lang='lat' dir='ltr'>defecerit,</span> <span class='ocrx_word' id='word_1_490' title='bbox 1184 774 1234 802; x_wconf 92' lang='lat' dir='ltr'>pro</span> <span class='ocrx_word' id='word_1_491' title='bbox 1256 767 1353 803; x_wconf 88' lang='lat' dir='ltr'>culpae</span> <span class='ocrx_word' id='word_1_492' title='bbox 1375 767 1455 795; x_wconf 89' lang='lat' dir='ltr'>modo</span> <span class='ocrx_word' id='word_1_493' title='bbox 1477 768 1596 804; x_wconf 86' lang='lat' dir='ltr'>legitime</span> <span class='ocrx_word' id='word_1_494' title='bbox 1618 769 1759 805; x_wconf 85' lang='lat' dir='ltr'>puniatur.</span> <span class='ocrx_word' id='word_1_495' title='bbox 1775 770 1860 798; x_wconf 79' lang='lat' dir='ltr'>Accu-</span> 
     </span>
     <span class='ocr_line' id='line_1_75' title="bbox 1016 811 1860 849; baseline 0.006 -10"><span class='ocrx_word' id='word_1_496' title='bbox 1016 811 1149 845; x_wconf 84' lang='lat' dir='ltr'>sationcs‚</span> <span class='ocrx_word' id='word_1_497' title='bbox 1179 821 1250 849; x_wconf 86' lang='lat' dir='ltr'>quae</span> <span class='ocrx_word' id='word_1_498' title='bbox 1278 814 1437 842; x_wconf 84' lang='lat' dir='ltr'>scribendae</span> <span class='ocrx_word' id='word_1_499' title='bbox 1463 818 1543 849; x_wconf 85' lang='lat' dir='ltr'>sunt,</span> <span class='ocrx_word' id='word_1_500' title='bbox 1565 815 1647 843; x_wconf 88' lang='lat' dir='ltr'>certis</span> <span class='ocrx_word' id='word_1_501' title='bbox 1669 816 1760 844; x_wconf 89' lang='lat' dir='ltr'>verbis</span> <span class='ocrx_word' id='word_1_502' title='bbox 1781 816 1860 844; x_wconf 85' lang='lat' dir='ltr'>iuxta</span> 
     </span>
     <span class='ocr_line' id='line_1_76' title="bbox 1016 858 1858 896; baseline 0.006 -10"><span class='ocrx_word' id='word_1_503' title='bbox 1016 858 1240 895; x_wconf 83' lang='lat' dir='ltr'>approbationem</span> <span class='ocrx_word' id='word_1_504' title='bbox 1269 860 1385 896; x_wconf 83' lang='lat' dir='ltr'>Capituli</span> <span class='ocrx_word' id='word_1_505' title='bbox 1412 861 1631 890; x_wconf 86' lang='lat' dir='ltr'>conscribantur.</span> <span class='ocrx_word' id='word_1_506' title='bbox 1661 862 1748 890; x_wconf 86' lang='lat' dir='ltr'>Fratri</span> <span class='ocrx_word' id='word_1_507' title='bbox 1777 862 1858 891; x_wconf 87' lang='lat' dir='ltr'>etiam</span> 
     </span>
     <span class='ocr_line' id='line_1_77' title="bbox 1016 904 1859 943; baseline 0.007 -11"><span class='ocrx_word' id='word_1_508' title='bbox 1016 904 1155 939; x_wconf 87' lang='lat' dir='ltr'>incusato,</span> <span class='ocrx_word' id='word_1_509' title='bbox 1179 910 1322 943; x_wconf 86' lang='lat' dir='ltr'>postquam</span> <span class='ocrx_word' id='word_1_510' title='bbox 1346 910 1490 936; x_wconf 88' lang='lat' dir='ltr'>revocatus</span> <span class='ocrx_word' id='word_1_511' title='bbox 1512 908 1612 942; x_wconf 87' lang='grc'>1116111,</span> <span class='ocrx_word' id='word_1_512' title='bbox 1638 909 1778 937; x_wconf 85' lang='lat' dir='ltr'>audientia</span> <span class='ocrx_word' id='word_1_513' title='bbox 1805 918 1859 938; x_wconf 89' lang='lat' dir='ltr'>non</span> 
     </span>
     <span class='ocr_line' id='line_1_78' title="bbox 1016 953 1859 988; baseline 0.007 -9"><span class='ocrx_word' id='word_1_514' title='bbox 1016 955 1140 988; x_wconf 78' lang='lat' dir='ltr'>negetur.</span> <span class='ocrx_word' id='word_1_515' title='bbox 1163 953 1319 982; x_wconf 88' lang='lat' dir='ltr'>Teneantur</span> <span class='ocrx_word' id='word_1_516' title='bbox 1341 957 1433 983; x_wconf 80' lang='lat' dir='ltr'>autem</span> <span class='ocrx_word' id='word_1_517' title='bbox 1456 955 1565 984; x_wconf 89' lang='lat' dir='ltr'>Fratres</span> <span class='ocrx_word' id='word_1_518' title='bbox 1587 955 1781 985; x_wconf 82' lang='lat' dir='ltr'>visitatoribus</span> <span class='ocrx_word' id='word_1_519' title='bbox 1802 957 1859 985; x_wconf 89' lang='lat' dir='ltr'>suis</span> 
     </span>
     <span class='ocr_line' id='line_1_79' title="bbox 1016 998 1857 1038; baseline 0.007 -13"><span class='ocrx_word' id='word_1_520' title='bbox 1016 998 1043 1026; x_wconf 92' lang='lat' dir='ltr'>in</span> <span class='ocrx_word' id='word_1_521' title='bbox 1066 998 1108 1026; x_wconf 87' lang='grc'>1115</span> <span class='ocrx_word' id='word_1_522' title='bbox 1129 1007 1199 1035; x_wconf 84' lang='lat' dir='ltr'>quae</span> <span class='ocrx_word' id='word_1_523' title='bbox 1221 999 1253 1027; x_wconf 88' lang='lat' dir='ltr'>ad</span> <span class='ocrx_word' id='word_1_524' title='bbox 1282 1000 1403 1028; x_wconf 85' lang='lat' dir='ltr'>officium</span> <span class='ocrx_word' id='word_1_525' title='bbox 1426 1009 1508 1029; x_wconf 91' lang='lat' dir='ltr'>suum</span> <span class='ocrx_word' id='word_1_526' title='bbox 1533 1002 1685 1038; x_wconf 87' lang='lat' dir='ltr'>pertinent,</span> <span class='ocrx_word' id='word_1_527' title='bbox 1707 1005 1734 1030; x_wconf 92' lang='lat' dir='ltr'>et</span> <span class='ocrx_word' id='word_1_528' title='bbox 1755 1011 1808 1030; x_wconf 94' lang='lat' dir='ltr'>non</span> <span class='ocrx_word' id='word_1_529' title='bbox 1830 1003 1857 1030; x_wconf 92' lang='lat' dir='ltr'>in</span> 
     </span>
     <span class='ocr_line' id='line_1_80' title="bbox 1015 1045 1857 1085; baseline 0.005 -12"><span class='ocrx_word' id='word_1_530' title='bbox 1015 1045 1090 1078; x_wconf 88' lang='lat' dir='ltr'>aliis,</span> <span class='ocrx_word' id='word_1_531' title='bbox 1112 1045 1232 1074; x_wconf 86' lang='lat' dir='ltr'>obedire.</span> <span class='ocrx_word' id='word_1_532' title='bbox 1255 1047 1287 1075; x_wconf 88' lang='lat' dir='ltr'>Et</span> <span class='ocrx_word' id='word_1_533' title='bbox 1308 1047 1334 1075; x_wconf 92' lang='lat' dir='ltr'>in</span> <span class='ocrx_word' id='word_1_534' title='bbox 1356 1048 1433 1076; x_wconf 89' lang='lat' dir='ltr'>nullo</span> <span class='ocrx_word' id='word_1_535' title='bbox 1455 1051 1582 1077; x_wconf 87' lang='lat' dir='ltr'>teneatur</span> <span class='ocrx_word' id='word_1_536' title='bbox 1597 1048 1697 1085; x_wconf 90' lang='lat' dir='ltr'>aliquis</span> <span class='ocrx_word' id='word_1_537' title='bbox 1718 1049 1857 1078; x_wconf 87' lang='lat' dir='ltr'>Visitatori</span> 
     </span>
     <span class='ocr_line' id='line_1_81' title="bbox 1015 1091 1858 1131; baseline 0.006 -12"><span class='ocrx_word' id='word_1_538' title='bbox 1015 1091 1142 1125; x_wconf 90' lang='lat' dir='ltr'>obedire,</span> <span class='ocrx_word' id='word_1_539' title='bbox 1175 1093 1248 1129; x_wconf 87' lang='lat' dir='ltr'>quod</span> <span class='ocrx_word' id='word_1_540' title='bbox 1280 1102 1333 1121; x_wconf 91' lang='lat' dir='ltr'>non</span> <span class='ocrx_word' id='word_1_541' title='bbox 1367 1094 1451 1130; x_wconf 89' lang='lat' dir='ltr'>possit</span> <span class='ocrx_word' id='word_1_542' title='bbox 1480 1103 1528 1131; x_wconf 90' lang='lat' dir='ltr'>per</span> <span class='ocrx_word' id='word_1_543' title='bbox 1556 1095 1626 1124; x_wconf 90' lang='lat' dir='ltr'>duos</span> <span class='ocrx_word' id='word_1_544' title='bbox 1653 1095 1721 1124; x_wconf 90' lang='lat' dir='ltr'>aiios</span> <span class='ocrx_word' id='word_1_545' title='bbox 1749 1096 1858 1124; x_wconf 86' lang='lat' dir='ltr'>Fratres</span> 
     </span>
     <span class='ocr_line' id='line_1_82' title="bbox 1015 1139 1136 1175; baseline 0 -9"><span class='ocrx_word' id='word_1_546' title='bbox 1015 1139 1136 1175; x_wconf 89' lang='lat' dir='ltr'>probari.</span> 
     </span>
    </p>

    <p class='ocr_par' dir='ltr' id='par_1_14' title="bbox 1013 1185 1858 1692">
     <span class='ocr_line' id='line_1_83' title="bbox 1095 1185 1858 1225; baseline 0.007 -12"><span class='ocrx_word' id='word_1_547' title='bbox 1095 1185 1254 1215; x_wconf 81' lang='lat' dir='ltr'>Visitatores</span> <span class='ocrx_word' id='word_1_548' title='bbox 1276 1195 1341 1224; x_wconf 82' lang='lat' dir='ltr'>ergo</span> <span class='ocrx_word' id='word_1_549' title='bbox 1363 1188 1443 1216; x_wconf 86' lang='lat' dir='ltr'>iuxta</span> <span class='ocrx_word' id='word_1_550' title='bbox 1463 1188 1580 1217; x_wconf 82' lang='lat' dir='ltr'>sormam</span> <span class='ocrx_word' id='word_1_551' title='bbox 1603 1189 1780 1225; x_wconf 89' lang='lat' dir='ltr'>praemissam</span> <span class='ocrx_word' id='word_1_552' title='bbox 1797 1198 1858 1218; x_wconf 92' lang='lat' dir='ltr'>cor-</span> 
     </span>
     <span class='ocr_line' id='line_1_84' title="bbox 1016 1232 1857 1272; baseline 0.004 -12"><span class='ocrx_word' id='word_1_553' title='bbox 1016 1232 1103 1269; x_wconf 77' lang='lat' dir='ltr'>rigant</span> <span class='ocrx_word' id='word_1_554' title='bbox 1127 1241 1258 1262; x_wconf 89' lang='lat' dir='ltr'>excessus</span> <span class='ocrx_word' id='word_1_555' title='bbox 1273 1234 1416 1268; x_wconf 88' lang='lat' dir='ltr'>Fratrum,</span> <span class='ocrx_word' id='word_1_556' title='bbox 1432 1243 1502 1272; x_wconf 91' lang='grc'>(11105</span> <span class='ocrx_word' id='word_1_557' title='bbox 1518 1235 1684 1270; x_wconf 87' lang='lat' dir='ltr'>visitabunt,</span> <span class='ocrx_word' id='word_1_558' title='bbox 1700 1236 1751 1264; x_wconf 89' lang='grc'>1106</span> <span class='ocrx_word' id='word_1_559' title='bbox 1767 1237 1857 1271; x_wconf 88' lang='lat' dir='ltr'>salvo,</span> 
     </span>
     <span class='ocr_line' id='line_1_85' title="bbox 1015 1279 1858 1319; baseline 0.005 -12"><span class='ocrx_word' id='word_1_560' title='bbox 1015 1279 1089 1316; x_wconf 90' lang='lat' dir='ltr'>quod</span> <span class='ocrx_word' id='word_1_561' title='bbox 1110 1287 1242 1308; x_wconf 86' lang='lat' dir='ltr'>excessus</span> <span class='ocrx_word' id='word_1_562' title='bbox 1263 1281 1377 1309; x_wconf 86' lang='lat' dir='ltr'>Ministri</span> <span class='ocrx_word' id='word_1_563' title='bbox 1400 1281 1591 1318; x_wconf 85' lang='lat' dir='ltr'>provincialis,</span> <span class='ocrx_word' id='word_1_564' title='bbox 1613 1285 1640 1310; x_wconf 92' lang='lat' dir='ltr'>et</span> <span class='ocrx_word' id='word_1_565' title='bbox 1661 1282 1682 1311; x_wconf 91' lang='lat' dir='ltr'>si</span> <span class='ocrx_word' id='word_1_566' title='bbox 1704 1283 1797 1319; x_wconf 83' lang='lat' dir='ltr'>aliqua</span> <span class='ocrx_word' id='word_1_567' title='bbox 1818 1283 1858 1311; x_wconf 95' lang='lat' dir='ltr'>in-</span> 
     </span>
     <span class='ocr_line' id='line_1_86' title="bbox 1017 1326 1858 1366; baseline 0.005 -12"><span class='ocrx_word' id='word_1_568' title='bbox 1017 1326 1141 1355; x_wconf 89' lang='lat' dir='ltr'>venerint</span> <span class='ocrx_word' id='word_1_569' title='bbox 1162 1326 1297 1361; x_wconf 85' lang='lat' dir='ltr'>difficilia,</span> <span class='ocrx_word' id='word_1_570' title='bbox 1320 1328 1444 1364; x_wconf 88' lang='lat' dir='ltr'>Capitulo</span> <span class='ocrx_word' id='word_1_571' title='bbox 1467 1329 1625 1365; x_wconf 89' lang='lat' dir='ltr'>provinciali</span> <span class='ocrx_word' id='word_1_572' title='bbox 1654 1333 1804 1366; x_wconf 87' lang='lat' dir='ltr'>reportent.</span> <span class='ocrx_word' id='word_1_573' title='bbox 1829 1330 1858 1359; x_wconf 88' lang='lat' dir='ltr'>Et</span> 
     </span>
     <span class='ocr_line' id='line_1_87' title="bbox 1016 1374 1857 1405; baseline 0.005 -4"><span class='ocrx_word' id='word_1_574' title='bbox 1016 1376 1082 1401; x_wconf 91' lang='lat' dir='ltr'>tunc</span> <span class='ocrx_word' id='word_1_575' title='bbox 1104 1381 1167 1401; x_wconf 84' lang='lat' dir='ltr'>cum</span> <span class='ocrx_word' id='word_1_576' title='bbox 1190 1374 1312 1402; x_wconf 88' lang='lat' dir='ltr'>Ministro</span> <span class='ocrx_word' id='word_1_577' title='bbox 1333 1377 1360 1403; x_wconf 90' lang='lat' dir='ltr'>et</span> <span class='ocrx_word' id='word_1_578' title='bbox 1382 1375 1578 1404; x_wconf 77' lang='lat' dir='ltr'>Definitoribus</span> <span class='ocrx_word' id='word_1_579' title='bbox 1599 1376 1796 1404; x_wconf 90' lang='lat' dir='ltr'>correctionem</span> <span class='ocrx_word' id='word_1_580' title='bbox 1812 1384 1857 1405; x_wconf 92' lang='grc'>60-</span> 
     </span>
     <span class='ocr_line' id='line_1_88' title="bbox 1016 1420 1857 1457; baseline 0.005 -10"><span class='ocrx_word' id='word_1_581' title='bbox 1016 1427 1074 1448; x_wconf 88' lang='lat' dir='ltr'>ram</span> <span class='ocrx_word' id='word_1_582' title='bbox 1098 1420 1151 1448; x_wconf 88' lang='grc'>11115</span> <span class='ocrx_word' id='word_1_583' title='bbox 1173 1423 1295 1453; x_wconf 89' lang='lat' dir='ltr'>tantum,</span> <span class='ocrx_word' id='word_1_584' title='bbox 1318 1421 1364 1457; x_wconf 89' lang='lat' dir='ltr'>qui</span> <span class='ocrx_word' id='word_1_585' title='bbox 1386 1421 1492 1455; x_wconf 89' lang='lat' dir='ltr'>sciunt,</span> <span class='ocrx_word' id='word_1_586' title='bbox 1515 1425 1664 1450; x_wconf 88' lang='lat' dir='ltr'>exerceant</span> <span class='ocrx_word' id='word_1_587' title='bbox 1678 1422 1711 1451; x_wconf 92' lang='lat' dir='ltr'>de</span> <span class='ocrx_word' id='word_1_588' title='bbox 1726 1422 1857 1457; x_wconf 82' lang='lat' dir='ltr'>inventis,</span> 
     </span>
     <span class='ocr_line' id='line_1_89' title="bbox 1016 1467 1858 1506; baseline 0.005 -12"><span class='ocrx_word' id='word_1_589' title='bbox 1016 1467 1065 1495; x_wconf 89' lang='lat' dir='ltr'>nisi</span> <span class='ocrx_word' id='word_1_590' title='bbox 1089 1467 1123 1495; x_wconf 87' lang='lat' dir='ltr'>sit</span> <span class='ocrx_word' id='word_1_591' title='bbox 1145 1467 1205 1495; x_wconf 87' lang='lat' dir='ltr'>talis</span> <span class='ocrx_word' id='word_1_592' title='bbox 1226 1475 1374 1501; x_wconf 84' lang='lat' dir='ltr'>excessus,</span> <span class='ocrx_word' id='word_1_593' title='bbox 1396 1468 1442 1505; x_wconf 88' lang='lat' dir='ltr'>qui</span> <span class='ocrx_word' id='word_1_594' title='bbox 1466 1468 1500 1496; x_wconf 89' lang='lat' dir='ltr'>sit</span> <span class='ocrx_word' id='word_1_595' title='bbox 1516 1476 1602 1505; x_wconf 88' lang='lat' dir='ltr'>poena</span> <span class='ocrx_word' id='word_1_596' title='bbox 1617 1469 1727 1505; x_wconf 88' lang='lat' dir='ltr'>publica</span> <span class='ocrx_word' id='word_1_597' title='bbox 1742 1469 1858 1506; x_wconf 83' lang='lat' dir='ltr'>punien-</span> 
     </span>
     <span class='ocr_line' id='line_1_90' title="bbox 1014 1513 1857 1552; baseline 0.004 -11"><span class='ocrx_word' id='word_1_598' title='bbox 1014 1513 1074 1542; x_wconf 89' lang='lat' dir='ltr'>dus.</span> <span class='ocrx_word' id='word_1_599' title='bbox 1098 1514 1161 1542; x_wconf 63' lang='lat' dir='ltr'>Aliis</span> <span class='ocrx_word' id='word_1_600' title='bbox 1182 1521 1247 1542; x_wconf 88' lang='lat' dir='ltr'>vero</span> <span class='ocrx_word' id='word_1_601' title='bbox 1268 1514 1380 1551; x_wconf 80' lang='lat' dir='ltr'>agendis</span> <span class='ocrx_word' id='word_1_602' title='bbox 1400 1515 1517 1551; x_wconf 89' lang='lat' dir='ltr'>Capituli</span> <span class='ocrx_word' id='word_1_603' title='bbox 1540 1523 1593 1543; x_wconf 92' lang='lat' dir='ltr'>non</span> <span class='ocrx_word' id='word_1_604' title='bbox 1615 1515 1751 1544; x_wconf 88' lang='lat' dir='ltr'>intersint.</span> <span class='ocrx_word' id='word_1_605' title='bbox 1774 1516 1857 1552; x_wconf 89' lang='lat' dir='ltr'>Quid-</span> 
     </span>
     <span class='ocr_line' id='line_1_91' title="bbox 1014 1561 1857 1600; baseline 0.002 -11"><span class='ocrx_word' id='word_1_606' title='bbox 1014 1561 1079 1597; x_wconf 88' lang='lat' dir='ltr'>quid</span> <span class='ocrx_word' id='word_1_607' title='bbox 1102 1564 1193 1589; x_wconf 88' lang='lat' dir='ltr'>autem</span> <span class='ocrx_word' id='word_1_608' title='bbox 1217 1562 1367 1597; x_wconf 86' lang='lat' dir='ltr'>portaverit</span> <span class='ocrx_word' id='word_1_609' title='bbox 1389 1562 1518 1590; x_wconf 86' lang='lat' dir='ltr'>Visitator</span> <span class='ocrx_word' id='word_1_610' title='bbox 1546 1562 1579 1590; x_wconf 91' lang='lat' dir='ltr'>ad</span> <span class='ocrx_word' id='word_1_611' title='bbox 1607 1562 1764 1599; x_wconf 88' lang='lat' dir='ltr'>Capitulum</span> <span class='ocrx_word' id='word_1_612' title='bbox 1793 1572 1857 1600; x_wconf 91' lang='lat' dir='ltr'>pro-</span> 
     </span>
     <span class='ocr_line' id='line_1_92' title="bbox 1014 1607 1856 1644; baseline 0.004 -9"><span class='ocrx_word' id='word_1_613' title='bbox 1014 1607 1129 1636; x_wconf 88' lang='lat' dir='ltr'>vinciale</span> <span class='ocrx_word' id='word_1_614' title='bbox 1151 1607 1361 1644; x_wconf 78' lang='lat' dir='ltr'>corrigendum,</span> <span class='ocrx_word' id='word_1_615' title='bbox 1384 1608 1482 1636; x_wconf 91' lang='lat' dir='ltr'>ibidem</span> <span class='ocrx_word' id='word_1_616' title='bbox 1505 1609 1547 1637; x_wconf 89' lang='lat' dir='ltr'>vel</span> <span class='ocrx_word' id='word_1_617' title='bbox 1568 1608 1603 1637; x_wconf 91' lang='lat' dir='ltr'>de</span> <span class='ocrx_word' id='word_1_618' title='bbox 1624 1609 1683 1637; x_wconf 89' lang='lat' dir='ltr'>loco</span> <span class='ocrx_word' id='word_1_619' title='bbox 1707 1609 1740 1637; x_wconf 89' lang='lat' dir='ltr'>ad</span> <span class='ocrx_word' id='word_1_620' title='bbox 1766 1610 1856 1638; x_wconf 91' lang='lat' dir='ltr'>locum</span> 
     </span>
     <span class='ocr_line' id='line_1_93' title="bbox 1013 1653 1854 1692; baseline 0.004 -11"><span class='ocrx_word' id='word_1_621' title='bbox 1013 1653 1118 1682; x_wconf 88' lang='lat' dir='ltr'>deferat</span> <span class='ocrx_word' id='word_1_622' title='bbox 1139 1654 1206 1682; x_wconf 81' lang='lat' dir='ltr'>illud</span> <span class='ocrx_word' id='word_1_623' title='bbox 1228 1654 1281 1682; x_wconf 90' lang='lat' dir='ltr'>sub</span> <span class='ocrx_word' id='word_1_624' title='bbox 1302 1654 1389 1691; x_wconf 82' lang='lat' dir='ltr'>sigillo</span> <span class='ocrx_word' id='word_1_625' title='bbox 1411 1654 1484 1683; x_wconf 89' lang='lat' dir='ltr'>illius</span> <span class='ocrx_word' id='word_1_626' title='bbox 1506 1655 1572 1689; x_wconf 88' lang='grc'>1061,</span> <span class='ocrx_word' id='word_1_627' title='bbox 1589 1655 1614 1683; x_wconf 93' lang='grc'>111</span> <span class='ocrx_word' id='word_1_628' title='bbox 1633 1663 1689 1692; x_wconf 84' lang='grc'>(1110</span> <span class='ocrx_word' id='word_1_629' title='bbox 1710 1655 1854 1684; x_wconf 87' lang='lat' dir='ltr'>invenerit.</span> 
     </span>
    </p>

    <p class='ocr_par' dir='ltr' id='par_1_15' title="bbox 1011 1700 1856 2150">
     <span class='ocr_line' id='line_1_94' title="bbox 1092 1700 1856 1738; baseline 0.004 -10"><span class='ocrx_word' id='word_1_630' title='bbox 1092 1700 1117 1728; x_wconf 86' lang='lat' dir='ltr'>Si</span> <span class='ocrx_word' id='word_1_631' title='bbox 1131 1708 1196 1729; x_wconf 89' lang='lat' dir='ltr'>vero</span> <span class='ocrx_word' id='word_1_632' title='bbox 1208 1700 1336 1729; x_wconf 90' lang='lat' dir='ltr'>Visitator</span> <span class='ocrx_word' id='word_1_633' title='bbox 1352 1704 1469 1737; x_wconf 90' lang='lat' dir='ltr'>reputet,</span> <span class='ocrx_word' id='word_1_634' title='bbox 1485 1701 1587 1738; x_wconf 89' lang='lat' dir='ltr'>aliquid</span> <span class='ocrx_word' id='word_1_635' title='bbox 1604 1701 1680 1730; x_wconf 87' lang='lat' dir='ltr'>valde</span> <span class='ocrx_word' id='word_1_636' title='bbox 1695 1702 1813 1731; x_wconf 88' lang='lat' dir='ltr'>notabile</span> <span class='ocrx_word' id='word_1_637' title='bbox 1829 1702 1856 1731; x_wconf 91' lang='lat' dir='ltr'>in</span> 
     </span>
     <span class='ocr_line' id='line_1_95' title="bbox 1014 1747 1855 1784; baseline 0.002 -9"><span class='ocrx_word' id='word_1_638' title='bbox 1014 1747 1156 1775; x_wconf 85' lang='lat' dir='ltr'>Provincia</span> <span class='ocrx_word' id='word_1_639' title='bbox 1177 1747 1387 1784; x_wconf 72' lang='lat' dir='ltr'>corrigendum,</span> <span class='ocrx_word' id='word_1_640' title='bbox 1409 1748 1483 1784; x_wconf 90' lang='lat' dir='ltr'>quod</span> <span class='ocrx_word' id='word_1_641' title='bbox 1504 1748 1626 1777; x_wconf 88' lang='lat' dir='ltr'>Minister</span> <span class='ocrx_word' id='word_1_642' title='bbox 1647 1751 1674 1777; x_wconf 89' lang='lat' dir='ltr'>et</span> <span class='ocrx_word' id='word_1_643' title='bbox 1692 1748 1855 1778; x_wconf 88' lang='lat' dir='ltr'>Definitores</span> 
     </span>
     <span class='ocr_line' id='line_1_96' title="bbox 1012 1794 1854 1832; baseline 0.002 -10"><span class='ocrx_word' id='word_1_644' title='bbox 1012 1794 1128 1830; x_wconf 90' lang='lat' dir='ltr'>Capituli</span> <span class='ocrx_word' id='word_1_645' title='bbox 1152 1794 1224 1822; x_wconf 89' lang='lat' dir='ltr'>illius</span> <span class='ocrx_word' id='word_1_646' title='bbox 1245 1802 1300 1822; x_wconf 89' lang='lat' dir='ltr'>non</span> <span class='ocrx_word' id='word_1_647' title='bbox 1322 1795 1426 1831; x_wconf 90' lang='lat' dir='ltr'>possint</span> <span class='ocrx_word' id='word_1_648' title='bbox 1447 1795 1489 1823; x_wconf 89' lang='lat' dir='ltr'>vel</span> <span class='ocrx_word' id='word_1_649' title='bbox 1512 1795 1598 1824; x_wconf 93' lang='lat' dir='ltr'>nolint</span> <span class='ocrx_word' id='word_1_650' title='bbox 1627 1795 1782 1832; x_wconf 80' lang='lat' dir='ltr'>corrigere,</span> <span class='ocrx_word' id='word_1_651' title='bbox 1804 1803 1854 1824; x_wconf 89' lang='lat' dir='ltr'>seu</span> 
     </span>
     <span class='ocr_line' id='line_1_97' title="bbox 1013 1841 1855 1877; baseline 0.001 -8"><span class='ocrx_word' id='word_1_652' title='bbox 1013 1841 1206 1877; x_wconf 79' lang='lat' dir='ltr'>corrigendum</span> <span class='ocrx_word' id='word_1_653' title='bbox 1230 1849 1282 1869; x_wconf 92' lang='lat' dir='ltr'>non</span> <span class='ocrx_word' id='word_1_654' title='bbox 1309 1844 1456 1877; x_wconf 91' lang='lat' dir='ltr'>reputent;</span> <span class='ocrx_word' id='word_1_655' title='bbox 1485 1849 1566 1870; x_wconf 89' lang='lat' dir='ltr'>casus</span> <span class='ocrx_word' id='word_1_656' title='bbox 1594 1841 1763 1876; x_wconf 89' lang='lat' dir='ltr'>instructus,</span> <span class='ocrx_word' id='word_1_657' title='bbox 1791 1850 1855 1871; x_wconf 92' lang='lat' dir='ltr'>cum</span> 
     </span>
     <span class='ocr_line' id='line_1_98' title="bbox 1012 1887 1855 1925; baseline 0.001 -9"><span class='ocrx_word' id='word_1_658' title='bbox 1012 1887 1166 1916; x_wconf 89' lang='lat' dir='ltr'>rationibus</span> <span class='ocrx_word' id='word_1_659' title='bbox 1186 1888 1322 1924; x_wconf 91' lang='lat' dir='ltr'>opinionis</span> <span class='ocrx_word' id='word_1_660' title='bbox 1344 1888 1512 1924; x_wconf 77' lang='grc'>11111115111162</span> <span class='ocrx_word' id='word_1_661' title='bbox 1534 1888 1708 1925; x_wconf 88' lang='lat' dir='ltr'>conscriptus</span> <span class='ocrx_word' id='word_1_662' title='bbox 1731 1896 1855 1917; x_wconf 89' lang='lat' dir='ltr'>commu-</span> 
     </span>
     <span class='ocr_line' id='line_1_99' title="bbox 1012 1934 1853 1971; baseline 0.001 -9"><span class='ocrx_word' id='word_1_663' title='bbox 1012 1934 1084 1962; x_wconf 90' lang='lat' dir='ltr'>niter</span> <span class='ocrx_word' id='word_1_664' title='bbox 1105 1934 1158 1962; x_wconf 87' lang='lat' dir='ltr'>sub</span> <span class='ocrx_word' id='word_1_665' title='bbox 1178 1934 1266 1970; x_wconf 84' lang='lat' dir='ltr'>sigillo</span> <span class='ocrx_word' id='word_1_666' title='bbox 1287 1934 1401 1962; x_wconf 90' lang='lat' dir='ltr'>Ministri</span> <span class='ocrx_word' id='word_1_667' title='bbox 1424 1937 1451 1963; x_wconf 90' lang='lat' dir='ltr'>et</span> <span class='ocrx_word' id='word_1_668' title='bbox 1466 1935 1619 1963; x_wconf 89' lang='lat' dir='ltr'>Visitatoris</span> <span class='ocrx_word' id='word_1_669' title='bbox 1634 1943 1683 1971; x_wconf 92' lang='lat' dir='ltr'>per</span> <span class='ocrx_word' id='word_1_670' title='bbox 1698 1935 1853 1964; x_wconf 90' lang='lat' dir='ltr'>Discretum</span> 
     </span>
     <span class='ocr_line' id='line_1_100' title="bbox 1012 1981 1854 2018; baseline 0.001 -9"><span class='ocrx_word' id='word_1_671' title='bbox 1012 1981 1170 2009; x_wconf 83' lang='lat' dir='ltr'>Provinciae</span> <span class='ocrx_word' id='word_1_672' title='bbox 1191 1981 1308 2009; x_wconf 89' lang='lat' dir='ltr'>electum</span> <span class='ocrx_word' id='word_1_673' title='bbox 1330 1981 1435 2009; x_wconf 91' lang='lat' dir='ltr'>iturum</span> <span class='ocrx_word' id='word_1_674' title='bbox 1456 1981 1490 2009; x_wconf 89' lang='lat' dir='ltr'>ad</span> <span class='ocrx_word' id='word_1_675' title='bbox 1512 1981 1668 2018; x_wconf 90' lang='lat' dir='ltr'>Capitulum</span> <span class='ocrx_word' id='word_1_676' title='bbox 1690 1981 1723 2010; x_wconf 91' lang='lat' dir='ltr'>de</span> <span class='ocrx_word' id='word_1_677' title='bbox 1743 1981 1854 2010; x_wconf 85' lang='lat' dir='ltr'>Provin-</span> 
     </span>
     <span class='ocr_line' id='line_1_101' title="bbox 1012 2028 1854 2065; baseline 0.001 -9"><span class='ocrx_word' id='word_1_678' title='bbox 1012 2028 1066 2062; x_wconf 91' lang='lat' dir='ltr'>cia,</span> <span class='ocrx_word' id='word_1_679' title='bbox 1088 2028 1214 2057; x_wconf 89' lang='lat' dir='ltr'>mittatur</span> <span class='ocrx_word' id='word_1_680' title='bbox 1234 2028 1359 2064; x_wconf 87' lang='lat' dir='ltr'>Capitulo</span> <span class='ocrx_word' id='word_1_681' title='bbox 1380 2028 1516 2065; x_wconf 83' lang='lat' dir='ltr'>generali,</span> <span class='ocrx_word' id='word_1_682' title='bbox 1539 2029 1581 2057; x_wconf 92' lang='lat' dir='ltr'>vel</span> <span class='ocrx_word' id='word_1_683' title='bbox 1596 2028 1629 2057; x_wconf 88' lang='lat' dir='ltr'>ad</span> <span class='ocrx_word' id='word_1_684' title='bbox 1651 2028 1742 2057; x_wconf 90' lang='lat' dir='ltr'>minus</span> <span class='ocrx_word' id='word_1_685' title='bbox 1757 2028 1854 2057; x_wconf 89' lang='lat' dir='ltr'>Visita-</span> 
     </span>
     <span class='ocr_line' id='line_1_102' title="bbox 1012 2074 1854 2111; baseline 0.001 -9"><span class='ocrx_word' id='word_1_686' title='bbox 1012 2077 1086 2103; x_wconf 88' lang='lat' dir='ltr'>tores</span> <span class='ocrx_word' id='word_1_687' title='bbox 1108 2083 1156 2111; x_wconf 84' lang='lat' dir='ltr'>per</span> <span class='ocrx_word' id='word_1_688' title='bbox 1177 2082 1222 2108; x_wconf 91' lang='lat' dir='ltr'>se,</span> <span class='ocrx_word' id='word_1_689' title='bbox 1244 2074 1265 2103; x_wconf 88' lang='lat' dir='ltr'>si</span> <span class='ocrx_word' id='word_1_690' title='bbox 1287 2074 1442 2110; x_wconf 90' lang='lat' dir='ltr'>Capitulum</span> <span class='ocrx_word' id='word_1_691' title='bbox 1466 2083 1518 2103; x_wconf 90' lang='lat' dir='ltr'>non</span> <span class='ocrx_word' id='word_1_692' title='bbox 1541 2075 1712 2108; x_wconf 90' lang='lat' dir='ltr'>conveniret,</span> <span class='ocrx_word' id='word_1_693' title='bbox 1734 2075 1777 2103; x_wconf 90' lang='lat' dir='ltr'>vel</span> <span class='ocrx_word' id='word_1_694' title='bbox 1799 2083 1854 2103; x_wconf 92' lang='lat' dir='ltr'>non</span> 
     </span>
     <span class='ocr_line' id='line_1_103' title="bbox 1011 2122 1187 2150; baseline 0 0"><span class='ocrx_word' id='word_1_695' title='bbox 1011 2122 1187 2150; x_wconf 88' lang='lat' dir='ltr'>consentiret.</span> 
     </span>
    </p>

    <p class='ocr_par' dir='ltr' id='par_1_16' title="bbox 1005 2168 1852 2903">
     <span class='ocr_line' id='line_1_104' title="bbox 1090 2168 1851 2204; baseline 0 -8"><span class='ocrx_word' id='word_1_696' title='bbox 1090 2169 1247 2197; x_wconf 87' lang='lat' dir='ltr'>Teneantur</span> <span class='ocrx_word' id='word_1_697' title='bbox 1261 2172 1352 2196; x_wconf 90' lang='lat' dir='ltr'>autem</span> <span class='ocrx_word' id='word_1_698' title='bbox 1368 2168 1528 2196; x_wconf 88' lang='lat' dir='ltr'>Visitatores</span> <span class='ocrx_word' id='word_1_699' title='bbox 1543 2176 1592 2204; x_wconf 93' lang='lat' dir='ltr'>per</span> <span class='ocrx_word' id='word_1_700' title='bbox 1607 2168 1788 2197; x_wconf 86' lang='lat' dir='ltr'>obedientiam</span> <span class='ocrx_word' id='word_1_701' title='bbox 1803 2168 1851 2196; x_wconf 88' lang='lat' dir='ltr'>fir-</span> 
     </span>
     <span class='ocr_line' id='line_1_105' title="bbox 1012 2214 1852 2251; baseline 0 -8"><span class='ocrx_word' id='word_1_702' title='bbox 1012 2215 1093 2243; x_wconf 90' lang='lat' dir='ltr'>miter</span> <span class='ocrx_word' id='word_1_703' title='bbox 1108 2218 1135 2243; x_wconf 89' lang='lat' dir='ltr'>et</span> <span class='ocrx_word' id='word_1_704' title='bbox 1149 2215 1273 2244; x_wconf 86' lang='lat' dir='ltr'>districte</span> <span class='ocrx_word' id='word_1_705' title='bbox 1287 2218 1314 2243; x_wconf 89' lang='lat' dir='ltr'>et</span> <span class='ocrx_word' id='word_1_706' title='bbox 1327 2222 1423 2243; x_wconf 89' lang='lat' dir='ltr'>eorum</span> <span class='ocrx_word' id='word_1_707' title='bbox 1445 2215 1527 2248; x_wconf 90' lang='lat' dir='ltr'>socii,</span> <span class='ocrx_word' id='word_1_708' title='bbox 1544 2222 1578 2243; x_wconf 90' lang='lat' dir='ltr'>ne</span> <span class='ocrx_word' id='word_1_709' title='bbox 1592 2222 1624 2243; x_wconf 88' lang='lat' dir='ltr'>ea</span> <span class='ocrx_word' id='word_1_710' title='bbox 1638 2222 1709 2251; x_wconf 88' lang='lat' dir='ltr'>quae</span> <span class='ocrx_word' id='word_1_711' title='bbox 1723 2222 1772 2251; x_wconf 90' lang='lat' dir='ltr'>per</span> <span class='ocrx_word' id='word_1_712' title='bbox 1788 2214 1852 2243; x_wconf 90' lang='lat' dir='ltr'>visi—</span> 
     </span>
     <span class='ocr_line' id='line_1_106' title="bbox 1010 2261 1851 2297; baseline 0 -8"><span class='ocrx_word' id='word_1_713' title='bbox 1010 2261 1139 2289; x_wconf 91' lang='lat' dir='ltr'>tationem</span> <span class='ocrx_word' id='word_1_714' title='bbox 1162 2261 1354 2297; x_wconf 86' lang='lat' dir='ltr'>cognoverint,</span> <span class='ocrx_word' id='word_1_715' title='bbox 1370 2261 1487 2289; x_wconf 89' lang='lat' dir='ltr'>scienter</span> <span class='ocrx_word' id='word_1_716' title='bbox 1506 2261 1691 2290; x_wconf 89' lang='lat' dir='ltr'>nescientibus</span> <span class='ocrx_word' id='word_1_717' title='bbox 1713 2261 1851 2294; x_wconf 89' lang='lat' dir='ltr'>revelent,</span> 
     </span>
     <span class='ocr_line' id='line_1_107' title="bbox 1010 2307 1852 2344; baseline 0.001 -9"><span class='ocrx_word' id='word_1_718' title='bbox 1010 2308 1052 2336; x_wconf 90' lang='lat' dir='ltr'>vel</span> <span class='ocrx_word' id='word_1_719' title='bbox 1067 2311 1148 2336; x_wconf 86' lang='lat' dir='ltr'>extra</span> <span class='ocrx_word' id='word_1_720' title='bbox 1163 2307 1331 2336; x_wconf 88' lang='lat' dir='ltr'>Provinciam</span> <span class='ocrx_word' id='word_1_721' title='bbox 1355 2315 1447 2336; x_wconf 85' lang='lat' dir='ltr'>secum</span> <span class='ocrx_word' id='word_1_722' title='bbox 1470 2310 1595 2344; x_wconf 88' lang='lat' dir='ltr'>portent,</span> <span class='ocrx_word' id='word_1_723' title='bbox 1613 2307 1660 2336; x_wconf 92' lang='lat' dir='ltr'>sed</span> <span class='ocrx_word' id='word_1_724' title='bbox 1674 2307 1744 2336; x_wconf 90' lang='lat' dir='ltr'>datis</span> <span class='ocrx_word' id='word_1_725' title='bbox 1759 2308 1852 2344; x_wconf 91' lang='lat' dir='ltr'>poeni-</span> 
     </span>
     <span class='ocr_line' id='line_1_108' title="bbox 1009 2354 1851 2390; baseline 0.001 -8"><span class='ocrx_word' id='word_1_726' title='bbox 1009 2354 1101 2383; x_wconf 90' lang='lat' dir='ltr'>tentiis</span> <span class='ocrx_word' id='word_1_727' title='bbox 1116 2354 1173 2383; x_wconf 90' lang='lat' dir='ltr'>sine</span> <span class='ocrx_word' id='word_1_728' title='bbox 1188 2362 1265 2382; x_wconf 90' lang='lat' dir='ltr'>mora</span> <span class='ocrx_word' id='word_1_729' title='bbox 1289 2354 1380 2383; x_wconf 88' lang='lat' dir='ltr'>omnia</span> <span class='ocrx_word' id='word_1_730' title='bbox 1395 2354 1421 2382; x_wconf 90' lang='lat' dir='ltr'>in</span> <span class='ocrx_word' id='word_1_731' title='bbox 1437 2354 1547 2390; x_wconf 92' lang='lat' dir='ltr'>publico</span> <span class='ocrx_word' id='word_1_732' title='bbox 1561 2354 1705 2383; x_wconf 89' lang='lat' dir='ltr'>destruant</span> <span class='ocrx_word' id='word_1_733' title='bbox 1720 2355 1762 2383; x_wconf 90' lang='lat' dir='ltr'>vel</span> <span class='ocrx_word' id='word_1_734' title='bbox 1778 2362 1851 2383; x_wconf 87' lang='lat' dir='ltr'>com-</span> 
     </span>
     <span class='ocr_line' id='line_1_109' title="bbox 1008 2400 1849 2437; baseline 0.001 -9"><span class='ocrx_word' id='word_1_735' title='bbox 1008 2401 1118 2429; x_wconf 87' lang='lat' dir='ltr'>burant.</span> <span class='ocrx_word' id='word_1_736' title='bbox 1132 2400 1200 2429; x_wconf 85' lang='lat' dir='ltr'>Socii</span> <span class='ocrx_word' id='word_1_737' title='bbox 1218 2404 1306 2429; x_wconf 88' lang='lat' dir='ltr'>tamen</span> <span class='ocrx_word' id='word_1_738' title='bbox 1319 2400 1495 2429; x_wconf 87' lang='lat' dir='ltr'>Visitatorum</span> <span class='ocrx_word' id='word_1_739' title='bbox 1508 2400 1633 2437; x_wconf 89' lang='lat' dir='ltr'>Capitulo</span> <span class='ocrx_word' id='word_1_740' title='bbox 1647 2409 1701 2429; x_wconf 92' lang='lat' dir='ltr'>non</span> <span class='ocrx_word' id='word_1_741' title='bbox 1713 2400 1849 2429; x_wconf 89' lang='lat' dir='ltr'>intersint.</span> 
     </span>
     <span class='ocr_line' id='line_1_110' title="bbox 1009 2447 1850 2484; baseline 0.001 -9"><span class='ocrx_word' id='word_1_742' title='bbox 1009 2447 1145 2476; x_wconf 89' lang='lat' dir='ltr'>Excessus</span> <span class='ocrx_word' id='word_1_743' title='bbox 1155 2450 1246 2475; x_wconf 89' lang='lat' dir='ltr'>autem</span> <span class='ocrx_word' id='word_1_744' title='bbox 1261 2447 1447 2480; x_wconf 82' lang='lat' dir='ltr'>visitatorum,</span> <span class='ocrx_word' id='word_1_745' title='bbox 1459 2447 1608 2475; x_wconf 89' lang='lat' dir='ltr'>examinati</span> <span class='ocrx_word' id='word_1_746' title='bbox 1620 2455 1669 2484; x_wconf 87' lang='lat' dir='ltr'>per</span> <span class='ocrx_word' id='word_1_747' title='bbox 1684 2447 1850 2484; x_wconf 88' lang='lat' dir='ltr'>provinciale</span> 
     </span>
     <span class='ocr_line' id='line_1_111' title="bbox 1007 2493 1851 2531; baseline 0.002 -10"><span class='ocrx_word' id='word_1_748' title='bbox 1007 2494 1180 2530; x_wconf 85' lang='lat' dir='ltr'>Capitulum,</span> <span class='ocrx_word' id='word_1_749' title='bbox 1203 2493 1426 2522; x_wconf 85' lang='lat' dir='ltr'>transmittantur</span> <span class='ocrx_word' id='word_1_750' title='bbox 1448 2494 1610 2522; x_wconf 88' lang='lat' dir='ltr'>correctioni</span> <span class='ocrx_word' id='word_1_751' title='bbox 1633 2494 1749 2531; x_wconf 91' lang='lat' dir='ltr'>Capituli</span> <span class='ocrx_word' id='word_1_752' title='bbox 1768 2502 1851 2531; x_wconf 85' lang='lat' dir='ltr'>gene-</span> 
     </span>
     <span class='ocr_line' id='line_1_112' title="bbox 1008 2540 1849 2577; baseline 0.001 -9"><span class='ocrx_word' id='word_1_753' title='bbox 1008 2540 1088 2573; x_wconf 85' lang='lat' dir='ltr'>ralis,</span> <span class='ocrx_word' id='word_1_754' title='bbox 1110 2540 1147 2568; x_wconf 88' lang='lat' dir='ltr'>ita</span> <span class='ocrx_word' id='word_1_755' title='bbox 1169 2543 1268 2574; x_wconf 90' lang='lat' dir='ltr'>tamen,</span> <span class='ocrx_word' id='word_1_756' title='bbox 1290 2540 1379 2577; x_wconf 89' lang='lat' dir='ltr'>quod,</span> <span class='ocrx_word' id='word_1_757' title='bbox 1398 2540 1420 2568; x_wconf 92' lang='lat' dir='ltr'>si</span> <span class='ocrx_word' id='word_1_758' title='bbox 1442 2540 1571 2569; x_wconf 87' lang='lat' dir='ltr'>Visitator</span> <span class='ocrx_word' id='word_1_759' title='bbox 1592 2540 1619 2569; x_wconf 91' lang='lat' dir='ltr'>in</span> <span class='ocrx_word' id='word_1_760' title='bbox 1643 2541 1783 2570; x_wconf 88' lang='lat' dir='ltr'>Provincia</span> <span class='ocrx_word' id='word_1_761' title='bbox 1804 2541 1849 2569; x_wconf 89' lang='lat' dir='ltr'>illa</span> 
     </span>
     <span class='ocr_line' id='line_1_113' title="bbox 1006 2587 1848 2625; baseline 0.001 -10"><span class='ocrx_word' id='word_1_762' title='bbox 1006 2587 1103 2620; x_wconf 87' lang='grc'>1116111,</span> <span class='ocrx_word' id='word_1_763' title='bbox 1125 2587 1269 2615; x_wconf 89' lang='lat' dir='ltr'>nuntietur</span> <span class='ocrx_word' id='word_1_764' title='bbox 1290 2587 1396 2621; x_wconf 90' lang='lat' dir='ltr'>eidem;</span> <span class='ocrx_word' id='word_1_765' title='bbox 1419 2587 1440 2616; x_wconf 89' lang='lat' dir='ltr'>si</span> <span class='ocrx_word' id='word_1_766' title='bbox 1464 2595 1529 2616; x_wconf 88' lang='lat' dir='ltr'>vero</span> <span class='ocrx_word' id='word_1_767' title='bbox 1549 2587 1663 2621; x_wconf 87' lang='lat' dir='ltr'>absens,</span> <span class='ocrx_word' id='word_1_768' title='bbox 1678 2587 1848 2625; x_wconf 85' lang='lat' dir='ltr'>significetur</span> 
     </span>
     <span class='ocr_line' id='line_1_114' title="bbox 1006 2633 1848 2670; baseline 0.002 -9"><span class='ocrx_word' id='word_1_769' title='bbox 1006 2633 1056 2661; x_wconf 90' lang='lat' dir='ltr'>sibi</span> <span class='ocrx_word' id='word_1_770' title='bbox 1079 2641 1128 2670; x_wconf 91' lang='lat' dir='ltr'>per</span> <span class='ocrx_word' id='word_1_771' title='bbox 1150 2633 1254 2662; x_wconf 86' lang='lat' dir='ltr'>litteras</span> <span class='ocrx_word' id='word_1_772' title='bbox 1274 2634 1420 2670; x_wconf 87' lang='lat' dir='ltr'>speciales,</span> <span class='ocrx_word' id='word_1_773' title='bbox 1447 2636 1477 2662; x_wconf 90' lang='lat' dir='ltr'>ut</span> <span class='ocrx_word' id='word_1_774' title='bbox 1504 2642 1533 2662; x_wconf 91' lang='lat' dir='ltr'>se</span> <span class='ocrx_word' id='word_1_775' title='bbox 1561 2637 1748 2663; x_wconf 88' lang='lat' dir='ltr'>excusaturus</span> <span class='ocrx_word' id='word_1_776' title='bbox 1775 2642 1848 2663; x_wconf 87' lang='lat' dir='ltr'>com—</span> 
     </span>
     <span class='ocr_line' id='line_1_115' title="bbox 1006 2680 1848 2718; baseline 0.001 -10"><span class='ocrx_word' id='word_1_777' title='bbox 1006 2683 1115 2716; x_wconf 82' lang='lat' dir='ltr'>pareat,</span> <span class='ocrx_word' id='word_1_778' title='bbox 1138 2680 1159 2709; x_wconf 94' lang='lat' dir='ltr'>si</span> <span class='ocrx_word' id='word_1_779' title='bbox 1185 2680 1318 2714; x_wconf 89' lang='lat' dir='ltr'>voluerit,</span> <span class='ocrx_word' id='word_1_780' title='bbox 1347 2680 1471 2717; x_wconf 89' lang='lat' dir='ltr'>Capitulo</span> <span class='ocrx_word' id='word_1_781' title='bbox 1501 2681 1637 2718; x_wconf 83' lang='lat' dir='ltr'>generali,</span> <span class='ocrx_word' id='word_1_782' title='bbox 1665 2681 1786 2718; x_wconf 91' lang='lat' dir='ltr'>alioquin</span> <span class='ocrx_word' id='word_1_783' title='bbox 1814 2681 1848 2710; x_wconf 90' lang='lat' dir='ltr'>de</span> 
     </span>
     <span class='ocr_line' id='line_1_116' title="bbox 1006 2725 1848 2764; baseline 0.004 -11"><span class='ocrx_word' id='word_1_784' title='bbox 1006 2725 1053 2760; x_wconf 91' lang='lat' dir='ltr'>iis,</span> <span class='ocrx_word' id='word_1_785' title='bbox 1075 2726 1102 2754; x_wconf 86' lang='grc'>111</span> <span class='ocrx_word' id='word_1_786' title='bbox 1123 2726 1225 2763; x_wconf 88' lang='lat' dir='ltr'>quibus</span> <span class='ocrx_word' id='word_1_787' title='bbox 1245 2729 1391 2755; x_wconf 86' lang='lat' dir='ltr'>accusatus</span> <span class='ocrx_word' id='word_1_788' title='bbox 1418 2727 1516 2761; x_wconf 87' lang='lat' dir='ltr'>fuerit,</span> <span class='ocrx_word' id='word_1_789' title='bbox 1544 2727 1723 2756; x_wconf 87' lang='lat' dir='ltr'>nibilominus</span> <span class='ocrx_word' id='word_1_790' title='bbox 1751 2727 1848 2764; x_wconf 89' lang='lat' dir='ltr'>punia-</span> 
     </span>
     <span class='ocr_line' id='line_1_117' title="bbox 1006 2772 1847 2811; baseline 0.004 -11"><span class='ocrx_word' id='word_1_791' title='bbox 1006 2775 1060 2801; x_wconf 87' lang='lat' dir='ltr'>tur.</span> <span class='ocrx_word' id='word_1_792' title='bbox 1082 2772 1201 2801; x_wconf 83' lang='lat' dir='ltr'>Caveant</span> <span class='ocrx_word' id='word_1_793' title='bbox 1222 2775 1313 2801; x_wconf 87' lang='lat' dir='ltr'>autem</span> <span class='ocrx_word' id='word_1_794' title='bbox 1336 2773 1494 2803; x_wconf 88' lang='lat' dir='ltr'>Visitatores</span> <span class='ocrx_word' id='word_1_795' title='bbox 1515 2782 1530 2802; x_wconf 89' lang='lat' dir='ltr'>a</span> <span class='ocrx_word' id='word_1_796' title='bbox 1556 2774 1729 2803; x_wconf 89' lang='lat' dir='ltr'>munusculis</span> <span class='ocrx_word' id='word_1_797' title='bbox 1754 2777 1847 2811; x_wconf 86' lang='lat' dir='ltr'>peten-</span> 
     </span>
     <span class='ocr_line' id='line_1_118' title="bbox 1005 2819 1847 2858; baseline 0.004 -11"><span class='ocrx_word' id='word_1_798' title='bbox 1005 2819 1046 2847; x_wconf 87' lang='lat' dir='ltr'>dis</span> <span class='ocrx_word' id='word_1_799' title='bbox 1075 2819 1117 2848; x_wconf 90' lang='lat' dir='ltr'>vel</span> <span class='ocrx_word' id='word_1_800' title='bbox 1141 2819 1323 2856; x_wconf 87' lang='lat' dir='ltr'>accipiendis;</span> <span class='ocrx_word' id='word_1_801' title='bbox 1355 2820 1451 2857; x_wconf 86' lang='lat' dir='ltr'>quodsi</span> <span class='ocrx_word' id='word_1_802' title='bbox 1482 2820 1632 2858; x_wconf 86' lang='lat' dir='ltr'>culpabiles</span> <span class='ocrx_word' id='word_1_803' title='bbox 1660 2821 1777 2855; x_wconf 82' lang='lat' dir='ltr'>fuerint,</span> <span class='ocrx_word' id='word_1_804' title='bbox 1806 2829 1847 2850; x_wconf 87' lang='lat' dir='ltr'>ac-</span> 
     </span>
     <span class='ocr_line' id='line_1_119' title="bbox 1005 2866 1432 2903; baseline 0.002 -9"><span class='ocrx_word' id='word_1_805' title='bbox 1005 2869 1137 2894; x_wconf 89' lang='lat' dir='ltr'>cusentur</span> <span class='ocrx_word' id='word_1_806' title='bbox 1159 2866 1284 2902; x_wconf 88' lang='lat' dir='ltr'>Capitulo</span> <span class='ocrx_word' id='word_1_807' title='bbox 1303 2867 1432 2903; x_wconf 79' lang='lat' dir='ltr'>generali.</span> 
     </span>
    </p>
   </div>
   <div class='ocr_carea' id='block_1_9' title="bbox 722 2950 1234 2958">
    <p class='ocr_par' dir='ltr' id='par_1_17' title="bbox 722 2950 1234 2958">
     <span class='ocr_line' id='line_1_120' title="bbox 722 2950 1234 2958; baseline 0 0"><span class='ocrx_word' id='word_1_808' title='bbox 722 2950 1234 2958; x_wconf 95' lang='lat' dir='ltr'> </span> 
     </span>
    </p>
   </div>
   <div class='ocr_carea' id='block_1_10' title="bbox 171 3010 553 3039">
    <p class='ocr_par' dir='ltr' id='par_1_18' title="bbox 171 3010 553 3039">
     <span class='ocr_line' id='line_1_121' title="bbox 171 3010 553 3039; baseline 0 -6"><span class='ocrx_word' id='word_1_809' title='bbox 171 3010 177 3023; x_wconf 92' lang='lat'>¹</span> <span class='ocrx_word' id='word_1_810' title='bbox 197 3011 256 3033; x_wconf 83' lang='lat' dir='ltr'>Haec</span> <span class='ocrx_word' id='word_1_811' title='bbox 274 3011 356 3039; x_wconf 82' lang='lat' dir='ltr'>scripta</span> <span class='ocrx_word' id='word_1_812' title='bbox 375 3014 428 3033; x_wconf 87' lang='lat' dir='ltr'>sunt</span> <span class='ocrx_word' id='word_1_813' title='bbox 447 3011 467 3033; x_wconf 85' lang='lat' dir='ltr'>in</span> <span class='ocrx_word' id='word_1_814' title='bbox 485 3011 553 3033; x_wconf 81' lang='lat' dir='ltr'>calce.</span> 
     </span>
    </p>
   </div>
   <div class='ocr_carea' id='block_1_11' title="bbox 979 307 994 3031">
    <p class='ocr_par' dir='ltr' id='par_1_19' title="bbox 979 307 994 3031">
     <span class='ocr_line' id='line_1_122' title="bbox 979 307 994 3031; baseline 0 0"><span class='ocrx_word' id='word_1_815' title='bbox 979 307 994 3031; x_wconf 95' lang='lat' dir='ltr'> </span> 
     </span>
    </p>
   </div>
   <div class='ocr_carea' id='block_1_12' title="bbox 1069 3010 1605 3042">
    <p class='ocr_par' dir='ltr' id='par_1_20' title="bbox 1069 3010 1605 3042">
     <span class='ocr_line' id='line_1_123' title="bbox 1069 3010 1605 3042; baseline 0.006 -10"><span class='ocrx_word' id='word_1_816' title='bbox 1069 3010 1077 3023; x_wconf 84' lang='lat'><strong>²</strong></span> <span class='ocrx_word' id='word_1_817' title='bbox 1096 3012 1123 3033; x_wconf 85' lang='lat' dir='ltr'>tta</span> <span class='ocrx_word' id='word_1_818' title='bbox 1143 3012 1165 3038; x_wconf 81' lang='lat' dir='ltr'>E,</span> <span class='ocrx_word' id='word_1_819' title='bbox 1183 3011 1253 3034; x_wconf 78' lang='lat' dir='ltr'>codex</span> <span class='ocrx_word' id='word_1_820' title='bbox 1271 3013 1293 3034; x_wconf 84' lang='lat' dir='ltr'>ec</span> <span class='ocrx_word' id='word_1_821' title='bbox 1309 3011 1456 3040; x_wconf 65' lang='lat' dir='ltr'>opinionibus</span> <span class='ocrx_word' id='word_1_822' title='bbox 1476 3011 1605 3042; x_wconf 76' lang='lat' dir='ltr'>utriusque.</span> 
     </span>
    </p>
   </div>
   <div class='ocr_carea' id='block_1_13' title="bbox 1879 1197 2005 1262">
    <p class='ocr_par' dir='ltr' id='par_1_21' title="bbox 1879 1197 2005 1262">
     <span class='ocr_line' id='line_1_124' title="bbox 1879 1197 2005 1220; baseline 0 -5"><span class='ocrx_word' id='word_1_823' title='bbox 1879 1197 2005 1220; x_wconf 74' lang='lat' dir='ltr'>Hosti-inginu-</span> 
     </span>
     <span class='ocr_line' id='line_1_125' title="bbox 1887 1220 1993 1239; baseline -0.009 0"><span class='ocrx_word' id='word_1_824' title='bbox 1887 1225 1952 1239; x_wconf 76' lang='lat' dir='ltr'>eorum</span> <span class='ocrx_word' id='word_1_825' title='bbox 1966 1220 1993 1238; x_wconf 79' lang='lat' dir='ltr'>fa-</span> 
     </span>
     <span class='ocr_line' id='line_1_126' title="bbox 1904 1243 1970 1262; baseline 0 0"><span class='ocrx_word' id='word_1_826' title='bbox 1904 1243 1970 1262; x_wconf 73' lang='lat' dir='ltr'>cultas.</span> 
     </span>
    </p>
   </div>
   <div class='ocr_carea' id='block_1_14' title="bbox 1869 2180 1999 2246">
    <p class='ocr_par' dir='ltr' id='par_1_22' title="bbox 1869 2180 1999 2246">
     <span class='ocr_line' id='line_1_127' title="bbox 1882 2180 1999 2200; baseline 0.009 -2"><span class='ocrx_word' id='word_1_827' title='bbox 1882 2180 1909 2199; x_wconf 79' lang='lat' dir='ltr'>De</span> <span class='ocrx_word' id='word_1_828' title='bbox 1921 2181 1999 2200; x_wconf 75' lang='lat' dir='ltr'>secretis</span> 
     </span>
     <span class='ocr_line' id='line_1_128' title="bbox 1869 2204 1999 2223; baseline 0 -1"><span class='ocrx_word' id='word_1_829' title='bbox 1869 2208 1906 2222; x_wconf 87' lang='lat' dir='ltr'>nou</span> <span class='ocrx_word' id='word_1_830' title='bbox 1921 2204 1999 2223; x_wconf 74' lang='lat' dir='ltr'>manife-</span> 
     </span>
     <span class='ocr_line' id='line_1_129' title="bbox 1869 2227 1947 2246; baseline 0.013 -1"><span class='ocrx_word' id='word_1_831' title='bbox 1869 2227 1947 2246; x_wconf 74' lang='lat' dir='ltr'>standis.</span> 
     </span>
    </p>
   </div>
  </div>
 </body>
</html>
