2133 3317
128 1032 204 1056 Accipit
211 1036 264 1055 regu-

134 1056 172 1074 iam
185 1056 265 1079 Aposto-

134 1079 201 1098 lorum.

146 1877 214 1904 Invitat
225 1877 250 1896 ad

150 1903 249 1928 poeniteu-

174 1927 225 1943 tiam.

276 230 332 258 510

276 308 306 336 in
326 310 486 345 posterum,
508 306 629 336 sensibili
652 307 718 335 soris
739 314 822 343 opere
837 307 1033 343 mysterialiter
1048 315 1127 344 prae-

277 355 407 391 signaret.
430 355 497 383 Nam
513 354 600 382 instar
615 357 759 390 reparatae
774 354 891 390 triplicis
905 353 1025 383 fabricae
1040 354 1130 391 ipsius

278 401 364 430 sancti
386 401 438 429 viri
461 400 564 429 ducatu
594 400 747 429 secundum
768 400 860 429 datam
881 401 916 429 ab
937 408 969 429 eo
993 400 1126 435 formam,

670 228 872 257 OPUSCULUM
891 226 981 257 xxiii.
1004 226 1155 257 LEGENDA
1177 228 1291 257 SANCTI
1312 229 1486 258 FRANClSCI.
1509 228 1577 257 CAP.
1599 228 1640 256 Ill.

1184 308 1317 344 Regulam
1337 311 1364 336 et
1377 308 1531 336 doctrinam
1547 307 1648 336 Christi
1665 307 1828 336 triformiter
1844 309 1853 325 ¹
1876 310 2032 339 renovanda

1184 358 1244 383 erat
1265 355 1384 383 Ecclesia
1405 355 1534 391 trinaque
1565 355 1775 391 triumphatura
1801 355 1898 383 militia
1925 356 2031 385 salvan-

1184 401 1299 436 dorum,
1321 402 1393 430 sicut
1414 405 1441 430 et
1461 409 1536 430 nunc
1557 401 1697 431 cernimus
1718 410 1779 431 esse
1799 402 1975 439 completum.

1048 524 1208 552 Carirmtun
1230 524 1270 552 111.

716 635 756 662 De
775 634 956 663 institucione
977 634 1135 672 Religionis
1157 638 1183 663 et
1207 634 1418 672 approbatione
1439 635 1565 672 Reyutae
1580 635 1599 663 Ξ.

358 747 382 773 l.
405 745 432 773 Iu
465 745 579 774 ecclesia
610 745 695 782 igitur
726 745 847 782 Virginis
875 743 969 775 Matris
996 746 1044 774 Dei
1069 754 1127 775 mo-

275 800 335 820 ram
368 791 484 820 faciente
516 800 597 821 servo
623 792 710 829 ipsius
735 792 879 821 Francisco
907 795 934 821 et
964 793 1037 829 apud
1066 801 1125 821 eam

275 845 347 876 quae
368 839 493 875 concepit
514 838 636 867 Verbum
648 837 769 876 plenum
782 839 901 876 yratiae
914 843 940 868 et
956 840 1089 868 veritatis
1104 840 1126 874 ³,

276 885 415 914 coutinuis
443 885 586 915 insistente
614 886 777 923 gemitibus,
810 889 841 915 ut
873 887 933 915 fieri
965 886 1128 924 dignaretur

275 933 407 961 advocata
428 933 531 969 ipsius,
553 933 660 961 meritis
674 933 769 962 Matris
784 933 988 962 misericordiae
1003 933 1127 971 concepit

275 979 334 1016 ipse
355 987 385 1008 ac
408 980 515 1016 peperit
536 980 664 1017 spiritum
688 981 861 1017 evangelicae
892 981 1024 1010 veritatis.
1054 982 1125 1009 Dum

275 1027 348 1056 enim
371 1027 414 1055 die
436 1027 556 1064 quodam
578 1025 686 1056 Missam
709 1028 742 1056 de
771 1028 906 1064 Apostolis
933 1028 1050 1057 devotus
1077 1037 1126 1057 au-

275 1074 370 1109 diret,
402 1074 557 1111 perlectum
590 1077 632 1103 est
663 1075 840 1112 Evangelium
876 1074 943 1104 illud
960 1076 980 1110 4,
1012 1076 1039 1104 iu
1071 1084 1127 1113 quo

276 1121 404 1150 Christus
435 1121 579 1158 discipulis
607 1122 641 1150 ad
669 1118 884 1158 praedicandum
909 1123 1050 1151 mittendis
1071 1122 1127 1151 for-

276 1176 349 1196 mam
382 1168 481 1197 tribuit
512 1169 697 1206 evangelicam
730 1169 756 1197 iu
790 1169 921 1203 vivendo,
945 1178 978 1198 ne
1000 1170 1128 1198 videlicet

276 1215 434 1252 possideant
455 1224 568 1244 aarum
594 1216 638 1244 vel
669 1219 826 1253 cementum
847 1225 898 1245 1166
919 1216 950 1245 iu
972 1217 1058 1245 zonis
1078 1225 1127 1253 pe-

277 1262 399 1290 cuniam
419 1271 471 1291 1166
490 1271 595 1299 peram
626 1263 657 1291 111
689 1263 740 1291 ‘cia
761 1272 812 1292 1166
833 1264 911 1292 (litas
933 1264 1051 1292 tunica-5
1073 1263 1126 1292 lict-

277 1307 361 1337 beaut
375 1317 426 1337 1166
438 1308 635 1337 calceamenta
649 1308 786 1346 deferant
799 1319 890 1348 neque
904 1310 1031 1348 virgum.
1048 1310 1127 1347 Quod

276 1354 392 1384 audiens
406 1358 433 1385 et
448 1356 604 1393 intelligens
618 1364 650 1385 ac
671 1357 820 1386 memoriae
835 1355 1046 1392 commendans,
1062 1366 1127 1395 apo-

277 1403 389 1431 stolicae
410 1404 583 1440 paupertatis
611 1404 718 1432 amicus
747 1404 879 1433 indicibili
906 1413 973 1433 mox
995 1405 1127 1442 perfusus

276 1448 395 1477 laetitia:
423 1447 505 1478 «Hoc
526 1449 580 1485 est,
610 1450 716 1487 iuquit,
748 1451 822 1488 quod
854 1451 951 1489 cupio,
974 1447 1026 1481 hoc
1053 1452 1127 1489 quod

276 1496 341 1525 totis
362 1497 532 1533 praecordiis
554 1498 757 1535 concupisco».
780 1498 865 1527 Solvit
887 1499 1002 1536 proinde
1024 1499 1127 1528 calcea-

275 1545 369 1571 menta
400 1542 433 1572 de
464 1544 598 1581 pedibus,
626 1545 739 1581 deponit
766 1545 918 1580 baculum,
951 1546 1070 1583 peram5
1100 1549 1127 1575 et

276 1590 422 1626 pecuniam
451 1592 632 1626 exsecratur,
664 1600 776 1629 unaque
808 1595 954 1622 contentus
986 1593 1126 1628 tunicula,

276 1636 378 1665 reiecta
399 1638 534 1674 corrigia,
556 1646 607 1675 pro
639 1639 749 1675 cingulo
774 1639 868 1668 funem
891 1640 990 1674 sumit,
1017 1648 1127 1669 omnem

275 1683 488 1713 sollicitudinem
510 1682 601 1714 cordis
622 1694 776 1722 apponens,
791 1686 911 1723 qualiter
932 1686 1026 1715 audita
1048 1687 1128 1724 perfi-

275 1729 330 1758 ciat
350 1733 377 1759 et
398 1731 564 1768 apostolicae
585 1732 760 1761 rectitudinis
781 1733 894 1770 regulae
916 1741 965 1770 per
987 1733 1079 1762 omnia
1098 1742 1127 1762 se

277 1778 417 1814 coaptetff.

355 1826 380 1853 2.
404 1824 499 1862 Coepit
520 1833 556 1854 ex
577 1826 630 1855 hoc
651 1827 695 1855 vir
717 1823 764 1856 Dei
787 1827 880 1856 divino
895 1827 1029 1856 instinctu
1044 1835 1127 1856 evan-

275 1868 377 1909 gelicae
399 1872 576 1909 perfectionis
596 1874 751 1903 aemulator
779 1874 900 1903 existere
929 1877 956 1903 et
977 1875 1011 1903 ad
1032 1875 1126 1912 poeni-

275 1919 388 1948 tentiam
411 1923 518 1949 ceteros
539 1920 665 1949 invitare.
688 1920 772 1950 Erant
793 1924 886 1950 autem
909 1922 995 1959 ipsius
1017 1918 1127 1959 eloquia

274 1974 329 1994 non
351 1967 442 1995 inania
463 1975 513 1996 nec
535 1968 595 1997 risu
616 1968 713 2005 digna,
735 1969 782 1997 sed
805 1969 908 1998 virtute
930 1969 1049 2006 Spiritus
1064 1978 1126 1998 sau*

276 2013 311 2042 cti
335 2013 431 2051 plena,
453 2018 533 2043 erant
554 2015 689 2045 medullas
711 2016 802 2045 cordis
832 2017 1022 2053 penetrantia,
1044 2020 1076 2045 ut
1098 2017 1126 2045 in

276 2060 470 2090 vehementem
503 2064 647 2099 stuporem
678 2062 822 2092 audientes
847 2064 1073 2092 converterent?
1097 2064 1125 2092 lu

275 2107 349 2135 011101
372 2104 576 2144 praedicatione
597 2117 648 2138 sua
679 2118 775 2147 pacem
806 2111 974 2139 annuntians
994 2111 1125 2139 dicendo:

280 2165 293 2179 «
308 2150 443 2184 Dominus
461 2155 507 2184 det
532 2156 610 2185 vobis
634 2165 729 2193 pacem
744 2169 772 2192 >›,
798 2158 933 2194 populum
948 2156 975 2186 in
991 2158 1126 2187 sermonis

275 2201 391 2230 exordio
406 2198 552 2231 salutabat.
568 2202 641 2231 Hanc
655 2203 759 2240 quippe
781 2204 990 2238 salutationem,
1011 2205 1126 2233 Domino

276 2248 432 2283 revelante,
454 2244 603 2284 didicerat,
626 2250 697 2279 sicut
719 2250 777 2287 ipse
808 2251 984 2288 postmodum
1008 2252 1127 2280 testaba—

275 2295 350 2323 turss.
374 2295 449 2324 Unde
470 2296 573 2325 factum
595 2299 651 2332 est,
674 2300 706 2326 ut
727 2296 807 2326 iuxta
829 2306 984 2327 sermonem
1006 2299 1127 2335 prophe-

274 2342 360 2371 ticum
374 2342 384 2359 9
406 2345 433 2371 et
454 2343 512 2380 ipse
531 2344 632 2381 spiritu
647 2341 849 2381 Prophetarum
871 2345 996 2380 afflatus,
1019 2354 1127 2374 aunuu-

274 2390 357 2419 tiaret
378 2398 487 2427 pacem,
509 2391 682 2428 praedicaret
704 2392 820 2421 salutem
836 2400 867 2421 ac
882 2392 1052 2421 salutaribus
1068 2401 1126 2421 mo-

275 2437 341 2466 nitis
362 2438 518 2467 foederaret
538 2438 677 2475 plurimos
698 2447 781 2468 verae
803 2439 875 2476 paci,
892 2440 939 2476 qui
955 2439 1096 2468 discordes
1111 2448 1127 2468 a

275 2485 401 2520 Christo,
424 2486 504 2522 prius
525 2486 692 2515 exstiterant
712 2494 728 2514 a
743 2487 832 2515 salute
848 2487 1000 2524 longinqui.

355 2532 381 2562 3.
404 2533 594 2562 innotescente
615 2533 709 2570 itaque
731 2533 804 2570 apud
819 2534 922 2562 multos
937 2534 988 2562 viri
1004 2534 1052 2563 Dei
1071 2537 1124 2562 tam

276 2580 418 2609 doctrinae
439 2579 571 2617 simplicis
602 2581 719 2609 veritate
748 2588 832 2618 quam
864 2581 951 2615 vitae,
974 2583 1127 2618 coeperunt

1184 746 1271 783 ipsius
1293 746 1422 782 exemplo
1443 746 1495 774 viri
1518 746 1628 783 quidam
1651 747 1683 775 ad
1699 747 1895 784 poenitentiam
1916 748 2032 778 animari
2112 748 2113 789 1

1184 796 1211 821 et
1232 793 1332 827 eidem,
1355 792 1465 821 reiectis
1485 792 1630 827 0010111115,
1646 793 1743 822 habitu
1758 794 1870 831 vitaque
1885 795 2029 833 coniungi3
2112 794 2113 833 j

1184 848 1304 877 quorum
1334 840 1442 876 primus
1471 840 1578 868 exstitit
1599 841 1765 870 venerabilis
1787 841 1829 870 vir
1857 842 2029 878 Bernardus,
2046 847 2129 876 Primii-

1183 887 1231 924 qui
1253 887 1404 916 vocationis
1425 887 1533 915 divinae
1564 888 1703 925 particeps
1724 888 1828 923 factus,
1850 889 1938 918 Patris
1959 889 2030 919 beati
2053 876 2122 918 32:337.

1184 934 1385 971 primogenitus
1407 942 1467 963 esse
1489 934 1660 971 promeruit,
1683 937 1737 963 tam
1761 935 1905 972 prioritate
1927 940 2031 974 tempo-
2060 975 2065 977 .

1184 981 1222 1010 ris
1243 989 1327 1018 quam
1349 981 1494 1018 privilegio
1515 981 1676 1010 sanctitatis.
1695 982 1741 1011 Hic
1763 983 1849 1017 enim,
1866 983 1938 1012 servi
1954 984 2032 1013 Chri-

1184 1029 1217 1057 sti
1250 1028 1395 1057 sanctitate
1424 1032 1580 1065 comperta,
1613 1029 1700 1066 ipsius
1731 1030 1860 1067 exemplo
1885 1030 2032 1068 disponens

1183 1075 1305 1112 perfecte
1333 1078 1511 1104 contemnere
1543 1076 1692 1110 mundum,
1722 1077 1756 1105 ab
1778 1077 1890 1112 eodem,
1912 1078 2031 1115 qualiter

1183 1120 1209 1149 id
1231 1121 1394 1158 perliceret,
1416 1122 1562 1151 consilium
1585 1123 1738 1160 requisivit.
1762 1124 1822 1160 Quo
1852 1124 1962 1159 audito,
1984 1125 2031 1154 Dei

1182 1168 1304 1198 famulus
1326 1178 1377 1206 pro
1398 1169 1504 1206 primae
1529 1170 1615 1207 prolis
1647 1174 1781 1208 conceptu
1804 1171 1889 1200 sancti
1912 1172 2032 1208 Spiritus

1183 1216 1369 1244 consolatione
1385 1217 1523 1253 repletus:
1545 1217 1588 1245 «A
1604 1217 1660 1246 Deo
1681 1221 1731 1252 est,
1754 1218 1853 1255 inquit,
1869 1218 1922 1247 hoc
1943 1219 2032 1248 consi-

1184 1263 1251 1291 lium
1273 1263 1473 1300 requirendum
1488 1276 1515 1292 ».
1539 1264 1716 1293 Intraverunt
1744 1265 1859 1302 proinde
1888 1266 2031 1295 ecclesiam

1184 1310 1270 1339 sancti
1292 1311 1393 1339 Nicolai
1416 1319 1495 1339 mane
1518 1310 1571 1339 iam
1587 1311 1673 1346 facto,
1689 1314 1717 1340 et
1731 1312 1854 1341 oratione
1870 1313 2030 1350 praemissa,

1184 1357 1274 1385 cultor
1296 1357 1438 1386 Trinitatis
1452 1358 1615 1387 Frauciscus
1629 1361 1672 1387 ter
1692 1359 1903 1396 Evangeliorum
1928 1359 2032 1389 librum

1183 1404 1308 1441 aperuit,
1331 1405 1404 1433 trino
1425 1413 1579 1442 exposcens
1600 1414 1616 1434 a
1644 1406 1700 1434 Deo
1729 1406 1884 1435 testimonio
1906 1410 2032 1436 sanctum

1183 1451 1315 1480 Bernardi
1337 1452 1510 1489 propositum
1533 1452 1700 1481 confirmari.
1724 1453 1751 1481 ln
1770 1453 1860 1490 prima
1875 1453 1938 1482 libri
1953 1462 2032 1491 aper—

1184 1498 1257 1527 tione
1278 1499 1345 1527 illud
1360 1499 1383 1516 ¹⁰
1403 1500 1541 1528 occurrit:
1565 1499 1598 1528 Sz'
1617 1500 1662 1528 vis
1676 1499 1825 1537 perfectus
1846 1509 1921 1535 esse,
1943 1501 2032 1536 vade,
2120 1511 2121 1514 ¹

1183 1545 1272 1574 vende
1301 1546 1416 1580 onmia,
1440 1555 1515 1584 quae
1536 1545 1639 1581 habes,
1668 1550 1693 1575 et
1724 1548 1764 1576 (ἔα
1788 1547 1980 1585 pauperibus.
2003 1548 2035 1577 In.
2120 1516 2122 1572 1

1183 1592 1316 1621 secunda:
1339 1592 1421 1621 Nzssltz't
1441 1593 1566 1622 tuleritis
1588 1594 1618 1622 iu
1642 1594 1697 1622 vict.
1720 1595 1749 1623 ln
1773 1595 1852 1623 tertia
1874 1603 1956 1624 vero:
1974 1592 2033 1631 Qtti

1184 1640 1246 1668 vult
1267 1640 1363 1668 venire
1380 1643 1447 1677 port
1467 1650 1527 1675 1116,
1550 1641 1668 1679 abneget
1688 1642 1874 1679 semetipsum
1895 1645 1921 1671 ec
1952 1642 2033 1671 tollat

1184 1696 1301 1715 crucem
1321 1696 1409 1716 suam
1430 1691 1455 1716 ct
1481 1692 1623 1726 sequatur
1652 1697 1703 1717 1116.
1731 1701 1744 1714 «
1759 1689 1828 1718 Haec
1850 1692 1906 1724 est,
1928 1689 1967 1718 ait
1988 1689 2031 1719 vir
2049 1690 2130 1712 ⁸⁰2³&

1183 1737 1308 1768 sanctus,
1331 1734 1387 1763 vita
1408 1738 1434 1763 et
1456 1735 1559 1772 Regula
1574 1738 1669 1764 nostra
1695 1736 1892 1773 omniumque,
1914 1736 1961 1773 qui
1983 1745 2032 1765 no-

1184 1784 1258 1810 strae
1278 1781 1419 1810 voluerint
1439 1781 1562 1810 societati
1585 1782 1722 1819 coniungi.
1745 1783 1819 1812 Vade
1835 1783 1933 1820 igitur,
1949 1783 1972 1812 si
1991 1783 2033 1813 vis
2124 1776 2125 1807 1

1183 1836 1243 1857 6556
1265 1828 1420 1865 perfectus,
1443 1831 1469 1857 et
1491 1828 1593 1865 perfice
1615 1837 1687 1866 quae
1701 1829 1843 1858 audisti».
2124 1810 2125 1874 1

1262 1875 1288 1903 [1.
1311 1875 1370 1904 Non
1392 1875 1479 1904 multo
1501 1878 1562 1912 post
1583 1876 1687 1905 vocatis
1708 1876 1803 1905 eodem
1829 1876 1930 1914 spiritu
1951 1877 2033 1915 quin·
2049 1877 2133 1926 Affip21t1'

1183 1930 1238 1959 que
1253 1922 1320 1951 viris
1332 1923 1365 1957 1¹,
1381 1922 1502 1951 filiorum
1519 1923 1536 1951 F
1539 1923 1653 1952 rancisci
1669 1923 1795 1953 senarius
1810 1932 1945 1953 numerus
1960 1932 2032 1953 com·
2125 1922 2126 1929 ¹

1183 1969 1275 2006 pletus
1296 1972 1352 2004 est;
1382 1969 1454 1998 inter
1482 1978 1553 2007 quos
1584 1970 1698 1999 tertium
1727 1971 1842 2000 sortitus
1870 1974 1911 2000 est
1939 1971 2030 2000 locum

1183 2019 1295 2045 sanctus
1316 2019 1395 2054 pater
1416 2017 1557 2054 Aegidius,
1579 2017 1622 2046 vir
1644 2017 1741 2054 utique
1762 2018 1818 2046 Deo
1833 2018 1932 2055 plenus
1947 2020 1974 2047 et
1989 2026 2032 2047 ce-
2045 2019 2133 2059 ¹³·Aecif

1183 2063 1251 2092 lebri
1273 2064 1408 2092 memoria
1429 2063 1537 2100 dignus.
1561 2064 1607 2092 Hic
1629 2064 1730 2093 etenim
1752 2064 1929 2101 postmodum
1943 2065 2032 2094 virtu·
2126 2061 2127 2072 ¹

1184 2112 1243 2139 tum
1264 2109 1426 2139 sublimium
1447 2111 1646 2140 exercitatione
1668 2112 1842 2148 praeclarus,
1857 2112 1930 2141 sicut
1943 2112 2033 2141 famu-

1183 2158 1227 2187 lus
1258 2157 1367 2186 Domini
1399 2157 1432 2186 de
1464 2158 1558 2194 ipso12
1584 2158 1738 2195 praedixit,
1760 2167 1930 2196 quamquam
1961 2158 2034 2189 esset

1182 2205 1267 2233 idiota
1288 2207 1315 2233 et
1336 2205 1472 2242 simplex,
1488 2205 1522 2233 ad
1543 2205 1670 2234 excelsae
1685 2205 1923 2242 contemplationis
1944 2206 2037 2248 5111111-Ἰ

1182 2254 1275 2281 matus
1296 2255 1338 2281 est
1359 2252 1499 2281 verticem.
1522 2252 1589 2280 Nam
1610 2260 1660 2289 per
1691 2252 1780 2281 multa.
1801 2253 1943 2282 curricula
1963 2256 2032 2282 tem-

1183 2307 1283 2335 porum
1316 2299 1586 2328 sursumactionibus
1617 2299 1786 2328 incessanter
1808 2299 1943 2334 intentus,
1965 2300 2033 2330 adeo

1183 2346 1290 2375 crebris
1311 2346 1339 2374 in
1360 2346 1447 2375 Deum
1470 2345 1632 2383 rapiebatur
1653 2346 1831 2381 excessibus,
1853 2346 2032 2384 quemadmo-

1183 2392 1250 2421 dum
1272 2396 1298 2421 et
1330 2401 1380 2429 ego
1412 2393 1469 2429 ipse
1495 2393 1605 2421 oculata
1632 2393 1685 2421 fide
1714 2393 1862 2430 conspexi,
1884 2396 1916 2422 ut
1944 2394 2031 2431 magis

1184 2442 1346 2468 censeretur
1361 2440 1433 2468 inter
1448 2440 1573 2469 homines
1585 2440 1669 2468 vitam
1684 2440 1834 2477 angelicam
1850 2440 1932 2478 agere
1947 2440 2029 2478 quam

1183 2486 1343 2515 humanam.

1263 2535 1288 2562 5.
1311 2533 1359 2569 Illo
1380 2542 1492 2571 quoque
1515 2537 1638 2570 tempore
1657 2534 1765 2563 cuidam
1781 2535 1916 2563 sacerdoti
1937 2535 2031 2574 civita·
2129 2559 2131 2585 J

1183 2581 1218 2610 tis
1239 2580 1346 2615 Assisii,
1369 2581 1479 2609 nominc
1501 2581 1648 2615 Silvestro,
1670 2581 1802 2610 honestae
1817 2581 2032 2612 conversationis
2129 2589 2131 2636 1

2048 2511 2130 2556 5111651611

340 2759 347 2771 ¹
366 2760 422 2782 Cod.
441 2761 446 2782 l
465 2760 629 2789 conseruisset:

339 2798 348 2811 ²
366 2799 412 2822 Cl'r.
430 2800 512 2822 Thom.
531 2806 543 2821 a
560 2799 656 2826 Celano,
674 2800 726 2821 Vita
745 2800 758 2821 1.
776 2806 799 2827 p.
817 2800 831 2822 l.
850 2806 869 2822 c.
887 2800 966 2828 9-13;
984 2800 1036 2822 Vita
1059 2800 1083 2822 ll.
1104 2806 1126 2827 p.

276 2839 307 2860 lll.
325 2845 345 2861 c.
365 2839 406 2867 52,
424 2842 446 2861 ct
463 2839 571 2866 Legenda
588 2839 657 2861 trium
677 2839 809 2866 Sociorum,
827 2845 846 2861 c.
865 2839 937 2861 S-IQ.

338 2879 348 2894 ³
364 2881 425 2901 loau.
446 2880 469 2908 l,
491 2879 524 2901 tt.

340 2918 349 2931 *¹
368 2920 444 2941 nauh.
467 2919 504 2945 10,
523 2919 544 2941 9.
562 2925 611 2948 seq.

340 2957 349 2969 5
367 2957 423 2980 Edd.
441 2958 530 2979 addunt
547 2957 629 2981 reficit.

338 2994 348 3007 ὓ
366 2996 432 3018 Anno
451 2996 523 3022 1209,
542 2997 581 3018 esr.
598 2996 644 3018 iam
658 2996 752 3024 allegata
765 2996 877 3019 Chronica
889 2997 964 3019 XXIV
980 2997 1126 3019 Generalium

275 3041 330 3063 pag.
348 3036 369 3057 2.

1249 2759 1257 2772 ⁷
1275 2760 1298 2782 111
1316 2761 1334 2782 G
1351 2760 1454 2782 secunda
1475 2766 1557 2782 manus
1579 2759 1681 2782 addidit:
1706 2761 1728 2782 et
1748 2758 1921 2782 obstinatorum
1944 2760 2031 2782 mentes

1185 2798 1286 2828 efficacia
1305 2798 1413 2822 virtuosa
1430 2798 1558 2821 attollimur.
1810 2797 1819 2810 Β
1838 2799 1859 2821 ln
1877 2799 2030 2821 Testamento.

1248 2836 1257 2849 ⁹
1274 2837 1324 2859 lsai.
1342 2837 1383 2863 52
1402 2837 1430 2859 7:
1450 2838 1523 2866 Quam
1550 2837 1623 2865 pulcri
1648 2843 1719 2865 super
1742 2840 1831 2860 montes
1854 2837 1925 2864 pedes
1946 2843 2031 2859 aunun-

1185 2876 1260 2899 tiantis
1277 2879 1299 2899 et
1316 2877 1471 2905 praedicantis
1487 2883 1582 2905 pacem,
1595 2877 1750 2899 annuntiantis
1766 2876 1865 2904 bonum,
1879 2876 2032 2905 praedicantis

1184 2916 1293 2943 salutem,
1311 2916 1409 2938 dicentis
1426 2916 1495 2938 Siout
1514 2915 1627 2943 chnabit
1645 2916 1705 2938 Deus
1722 2917 1790 2938 tuus!

1246 2954 1266 2967 ¹⁰
1285 2956 1360 2977 Matth.
1379 2956 1420 2982 119,
1438 2955 1479 2983 ΞΙς
1497 2955 1582 2977 deiude
1598 2955 1653 2977 Luc.
1671 2955 1697 2982 9,
1716 2956 1736 2977 3.
1755 2957 1777 2977 et
1794 2955 1869 2977 Matth.
1891 2955 1928 2983 16,
1947 2955 1983 2977 ⁴24.

1247 2993 1266 3006 ¹¹
1283 2994 1373 3017 Scilicet
1395 2995 1460 3017 Petro
1482 2994 1596 3021 Cathanii,
1620 2994 1728 3021 Aeg-idio,
1753 2993 1891 3021 Sabbatino,
1909 2994 1992 3016 Morico
2009 2995 2031 3015 et

1184 3034 1265 3056 Ioanne
1283 3034 1311 3057 (16
1329 3034 1428 3062 Capella.
1620 3033 1639 3046 ¹²
1657 3033 1712 3056 Cod.
1730 3034 1750 3056 Κ
1768 3033 1911 3057 Fruucz'scus
1928 3032 1955 3056 (116
1972 3032 2030 3062 ipso.
