2133 3317
175 558 288 586 illuminalio

200 588 266 606 ipsius.

164 982 246 1000 Moratur
259 981 283 999 ad

166 1005 244 1023 Mariam
255 1005 278 1023 de

158 1028 285 1047 Portiuncula.

157 1781 206 1808 Ordo
214 1781 290 1808 dxi-poe-

180 1807 266 1824 nitentia.

156 2065 208 2086 Itoni,
221 2065 240 2083 S.
250 2064 290 2082 Cla·

202 2093 240 2106 rae.

305 239 361 267 514

305 325 417 345 currus
437 320 462 345 et
483 317 625 353 cturtyw.
649 315 822 344 Credendum
844 323 924 349 sane,
947 316 1021 352 quod
1043 316 1088 344 ille
1103 316 1152 344 ho—

305 372 369 391 rum
392 363 557 400 simplicium
580 363 689 399 aperuit
711 363 806 391 oculos
827 363 860 391 ad
882 370 978 399 preces
999 363 1152 397 Francisei,

304 413 336 438 ut
358 410 482 438 viderent
505 410 640 446 magnalia
663 410 726 443 Dei,
749 410 796 446 qui
818 409 913 438 oculos
935 409 1073 446 quondam
1089 417 1152 446 ape-

305 460 402 485 ruerat
423 457 503 493 pueri
524 457 558 485 ad
579 456 728 485 videndum
746 459 867 485 montem
883 456 995 493 plenum
1011 465 1153 494 equorum

305 507 329 531 et
350 504 504 541 iyneormn
525 512 672 532 curruum
694 504 725 532 iit
746 503 874 532 circ-aua
897 503 985 531 Etisez·
996 503 1015 531 ².
1039 504 1154 540 Regres-

305 559 352 579 sus
373 553 465 579 autem
488 551 530 579 vir
552 554 664 579 sanctus
682 550 716 579 ad
730 551 854 584 Fratres,
870 550 959 587 coepit
974 550 1153 579 conscientia-

305 606 368 626 rum
390 597 515 634 ipsorum
537 600 643 626 secreta
665 597 775 630 rimari,
798 597 954 626 confortare
977 597 1050 634 ipsos
1064 597 1098 626 de
1113 597 1152 626 vi-

304 644 381 673 sione
402 644 448 673 illa
471 644 589 673 mirabili
612 647 639 673 et
659 644 692 673 de
714 644 841 681 profectu
862 643 974 672 Ordinis
1001 644 1089 672 multa
1110 644 1152 673 fu-

304 694 368 720 tura
390 691 557 728 praedicere.
580 691 706 728 Cumque
728 691 894 727 patefaceret
915 691 1052 727 plurima⁷
1081 698 1152 728 quae

304 747 416 768 sensum
438 738 668 767 transcendebant
690 739 861 772 humanum,
883 746 949 766 vere
963 741 1153 775 cognoverunt

303 787 421 820 Fratres,
437 794 521 823 super
536 794 649 815 servum
664 794 747 814 suum
763 785 939 814 FranciScum
955 785 1088 822 Spiritum
1102 786 1153 813 Do-

303 833 371 862 mini
392 833 419 861 in
442 836 517 862 tanta
532 833 702 869 plenitudme
716 833 854 870 quievisse
866 833 886 866 ³,
901 832 973 869 quod
991 836 1051 869 post
1066 832 1152 869 ipsius

303 880 455 909 doctrinam
478 883 505 908 et
526 880 610 909 vitam
631 883 691 909 erat
712 880 751 908 eis
772 880 908 917 proficisci
931 880 1110 909 tutissimum.

383 928 408 955 5.
432 927 494 956 Post
515 927 582 955 11300
604 927 696 963 pusilli
717 927 809 964 gregis
830 930 924 964 pastor
942 927 1104 955 Franciscus
1118 926 1151 955 ad

304 978 426 1003 sanctam
447 975 559 1003 Mariam
580 974 614 1003 de
636 974 814 1003 Portiuncula
841 974 1043 1003 duodenarium
1072 974 1151 1002 illum

303 1022 430 1050 Fratrum
453 1029 602 1050 numerum
614 1022 635 1055 4,
657 1029 778 1058 superna
799 1021 887 1058 gratia
915 1024 1082 1058 praeeunte,
1105 1021 1152 1050 de—

303 1069 400 1103 duxit,
422 1072 469 1102 ut,
490 1069 538 1097 ubi
560 1068 667 1097 meritis
695 1069 789 1097 Matris
809 1068 857 1097 Dei
880 1069 1016 1097 Minorum
1046 1076 1151 1097 sumse-

304 1120 348 1145 rat
368 1115 442 1144 Ordo
464 1116 590 1150 initium,
613 1116 700 1152 ipsius
722 1116 952 1155 illicvsusciperet
976 1116 1089 1144 auxiliis
1112 1116 1152 1144 in-

305 1166 486 1191 crementum.
509 1163 546 1191 lbi
568 1170 681 1199 quoque
708 1162 797 1191 factus
829 1162 1004 1199 evangelicus
1035 1171 1151 1199 praeco,

303 1210 427 1238 civitates
449 1210 584 1238 circuibat
605 1212 632 1238 et
653 1213 758 1243 castra,
778 1218 836 1237 11011
851 1209 883 1237 ‘in
898 1209 988 1237 doctis
1003 1208 1152 1238 lzmnanae

302 1257 464 1294 sapientiae
486 1257 596 1291 uerbis,
618 1257 668 1285 secl
689 1257 720 1285 in
741 1257 847 1285 virtute
870 1256 1022 1293 Spirz'ca35
1044 1265 1151 1285 annun-

302 1304 374 1332 tians
396 1312 513 1340 regnum
535 1304 592 1332 Dei.
614 1304 767 1332 Videbatur
786 1303 959 1332 intuentibus
981 1304 1064 1332 homo
1085 1304 1152 1332 alte-

302 1352 362 1380 rius
384 1352 502 1386 saeculi,
524 1351 627 1388 quippe
648 1351 695 1388 qui
720 1354 811 1379 mente
832 1359 863 1379 ac
891 1351 959 1379 facIe
988 1351 1015 1379 111
1044 1351 1151 1380 caelum

303 1406 411 1435 semper
432 1398 571 1433 intentus,
593 1406 688 1426 omnes
710 1406 823 1426 sursum
853 1398 965 1426 trahere
993 1401 1151 1426 conaretur.

302 1445 396 1482 Coepit
417 1453 453 1473 ex
475 1446 527 1473 hoc
548 1445 649 1473 Christi
673 1444 752 1473 vinea
774 1444 930 1481 germinare
951 1452 1064 1481 germen
1087 1444 1151 1473 odo-

303 1492 341 1521 ris
362 1492 485 1527 Domini,
507 1495 533 1521 et
556 1492 699 1529 productis
720 1500 756 1520 ex
778 1500 806 1520 se
828 1492 946 1520 floribus
973 1492 1151 1526 suavitatis,

302 1538 422 1568 honoris
442 1543 468 1567 et
488 1538 661 1573 honestatis,
684 1539 785 1568 uberes
806 1537 924 1575 fructus
945 1539 1046 1567 asl'erre
1057 1540 1076 1567 ⁶.

382 1587 407 1614 6.
430 1587 496 1615 Ν3111
520 1586 731 1622 praedicationis
756 1586 844 1622 ipsius
872 1586 981 1614 fervore
1010 1586 1150 1620 succensi,

302 1642 385 1670 quam
409 1633 521 1670 plurimi
536 1633 546 1650 ⁷
568 1634 721 1662 secundum
744 1633 861 1661 formam
883 1641 898 1661 a
923 1633 970 1661 Dei
993 1633 1053 1661 viro
1075 1641 1151 1662 acce-

302 1683 377 1717 ptam
399 1680 477 1709 novis
498 1688 527 1708 se
549 1680 731 1716 poenitentiae
754 1680 861 1716 legibus
883 1680 1053 1714 vinciebant,
1082 1688 1151 1717 quo-

302 1735 364 1755 rum
388 1727 497 1756 vivendi
519 1727 630 1755 modum
654 1727 724 1756 idem
747 1727 848 1755 Christi
870 1727 991 1755 famulus
1019 1726 1149 1755 Ordinem

303 1775 449 1803 Fratrum
464 1774 498 1802 (le
510 1774 688 1811 poenitentia
703 1774 838 1802 nominari
854 1774 985 1802 decrevit.
1002 1774 1150 1807 Nimirum,

302 1821 374 1850 sicut
396 1822 422 1850 in
444 1821 550 1850 caelum
573 1821 749 1850 tendentibus
771 1821 954 1858 poenitentiae
973 1821 1044 1849 viam
1066 1821 1151 1849 omni-

301 1869 355 1897 bus
376 1872 482 1897 constat
503 1877 563 1898 esse
584 1877 776 1903 communem,
798 1869 837 1897 sic
858 1872 885 1897 et
906 1868 951 1897 1110
967 1871 1055 1897 status
1071 1868 1150 1897 cleri-

301 1924 347 1945 cos
368 1919 395 1945 et
416 1916 514 1950 laicos,
536 1916 658 1953 virgines
679 1919 705 1945 et
724 1916 885 1952 coniugales
900 1915 927 1944 in
943 1918 1063 1952 utroque
1079 1923 1149 1944 sexu

302 1963 464 1996 admittens,
487 1963 582 2000 quanti
605 1963 639 1991 sit
660 1962 735 1999 apud
757 1962 844 1991 Deum
866 1962 973 1996 meriti,
996 1970 1033 1990 ex
1061 1961 1149 1998 pluri-

301 2010 354 2039 bus
376 2018 425 2047 per
447 2010 554 2047 aliquos
576 2010 700 2046 ipsorum
729 2010 844 2046 patratis
872 2009 1014 2037 miraculis
1044 2009 1150 2037 innote-

302 2058 353 2086 scit
364 2057 383 2085 3.
400 2074 437 2077 —
447 2057 686 2086 Convertebautur
701 2057 782 2085 eliam
798 2056 919 2093 virgines
933 2056 966 2084 ad
983 2059 1149 2092 perpetuum

302 2105 483 2138 coelibatum,
505 2104 577 2133 inter
599 2112 669 2141 quas
690 2104 768 2140 virgo
789 2103 868 2132 Deo⁹
891 2103 1032 2132 carissima
1054 2103 1149 2137 Clara,

302 2152 424 2188 ipsarum
447 2152 571 2188 plantula
592 2150 696 2188 prima,
726 2154 857 2187 tanquam
889 2150 940 2178 ssos
972 2158 1091 2179 vernans
1111 2153 1149 2178 <et

301 2198 435 2227 candidus
456 2198 568 2226 odorem
590 2197 665 2226 dedit
685 2200 713 2226 et
734 2201 866 2234 tanquam
883 2197 961 2225 stella
977 2196 1149 2233 praefulgida

300 2245 425 2273 radiavit.
448 2245 517 2273 Haec
539 2252 613 2273 nunc
634 2244 786 2281 glorificata
806 2244 833 2272 111
856 2243 938 2272 caelis
966 2243 1001 2272 ab
1029 2243 1149 2272 Ecclesia

301 2292 382 2329 digne
404 2294 554 2320 veneratur
575 2291 603 2319 in
626 2291 723 2325 terris,
746 2298 817 2327 quae
838 2290 894 2318 filia
913 2290 965 2318 fuit
991 2290 1017 2318 111
1039 2290 1149 2318 Christo

301 2339 387 2367 sancti
409 2338 496 2367 Patris
517 2338 652 2367 Francisci
669 2337 831 2375 pauperculi
846 2340 873 2366 et
888 2341 976 2366 mater
992 2337 1148 2374 Pauperum

300 2385 488 2414 Dominarum.

694 237 892 266 OPUSCULUM
914 238 1001 266 XXIII.
1024 237 1175 266 LEGENDA
1197 238 1312 267 SANCTI
1332 239 1507 268 FRANCISCI.
1529 239 1598 267 CAP.
1621 239 1662 268 IV.

1291 318 1315 344 7.
1339 317 1415 345 Multi
1437 317 1519 345 etiam
1542 326 1596 346 non
1618 318 1707 346 solum
1724 317 1867 347 devotione
1882 320 2054 356 compuncti,
2067 330 2133 353 Crevit.

1212 363 1258 391 sed
1281 367 1308 392 et
1329 364 1505 400 perfectIOnis
1524 364 1625 393 Christi
1640 365 1775 393 desiderio
1790 365 1967 400 inflammati,
1982 368 2055 396 omni
2069 355 2133 377 “¹³¹⁷‘'

1210 410 1416 439 mundanorum
1438 411 1558 439 vanitate
1579 415 1751 448 contempta,
1777 412 1913 440 Francisci
1945 413 2057 450 vestigia

1210 457 1413 494 sequebantur,
1435 458 1482 494 qui
1505 458 1672 494 quotidianis
1697 462 1903 487 succrescentes
1930 459 2056 495 profecti-

1210 504 1278 538 bus,
1301 512 1390 541 usque
1411 504 1445 532 ad
1466 504 1535 533 fines
1556 505 1632 534 orbis
1654 508 1745 534 terrae
1776 506 1903 534 celeriter
1926 513 2057 542 pervene-

1211 553 1285 578 runt.
1308 550 1434 579 Faciebat
1455 559 1574 587 namque
1595 554 1689 579 sancta
1709 555 1874 588 paupertas,
1903 561 1985 589 quam
2014 561 2056 582 so-
2085 563 2133 588 nme,

1211 597 1264 625 lam
1287 597 1447 626 deferebant
1468 606 1519 634 pro
1541 598 1695 632 sumtibus,
1717 598 1790 635 ipsos
1811 598 1843 627 ad
1866 607 1974 628 omnem
1996 589 2133 632 obe-paupe}t

1210 644 1341 673 dientiam
1365 648 1524 681 promptos,
1547 645 1677 673 robustos
1697 645 1730 674 ad
1746 645 1855 674 labores
1869 649 1896 674 et
1910 646 1943 674 ad
1958 646 2056 676 itinera

1210 691 1363 728 expeditos.
1386 692 1417 720 Et
1438 692 1503 728 quia
1524 692 1594 720 nihil
1625 694 1768 721 terrenum
1802 693 1956 727 habebant,
1988 693 2056 723 nihil

1210 739 1339 767 amabant
1360 738 1485 775 nihilque
1517 738 1651 767 timebant
1681 739 1824 774 amittere3
1857 740 1947 768 securi
1979 743 2056 770 erant

1209 785 1329 822 ubique,
1352 785 1428 813 nullo
1450 793 1553 821 pavore
1575 786 1716 822 suspensi,
1738 786 1815 814 nulla
1836 794 1904 815 cura
1919 787 2054 823 distracti,

1210 836 1341 870 tanquam
1365 833 1412 869 qui
1435 832 1539 869 absque
1560 833 1660 861 mentis
1689 833 1846 862 turbatione
1874 834 2003 863 vivebant
2029 837 2056 863 et

1209 880 1268 908 sine
1290 879 1474 908 sollicitudine
1494 879 1566 908 diem
1588 880 1739 908 crastinum
1753 880 1776 897 1⁰
1797 884 1824 909 et
1839 880 1991 909 serotinum
2008 881 2054 910 110-

1210 926 1322 963 spitium
1344 926 1551 962 exspectabant.
1574 926 1658 955 Multa
1679 926 1790 963 quidem
1818 927 1857 955 eis
1885 927 1911 955 in
1939 927 2054 957 diversis
2066 921 2133 958 Fratre}

1209 973 1336 1009 partibus
1357 972 1433 1001 orbis
1453 972 1644 1001 inferebantur
1665 973 1788 1002 convicia
1809 976 1940 1010 tanquam
1962 981 2054 1010 perso-
2076 963 2133 1003 212¹&

1209 1020 1252 1048 nis
1273 1019 1486 1056 despicabilibus
1508 1022 1535 1048 et
1555 1019 1671 1056 ignotis,
1693 1028 1791 1048 verum
1816 1028 1894 1049 amor
1920 1020 2056 1057 Evangelii
2126 1015 2127 1018 ’

1209 1066 1311 1095 Christi
1334 1066 1401 1095 adeo
1423 1067 1496 1103 ipsos
1518 1067 1653 1103 patientes
1673 1067 1817 1101 effecerat,
1838 1070 1870 1095 ut
1891 1070 2056 1104 quaererent

1210 1114 1302 1151 potius
1323 1114 1359 1142 ibi
1382 1121 1458 1148 esse,
1479 1114 1526 1142 ubi
1543 1114 1762 1150 persecutionem
1779 1117 1942 1151 paterentur
1957 1114 1984 1142 in
2000 1122 2056 1143 cor·
2126 1124 2128 1144 ι

1210 1169 1289 1198 pore,
1305 1169 1388 1198 quam
1405 1161 1466 1195 ubi,
1481 1161 1590 1198 cognita
1604 1161 1748 1190 sanctitate
1763 1161 1901 1198 ipsorum,
1918 1161 2055 1190 mundano
2126 1174 2128 1190 ι

1209 1212 1322 1246 possent
1342 1208 1455 1245 gloriari
1477 1208 1579 1237 favore.
1603 1209 1662 1245 Ipsa
1683 1216 1795 1245 quoque
1817 1216 1912 1237 rerum
1940 1208 2057 1245 penurIa

1209 1256 1440 1292 superabundans
1461 1256 1500 1284 eis
1515 1255 1660 1284 videbatur
1676 1256 1804 1290 ubertas,
1819 1256 1886 1284 dum
1901 1256 1982 1284 iuxta
1995 1263 2056 1284 con-

1209 1303 1300 1332 silium
1323 1303 1492 1339 Sapientis¹¹
1512 1311 1569 1340 pro
1590 1311 1697 1339 magno
1718 1303 1791 1339 ipsis
1805 1303 1962 1331 minimum
1980 1311 2055 1331 com-
2125 1328 2126 1337 ,

1206 1349 1347 1387 placebat.
1365 1366 1400 1370 —
1417 1350 1485 1378 Sane
1501 1357 1564 1378 cum
1579 1349 1612 1377 ad
1633 1349 1786 1378 infidelium
1801 1352 1893 1386 partes
1913 1349 1997 1386 aliqui
2019 1357 2055 1378 ex
2070 1346 2133 1378 raeiu'i

1209 1397 1351 1425 Fratribus
1373 1397 1578 1433 pervenissent,
1601 1397 1728 1433 contigit,
1751 1399 1783 1424 ut
1803 1396 1916 1433 quidam
1944 1396 2054 1425 Sarace-
2095 1382 2121 1401 m

1209 1452 1276 1478 nus,
1292 1444 1393 1481 pietate
1409 1447 1579 1478 commotus,
1602 1444 1746 1481 pecuniam
1763 1443 1802 1472 eis
1816 1443 1929 1472 offerret
1944 1451 1993 1480 pro
2007 1451 2055 1472 ne-

1210 1491 1329 1520 cessario
1350 1491 1434 1519 victu.
1457 1491 1511 1520 11115
1532 1494 1624 1520 autem
1647 1490 1841 1519 recusantibus
1854 1490 1994 1527 accipere,
2008 1490 2055 1519 ad—

1209 1539 1327 1567 miratus
1348 1542 1389 1567 est
1410 1539 1507 1572 homo,
1529 1546 1660 1572 cernens,
1682 1538 1756 1575 quod
1778 1538 1874 1575 inopes
1892 1541 1991 1567 essent.
2014 1538 2054 1567 ln-

1210 1586 1318 1614 tellecto
1340 1586 1462 1619 tandem,
1478 1586 1552 1622 quod
1567 1593 1661 1613 amore
1676 1586 1722 1614 Dei
1739 1593 1876 1622 pauperes
1890 1585 1994 1619 effecti,
2009 1593 2054 1622 pe-

1210 1633 1319 1661 cuniam
1343 1632 1483 1669 possidere
1504 1632 1648 1665 nolebant,
1672 1635 1747 1660 tanta
1775 1635 1817 1661 est
1844 1632 1883 1660 eis
1914 1632 2055 1661 affectione

1210 1679 1390 1714 coniunctus,
1413 1682 1444 1707 ut
1465 1679 1577 1708 offerret
1598 1687 1627 1707 se
1648 1679 1682 1707 ad
1705 1678 1916 1707 ministrandum
1931 1686 2054 1707 necessa-

1210 1727 1251 1756 ria
1272 1726 1379 1760 omnia,
1401 1726 1535 1763 quamdiu
1556 1725 1719 1754 facultatum
1741 1725 1791 1754 sibi
1807 1725 1912 1762 aliquid
1927 1732 2054 1762 superes-

1209 1778 1258 1804 set.
1281 1774 1303 1802 0
1331 1773 1538 1802 inaestimabilis
1569 1773 1725 1810 pretiositas
1757 1772 1943 1809 paupertatis,
1976 1772 2054 1801 cuius

1209 1820 1335 1849 miranda
1356 1820 1460 1849 virtute
1482 1828 1559 1848 mens
1580 1819 1696 1848 feritatis
1717 1819 1878 1848 barbaricae
1900 1819 1926 1847 in
1949 1821 2053 1847 tantan]

1208 1867 1395 1897 miserationis
1416 1871 1457 1896 est
1486 1867 1631 1895 immutata
1657 1866 1849 1895 dulcedinem!
1882 1865 2054 1894 Horrendum

1208 1915 1323 1952 proinde
1345 1922 1376 1943 30
1397 1914 1532 1943 nefarium
1555 1914 1660 1948 scelus,
1682 1916 1714 1942 ut
1729 1913 1800 1942 hanc
1814 1913 1990 1950 margaritam
2006 1920 2054 1941 110-

1208 1962 1290 1991 bilem
1313 1962 1355 1990 vir
1377 1961 1546 1990 christianus
1568 1960 1710 1989 conculcet
1723 1960 1755 1994 ¹2,
1777 1968 1861 1997 quam
1884 1962 1959 1988 tanta
1973 1966 2054 1988 vene-

1208 2009 1315 2038 ratione
1336 2009 1438 2038 extulit
1460 2009 1621 2037 Saracenus.

1287 2057 1313 2084 8.
1336 2056 1372 2084 Eo
1387 2059 1512 2092 tempore
1527 2055 1679 2092 Religiosus
1694 2054 1805 2092 quidam
1820 2054 1854 2083 de
1868 2054 1971 2083 Ordine
1985 2053 2053 2082 Cru-
2068 2062 2094 2081 ne
2104 2058 2133 2089 rii

1208 2104 1373 2136 citerorum,
1406 2103 1525 2131 Moricus
1556 2102 1682 2136 nomine,
1716 2103 1743 2130 in
1777 2101 1904 2138 hospitali
1935 2100 2052 2138 quodam
2099 2090 2114 2104 ¹¹

1207 2158 1293 2187 prope
1314 2149 1445 2179 Assisium
1467 2150 1601 2186 languore
1621 2152 1676 2177 tam
1698 2148 1774 2186 gravi
1804 2152 1917 2185 tamque
1944 2147 2052 2185 prolixo
2123 2160 2124 2190 i

1207 2197 1351 2230 laborans,
1373 2198 1405 2224 ut
1425 2196 1478 2224 iam
1500 2195 1582 2224 morti
1604 2195 1675 2224 foret
1695 2195 1868 2224 adiudicatus
1890 2203 1906 2223 a
1927 2194 2050 2229 medicis,
2123 2193 2124 2200 ³

1206 2243 1267 2272 viro
1289 2243 1337 2271 Dei
1359 2243 1479 2280 supplex
1500 2242 1604 2276 factus,
1626 2250 1676 2279 per
1697 2241 1827 2270 nuntium
1842 2241 1999 2278 postulabat
2012 2241 2052 2269 in-

1206 2292 1320 2323 stanter,
1342 2293 1374 2318 ut
1395 2298 1446 2326 pro
1467 2297 1495 2318 se
1517 2289 1551 2317 ad
1571 2289 1720 2317 Dominum
1742 2288 1913 2317 intercedere
1927 2288 2052 2324 dignare—

1206 2340 1262 2365 tur.
1283 2336 1332 2365 Cui
1355 2336 1454 2365 beatus
1476 2336 1554 2364 Pater
1583 2335 1700 2372 benigne
1730 2335 1898 2369 assentiens,
1929 2334 2051 2363 oratione

1206 2383 1373 2421 praemissa,
1395 2383 1473 2420 panis
1494 2383 1579 2411 micas
1600 2382 1705 2419 accepit
1726 2385 1752 2411 et
1774 2390 1837 2410 cum
1859 2381 1920 2410 oleo
1940 2383 2052 2418 accepto

364 2609 371 2622 ¹
390 2610 451 2632 Libr.
470 2611 505 2633 lV.
528 2611 585 2638 lleg.
610 2611 635 2637 2,
657 2610 691 2632 te.
713 2623 743 2625 —
763 2609 875 2637 Superius
900 2615 943 2637 pro
967 2608 1151 2639 supernaturali

303 2650 342 2676 (lta
360 2650 451 2671 AGlK
463 2650 481 2671 M
500 2653 521 2671 el
539 2650 591 2672 Acta
612 2649 659 2678 SS.)
678 2649 714 2671 ed.
734 2650 741 2671 1
764 2652 786 2671 et
804 2649 855 2671 Vnt.
871 2648 1002 2678 supernati.

364 2688 372 2701 ‘-'
391 2688 450 2711 Libr.
469 2689 506 2710 IV.
525 2689 580 2716 Reg.
600 2689 625 2716 6,
645 2688 681 2710 17.
699 2688 764 2711 Eccli.
785 2688 826 2716 17,
846 2688 888 2710 ll:
905 2688 930 2709 Et
948 2688 1060 2715 magnalia
1080 2689 1149 2710 hono-

301 2727 332 2749 ris
349 2728 399 2750 eius
416 2728 474 2750 vidit
491 2728 571 2750 oculus
588 2728 686 2749 illorum.

364 2765 372 2778 ³
391 2767 438 2788 lsai.
467 2767 506 2794 ll,
532 2767 561 2788 2:
588 2767 613 2788 Et
643 2766 773 2794 requiescet
801 2772 871 2793 super
899 2771 953 2787 eum
983 2765 1081 2793 Spiritus
1106 2765 1148 2787 Do-

302 2806 365 2828 mini.

364 2844 373 2857 4
392 2845 452 2867 Multi
471 2845 539 2867 codd.
557 2845 665 2867 omittunt
681 2850 821 2867 *nimam-um.

365 2883 374 2895 ⁵
391 2884 461 2912 Epist.
479 2885 493 2906 1.
511 2884 563 2906 Cor.
582 2885 608 2912 2,
627 2884 668 2912 13,
687 2883 727 2906 ubi
744 2890 786 2912 pro
804 2883 829 2906 in
845 2882 933 2905 virtute
951 2883 1048 2910 Vulgata
1067 2882 1091 2905 iu
1108 2881 1149 2905 clo-

303 2922 395 2949 ctrina,-
414 2924 454 2945 cfr.
472 2922 527 2945 ibid.
545 2930 567 2945 v.
585 2924 612 2945 5:
630 2924 656 2946 Ut
675 2923 732 2945 fides
749 2926 824 2945 vestra
842 2929 887 2945 non
905 2923 933 2945 sit
951 2922 973 2944 in
988 2922 1098 2950 sapientia
1111 2922 1148 2944 bo-

304 2961 406 2988 minum,
424 2962 463 2984 sed
483 2962 504 2984 iu
522 2962 606 2985 virtute
623 2962 672 2985 Dei,
691 2963 767 2985 11131111.
787 2962 813 2989 9,
838 2962 882 2984 35:
905 2963 931 2984 Et
953 2961 1065 2983 (1101111131
1088 2961 1149 2983 lesus

303 3007 384 3023 omnes
401 3001 505 3023 civitates
521 3004 543 3023 et
560 3002 661 3028 castella,
679 3001 765 3024 docens
781 3004 822 3023 etc.
842 3001 904 3023 ldem
922 3000 1005 3023 dicitur
1022 3000 1076 3023 Luc.
1089 3000 1114 3028 9,
1127 3000 1147 3021 6.

303 3040 333 3062 de
350 3040 471 3067 Apostolis.

1269 2608 1278 2621 Β
1296 2610 1360 2631 Eccli.
1379 2609 1422 2636 24,
1440 2609 1481 2630 23:
1494 2609 1542 2636 Ego
1554 2608 1620 2637 quasi
1633 2607 1685 2629 ritis
1698 2607 1832 2629 fructificari
1845 2606 1981 2629 suavitatem
1994 2606 2050 2629 odo-

1205 2649 1248 2677 ris,
1267 2651 1289 2670 et
1305 2649 1373 2670 flores
1390 2648 1436 2670 mei
1453 2649 1539 2670 fructus
1557 2647 1651 2669 lionoris
1668 2649 1690 2668 et
1707 2646 1839 2668 honestatis.
2119 2675 2120 2680 Ἰ

1268 2686 1276 2699 ⁷
1295 2688 1364 2715 Edd.,
1382 2686 1552 2714 refragantibus
1568 2687 1586 2709 A
1597 2686 1613 2708 B
1623 2686 1639 2708 C
1650 2686 1667 2708 D
1678 2687 1692 2708 Ε
1702 2686 1717 2708 F
1727 2686 1744 2707 G
1754 2703 1760 2712 ‚
1776 2685 1863 2708 addunt
1882 2684 2005 2714 utriusque
2015 2690 2049 2707 se·
2119 2689 2120 2718 l

1204 2732 1253 2749 crus
1270 2726 1293 2749 7'71
1312 2725 1434 2755 coniuyalz'
1446 2725 1562 2755 pudicitur¹
1579 2724 1680 2748 Domino
1697 2723 1850 2754 famulantes.
2118 2722 2120 2755 J

1267 2764 1276 2777 ⁵
1295 2765 1338 2788 Csr.
1356 2765 1494 2793 Wadding.,
1511 2765 1553 2786 loc.
1571 2764 1620 2792 cic,
1637 2764 1667 2785 ad
1684 2770 1722 2785 311.
1735 2764 1807 2790 1221,
1820 2770 1841 2785 u.
1858 2764 1892 2785 13.
1905 2769 1981 2791 seqq.;
1994 2761 2049 2784 ibid.
2118 2767 2120 2789 t

1205 2804 1235 2827 ad
1252 2810 1290 2826 au.
1308 2805 1380 2831 1212,
1397 2810 1421 2826 n.
1440 2804 1475 2826 10.
1493 2810 1558 2832 seqq.
1576 2803 1605 2825 de
1623 2803 1646 2825 S.
1665 2802 1737 2825 Clara.
1822 2800 1832 2813 ⁹
1849 2801 1922 2824 Codd.
1939 2802 1956 2823 B
1968 2800 1984 2824 C
2001 2799 2048 2824 Dei.
2118 2794 2119 2802 ¹

1269 2842 1289 2855 ¹⁰
1306 2843 1382 2865 11131111.
1400 2843 1426 2869 6,
1445 2842 1485 2864 34τ
1503 2842 1573 2864 Nolite
1591 2848 1647 2870 ergo
1665 2841 1753 2864 solliciti
1769 2847 1819 2863 esse
1837 2841 1860 2862 in
1876 2840 2008 2863 crastinum.

1268 2881 1287 2894 ¹¹
1306 2882 1371 2904 Eccli.
1389 2882 1431 2909 29,
1449 2882 1491 2903 30:
1508 2881 1627 2903 Minimum
1644 2887 1687 2908 pro
1706 2886 1790 2908 magno
1808 2880 1897 2908 placeat
1912 2879 1964 2906 tibi,
1976 2882 1997 2901 et
2008 2879 2047 2901 im-

1205 2921 1339 2949 properium
1358 2920 1549 2949 peregrinationis
1565 2926 1610 2942 non
1627 2920 1715 2942 audies.

1268 2958 1287 2971 ¹²
1304 2960 1381 2982 lllattli.
1398 2959 1424 2988 7,
1442 2960 1468 2981 6:
1486 2959 1565 2987 Neque
1582 2959 1676 2981 mittatis
1689 2958 1824 2986 margaritas
1835 2960 1924 2980 vestras
1935 2960 1986 2979 ante
1998 2962 2048 2984 por-

1205 3005 1257 3026 cos,
1274 3005 1303 3021 ne
1320 3000 1377 3021 sorte
1394 2999 1527 3021 conculcent
1543 3004 1581 3021 eas
1598 2998 1698 3026 pedibus
1715 2998 1764 3020 suis
1780 3001 1823 3020 etc.
1841 3010 1870 3013 —
1883 2996 1993 3025 Superius
2005 3001 2046 3024 pro

1207 3037 1226 3061 Ο
1242 3037 1420 3061 inaestimabilis
1438 3038 1454 3059 B
1473 3037 1492 3060 Ο
1509 3037 1641 3067 ineffabilis.
