2133 3317
816 192 1059 222 PROLEGOMENA
1080 193 1108 222 C.
1131 193 1149 221 1.
1799 192 1845 222 XV

168 276 206 298 78.
224 273 340 304 Fribaryi
354 274 377 296 in
394 273 526 301 Brisgovia,
544 271 682 294 bibliotheca
708 271 878 298 Universitatis,
894 270 947 293 cod.

107 322 160 345 388.
178 327 197 344 a.
215 322 287 344 chart.
303 321 327 342 in
343 321 364 342 8.
381 325 441 342 saec.
460 319 511 342 XV.
527 330 558 335 —
575 319 621 341 Fol.
643 324 662 341 r.
684 324 730 340 non
755 320 876 340 numerato
893 317 947 345 legi·

107 372 157 392 tur:
174 368 257 398 Incipit
270 372 376 397 parcum
393 365 481 389 bonum
497 365 583 395 fratris
599 365 772 388 Bonaventare.
798 364 947 392 Prosequitur

106 416 244 444 opusculum
261 420 335 443 usque
351 413 380 436 ad
398 412 486 435 verba:
511 413 537 435 In
563 411 599 435 his
623 412 657 434 est
680 411 735 441 fons
751 410 803 434 vite.
821 409 858 433 Ad
874 416 946 439 quam

105 468 149 486 nos
163 461 280 492 perducat
296 461 360 484 Iesus
376 460 454 487 Istas,
479 458 522 489 qai
545 464 600 482 cum
624 458 695 481 Patre
712 459 734 481 et
749 457 842 487 Spiritu
864 458 946 480 sancto

105 508 161 532 vivit
177 510 200 532 et
215 508 300 537 reqnat
315 507 378 530 Deus
395 506 420 529 in
436 505 516 530 secula
532 505 677 529 seculorum.
695 505 777 528 Amen.

167 556 206 578 79.
223 553 334 579 Gandavi
354 554 376 576 in
402 553 492 581 Belgio,
517 551 654 575 biblIotheca
680 551 795 578 Civitatis,
816 550 869 573 cod.
893 550 946 572 226.

106 600 204 624 membr.
222 600 245 623 in
263 600 285 623 4.
301 605 363 623 saec.
379 600 437 622 Xlll.
453 599 564 622 exeuntis.
581 611 611 614 —
628 599 676 621 Fol.
693 598 746 620 212.
763 603 782 620 r.
799 597 894 625 legitur:
912 596 947 619 In·

106 647 161 677 cipit
178 646 236 670 liber
253 646 338 676 fratris
355 645 446 669 domini
456 646 622 669 Bonacentnre
633 644 660 668 de
671 643 786 674 reqimine
797 642 947 667 consciencie.

106 694 191 717 Desinit
209 694 245 716 101.
262 694 316 716 217.
332 700 350 716 r.
367 692 446 715 verbis
463 698 514 721 cap.
532 693 554 715 2.
571 698 594 714 n.
613 692 654 714 ii:
672 690 772 714 Indacat
779 689 948 720 perfectionem

106 741 211 765 omnium
229 740 358 767 bonoram,
377 746 450 770 qnam
466 739 533 762 nobis
546 740 636 769 prestet
651 737 692 768 qni
712 737 768 761 vivit
784 738 806 760 et
823 738 908 767 reqnat
923 736 946 759 in

105 787 185 812 semila
197 787 340 811 seculorum.
350 788 431 810 Amen.
441 787 562 816 Sequitur:
572 785 684 815 Explicit,
696 788 718 808 et
730 785 808 808 titulus
819 784 858 813 qui
871 789 948 812 supra.

169 836 207 858 80.
225 834 326 862 Ibidem,
342 834 395 857 cod.
413 834 466 856 291.
484 834 530 856 iam
547 832 677 860 descriptus
697 835 753 854 tom.
766 832 792 854 V.
804 837 859 859 pag.
872 831 947 854 XXlX

106 888 129 905 n.
149 881 186 904 42.
202 895 233 897 —
250 881 392 910 Opusculum
418 884 450 903 est
477 881 513 903 sol.
540 879 576 902 14.
601 886 620 901 r.
638 879 763 901 indicatum
781 879 823 901 hac
840 878 948 900 rubrica:

107 928 190 958 Incipit
206 927 326 951 meditatio
342 934 383 951 seu
401 927 459 951 liber
475 926 561 957 fratris
587 927 751 950 Bonacentare
767 924 859 948 ordinis
876 924 948 947 mino-

106 980 162 997 rum
179 973 206 997 de
224 974 312 1004 triplici
328 973 380 997 ria:
396 974 465 1001 Ecce,
478 972 593 1002 descripsi
608 978 660 995 eam
677 975 719 994 etc.
733 971 818 994 Desinit
831 971 867 994 sol.
880 971 918 993 23.
930 977 947 993 r.

107 1028 148 1050 per
165 1021 253 1044 verba:
271 1021 302 1044 Et
317 1020 358 1044 hec
374 1022 408 1044 est
425 1019 558 1049 Seraphim.
576 1018 613 1042 Ad
637 1025 681 1048 qae
703 1024 746 1041 nos
770 1017 886 1047 perducat
908 1017 950 1047 qui

106 1069 162 1093 vivit
187 1071 210 1092 et
233 1070 319 1098 reynat
342 1068 404 1091 Deus
427 1073 471 1097 per
495 1066 577 1090 omnia
601 1065 681 1089 secula
705 1065 848 1088 seculorum.
867 1065 948 1088 Amen.

108 1115 212 1145 Explicit
229 1114 286 1138 liber
303 1114 331 1137 de
347 1113 436 1144 triplici
451 1113 490 1137 via
501 1120 516 1136 a
527 1113 604 1143 fratre
616 1113 785 1136 Bonaventnra
798 1111 895 1135 Ordinis
908 1110 949 1135 Mi-

107 1167 195 1185 nor-um
211 1161 367 1191 compositus,
385 1160 452 1183 cnias
469 1160 551 1183 anima
568 1159 699 1189 requiescat
715 1158 739 1181 in
756 1157 872 1188 gandium
888 1163 949 1181 sem-

106 1208 232 1238 piternam.
250 1209 332 1231 Amen.

170 1255 207 1277 81.
226 1253 317 1278 Gedani
334 1254 438 1282 (Danzig)
456 1254 478 1276 in
497 1253 615 1281 Borussia,
633 1252 770 1275 bibliotheca
796 1255 887 1275 sanctae
907 1252 950 1274 Ma-

108 1303 167 1329 riae,
179 1302 231 1325 cod.
245 1302 283 1324 95.
295 1307 412 1330 progress.
430 1301 517 1323 Scrinio
535 1301 589 1323 298.
605 1301 675 1323 chart.
694 1300 716 1322 in
732 1300 768 1322 sol.
780 1306 839 1322 saec.
853 1300 903 1322 XV.
919 1311 950 1316 -—

107 1349 188 1377 incipit
206 1349 242 1371 rol.
261 1349 297 1370 92.
315 1355 334 1370 r.
352 1348 400 1370 sine
418 1347 481 1370 titulo
493 1350 515 1369 et
527 1347 619 1369 nomine
636 1347 748 1375 auctoris,
768 1346 851 1369 desinit
863 1346 899 1369 fol.
912 1346 950 1368 98.

108 1403 130 1418 v.
149 1396 172 1418 in
189 1401 239 1424 cap.
258 1396 279 1418 3.
296 1402 317 1417 n.
336 1395 357 1417 5.
374 1394 467 1417 verbis:
484 1396 506 1417 et
522 1394 630 1418 osculnm
642 1395 663 1417 et
679 1393 818 1423 (tonpiesram
835 1394 887 1416 Iesu
903 1393 947 1422 ati,

108 1442 150 1472 qai
166 1448 220 1466 cam
237 1443 308 1465 Patre
324 1443 345 1464 et
362 1441 453 1471 Spiritu
471 1442 552 1464 sancto
571 1440 627 1464 vit-it
642 1441 761 1469 111-11911111
769 1446 813 1469 per
825 1439 905 1462 onznia
916 1445 951 1463 se-

108 1488 161 1511 cula
178 1487 323 1512 seculorum.
339 1489 421 1511 Amen.

172 1536 210 1557 82.
228 1534 328 1561 Ibidem,
345 1534 397 1557 eod.
415 1535 451 1556 10.
469 1540 586 1562 progress.
603 1533 690 1556 scrinio
703 1533 741 1556 55.
760 1533 803 1555 iam
821 1533 951 1561 descriptus

109 1585 164 1605 tom.
182 1582 209 1604 Υ.
228 1588 281 1610 pag.
301 1582 375 1604 XXlX
392 1588 414 1604 n.
434 1581 470 1603 43.
488 1594 516 1596 —
529 1581 607 1609 incipit
620 1581 656 1603 sol.
670 1581 721 1602 195.
734 1587 750 1602 r.
763 1583 785 1602 et
796 1580 879 1602 desinit
899 1580 951 1602 198.

109 1635 132 1651 v.
149 1630 170 1651 et
187 1629 243 1652 haec
260 1627 394 1658 Seraphim.
412 1628 520 1656 Sequitur
538 1629 692 1655 fragmentum
704 1635 708 1649 :
722 1627 784 1650 Deas
796 1628 890 1650 estesse
902 1626 951 1649 abs-

110 1682 155 1705 que
171 1681 219 1698 non
237 1674 331 1698 entitate
348 1678 391 1697 etc.
409 1674 526 1697 Omittitur
540 1674 634 1696 omnino
651 1674 729 1697 titulus
746 1674 822 1702 operis
834 1677 856 1696 ct
867 1680 951 1696 nomen

109 1721 216 1744 auctoris.

172 1769 209 1790 83.
229 1767 334 1795 Giessae,
347 1767 484 1790 bibliotheca
496 1768 665 1795 Univcrsitatis,
677 1768 728 1790 cod.
740 1768 793 1790 788.
806 1769 877 1790 chart.
892 1773 952 1790 saec.

110 1815 161 1838 XV.
173 1828 208 1841 .—
226 1816 304 1843 Incipit
322 1816 358 1838 fol.
380 1816 398 1837 l.
415 1821 432 1837 r.
450 1815 499 1837 sine
516 1815 561 1838 ullo
579 1815 655 1842 titulo,
681 1818 703 1837 et
727 1815 809 1837 desinit
831 1815 866 1837 sol.
884 1814 906 1836 7.
929 1820 953 1837 v.

111 1861 189 1884 verbis
200 1868 250 1890 cap.
264 1863 284 1884 2.
298 1869 319 1884 11.
335 1862 356 1884 11
368 1869 373 1883 :
391 1861 423 1884 ad
436 1861 602 1891 perfectionem
619 1861 726 1884 omniunt
744 1860 867 1889 bonoram,
880 1867 952 1890 quam

111 1908 177 1932 nobis
192 1910 301 1938 prestare
317 1908 427 1938 diynetur
444 1908 469 1931 in
485 1908 565 1931 secula
582 1907 721 1931 benedictus.
740 1909 785 1931 Deo
804 1908 866 1931 laus.

174 1955 211 1977 84.
229 1954 353 1984 Gottinqae
370 1955 393 1977 in
410 1954 530 1981 Borussia,
557 1953 694 1977 bibliotheca
720 1954 890 1982 Universitatis,
910 1960 953 1976 ms.

113 2002 164 2024 114.
182 2003 254 2024 chart.
274 2002 295 2024 in
313 2003 334 2024 8.
352 2008 410 2024 saec.
430 2002 480 2024 XV.
495 2013 526 2018 --
543 2002 591 2024 Hoc
608 2001 745 2029 opusculum
761 2001 841 2029 incipit
852 2001 890 2023 101.
902 2002 922 2023 2.
934 2007 953 2023 r.

112 2048 160 2071 sine
178 2048 258 2071 titulo:
275 2048 335 2071 Cum
352 2047 428 2071 omnis
445 2047 540 2071 scientia
558 2049 625 2077 uerat
646 2051 696 2075 etc„
717 2047 801 2070 desinit
818 2048 853 2070 sol.
879 2048 913 2069 18.
935 2053 952 2069 1·.

114 2095 207 2118 verbis:
225 2098 246 2118 et
263 2095 306 2118 hoc
323 2096 356 2118 est
372 2094 508 2124 Seraphim.
525 2094 562 2118 Ad
578 2100 622 2124 qne
638 2101 682 2117 nos
696 2094 826 2124 perducere
843 2094 953 2124 (1191101111-

112 2143 176 2165 Iesus
187 2143 253 2170 oetas,
262 2141 304 2171 qui
312 2142 345 2164 est
354 2140 486 2165 benedictas
498 2141 521 2164 in
533 2141 620 2165 secula.
631 2143 712 2164 Amen.
722 2142 790 2164 Anno
799 2140 855 2166 6⁴2⁰
865 2141 935 2170 (1462
938 2145 952 2170 1.

175 2189 212 2211 85.
231 2188 348 2212 Gotlwicz'i
365 2188 496 2217 (Gottwein)
515 2188 537 2210 in
549 2188 652 2216 Austria,
664 2187 802 2210 bibliotheca
814 2187 954 2213 Monasterii,

114 2236 166 2258 cod.
187 2236 237 2258 102.
255 2235 311 2264 (74).
324 2247 354 2251 -
366 2235 428 2257 Folio
442 2234 493 2257 134.
507 2241 530 2257 v.
543 2237 594 2262 post
605 2234 675 2257 alium
687 2234 771 2257 librum
784 2234 879 2264 finitam
890 2239 954 2257 anno

115 2281 194 2305 1577,
208 2283 262 2311 post
279 2281 339 2304 diem
355 2283 450 2305 sanctae
468 2281 566 2309 Luciae,
592 2281 696 2310 sequitur
720 2281 828 2303 rubrica:
851 2280 954 2304 Nuclens

113 2329 177 2352 Bone
197 2329 298 2352 Ventnre
315 2328 342 2351 de
358 2328 570 2358 contemplacione,
595 2328 632 2351 cel
656 2327 767 2351 stimulas
792 2327 896 2356 amoris,
912 2334 955 2351 sen

114 2375 262 2399 consciencie.
282 2376 367 2398 Desinit
385 2375 421 2398 sol.
440 2376 491 2397 138.
509 2381 527 2397 r.
545 2375 566 2397 in
584 2381 635 2403 cap.
652 2375 674 2397 3.
691 2381 713 2397 n.
731 2375 752 2397 8.
769 2378 821 2402 post
838 2373 954 2397 adhaereo

114 2422 206 2445 verbis:
223 2424 242 2446 A
260 2424 281 2446 te
296 2428 422 2452 nunquam
437 2421 576 2451 separabor.

178 2470 214 2492 86.
233 2468 331 2497 laicam,
349 2469 400 2492 cod.
418 2469 472 2491 256.
497 2468 569 2496 (456.)
593 2469 664 2491 chart.
690 2468 711 2490 111
737 2468 758 2491 4.
781 2474 840 2491 saec.
858 2468 910 2490 XV.
925 2480 956 2483 —

115 2516 161 2538 Fol.
178 2517 201 2538 2.
217 2522 236 2538 r.
253 2516 350 2544 legitur:
377 2515 460 2545 Incipit
479 2514 634 2538 Itinerarium
650 2514 734 2538 mentis
751 2514 776 2538 in
792 2514 895 2544 seipsam
912 2513 956 2537 edi-

117 2563 167 2585 tam
175 2568 219 2591 per
230 2561 353 2585 dominnm
365 2562 558 2585 Btmarenturam
569 2560 724 2584 cardinalem.
735 2561 822 2583 Desinit
833 2561 870 2583 tol.
883 2561 919 2583 13.
931 2566 955 2582 ν.

118 2609 147 2632 Et
164 2608 208 2632 hoc
224 2608 358 2638 Seraphim.
375 2608 405 2632 Et
421 2608 456 2632 sic
472 2609 506 2631 est
521 2608 583 2638 finis.
596 2608 652 2630 Hinc
663 2607 768 2636 sequenti
785 2607 837 2630 lolio
854 2607 957 2636 sequitur

118 2655 282 2683 compendium
300 2655 405 2683 opusculi
417 2655 462 2678 sub
473 2657 516 2678 hac
528 2655 690 2683 inscriptione:
703 2654 787 2684 Incipit
797 2654 879 2678 tabula
890 2660 958 2678 eoeer-

118 2701 166 2725 citii
182 2701 301 2725 interioris
318 2702 433 2730 hominis,
451 2708 497 2732 qno
513 2702 651 2732 pervenitur
662 2701 695 2725 ad
706 2708 787 2725 veram
803 2701 926 2725 scientiam
936 2702 959 2724 et

118 2747 259 2778 sapientiam
276 2754 306 2771 ea:
323 2748 428 2772 tin-‘nmio
446 2748 569 2771 reverendi
586 2748 665 2778 patris
682 2749 705 2771 et
720 2747 822 2771 doctoris
840 2748 958 2771 Benacen-

119 2796 178 2818 tare.
198 2794 275 2818 Sacra
292 2795 419 2825 Scriptura
436 2795 461 2818 in
477 2801 501 2818 se
518 2794 619 2818 continet
633 2794 749 2824 triplicem
760 2794 903 2818 intellectum
915 2798 957 2817 etc.

119 2842 167 2864 noc
184 2843 277 2864 schema
295 2842 379 2864 desinit
397 2842 433 2864 tol.
453 2842 489 2864 16.
505 2848 539 2864 r.:
557 2842 586 2864 In
602 2847 649 2871 qna
666 2843 700 2865 est
710 2841 811 2871 coqnitio
820 2847 865 2871 per
876 2847 958 2865 veram

119 2889 298 2919 eoeperientiam.
319 2889 347 2912 Et
363 2888 397 2912 sic
407 2890 442 2912 est
452 2888 513 2919 finis.
526 2888 630 2918 Explicit
640 2894 724 2912 rernm
735 2889 757 2912 et
766 2887 958 2918 pulcherrimam

119 2936 241 2965 speculam
258 2936 365 2965 corporis
382 2937 404 2959 et
419 2935 498 2959 anime
514 2935 659 2959 medicinale.

1067 270 1104 293 87.
1122 270 1217 294 Graec-ii
1238 271 1325 299 Styriae
1352 270 1375 293 in
1396 270 1499 297 Austris,
1517 269 1653 293 bibliotheca
1674 270 1843 299 Universitatis,

1003 317 1057 340 cod.
1075 317 1142 339 1011.
1159 319 1229 340 chart.
1248 318 1269 340 in
1289 317 1309 340 4.
1327 323 1387 341 saec.
1407 317 1459 340 XV.
1481 317 1587 340 ineuntis.
1604 329 1635 333 -—-
1651 317 1713 339 Folio
1739 323 1784 340 non
1806 324 1846 340 nu-

1003 366 1091 386 merato
1108 370 1127 386 r.
1139 364 1218 392 incipit
1235 364 1354 387 absolute:
1367 364 1436 392 Ecce,
1449 370 1491 394 eqo
1503 363 1618 393 descripsi
1633 369 1685 387 eam
1697 366 1751 391 etc„
1763 363 1845 386 desinit

1003 416 1045 438 per
1062 410 1134 433 verba
1151 417 1201 439 cap.
1219 412 1241 433 2.
1258 418 1281 434 11.
1303 412 1339 433 ll:
1359 411 1459 435 Indacat
1472 410 1640 441 perfectionem
1656 410 1763 434 omnium
1775 410 1845 434 bono-

1002 460 1071 483 rum,
1098 462 1170 485 qnam
1192 456 1258 480 nobis
1280 456 1379 486 prebeat
1402 458 1466 480 Iesus
1491 456 1595 480 christus
1619 455 1735 480 Dominus
1756 458 1845 480 noster.

1002 502 1085 525 Amen.

1066 550 1103 572 88.
1122 549 1221 578 Ibidem,
1239 551 1290 573 cod.
1309 551 1376 573 1082.
1394 552 1465 573 chart.
1483 551 1505 573 in
1519 550 1540 573 4.
1552 556 1612 573 saec.
1624 551 1675 573 XV.
1687 562 1717 567 -
1728 550 1846 578 Opusculo

1004 596 1157 624 praemittitur
1174 596 1252 619 titulus
1269 597 1306 620 fol.
1325 597 1362 620 89.
1381 604 1400 620 r.
1417 599 1460 620 hoc
1472 597 1558 620 modo:
1575 597 1659 627 Incipit
1669 596 1781 620 stimulas
1793 602 1846 620 con-

1003 642 1101 666 sciencie
1112 642 1199 672 fratris
1211 643 1383 667 Bonacentnre.
1397 644 1537 667 protrahitur
1549 650 1623 673 usque
1635 643 1664 666 ad
1676 643 1747 666 verba
1760 649 1812 672 cap.
1823 644 1845 666 2.

1004 695 1027 711 11.
1046 689 1091 711 ⁴12:
1117 688 1247 712 eoehibendo
1271 689 1475 719 complacentiam.
1492 691 1539 713 Deo
1556 690 1660 719 qracias.
1677 689 1782 720 Eoeplicit
1798 691 1844 713 tra-

1004 736 1081 759 ctatas
1095 735 1206 765 perutilis
1223 735 1311 759 *coleiiti
1323 736 1450 767 proficere,
1468 736 1496 760 de
1511 736 1608 760 stimulo
1625 736 1776 760 consciencie.

1068 782 1104 804 89.
1123 781 1222 810 Ibidem,
1239 783 1292 805 cod.
1310 783 1362 805 886.
1380 783 1425 806 iam
1442 784 1527 806 relatus
1543 786 1599 806 toni.
1612 784 1639 805 V.
1657 789 1711 811 pag.
1723 783 1783 806 xvii
1800 783 1846 811 53,

1005 827 1045 850 ubi
1062 834 1158 850 erronee
1176 829 1216 851 suit
1233 828 1331 852 tributus
1353 829 1505 852 bibliothecae
1527 830 1624 858 Capituli
1646 830 1798 853 Posoniensis.
1815 841 1846 846 —

1005 874 1161 903 opusculum,
1178 875 1208 898 de
1224 882 1271 904 quo
1289 876 1325 899 hic
1341 877 1446 905 agimus,
1464 877 1541 905 incipit
1558 877 1618 899 circa
1635 877 1705 899 finem
1723 876 1847 899 voluminis

1005 924 1027 943 et
1043 922 1192 944 detruncatur
1209 928 1259 950 cap.
1278 924 1300 945 2.
1317 930 1339 945 n.
1358 924 1394 945 11.
1411 923 1441 946 ad
1458 923 1544 946 verba:
1562 924 1589 946 In
1606 930 1653 953 qua
1671 925 1736 947 tanta
1752 925 1786 947 est
1795 929 1846 953 pan*

1005 969 1027 991 et
1042 968 1119 998 quies,
1137 971 1186 992 at...

1069 1016 1105 1038 90.
1123 1015 1222 1044 Ibidem,
1241 1017 1293 1039 cod.
1305 1017 1357 1040 851.
1370 1018 1442 1040 chart.
1454 1018 1477 1040 in
1490 1018 1511 1040 4.
1523 1024 1582 1040 saec.
1600 1018 1650 1040 XV.
1662 1030 1692 1034 —
1703 1018 1846 1046 Opusculum

1005 1062 1083 1090 incipit
1101 1064 1138 1085 iol.
1157 1063 1210 1086 171.
1228 1069 1251 1086 v.
1269 1070 1282 1086 a
1298 1070 1349 1092 cap.
1367 1065 1387 1086 1,
1405 1071 1428 1086 11.
1446 1065 1467 1087 2,
1485 1064 1528 1087 sub
1551 1065 1629 1087 titulo:
1655 1064 1772 1088 Stimnlas
1795 1070 1846 1087 coa-

1005 1109 1103 1132 sciencie
1119 1110 1205 1139 fratris
1229 1111 1403 1134 Bonaventare.
1428 1110 1555 1134 Sciendum
1581 1113 1625 1139 est,
1644 1110 1707 1141 qaod
1722 1111 1768 1134 tria
1791 1112 1848 1134 sant

1006 1155 1070 1179 intra
1087 1162 1131 1180 nos
1148 1160 1192 1179 010.
1210 1157 1296 1179 Desinit
1313 1158 1350 1180 sol.
1369 1157 1421 1180 i74.
1438 1158 1459 1180 in
1477 1163 1528 1185 cap.
1545 1159 1568 1180 2.
1585 1164 1608 1180 n.
1620 1159 1649 1180 2:
1664 1157 1720 1181 Tria
1732 1157 1796 1181 debet
1807 1157 1846 1180 ha-

1006 1201 1071 1231 bere,
1089 1203 1207 1232 dolorem,
1222 1204 1340 1234 pudorem
1357 1206 1378 1228 et
1394 1204 1510 1227 timorem.
1528 1205 1576 1227 Alia
1593 1205 1675 1227 desunt
1691 1205 1793 1227 omnino.

1069 1252 1107 1275 91.
1124 1251 1223 1279 Ibidem,
1242 1252 1293 1274 cod.
1312 1252 1381 1274 1112.
1398 1251 1496 1274 membr.
1514 1251 1537 1274 in
1555 1251 1575 1274 4.
1594 1258 1653 1274 saec.
1665 1252 1725 1274 XlV.
1737 1252 1846 1274 exeuntis.

1006 1312 1037 1317 —
1055 1301 1105 1322 Post
1124 1299 1269 1322 medietatem
1295 1299 1420 1321 voluminis
1446 1299 1484 1321 iol.
1509 1305 1533 1321 v.
1557 1305 1602 1321 non
1627 1302 1746 1321 numerato
1770 1299 1846 1327 incipit

1007 1353 1082 1375 opus:
1101 1347 1171 1374 Ecce,
1191 1345 1305 1375 descripsi
1320 1352 1372 1369 eam
1389 1350 1443 1373 etc.‚
1461 1349 1483 1368 et
1500 1346 1583 1368 desinit
1607 1352 1649 1374 per
1668 1345 1739 1368 verba
1757 1352 1807 1374 cap.
1826 1347 1846 1368 2.

1007 1401 1030 1417 11.
1050 1395 1076 1417 12
1087 1402 1092 1416 ;
1105 1393 1232 1423 interponit
1243 1392 1445 1420 misericordiam,
1458 1399 1502 1422 que
1512 1393 1546 1416 esl
1559 1391 1683 1422 utriusque
1691 1391 1844 1422 principiam.

1007 1442 1088 1465 Amen.
1106 1441 1196 1463 Titulus
1212 1444 1233 1463 et
1251 1446 1334 1463 nomen
1351 1440 1450 1462 auctoris
1467 1439 1586 1462 omittitur.

1070 1489 1108 1510 92.
1126 1487 1225 1515 Ibidem,
1244 1488 1295 1510 cod.
1317 1487 1382 1509 1015,
1399 1486 1498 1509 membr.
1523 1487 1545 1509 in
1571 1486 1592 1509 4.
1617 1492 1678 1509 saec.
1697 1487 1762 1513 XIV,
1779 1492 1849 1515 quem

1008 1536 1139 1559 notavimus
1165 1539 1219 1558 tom.
1245 1535 1271 1557 V.
1298 1540 1353 1562 pag.
1375 1534 1443 1556 XLlV
1467 1540 1490 1556 n.
1516 1534 1553 1556 18.
1569 1546 1601 1550 -
1617 1534 1662 1556 Fol.
1682 1534 1717 1556 44.
1736 1540 1754 1556 r.
1771 1533 1848 1562 incipit

1008 1583 1057 1606 sine
1074 1583 1137 1605 titulo
1154 1586 1175 1604 01
1192 1581 1275 1604 desinit
1292 1582 1329 1603 iol.
1347 1581 1384 1603 56.
1402 1587 1425 1603 v.
1442 1579 1535 1602 verbis:
1554 1580 1635 1603 Tercia
1653 1579 1788 1609 Seraphim.
1804 1580 1849 1602 Ad-

1008 1630 1085 1653 ditur:
1104 1630 1165 1652 Deus
1183 1628 1250 1652 habet
1266 1634 1315 1651 esse
1331 1627 1419 1657 absque
1436 1633 1482 1650 non
1500 1627 1602 1655 entitate,
1611 1634 1655 1657 per
1667 1633 1691 1650 se
1703 1634 1752 1650 esse
1762 1627 1850 1656 absque

1008 1676 1206 1703 accidentalitate,
1223 1675 1317 1699 actuale
1333 1681 1382 1698 esse
1399 1674 1486 1704 absque
1505 1674 1685 1702 materialitate,
1704 1674 1781 1697 rivere
1798 1673 1850 1697 abs-

1009 1730 1053 1754 que
1065 1723 1226 1750 nntriln'litate,
1239 1728 1379 1752 coynoscere
1390 1721 1477 1751 absque
1486 1721 1648 1751 passibilitate,
1658 1727 1752 1745 morere
1763 1721 1850 1751 absque

1008 1769 1180 1797 variabilitate,
1206 1768 1314 1798 conferre
1331 1767 1419 1797 absque
1435 1767 1594 1796 successione,
1614 1767 1743 1797 inteliiyere
1760 1767 1850 1797 absque

1009 1816 1180 1844 abstractione,
1198 1814 1354 1845 contemplari
1368 1814 1456 1844 absque
1472 1820 1586 1841 ascensu,
1603 1820 1687 1844 sapere
1702 1814 1789 1844 absque
1811 1821 1851 1844 ap-

1006 1863 1088 1893 petitu.

1073 1911 1110 1932 93.
1128 1909 1295 1939 Gratianopoli
1311 1908 1442 1937 (Grenoble)
1461 1909 1483 1931 in
1497 1909 1579 1937 Gallia,
1592 1908 1729 1931 bibliotheca
1740 1908 1851 1937 Civitatis,

1010 1957 1062 1980 cod.
1080 1957 1133 1979 607.
1150 1962 1210 1979 saec.
1229 1956 1283 1979 Xlll.
1299 1955 1414 1983 exeuntis,
1426 1955 1484 1977 soliis
1496 1961 1542 1978 non
1553 1955 1686 1977 numeratis.
1700 1968 1728 1971 —-
1740 1955 1786 1977 Fol.
1800 1956 1820 1977 1.
1832 1961 1851 1977 r.

1010 2004 1084 2032 prima
1102 2009 1185 2026 manus
1203 2003 1225 2025 in
1243 2002 1347 2030 margine
1364 2002 1465 2024 interiori
1483 2003 1538 2024 haec
1556 2002 1672 2024 exaravit:
1698 2001 1782 2031 Incipit
1801 2008 1852 2031 spe-

1010 2050 1098 2074 culatio
1115 2050 1200 2080 fratris
1218 2050 1280 2073 Bone
1297 2051 1394 2072 ventare
1410 2048 1540 2072 secandam
1553 2048 1668 2078 triplicem
1680 2048 1751 2072 viam.
1766 2050 1851 2072 Desinit

1010 2097 1170 2120 detruncatum
1188 2102 1239 2125 cap.
1257 2097 1278 2119 2.
1295 2103 1319 2119 n.
1337 2096 1358 2118 4.
1375 2096 1404 2119 ad
1422 2095 1508 2118 verba:
1526 2095 1645 2119 Ealiz'bz'tio
1664 2095 1743 2123 latrie,
1755 2102 1786 2119 ea·
1798 2103 1852 2126 qaa-

1010 2150 1102 2174 canque
1118 2143 1199 2173 qratia
1215 2143 1322 2171 colatur,
1342 2142 1405 2166 debet
1421 2142 1507 2166 habere
1524 2142 1594 2165 tria...

1073 2190 1111 2213 94.
1129 2190 1228 2220 Hafuiae
1241 2190 1418 2218 (Kopenhagen)
1430 2190 1452 2211 iu
1466 2189 1548 2216 Dania,
1561 2188 1698 2212 bibliotheca
1710 2189 1790 2217 Regia,
1802 2189 1853 2211 cod.

1011 2238 1079 2261 3397.
1097 2238 1120 2260 111
1138 2238 1159 2259 8.
1177 2237 1275 2259 membr.
1293 2242 1352 2259 saec.
1370 2237 1431 2259 XlV.
1446 2249 1475 2252 —
1492 2237 1537 2259 Fol.
1556 2237 1576 2258 2.

1010 2290 1067 2308 cnm
1084 2283 1171 2307 bonum
1189 2284 1252 2307 Bone
1268 2285 1373 2306 ventare.
1392 2283 1460 2306 [linc.-
1479 2282 1562 2312 Incipit
1576 2288 1703 2312 processus
1714 2282 1853 2305 ordinarias

1011 2331 1044 2354 ad
1064 2330 1232 2361 perfectionem
1257 2329 1302 2353 vite
1320 2330 1438 2360 presentis
1462 2331 1485 2353 et
1507 2330 1588 2359 future
1605 2329 1763 2353 beatitudinis.
1780 2329 1849 2356 Ecce,

1011 2377 1126 2407 descripsi
1141 2383 1193 2400 eam
1210 2380 1253 2400 etc.
1270 2377 1357 2399 Desinit
1374 2377 1411 2399 fol.
1433 2377 1465 2399 19.
1483 2383 1514 2399 r.:
1532 2376 1645 2406 qnoniam
1657 2376 1679 2399 in
1698 2375 1745 2399 illis
1757 2376 1790 2398 est
1800 2376 1853 2404 fons

1012 2424 1063 2447 vite.
1081 2425 1162 2447 Amen.

1594 2242 1614 2258 r.
1625 2239 1658 2258 est
1675 2236 1779 2258 rubrica:
1797 2236 1853 2259 Par-

1075 2470 1112 2492 95.
1129 2470 1211 2499 Haqae
1228 2469 1340 2493 comitum
1358 2469 1379 2492 in
1397 2469 1527 2497 Hollandia,
1544 2469 1681 2492 bibliotheca
1699 2469 1783 2497 Regia,
1801 2468 1852 2491 cod.

1014 2516 1066 2538 162.
1083 2517 1154 2539 chart.
1172 2517 1194 2538 in
1212 2517 1234 2538 8.
1254 2522 1315 2538 saec.
1337 2516 1387 2538 XV.
1411 2516 1520 2538 exeuntis.
1538 2528 1569 2532 —
1585 2515 1649 2538 Circa
1673 2515 1775 2538 medium
1793 2515 1855 2538 volu·

1013 2563 1093 2585 minis:
1110 2562 1193 2592 Incipit
1211 2562 1267 2586 liber
1285 2562 1312 2586 de
1329 2562 1418 2592 triplici
1432 2562 1470 2585 cia
1486 2568 1501 2585 a
1519 2561 1583 2585 beato
1608 2562 1775 2585 Bonaventura
1795 2567 1855 2584 com-

1013 2608 1110 2638 positus.
1128 2608 1226 2631 Desinit:
1243 2609 1271 2632 In
1288 2608 1335 2631 illis
1352 2610 1387 2632 est
1401 2608 1455 2638 fons
1471 2607 1522 2631 vite.
1541 2608 1570 2631 Et
1585 2614 1668 2631 ea‘erce
1679 2609 1700 2631 te
1711 2607 1742 2631 ad
1756 2607 1855 2631 virtutes

1014 2655 1039 2678 in
1055 2654 1245 2684 conformitatem
1269 2654 1301 2677 ad
1325 2660 1455 2684 supernam
1477 2654 1620 2682 Ierusalem,
1638 2654 1665 2677 de
1682 2660 1729 2684 qna
1750 2653 1854 2683 qloriosa

1014 2701 1077 2724 dicta
1092 2703 1159 2729 sunt,
1179 2707 1223 2731 qne
1245 2703 1280 2725 est
1296 2701 1377 2724 civitas
1399 2701 1442 2724 Dei
1465 2700 1636 2730 omnipotentis.
1659 2701 1695 2724 Ad
1717 2707 1789 2731 quam
1812 2706 1855 2724 nos

1012 2747 1142 2778 perducere
1159 2747 1269 2778 diqnetar
1286 2747 1328 2778 qui
1347 2747 1403 2771 civit
1418 2749 1440 2771 et
1456 2749 1542 2777 reqnat
1564 2747 1589 2770 in
1611 2747 1691 2771 secula
1708 2747 1853 2771 seculornnt.

1014 2796 1096 2818 Amen.

1077 2841 1114 2863 96.
1131 2840 1308 2871 Heidelberyae,
1321 2840 1458 2864 bibliotheca
1473 2841 1642 2870 Universitatis,
1653 2841 1705 2864 cod.
1717 2841 1789 2864 Scrin.
1802 2841 1855 2863 Vlll.

1015 2895 1038 2911 n.
1063 2888 1100 2911 43.
1122 2888 1145 2911 111
1168 2888 1189 2911 4.
1211 2889 1283 2911 chart.
1302 2894 1362 2911 saec.
1384 2888 1435 2911 XV.
1457 2900 1488 2905 --
1510 2889 1547 2911 Est
1571 2888 1663 2911 rubrica
1688 2888 1792 2916 opusculi
1815 2889 1857 2911 hu-

1016 2935 1052 2958 ius
1070 2936 1107 2958 tol.
1126 2936 1178 2958 132.
1195 2942 1215 2958 r.
1231 2935 1263 2958 sic
1280 2936 1412 2958 efformata:
1429 2935 1512 2965 Incipit
1528 2936 1645 2959 tractatas
1668 2935 1730 2958 Bone
1755 2935 1857 2958 Venture
