2133 3317
801 222 1044 251 PROLEGOMENA
1066 222 1094 250 C.
1116 222 1134 250 l.

162 306 214 328 289.
231 305 332 333 Ibidem,
349 304 400 327 cod.
418 304 432 326 l.
450 304 515 326 class.
534 302 585 324 107.
603 303 675 324 chart.
691 301 714 323 in
732 300 754 323 4.
770 306 831 323 saec.
847 300 897 322 XV.
910 312 941 317 —

99 353 179 381 lnprit
196 353 232 375 rol.
249 354 271 375 2,
287 358 306 374 1.
323 351 409 374 omisso
425 350 503 373 titulo:
515 349 585 377 Ecce,
597 347 711 377 descripsi
726 353 779 370 eam
795 350 851 374 etc„
866 352 942 375 prose-

99 400 176 428 quitur
193 405 234 427 per
251 398 347 421 modum
363 396 487 419 schematis
503 401 578 424 usque
594 395 624 417 ad
641 394 720 417 solium
739 394 775 416 12.
787 399 811 416 v.
822 396 844 415 et
855 392 942 415 verba:

100 446 149 469 Hoc
165 444 299 474 Seraphim.
316 444 372 466 Hinc
387 443 436 465 sine
453 442 499 465 ullo
516 441 593 464 medio
611 440 717 463 additur:
735 439 797 462 Deus
813 437 882 461 habet
892 443 942 460 esse

99 491 186 521 absque
202 490 296 514 entitate
312 493 368 516 etc,
385 492 410 512 ut
427 489 472 511 iam
489 488 622 511 notavimus
639 487 661 509 in
678 486 730 509 cod.
748 492 772 508 n.
787 486 826 507 92.
843 488 865 507 81
881 484 939 506 aliis.

154 538 215 560 290.
232 536 331 564 Ibidem,
349 535 401 558 cod.
418 536 432 558 l.
450 535 515 557 class.
535 535 587 557 102.
603 532 703 556 membr.
719 533 742 555 in
760 532 781 554 4.
798 537 858 553 saec.
881 530 942 553 XlV.

99 587 151 607 ante
167 584 322 606 medietatem.
338 595 370 599 —
386 583 434 605 Hoc
450 588 511 610 opus
527 584 561 604 est
579 581 616 603 sol.
635 580 688 602 120.
704 585 722 601 r.
740 578 783 601 sub
800 576 906 607 sequenti
918 576 942 598 ti·

99 631 158 653 tulo:
175 629 260 659 Incipit
274 629 372 652 trivium
388 627 479 656 anime,
497 627 533 651 vel
548 626 672 657 speculum
693 625 785 653 anime,
807 624 856 647 sive
876 622 941 646 itine-

99 677 194 701 rarium
210 676 295 699 mentis
312 676 338 698 in
354 676 430 698 Deum
446 674 534 698 editum
550 680 566 697 a
583 674 649 697 Bona
665 674 766 696 ventura
789 671 875 694 Fratre
897 669 941 693 Mi-

99 730 163 748 nore.
181 724 251 751 Ecce,
268 721 383 752 descripsi
397 728 450 745 eam
466 724 509 744 etc.
530 721 614 744 Desinit
630 720 652 742 in
664 726 715 748 cap.
732 719 755 741 3.
771 725 793 741 n.
810 719 832 740 7.
852 717 940 740 verbis:

98 771 126 793 In
141 768 290 799 sequentibus
307 768 445 791 dominatur
461 767 561 797 affectio.
578 765 690 796 Explicit.

161 816 214 838 291.
231 814 331 842 Ibidem,
348 814 401 837 cod.
418 815 432 836 l.
449 815 514 836 class.
532 813 584 835 106.
608 811 707 835 membr.
730 811 751 834 in
769 811 791 833 4.
811 816 870 833 saec.
888 810 939 833 XV.

98 876 129 880 —
145 864 191 886 Fol.
208 863 230 885 2.
247 862 399 890 praemittitur
415 861 527 889 opusculo
544 860 626 882 eadem
643 858 735 882 rubrica
758 861 783 881 ut
805 859 827 880 in
849 863 941 886 praeee-

99 910 172 938 denti,
189 915 242 932 cum
263 915 310 938 quo
329 908 380 931 cod.
401 907 470 930 etiam
489 907 572 929 desinit
591 906 627 928 fol.
646 906 682 928 lo.
698 911 729 927 r.:
747 905 774 928 In
791 903 940 934 sequentibus

98 956 235 980 dominatur
252 955 350 985 affectio.
369 955 438 977 Hinc:
456 953 559 983 Emplieit
571 953 668 976 trivium
679 952 758 975 anime
770 951 857 975 editum
868 958 884 974 a
894 952 939 974 Bo-

98 1004 230 1026 naventura
248 1002 335 1025 Fratre
351 1001 451 1025 Minore.
468 1001 530 1023 Deus
546 999 578 1023 sit
593 998 724 1023 nobiscum.

161 1049 214 1071 292.
232 1047 331 1075 Ibidem,
351 1048 403 1070 cod.
420 1048 435 1070 l.
452 1048 517 1069 class.
537 1046 572 1069 43.
590 1046 612 1069 in
630 1047 652 1068 8.
670 1059 699 1062 —
716 1046 762 1069 Fol.
780 1045 816 1068 41.
834 1053 852 1068 r.
875 1052 939 1074 prae-

97 1096 194 1118 mittitur
209 1095 321 1123 opusculo
339 1096 394 1117 haec
411 1094 535 1116 memoria:
553 1093 703 1121 Notandum,
721 1092 784 1123 quod
799 1092 940 1116 Bernardus

96 1141 230 1166 Richardus
242 1141 375 1171 Hoctsberq,
387 1140 520 1164 canonicus
532 1139 633 1164 Ecclesie
648 1139 800 1162 Warmiensis
811 1139 864 1169 fecit
876 1139 939 1162 huuc

97 1188 185 1212 librum
201 1187 304 1212 scribere
319 1187 363 1211 sub
379 1193 443 1211 anno
459 1186 631 1211 incarnationis
643 1185 738 1210 Domini
748 1186 826 1210 nostri
836 1187 889 1209 Iesu
901 1186 940 1209 :cti

96 1234 326 1262 MGGCGXXXVII,
343 1236 366 1258 et
381 1234 509 1264 completus
526 1235 559 1257 est
576 1233 600 1257 in
618 1233 810 1264 Fraulienburqh
829 1240 874 1264 per
890 1240 939 1257 ma-

96 1288 142 1305 nus
159 1281 273 1305 Gristiani
289 1281 450 1305 Blumenrotli.
468 1281 555 1304 Deinde
576 1282 658 1304 eodem
683 1282 719 1304 sol.
737 1288 773 1304 v.:
790 1281 874 1311 Incipit
888 1288 938 1311 spe—

96 1327 177 1352 culum
194 1327 332 1351 conscientie
345 1327 393 1351 sive
404 1327 502 1350 trivium
514 1328 679 1351 Bonaventure
690 1327 821 1351 cardinalis
832 1327 860 1351 de
871 1334 937 1351 escer-

96 1374 148 1398 citio
165 1374 285 1397 interioris
301 1373 416 1402 hominis,
433 1379 479 1404 quo
498 1374 638 1403 pervenitur
655 1373 687 1397 ad
708 1380 790 1397 veram
814 1374 936 1397 scientiam

95 1423 118 1445 et
131 1421 280 1451 sapientiam.
297 1421 358 1444 Cum
374 1420 451 1444 omnis
467 1420 564 1444 scientia
581 1424 636 1450 etc.‚
653 1421 739 1444 omisso
756 1424 816 1444 textu
838 1421 938 1449 Scriptu-

95 1474 142 1491 rae.
159 1468 244 1491 Desinit
256 1468 307 1491 solio
321 1468 358 1490 46.
370 1474 392 1491 v.
404 1468 483 1491 verbis
500 1474 550 1496 cap.
568 1469 589 1491 2.
607 1475 629 1491 11.
650 1469 688 1490 ll:
706 1468 803 1492 inducat
817 1468 936 1498 perfectio-

95 1521 148 1539 nem
165 1514 241 1538 omnis
258 1515 339 1538 meriti
353 1516 375 1538 et
387 1514 465 1544 primi
480 1515 572 1543 (premii
579 1516 598 1543 ἳ)
616 1515 818 1545 complementum.

158 1562 212 1584 293.
229 1561 327 1589 Ibidem,
344 1562 397 1584 cod.
413 1562 450 1584 lV.
466 1562 531 1585 class.
550 1562 602 1584 103.
625 1563 696 1584 chart.
720 1562 743 1584 in
761 1562 780 1584 4.
799 1568 859 1585 saec.
882 1563 934 1585 XV.

94 1621 125 1626 —
142 1608 222 1637 incipit
240 1609 277 1631 fol.
294 1609 347 1631 275.
364 1615 382 1631 1.
399 1609 449 1631 51118
465 1609 542 1637 titulo,
554 1608 637 1631 desinit
648 1609 701 1631 289.
714 1615 738 1631 v.
749 1607 840 1631 verbis:
852 1608 938 1632 Ethoc

94 1654 228 1684 Seraphim.
246 1654 283 1678 Ad
299 1661 343 1684 que
358 1661 402 1678 nos
417 1654 546 1684 perducere
557 1654 668 1685 diqnetur
681 1656 742 1678 Deus
753 1654 884 1685 qloriosus,
896 1654 939 1685 qui

94 1701 119 1724 in
132 1701 246 1725 Trinitate
258 1701 364 1731 perfecta
375 1700 431 1724 vivit
441 1702 463 1724 et
473 1703 559 1731 reqnat
570 1701 594 1724 in
606 1700 686 1724 secula
697 1700 841 1724 seculorum.
854 1702 936 1725 Amen.

94 1747 198 1778 Explicit
213 1747 335 1771 ternarius
351 1747 475 1772 reverendi
495 1747 574 1777 patris
598 1749 621 1771 et
644 1747 746 1771 doctoris
771 1748 936 1772 Bonaventure

94 1794 237 1823 cardinalis,
255 1800 301 1825 quo
318 1794 418 1818 interior
434 1795 503 1818 homo
517 1801 562 1824 per
578 1792 718 1818 emer-citium
734 1795 798 1819 venit
811 1795 843 1818 ad
854 1802 936 1819 veram

94 1841 216 1865 scientiam
232 1843 255 1865 et
269 1841 416 1871 sapientiam.

157 1888 210 1911 294.
227 1887 326 1917 Ibidem,
344 1888 397 1911 cod.
414 1889 450 1911 lV.
467 1889 532 1911 class,
550 1889 587 1911 81.
605 1890 676 1911 chart.
693 1895 754 1912 saec.
773 1889 833 1912 XlV.
855 1895 936 1912 exeun-

93 1935 128 1958 tis.
145 1948 176 1951 —
194 1935 240 1958 Fol.
258 1935 266 1957 1
276 1935 310 1958 13.
327 1941 349 1957 v.
366 1934 411 1958 sub
428 1936 471 1957 hac
481 1935 586 1958 rubrica:
599 1934 682 1965 Incipit
693 1937 809 1959 tractatus
821 1936 935 1959 Boneven-

93 1983 147 2005 ture
162 1980 265 2005 doctoris
281 1980 375 2010 saqacis
391 1982 414 2004 et
429 1980 511 2004 devoti.
529 1981 616 2004 Desinit
633 1982 671 2004 sol.
692 1982 742 2004 120.
754 1988 790 2004 v.:
802 1982 830 2005 In
841 1981 889 2005 illis
900 1983 935 2005 est

92 2028 145 2058 fons
161 2028 213 2052 vite.
231 2028 351 2057 Sequitur:
369 2028 431 2051 Deus
447 2030 483 2051 est
497 2034 546 2051 esse
562 2031 604 2051 etc.
623 2034 697 2058 usque
708 2028 737 2051 ad
750 2027 834 2051 verba:
846 2028 936 2058 Sapere

92 2073 180 2104 absque
196 2074 301 2104 appetitu
317 2077 373 2102 etc.‚
390 2075 413 2098 et
428 2074 462 2098 sie
477 2076 513 2098 est
526 2074 589 2105 finis.

157 2122 210 2144 295.
228 2121 325 2149 Ibidem,
346 2121 398 2144 cod.
415 2122 430 2144 l.
447 2121 513 2144 class.
530 2122 584 2144 279.
600 2122 672 2145 chart.
695 2121 718 2144 in
741 2122 779 2144 sol.
803 2128 862 2145 saec.
880 2122 932 2145 XV.

92 2181 123 2186 —
139 2169 192 2192 Post
208 2169 250 2191 alia
267 2169 304 2191 sol.
322 2169 375 2191 263.
392 2167 489 2190 habetur
504 2174 605 2197 sequens
621 2168 726 2191 rubrica:
743 2168 856 2198 Sequitur
873 2168 935 2192 eius-

93 2214 145 2238 dem
162 2214 265 2238 doctoris
282 2213 474 2243 (Bonaventurae)
492 2214 613 2237 ternarius
630 2214 657 2238 de
679 2214 791 2238 exercitio
812 2214 932 2239 interioris

93 2261 207 2290 hominis,
224 2267 271 2291 quo
284 2261 423 2291 pervenitur
439 2261 471 2284 ad
486 2268 568 2285 veram
592 2261 733 2291 sapientiam
754 2263 776 2285 et
795 2261 928 2290 scientiam,

93 2308 129 2332 vel
145 2307 274 2332 secundum
291 2307 364 2336 alios,
385 2307 497 2331 stimulus
518 2308 656 2332 conscientie
677 2310 698 2332 et
719 2308 810 2332 amoris
831 2308 935 2338 appella-

92 2356 140 2378 tur.
157 2354 265 2383 Sequitur
282 2354 418 2382 opusculum
435 2360 508 2383 usque
525 2355 554 2377 ad
571 2360 622 2383 cap.
640 2355 661 2377 3.
673 2361 694 2377 n.
707 2355 735 2378 7:
747 2356 775 2378 In
785 2354 933 2385 sequentibus

92 2401 230 2425 dominatur
246 2401 344 2431 affectio.
368 2401 424 2424 Hinc
445 2401 550 2424 additur:
567 2401 632 2425 Finit
652 2401 752 2431 feliciter
768 2401 889 2425 ternarius
906 2401 934 2425 de

92 2447 204 2471 exercitio
220 2447 340 2471 interioris
357 2446 472 2475 hominis,
491 2452 537 2476 quo
552 2447 689 2476 pervenitur
706 2447 739 2470 ad
748 2453 830 2471 veram
841 2447 934 2477 sapien-

94 2493 152 2516 tiam
168 2495 191 2516 et
205 2492 340 2520 scientiam,
357 2491 446 2515 domini
462 2492 627 2516 Bonaventure
644 2492 787 2521 cardinalis,
810 2492 871 2516 alias
895 2492 934 2516 sti-

95 2540 176 2564 mulus
192 2540 330 2564 conscientie
345 2541 367 2562 et
382 2539 481 2563 amoris.

155 2587 208 2609 296.
226 2585 324 2614 Ibidem,
341 2586 393 2609 cod.
410 2586 424 2608 1,
442 2586 507 2608 class,
526 2586 577 2608 129,
595 2585 695 2608 membr.
710 2586 733 2608 in
751 2586 773 2609 8.
791 2592 852 2609 saec.
869 2586 929 2608 XlV.

91 2645 122 2649 —
138 2633 184 2655 Fol.
201 2632 255 2655 231.
271 2638 295 2654 v.
317 2633 446 2660 praefertur
470 2631 577 2654 rubrica:
602 2631 744 2661 Speculum,
768 2637 810 2655 seu
835 2631 932 2655 trivium

92 2679 183 2707 anime,
200 2678 236 2702 vel
251 2678 402 2702 itinerarium
418 2678 502 2701 mentis
518 2678 543 2701 in
560 2679 649 2706 Deum,
672 2677 760 2701 editum
781 2684 797 2701 a
814 2678 933 2702 Bonaven-

92 2728 157 2749 tura.
173 2726 244 2754 Ecce,
261 2725 375 2755 descripsi
398 2731 450 2748 eam
466 2728 509 2747 etc.
526 2725 612 2747 Desinit
629 2725 667 2747 tol.
684 2724 737 2747 210.
753 2731 772 2747 r.
789 2731 831 2753 per
847 2725 932 2748 verba:

92 2773 120 2796 In
135 2771 285 2802 sequentibus
301 2771 440 2795 dominatur
452 2770 559 2801 affectio,·
570 2777 631 2800 quae
642 2773 766 2794 occurrunt
777 2777 828 2800 cap.
840 2771 862 2794 3.
873 2778 895 2794 n.
907 2771 931 2794 7.

92 2819 203 2842 Additur:
222 2818 323 2848 Explicit
338 2817 462 2848 expliciat,
480 2817 561 2841 ludere
577 2818 682 2847 scriptor
698 2819 743 2841 eat.

155 2865 206 2887 297.
226 2864 323 2893 Ibidem,
342 2863 479 2886 bibliotheca
496 2864 608 2886 Ecclesiae
624 2864 772 2893 cathedralis,
789 2864 841 2886 cod.
858 2864 884 2886 D.
896 2864 930 2886 lll.

92 2913 107 2935 l.
123 2913 192 2934 chart.
212 2911 233 2933 in
252 2910 272 2933 l.
290 2923 318 2927 —
336 2910 416 2938 lncipit
431 2910 568 2938 opusculum
585 2910 667 2933 eodem
685 2910 760 2939 titulo,
778 2916 825 2939 quo
842 2916 932 2938 praece*

92 2958 161 2986 dens,
179 2958 232 2980 tolio
250 2957 302 2980 125.
319 2963 337 2979 r.
354 2959 376 2979 et
392 2962 444 2979 cum
462 2957 545 2979 eodem
561 2956 645 2980 desinit
662 2963 712 2985 cap.
724 2957 746 2979 3.
758 2963 780 2979 n.
792 2957 814 2979 7.
827 2957 864 2979 sol.
878 2957 930 2979 134.

185 3036 212 3059 S.
223 3035 356 3058 Bonav.—
369 3035 507 3057 Tom.Vlll.

1772 218 1841 249 XXV

998 306 1020 322 v.
1038 300 1096 322 Hinc
1112 300 1218 322 additur:
1235 299 1339 329 Erplicit
1360 300 1535 323 Bonaventura.
1559 298 1652 322 Finitus
1673 298 1735 328 feria
1757 298 1842 328 quinta.

998 345 1023 368 in
1038 345 1097 375 sesto
1114 347 1194 369 sancte
1211 346 1307 376 Aqnecis
1323 352 1388 369 anno
1405 345 1500 369 Domini
1521 344 1645 368 millesimo
1668 344 1844 374 quadraqente-

997 391 1057 415 simo
1074 391 1183 415 vicesimo
1200 392 1277 415 tertio.
1293 391 1433 421 Phalaboqu
1450 391 1573 415 Stassahz.

1061 439 1114 461 298.
1132 438 1230 467 Ibidem,
1247 439 1300 462 cod.
1316 439 1342 461 A.
1361 439 1396 461 Vl.
1412 439 1465 461 XX.
1487 438 1586 461 membr.
1603 439 1625 461 in
1644 438 1681 460 t'ol.
1704 444 1764 460 saec.
1781 437 1841 460 XlV.

997 485 1057 507 circa
1075 485 1229 508 medietatem.
1245 498 1276 502 —
1293 486 1345 508 Post
1361 486 1402 508 alia
1420 492 1490 514 opera
1509 486 1546 508 iol.
1563 492 1609 508 non
1632 488 1751 507 numerato
1768 490 1787 507 r.
1804 485 1841 507 ha-

998 530 1077 554 betur:
1094 531 1178 561 Incipit
1194 531 1317 561 speculum
1334 531 1425 559 anime,
1443 531 1531 554 editum
1548 537 1563 554 a
1579 531 1656 561 fratre
1673 531 1841 554 Bonaventura

998 576 1025 600 de
1038 576 1125 601 Ordine
1136 577 1265 601 Minorum.
1278 578 1364 601 Desinit
1375 584 1427 606 cap.
1439 579 1460 601 3.
1472 585 1494 600 n.
1509 578 1517 600 =t
1527 579 1545 600 1.
1558 577 1649 600 verbis:
1664 577 1701 600 Ad
1716 576 1842 607 copulam,

997 622 1030 646 ad
1045 623 1166 652 osculum,
1184 623 1216 647 ad
1232 624 1378 654 amplerum.
1396 625 1478 648 Amen.
1496 624 1599 654 Explicit
1615 623 1737 654 speculum
1754 623 1841 647 anime.

1060 670 1114 692 299.
1130 670 1225 693 Zwettel
1241 671 1263 693 in
1280 671 1382 697 Austria,
1400 670 1536 693 bibliotheca
1554 671 1682 693 Monasterii
1694 670 1748 693 Ord.
1761 670 1841 693 Cister-

997 716 1121 744 ciensium,
1137 717 1189 739 cod.
1205 718 1254 740 115.
1267 717 1364 740 membr.
1377 718 1398 740 in
1411 717 1432 740 4.
1444 723 1504 740 saec.
1516 717 1577 740 XlV.
1588 730 1619 734 —
1631 718 1683 740 Post
1695 718 1839 740 medietatem

997 763 1121 786 voluminis
1138 764 1174 786 tol.
1192 770 1211 786 r.
1227 770 1272 786 non
1290 767 1410 786 numerato
1427 764 1506 792 incipit
1521 763 1610 793 absque
1621 764 1666 786 ullo
1679 764 1755 786 titulo:
1769 764 1839 792 Ecce,

996 809 1111 839 descripsi
1121 816 1172 833 eam
1184 812 1227 832 etc.
1239 811 1326 833 Desinit
1337 810 1414 833 verbis
1429 817 1479 839 cap.
1492 812 1514 834 3.
1525 818 1547 833 n.
1559 811 1586 833 7:
1604 811 1634 834 Et
1650 810 1674 834 in
1691 810 1839 840 sequentibus

996 856 1134 879 dominatur
1150 857 1250 887 affectio.
1267 857 1344 880 Finito
1362 857 1434 885 libro,
1446 857 1541 881 sitlans
1553 859 1575 881 et
1591 857 1669 887 qloria
1681 858 1735 881 Xto.
1753 859 1836 881 Amen.

1059 902 1073 931 S
1090 904 1110 926 2.
1128 902 1263 933 Opusoulum
1279 903 1312 933 11,
1333 904 1382 926 sive
1399 903 1554 934 Soliloquium.

1059 956 1078 972 a.
1092 950 1139 972 l-loc
1150 950 1232 972 eodem
1245 956 1292 979 quo
1303 951 1474 979 Breviloquium
1493 954 1552 974 textu
1568 951 1658 980 incipit:
1670 951 1748 975 Flecto
1760 958 1837 981 qenua

995 1003 1048 1019 mea
1064 1000 1118 1025 etc,
1130 1000 1152 1020 et
1163 1000 1197 1020 est
1208 997 1357 1025 compilatum
1377 1007 1388 1017 «
1402 1004 1443 1025 per
1459 998 1555 1020 modum
1568 999 1688 1021 cuiusdam
1701 998 1802 1028 duiloyi,
1815 999 1838 1021 in

994 1050 1041 1073 quo
1053 1043 1135 1066 anima
1147 1044 1242 1071 devota,
1257 1044 1359 1067 veritatis
1370 1047 1475 1067 aeternae
1486 1045 1609 1073 discipula,
1622 1045 1754 1068 meditando
1769 1044 1837 1068 inter-

994 1091 1077 1120 φοραί,
1089 1093 1111 1113 et
1122 1090 1191 1113 homo
1204 1090 1296 1113 interior
1308 1091 1435 1114 mentaliter
1446 1092 1560 1121 loquendo
1572 1091 1697 1121 respondet
1705 1101 1715 1112 n
1729 1092 1768 1121 (ita
1781 1092 1836 1114 intra

995 1137 1017 1159 in
1030 1138 1137 1166 prologo,
1150 1144 1172 1160 n.
1185 1138 1224 1167 4.).
1236 1138 1321 1161 Auctor
1336 1139 1436 1161 imitatur
1452 1139 1474 1161 in
1493 1140 1535 1161 hoc
1553 1138 1628 1161 libello
1644 1139 1765 1167 Hugonem
1784 1145 1796 1160 a
1814 1139 1837 1161 S.

995 1184 1099 1211 Victore,
1117 1185 1157 1213 qui
1174 1185 1242 1207 etiam
1266 1191 1307 1213 per
1324 1185 1418 1208 modum
1444 1185 1529 1213 dialogi
1547 1185 1638 1213 scripsit
1658 1185 1731 1208 simile
1753 1185 1835 1209 Solilo-

995 1230 1088 1260 quium,
1105 1237 1131 1253 ex
1149 1237 1196 1260 quo
1208 1231 1295 1253 Bonav.
1313 1231 1376 1260 plura
1390 1231 1500 1254 desumsit
1519 1232 1583 1260 (vide
1595 1232 1650 1254 infra
1669 1237 1722 1260 pag.
1741 1232 1782 1260 29,
1794 1238 1835 1254 no-

994 1281 1041 1301 tam
1058 1278 1098 1308 6.).
1115 1279 1245 1301 Genuinum
1262 1281 1284 1302 et
1301 1280 1323 1302 S.
1340 1280 1497 1302 Bonaventura
1516 1280 1612 1308 dignum
1627 1281 1711 1302 foetum
1730 1286 1779 1302 esse
1792 1281 1836 1302 hoc

994 1326 1143 1354 opusculum,
1162 1332 1214 1348 cum
1232 1326 1323 1349 Oudino
1343 1332 1424 1349 omnes
1444 1326 1593 1354 confitentur,
1616 1329 1638 1349 et
1660 1327 1783 1349 accedente
1804 1329 1835 1349 tot

994 1372 1100 1394 codicum
1118 1373 1264 1400 auctoritate,
1281 1373 1360 1395 inutile
1376 1375 1410 1395 est
1427 1373 1492 1401 plura
1510 1373 1539 1395 de
1555 1374 1599 1395 hoc
1616 1373 1740 1402 inquirere.

1058 1418 1079 1441 b.
1097 1419 1166 1441 Varie
1183 1420 1226 1441 hoc
1243 1420 1380 1447 opusculum
1399 1419 1530 1442 inscribitur
1548 1420 1569 1442 in
1587 1419 1706 1442 codicibus
1724 1420 1779 1442 infra
1797 1426 1834 1442 no-

994 1465 1057 1488 tatis:
1070 1465 1139 1488 modo
1151 1466 1233 1496 1111090
1250 1466 1322 1495 vitae,
1339 1467 1409 1489 modo
1421 1466 1522 1490 Libellus
1540 1466 1567 1489 de
1584 1468 1687 1496 quatuor
1705 1466 1834 1494 exercitiis,

994 1512 1064 1534 modo
1081 1511 1253 1540 Meditationes,
1272 1512 1312 1535 sed
1325 1513 1471 1535 communius
1483 1512 1649 1542 Soliloquium.
1665 1513 1782 1535 Praeterea
1795 1519 1835 1535 no-

994 1559 1089 1581 tandum
1106 1562 1152 1587 est,
1179 1559 1282 1581 codicem
1305 1558 1457 1582 bibliothecae
1479 1560 1568 1582 Ducalis
1590 1559 1751 1582 Wolsenbutae
1773 1559 1834 1589 (cod.

993 1606 1086 1628 Helmst.
1106 1606 1113 1628 1
1124 1606 1183 1635 128.)
1201 1606 1256 1628 intra
1274 1612 1298 1628 n.
1310 1605 1355 1628 245
1373 1608 1475 1629 notatum
1487 1607 1604 1629 continere
1615 1607 1685 1629 alium
1697 1613 1742 1629 non
1755 1607 1835 1635 genui-

993 1658 1048 1675 num
1067 1653 1189 1680 prologum
1201 1652 1269 1675 valde
1283 1652 1395 1681 prolixum
1403 1669 1409 1679 ,
1421 1652 1461 1681 qui
1474 1653 1591 1675 materiam
1605 1652 1673 1675 libelli
1685 1659 1727 1680 per
1739 1653 1834 1675 modum

993 1699 1116 1721 schematis
1132 1698 1233 1726 exhibet,
1245 1705 1298 1721 cum
1310 1704 1357 1727 quo
1369 1698 1463 1727 quidam
1476 1699 1527 1721 cod.
1540 1699 1693 1722 bibliothecae
1710 1700 1836 1722 Berolinen-

993 1745 1024 1768 sis
1040 1746 1096 1768 intra
1114 1745 1158 1768 sub
1175 1752 1197 1768 n.
1214 1746 1252 1768 20.
1269 1751 1282 1768 a
1298 1745 1366 1768 nobis
1383 1748 1474 1768 notatus
1490 1752 1517 1768 ex
1532 1749 1596 1774 parte
1613 1747 1726 1769 convenit.
1744 1747 1834 1769 Initium

993 1792 1060 1820 primi
1076 1792 1165 1820 prologi
1177 1794 1199 1814 et
1210 1792 1279 1814 finem
1292 1791 1464 1815 transcribimus
1476 1792 1619 1821 aliquatenus
1631 1795 1766 1815 correctum.
1781 1801 1793 1813 «x
1804 1793 1834 1815 ln-

992 1839 1048 1867 cipit
1060 1839 1171 1867 prologus
1182 1839 1356 1862 Bonaventurae
1367 1839 1397 1861 de
1407 1842 1507 1868 quatuor
1518 1839 1629 1862 exercitiis
1644 1839 1744 1862 hominis
1755 1842 1776 1862 et
1788 1839 1833 1862 ani-

992 1892 1052 1909 mae.
1077 1887 1137 1909 Haec
1154 1888 1188 1908 est
1209 1886 1303 1908 materia
1321 1886 1389 1908 totius
1406 1885 1475 1908 huius
1496 1885 1556 1908 libri.
1572 1886 1648 1908 Primo
1673 1886 1736 1914 ponit
1753 1888 1833 1909 auctor

992 1933 1137 1955 auctoritates
1148 1933 1284 1955 Sanctorum
1301 1931 1369 1962 [sic]‚
1383 1934 1408 1954 ut
1419 1932 1481 1954 Pauli
1493 1935 1515 1954 et
1527 1932 1671 1959 huiusmodi,
1684 1932 1833 1960 postmodum

991 1979 1110 2007 originalia
1122 1979 1256 2007 Augustini,
1273 1978 1399 2006 Ambrosii,
1411 1979 1555 2007 Hieronymi,
1568 1978 1673 2006 Gregorii
1690 1981 1712 2001 et
1723 1979 1832 2007 aliorum,

992 2026 1020 2048 ita
1037 2025 1101 2054 quod
1113 2025 1255 2054 quandoque
1267 2025 1356 2052 Sancti,
1369 2028 1393 2047 ut
1404 2025 1545 2053 Augustinus
1556 2028 1578 2047 et
1590 2025 1671 2052 ceteri,
1682 2031 1834 2055 praeponun-

991 2073 1031 2094 tur
1048 2073 1069 2095 et
1082 2073 1262 2101 postponuntur
1273 2071 1414 2101 quandoque
1425 2071 1582 2101 originalibus
1594 2072 1643 2095 suis
1651 2080 1660 2100 ,·
1671 2071 1734 2095 unde
1750 2071 1777 2095 de
1788 2071 1832 2095 hoc

990 2119 1023 2142 sis
1040 2121 1134 2142 cautus.
1150 2120 1176 2141 Et
1192 2122 1258 2148 nota,
1276 2119 1339 2148 quod
1356 2119 1413 2142 liber
1427 2119 1469 2142 iste
1480 2122 1515 2142 est
1526 2118 1649 2149 dialoqus,
1668 2119 1690 2141 id
1708 2122 1741 2141 est
1757 2125 1833 2142 sermo

990 2167 1091 2189 duorum
1109 2166 1138 2189 ad
1155 2167 1268 2194 invicem,
1285 2167 1392 2189 videlicet
1408 2167 1500 2189 animae
1517 2167 1678 2194 interrogantis
1695 2169 1717 2188 et
1733 2166 1833 2189 hominis

990 2213 1150 2241 respondentis
1166 2219 1220 2235 cum
1237 2212 1412 2235 auctoritatibus
1429 2213 1564 2235 Sanctorum
1583 2212 1751 2241 pulcherrimis.
1768 2213 1834 2235 Mate·

990 2259 1023 2282 ria
1035 2262 1113 2282 autem
1131 2259 1199 2282 huius
1215 2261 1291 2282 sunt...
1309 2259 1413 2282 mentalis
1435 2259 1602 2281 exercitationis
1619 2260 1699 2287 ortus,
1717 2258 1831 2282 obiectum

990 2311 1036 2335 quo
1054 2306 1126 2335 [quod
1133 2305 1166 2335 ?],
1184 2306 1287 2336 fruetus.
1299 2306 1400 2328 Mentalis
1416 2306 1583 2329 exercitationis
1595 2307 1663 2329 ortus
1680 2308 1714 2328 est
1731 2311 1743 2327 a
1761 2306 1833 2328 Patris

987 2352 1092 2382 potentia
1117 2352 1278 2382 confortante,
1302 2359 1314 2375 a
1331 2353 1378 2375 Filii
1401 2352 1516 2382 sapientia
1538 2351 1674 2382 requlante,
1696 2358 1708 2374 a
1734 2352 1833 2380 Spiritus

989 2399 1060 2422 sancti
1077 2398 1200 2422 clementia
1212 2399 1360 2427 consolante,
1377 2405 1389 2421 a
1402 2398 1488 2428 quibus
1504 2405 1574 2422 omne
1586 2398 1673 2422 bonum
1690 2399 1831 2427 originaliter

989 2445 1149 2473 progreditur,
1167 2451 1209 2473 per
1230 2451 1289 2474 quos
1306 2451 1374 2467 omne
1397 2444 1485 2468 bonum
1502 2445 1662 2473 exemplariter
1683 2445 1831 2473 producitur,

989 2492 1018 2514 ad
1035 2498 1095 2520 quos
1111 2498 1181 2514 omne
1198 2491 1285 2514 bonum
1305 2492 1400 2514 finaliter
1416 2491 1542 2514 reducitur.
1563 2491 1657 2521 Eloquia
1675 2491 1715 2514 Dei
1736 2491 1831 2518 dilecta,

989 2538 1082 2561 consilia
1100 2538 1140 2560 Dei
1157 2538 1251 2565 suavia,
1268 2538 1375 2560 mandata
1394 2538 1433 2560 Dei
1451 2538 1520 2560 levia.

1052 2584 1152 2607 Mentalis
1168 2584 1335 2607 exercitationis
1348 2583 1436 2606 obiecta
1454 2587 1517 2606 sunt:

1145 2631 1264 2658 interiora,
1281 2637 1322 2659 per
1338 2637 1398 2659 quae
1415 2631 1476 2653 Deus
1494 2630 1609 2658 diligitur,

1144 2677 1265 2703 exteriora,
1283 2683 1325 2705 per
1341 2683 1401 2705 quae
1418 2676 1519 2699 mundus
1536 2676 1675 2704 despicitur,

1145 2723 1262 2750 interiora,
1279 2723 1308 2745 ad
1324 2729 1385 2752 quae
1401 2723 1477 2745 anima
1495 2723 1648 2751 demergitur,

1144 2770 1275 2798 superiora,
1292 2769 1377 2798 quibus
1394 2769 1470 2791 anima
1487 2772 1655 2792 remuneratur.

1051 2816 1157 2839 lnteriora
1175 2819 1252 2838 autem
1270 2819 1334 2844 sunt,
1352 2818 1376 2838 ut
1392 2815 1467 2838 anima
1485 2815 1576 2843 videat,

1216 2868 1328 2890 generose
1345 2862 1373 2884 sit
1390 2862 1446 2884 sacta
1466 2868 1507 2890 per
1523 2864 1641 2891 naturam,

1097 2915 1167 2938 quam
1217 2908 1298 2931 vitiose
1315 2909 1343 2931 sit
1358 2909 1484 2931 deformata
1503 2915 1543 2936 per
1561 2909 1665 2937 culpam,

1219 2955 1318 2983 gratiose
1335 2955 1363 2978 sit
1379 2956 1500 2978 reformata
1518 2961 1559 2983 per
1574 2956 1671 2983 gratiam
1683 2963 1705 2978 n.

1706 3033 1734 3055 lv
