2133 3317
220 229 278 257 754

220 306 272 330 CAr.
289 307 318 329 X.
336 307 435 335 Quartae
451 304 608 333 responsionis
620 304 695 332 prima
707 304 818 332 particula
835 304 963 327 decimum·

347 359 393 382 que
410 352 549 380 capitulum,
567 352 589 374 in
607 358 654 380 quo
672 351 761 379 Religio
783 351 911 374 carentium
933 351 962 373 lo-

348 401 405 423 culis
422 399 451 422 ab
469 405 547 422 errore
564 398 709 425 defenditur,
720 401 743 420 et
758 404 840 420 verum
857 398 894 420 ius
911 403 963 426 pos-

347 447 456 470 sessionis
473 446 641 469 ecclesiasticae
658 446 804 468 declaratur.
837 462 843 467 .
877 462 883 467 .
917 461 923 466 .

242 504 253 515 n
289 495 327 518 Xl.
344 496 444 524 Quartae
461 493 619 522 responsionis
635 492 737 515 secunda
759 492 870 520 particula
893 491 963 514 unde·

349 541 484 570 cimumque
501 540 641 568 capitulum,
663 539 685 561 in
707 545 754 568 quo
778 539 891 567 professio
912 539 963 561 Fra-

349 592 410 611 trum
428 589 542 611 minorum
560 587 672 610 veraciter
695 593 774 609 carere
796 587 925 609 ostenditur
941 589 964 608 et

348 635 539 664 appropriatione
556 641 634 667 rorum
652 633 807 656 immobilium
824 633 874 656 sive
891 632 964 661 mobi-

348 683 404 705 lium
417 685 439 705 et
451 682 592 714 proprietate
608 681 761 710 pecuniarum
773 683 820 703 tam
832 681 854 703 in
867 681 964 711 proprio

349 736 420 758 quam
438 729 461 751 in
478 728 596 762 communi
601 743 964 751 ..........

245 786 255 799 ιι
292 778 339 800 Xll.
357 778 458 806 Quartae
475 776 633 805 responsionis
651 776 715 798 tertia
733 775 844 804 particula
857 774 965 798 duodeci-

351 830 464 853 mumque
481 824 622 854 capitulum‚
639 823 662 845 in
685 829 732 855 quo
755 821 965 850 evangelizantium
991 852 993 854 Ι

350 878 482 900 pauperum
500 870 643 893 fructificatio
660 869 807 892 multiformis
825 869 965 896 ostenditur,

350 924 481 947 eorumque
497 920 570 941 status
583 924 596 940 a
610 917 775 945 multiplicibus
792 916 965 939 cavillatIOnum

350 966 459 988 versutiis
476 966 608 988 defensatur

535 1042 703 1066 OPUSCULUM
722 1042 770 1065 Xll.

225 1115 330 1138 ErlsTOLA
348 1121 376 1137 DE
393 1120 469 1136 TRIBUS
490 1120 660 1140 QUAESTIONIBUS
681 1120 711 1135 An
734 1118 861 1135 maotsTRum
884 1117 967 1134 wivom-

352 1168 428 1184 NATUM

310 1239 410 1263 OPUSC.
427 1239 485 1262 xm.
502 1238 772 1261 DETERMINATlONES
789 1237 993 1269 QUAESTlONUlll

440 1302 504 1318 elnCA
522 1301 623 1317 REGULAM
641 1300 747 1317 ramnum
763 1300 872 1316 MINORUM-

608 1365 670 1388 Pars
688 1365 706 1387 1.

229 1438 340 1466 Prologus
362 1451 970 1460 ................
1003 1442 1013 1454 ιι
1035 1433 1079 1455 337

229 1486 338 1514 Qun-:svo
356 1485 371 1507 l.
388 1484 434 1507 Cur
451 1487 544 1506 sanctus
561 1483 697 1506 Franciscus
709 1489 794 1505 novam
807 1482 920 1510 Regulam
938 1481 971 1504 in-

355 1531 428 1554 stituit.
444 1546 970 1554 ..............
1004 1537 1014 1549 ιι
1036 1529 1081 1551 338

277 1587 289 1599 ιι
356 1580 380 1601 ll.
398 1578 444 1602 Cur
462 1579 551 1600 Fratres
568 1578 703 1606 praedicent
725 1580 748 1600 et
773 1577 868 1599 audiant
885 1577 972 1599 contes-

356 1626 441 1654 siones‚
460 1631 513 1648 cum
531 1625 647 1648 ordinarie
664 1631 710 1647 non
722 1624 822 1647 habeant
833 1630 913 1646 curam
926 1623 973 1645 ani-

357 1679 449 1695 marum
488 1687 973 1694 .............
1006 1678 1017 1690 ιι
1051 1669 1082 1692 ib.

278 1729 289 1740 n
357 1721 391 1742 lll.
408 1719 454 1742 Cur
473 1720 562 1742 Fratres
580 1718 699 1741 intendant
716 1718 793 1741 studio
810 1718 937 1740 litterarum
967 1734 972 1739 .
1006 1725 1017 1737 »
1038 1717 1082 1739 339

277 1776 289 1787 ιι
357 1767 394 1789 lV.
413 1766 460 1789 Cur
476 1767 567 1789 Fratres
585 1766 716 1788 mendicent
728 1781 973 1788 .......
1008 1772 1018 1785 ι)
1039 1764 1083 1786 340

278 1823 288 1835 ιι
359 1814 386 1836 V.
404 1814 450 1837 Cur
467 1814 558 1836 Fratres
575 1814 718 1843 frequentius
736 1815 845 1835 maneant
856 1813 880 1834 in
897 1812 974 1835 civita-

358 1861 421 1884 tibus
439 1864 461 1884 et
482 1861 576 1890 oppidis
611 1880 616 1884 .
651 1878 657 1883 .
692 1878 698 1883 .
732 1854 738 1883 ᾗ
771 1876 975 1883 ......
1008 1868 1019 1879 ιι
1052 1858 1084 1881 ib.

278 1917 289 1929 ιι
341 1909 394 1931 -Vl.
413 1908 459 1932 Cur
476 1909 567 1931 Fratres
585 1908 685 1931 babeant
702 1914 800 1936 magnas
817 1910 839 1930 et
862 1908 918 1929 latas
936 1907 974 1929 do-

359 1962 410 1978 mos
427 1959 450 1979 et
467 1956 566 1978 oratoria
583 1959 705 1979 sumtuosa
722 1959 745 1978 et
761 1961 827 1978 areas
839 1956 896 1977 latas
929 1971 934 1976 .
969 1970 975 1976 .
1009 1961 1020 1975 »
1040 1953 1080 1976 344

280 2012 290 2024 ιι
360 2003 406 2025 Vll.
424 2004 501 2032 Quare
517 2003 608 2025 Fratres
624 2002 691 2031 plura
709 2005 852 2030 congregent
869 2003 906 2025 vel
924 2007 976 2025 con-

359 2054 460 2078 servent,
478 2057 532 2073 cum
550 2050 594 2073 sint
611 2056 727 2079 pauperes
729 2067 973 2073 .......
1008 2058 1019 2069 ιι
1040 2048 1085 2071 342

281 2106 292 2118 ιι
361 2098 414 2120 Vlll.
432 2097 478 2120 Cur
500 2098 590 2120 Fratres
615 2099 686 2121 modo
713 2098 778 2126 plura
803 2100 882 2126 petant
904 2103 976 2126 quam

360 2145 415 2168 olim
455 2162 975 2168 ..............
1009 2153 1021 2164 ιι
1054 2143 1086 2166 ib.

282 2201 292 2213 ιι
362 2193 400 2215 lX.
417 2192 463 2215 Cur
481 2193 589 2221 Religiosi
607 2193 753 2221 impatientes
770 2192 816 2214 sint
840 2191 976 2215 sustinendo

361 2239 484 2268 penuriam
488 2255 975 2262 .............
1009 2246 1019 2258 ι)
1041 2238 1086 2260 343

284 2295 294 2308 ιι
361 2288 390 2310 X.
409 2287 455 2310 Cur
473 2293 519 2309 non
531 2293 613 2309 omnes
624 2287 780 2310 indifferenter
792 2286 935 2314 recipiantur
947 2286 977 2308 ad

362 2335 474 2358 Ordinem
492 2350 976 2357 .............
1009 2342 1020 2354 »
1042 2333 1087 2355 344

282 2390 294 2402 ιι
362 2382 402 2404 Xl.
419 2381 464 2404 Cur
482 2382 572 2404 Fratres
590 2388 636 2404 non
653 2381 757 2404 laborent
774 2387 817 2409 pro
834 2381 897 2403 victu
932 2397 938 2403 .
972 2397 977 2402 .
1010 2388 1022 2400 ιι
1043 2379 1088 2402 345
1108 2412 1109 2415 Ἴ

283 2437 295 2450 ιι
363 2429 411 2451 Xll.
429 2429 560 2458 Quaeritur,
578 2429 596 2451 si
614 2429 644 2451 de
661 2428 764 2458 quolibet
781 2428 866 2451 Ordine
884 2431 906 2450 et
918 2428 978 2450 Reli-

365 2476 434 2504 gione
446 2477 519 2504 possit
531 2476 583 2505 quis
595 2476 691 2498 transire
703 2476 733 2498 ad
751 2463 864 2505 Regulam
877 2478 899 2497 et
915 2463 979 2505 Ordi-

363 2530 418 2546 nem
430 2523 491 2546 beati
508 2524 631 2551 Francisci,
643 2524 748 2546 Fratrum
760 2522 846 2554 scilicet
858 2522 981 2545 Minorum.
1012 2530 1023 2542 ιι
1056 2520 1088 2543 ib.

285 2580 295 2591 ιι
364 2571 421 2593 Xlll.
441 2571 572 2599 Quaeritur,
589 2571 608 2593 si
625 2570 655 2593 cle
667 2570 708 2593 ista
721 2558 840 2598 Religione
852 2569 925 2597 possit
942 2569 980 2591 ali-

364 2619 417 2648 quis
434 2619 467 2641 ire
484 2618 513 2641 ad
531 2618 600 2640 aliam
626 2621 683 2646 post,
704 2619 787 2640 factam
810 2616 979 2645 professionem

365 2666 388 2688 in
406 2672 433 2688 ea
459 2680 979 2688 ..............
1013 2671 1024 2683 »
1059 2663 1089 2685 ib.

286 2722 296 2734 ιι
366 2714 426 2736 XlV.
445 2713 580 2742 Quaeritur,
603 2713 621 2735 si
646 2712 712 2735 liceat
737 2711 817 2735 Ordini
842 2711 879 2734 isti
896 2711 979 2733 eiicere

365 2762 467 2790 aliquem
485 2767 527 2789 pro
545 2760 633 2795 meritis
655 2764 677 2783 et
702 2766 796 2788 egresso
814 2759 901 2794 petenti
919 2765 980 2782 rece-

366 2809 468 2837 ptionem
486 2808 563 2831 denuo
580 2808 705 2836 denegare.
739 2825 757 2841 ,Ἴ
777 2823 981 2830 ......
1015 2815 1025 2827 ιι
1059 2805 1091 2828 ib.

287 2865 298 2876 ιι
366 2856 418 2878 XV.
435 2855 481 2878 Cur
498 2855 590 2877 inutiles
605 2860 721 2883 personae
737 2854 878 2883 recipiantur
895 2854 925 2876 ad
943 2854 982 2877 Or-

367 2902 445 2925 dinem
459 2917 980 2925 ..............
1014 2908 1024 2920 »
1046 2899 1091 2922 347

288 2958 298 2970 ιι
368 2949 428 2972 XVI.
446 2949 575 2978 Quaeritur,
598 2955 639 2971 cur
660 2948 730 2977 aliqui
747 2948 857 2976 Religiosi
874 2948 918 2970 sint
935 2947 982 2970 dis-

368 2997 421 3019 torti
439 2996 544 3019 moribus
561 2999 583 3018 et
599 2996 670 3019 rudes
698 3012 863 3018 .....
869 2982 870 2985 Ἴ
896 3011 902 3017 .
936 3011 941 3017 .
976 3011 982 3017 .
1014 3002 1026 3014 ιι
1060 2993 1092 3016 ib.

962 449 1018 474 paq.
1028 442 1073 466 304

996 735 1007 747 ι)
1029 726 1074 749 3’ῙΟ

946 225 1046 262 INDEX
1068 225 1258 254 GENERALts.

1130 303 1241 332 Quansrio
1259 303 1328 326 XVll.
1345 304 1476 332 Quaeritur,
1492 309 1566 332 quare
1582 303 1671 331 dyscoli
1682 310 1728 326 non
1741 304 1868 331 eiiciantur,

1256 356 1297 377 per
1314 356 1373 378 quos
1392 350 1516 378 Religionis
1533 350 1622 378 puritas
1638 350 1788 372 deformatur.

1176 405 1188 416 »
1255 396 1335 418 XVlll.
1351 396 1481 424 Quaeritur,
1498 396 1522 418 in
1539 397 1625 425 quibus
1642 396 1714 424 signis
1731 396 1791 418 bona
1809 397 1870 419 Reli-

1257 443 1296 471 gio
1309 445 1471 470 cognoscatur,
1483 445 1506 465 et
1518 449 1562 465 una
1576 443 1656 466 melior
1668 443 1737 465 altera
1748 443 1871 466 iudicetur.

1178 498 1189 509 ιι
1257 489 1318 512 XlX.
1337 490 1399 518 Quas
1416 489 1447 511 ob
1464 495 1546 512 causas
1564 490 1585 511 in
1603 490 1649 512 vita
1673 490 1780 518 religiosa
1806 490 1870 513 Ordi-

1258 541 1298 558 nes
1316 536 1431 563 deticiant,
1448 537 1490 558 etsi
1508 536 1530 558 in
1548 535 1689 565 quibusdam
1716 537 1871 560 caeremonia-

1258 582 1319 605 libus
1337 583 1450 611 proticere
1466 583 1589 605 videantur
1623 600 1867 607 .......

1178 639 1190 650 i>
1258 630 1311 653 XX.
1329 630 1464 659 Quaeritur,
1482 636 1554 659 quare
1567 630 1625 652 inter
1637 630 1767 661 Religiosos
1778 631 1872 653 videan-

1259 680 1295 700 tur
1311 677 1469 700 dissensiones
1486 680 1508 700 et
1525 677 1635 700 invidiae.
1668 694 1675 700 .
1707 694 1712 699 .
1747 695 1752 700 .
1786 694 1793 700 .
1825 694 1831 707 .
1865 694 1871 705 2

1178 734 1189 746 ιι
1259 725 1319 748 XXl.
1338 725 1473 754 Quaeritur,
1491 731 1533 748 cur
1545 725 1654 755 Religiosi
1667 726 1741 750 celent
1753 726 1810 748 tacta
1822 731 1872 748 sua.

1180 781 1191 793 »
1259 773 1329 795 XXll.
1347 773 1477 802 Quaeritur,
1495 779 1536 795 cur
1552 773 1642 797 Fratres
1668 772 1743 800 magis
1768 773 1873 801 frequen-

1258 822 1306 841 tent
1322 825 1415 842 mensas
1432 819 1530 842 divitum
1548 825 1619 848 quam
1637 825 1768 848 pauperum
1786 836 1791 841 .
1825 837 1831 841 .
1865 835 1871 841 .

1180 874 1192 885 ι)
1261 866 1340 896 XXlll.
1358 866 1494 894 Quaeritur,
1511 872 1584 895 quare
1601 866 1711 894 Religiosi
1734 867 1787 894 plus
1804 867 1873 889 hono·

1260 916 1310 935 rent
1328 913 1412 936 divites
1429 919 1500 942 quam
1518 919 1634 942 pauperes
1668 930 1871 936 ......

1181 968 1193 979 r>
1260 960 1347 982 XXlV.
1364 960 1500 988 Quaeritur,
1517 960 1636 989 quomodo
1662 960 1752 982 Fratres
1774 959 1874 983 habeant

1261 1008 1352 1035 domos,
1369 1014 1442 1036 areas,
1460 1009 1539 1030 hortos
1553 1024 1874 1030 .........

1182 1063 1193 1075 ιι
1261 1055 1335 1078 XXV.
1354 1055 1489 1084 Quaeritur,
1506 1055 1524 1077 si
1541 1055 1632 1077 Fratres
1644 1052 1744 1077 debeant
1756 1053 1842 1077 babere
1853 1057 1875 1077 et

1260 1102 1364 1130 recipere
1386 1102 1508 1130 pecuniam
1513 1118 1874 1124 ..........

1183 1157 1193 1169 ι
1261 1149 1344 1172 XXVI.
1362 1149 1492 1178 Quaeritur,
1510 1155 1551 1171 cur
1563 1149 1653 1172 Fratres
1664 1149 1777 1177 recipiant
1789 1149 1825 1171 vel
1837 1154 1875 1177 pe·

1262 1200 1310 1220 tant
1334 1198 1505 1225 eleemosynam
1532 1197 1561 1219 ab
1579 1197 1622 1219 illis
1646 1197 1686 1226 qui
1712 1197 1795 1219 iniusta
1813 1196 1875 1219 lucra

1263 1247 1379 1267 sectantur
1398 1261 1875 1267 .............

1184 1300 1194 1312 ιι
1263 1292 1354 1314 XXVll.
1373 1292 1508 1320 Quaeritur,
1525 1298 1586 1320 quae
1603 1291 1631 1314 sit
1643 1292 1712 1319 ratio,
1724 1291 1788 1320 quod
1800 1291 1876 1314 clerici

1263 1339 1339 1366 magis
1356 1339 1455 1361 oderunt
1473 1345 1514 1361 vos
1526 1342 1548 1361 et
1560 1342 1732 1367 persequuntur
1743 1345 1813 1367 quam
1826 1338 1877 1360 laici

1264 1389 1286 1408 et
1303 1386 1419 1414 simplices
1436 1386 1565 1408 saeculares
1593 1402 1876 1408 ........

1510 1456 1572 1478 Pars
1591 1456 1619 1478 ΙΙ.

1139 1528 1250 1556 QUAEsrio
1268 1527 1283 1549 l.
1300 1526 1346 1549 Cur
1363 1526 1452 1549 Fratres
1469 1533 1482 1549 a
1499 1527 1587 1549 clericis
1604 1529 1748 1555 accusentur,
1765 1526 1829 1555 quod
1846 1526 1879 1549 eis

1822 367 1828 373 .
1865 356 1923 380 pay.
1934 350 1978 373 348

1904 452 1914 464 ιι
1948 442 1980 466 ib.

1902 592 1914 604 r>
1935 583 1979 606 349

1904 686 1915 699 υ
1936 677 1977 700 351

1905 733 1916 746 ι)
1950 725 1983 747 ib.

1904 921 1915 934 ι»
1938 914 1983 936 353

1908 1016 1919 1028 n
1952 1006 1985 1030 ib.

1907 1109 1919 1121 ιι
1939 1101 1985 1123 354

1908 1252 1920 1264 D
1940 1243 1985 1266 355

1265 1575 1387 1597 detrahant
1403 1578 1426 1597 et
1443 1575 1497 1597 alias
1515 1574 1673 1602 praeiudicent
1676 1591 1878 1597 ......
1911 1582 1921 1595 ιι
1944 1574 1988 1597 356

1187 1630 1198 1642 ιι
1267 1622 1290 1644 ll.
1309 1621 1355 1644 Cur
1372 1623 1462 1644 Fratres
1479 1622 1502 1644 in
1521 1622 1695 1650 praedicatione
1713 1622 1809 1644 alicuius
1824 1622 1879 1644 vitia

1267 1669 1394 1697 corripiant
1396 1685 1879 1692 .............
1912 1677 1924 1690 ιι
1944 1669 1989 1691 359

1188 1724 1198 1736 ιι
1265 1716 1297 1738 lll.
1315 1715 1360 1738 Cur
1376 1716 1466 1738 Fratres
1477 1715 1507 1738 ad
1519 1716 1594 1738 officia
1606 1716 1783 1744 praedicationis
1795 1718 1817 1738 et
1829 1721 1881 1738 con-

1269 1763 1374 1786 fessionis
1398 1765 1443 1785 tam
1462 1763 1558 1785 iuvenes
1581 1766 1602 1785 et
1625 1763 1762 1785 immaturos
1787 1769 1882 1793 promo-

1268 1813 1337 1832 veant
1360 1826 1879 1833 ..............
1913 1818 1924 1829 »1
1945 1809 1990 1831 360

1189 1866 1200 1878 ιι
1269 1858 1307 1880 tv.
1327 1858 1389 1886 Quas
1402 1858 1523 1886 qualItates
1535 1857 1620 1880 babere
1632 1857 1716 1880 debeat
1728 1857 1882 1879 assumendus

1269 1905 1297 1928 ad
1316 1905 1418 1928 officium
1436 1905 1614 1933 praedicationis
1631 1907 1653 1927 et
1670 1904 1820 1927 confessionis
1838 1921 1844 1926 .
1877 1921 1883 1926 .
1916 1912 1927 1924 ιι
1960 1903 1991 1926 ib.

1190 1961 1200 1973 ιι
1269 1953 1297 1974 V.
1315 1952 1361 1975 Cur
1374 1953 1464 1975 Fratres
1476 1952 1543 1975 toties
1556 1954 1644 1974 mutent
1656 1952 1770 1980 praelatos
1782 1951 1882 1974 Ordinis.
1914 1959 1926 1971 ιι
1947 1951 1987 1973 364

1190 2009 1202 2020 ιι
1271 2000 1308 2022 Vl.
1325 1999 1372 2023 Cur
1391 2000 1456 2022 toties
1480 2003 1598 2022 mutentur
1623 2000 1712 2022 Fratres
1737 1999 1767 2022 de
1784 1999 1835 2021 loco
1852 1998 1883 2021 ad

1270 2047 1346 2069 locum
1360 2062 1881 2069 ..............
1915 2053 1925 2065 ιι
1947 2045 1991 2067 362

1190 2103 1202 2115 ιι
1270 2095 1315 2117 Vll.
1333 2094 1379 2117 Cur
1397 2095 1486 2116 Fratres
1504 2094 1638 2122 impediant,
1656 2100 1685 2116 ne
1710 2093 1747 2115 alii
1773 2092 1882 2120 Religiosi

1270 2143 1314 2165 sint
1330 2142 1398 2165 vicini
1416 2142 1539 2165 conventui
1557 2142 1652 2170 proprio
1678 2157 1881 2163 ......
1914 2148 1926 2160 ιι
1959 2139 1992 2162 ib.

1191 2198 1202 2209 ιι
1271 2189 1325 2211 Vlll.
1344 2188 1389 2211 Cur
1405 2189 1495 2210 Fratres
1512 2187 1657 2216 prohibeant,
1675 2193 1704 2210 ne
1721 2187 1757 2209 alii
1778 2187 1883 2209 deferant

1270 2239 1347 2258 vestes
1364 2235 1412 2257 suis
1429 2235 1515 2257 similes
1518 2251 1880 2257 ..........
1913 2242 1924 2254 ιι
1947 2234 1992 2256 363

1194 2292 1204 2304 1>
1272 2284 1308 2306 lX.
1326 2283 1372 2306 Cur
1389 2283 1479 2305 Fratres
1495 2283 1607 2311 recipiant
1618 2282 1702 2305 domos
1714 2282 1749 2304 vel
1761 2288 1827 2304 areas
1837 2287 1884 2304 non

1272 2331 1394 2358 contiguas
1411 2330 1512 2359 propriis
1529 2330 1639 2353 domibus
1641 2346 1883 2352 .......

1192 2387 1204 2398 r>
1270 2379 1299 2401 X.
1312 2377 1358 2401 Cur
1369 2378 1459 2400 Fratres
1470 2378 1583 2406 recipiant
1593 2377 1676 2400 domos
1688 2378 1725 2399 vel
1737 2377 1760 2399 in
1772 2376 1884 2399 damnum

1272 2425 1436 2454 plebanorum,
1453 2425 1489 2447 vel
1506 2425 1555 2447 sine
1572 2424 1661 2447 licentia
1679 2424 1851 2452 episcoporum,
1863 2426 1885 2446 et

1916 2337 1927 2349 ν
1949 2327 1994 2351 364

1273 2473 1408 2496 inconsultis
1425 2472 1526 2506 dominis
1543 2473 1647 2502 locorum
1682 2487 1884 2494 ......
1918 2478 1929 2490 ιι
1950 2470 1995 2492 365

1193 2529 1205 2542 ι)
1274 2521 1312 2543 Xl.
1331 2520 1377 2543 Cur
1394 2521 1484 2542 Fratres
1501 2519 1622 2548 aliquoties
1639 2518 1696 2541 alios
1707 2518 1836 2546 Religiosos
1849 2518 1885 2551 yel

1273 2567 1369 2590 clericos
1387 2567 1495 2599 eiecerint
1512 2572 1538 2588 ex
1556 2566 1656 2594 propriis
1673 2566 1729 2588 locis
1762 2582 1767 2587 .
1802 2583 1806 2588 .
1840 2581 1847 2586 .
1880 2581 1886 2586 .
1919 2573 1930 2584 ι)
1951 2564 1995 2586 366

1195 2624 1205 2636 ιι
1254 2645 1257 2649 Δ
1274 2615 1322 2637 Xll.
1340 2614 1385 2637 Cur
1402 2615 1492 2636 Fratres
1509 2620 1520 2636 a
1539 2613 1598 2636 Sede
1623 2613 1747 2641 apostolica
1770 2612 1888 2635 obtineant

1276 2661 1363 2695 iudices
1381 2664 1403 2683 et
1421 2663 1597 2694 conservatores
1604 2675 1886 2682 ........
1919 2666 1930 2679 ιι
1964 2657 1995 2680 ib.

1196 2718 1206 2730 ιι
1274 2709 1330 2732 Xlll.
1357 2709 1432 2737 Quare
1458 2696 1547 2730 Fratres
1573 2707 1687 2744 recipiant
1712 2707 1800 2736 aliqua,
1828 2711 1888 2735 quae

1276 2759 1354 2784 postea
1373 2756 1505 2778 venduntur
1522 2761 1564 2783 pro
1582 2754 1695 2783 pecunia„
1724 2769 1887 2776 .....
1920 2760 1932 2772 ιι
1953 2751 1997 2774 367

1189 2791 1206 2824 Ἰιι
1275 2803 1334 2826 XlV.
1353 2803 1398 2826 Cur
1410 2803 1500 2825 Fratres
1512 2802 1644 2824 mendicent
1660 2801 1727 2830 plura
1739 2806 1810 2829 quam
1826 2799 1888 2826 olim,

1276 2851 1345 2873 etiam
1371 2850 1500 2875 necessaria
1522 2855 1564 2877 pro
1591 2850 1667 2871 tuturo
1691 2850 1713 2870 et
1740 2850 1764 2870 ut
1787 2852 1890 2872 commu-

1276 2901 1352 2920 tentur
1370 2911 1889 2920 ..............
1923 2902 1934 2913 ιι
1968 2893 1999 2915 ib.

1197 2954 1207 2966 ιι
1277 2946 1328 2967 XV.
1347 2944 1393 2967 Cur
1409 2945 1499 2967 Fratres
1515 2950 1563 2966 non
1580 2942 1684 2965 habitent
1701 2942 1770 2970 pauci
1783 2942 1805 2963 in
1817 2941 1889 2964 domi-

1277 2991 1321 3014 bus
1345 2991 1493 3019 pauperculis
1527 3005 1891 3012 ..........
