2133 3317
547 469 794 541 INDEX
854 469 1447 583 ALPHABETIOUS

275 641 788 701 PRAEOIPUARUM
825 642 1052 701 RERUM
1089 643 1171 700 ΕΤ
1209 642 1723 701 SENTENTIARUM

952 789 1037 827 QUAE

591 917 644 958 IN
664 916 758 959 ΗΟΟ
778 916 1036 959 VOLUMINE
1057 917 1404 960 OONTINENTUR.

119 1201 227 1230 Primus
247 1208 383 1229 numerus
403 1199 531 1230 arabicus
551 1199 652 1229 indicat
673 1200 809 1236 paginam,
825 1199 963 1228 secundus
984 1200 1180 1237 paragraphos,
1196 1200 1288 1229 littera
1308 1208 1327 1228 a
1349 1200 1475 1237 primam,
1498 1200 1513 1229 b
1535 1200 1683 1229 secundam
1705 1200 1871 1229 columnam.

369 1443 426 1466 ABG

165 1483 269 1505 Amanus
289 1494 320 1499 -—
341 1488 380 1505 rex
402 1484 495 1504 sanatus
518 1487 530 1503 a
556 1481 682 1504 Thaddaeo

119 1521 229 1550 Apostolo
245 1521 291 1544 283
309 1521 337 1543 33

165 1561 293 1584 ΑΒΝΕοΑῚ-ιο
311 1573 341 1576 -
357 1560 393 1583 sui
410 1560 490 1588 triplex
507 1562 541 1582 est
559 1558 604 1582 394
622 1559 635 1581 5

164 1611 196 1617 —-
211 1601 312 1628 perfecta
329 1599 363 1622 sui
376 1599 461 1628 ipsius,
478 1604 549 1628 quam
561 1599 589 1621 sit
605 1604 683 1621 neces-

118 1638 178 1662 saria
196 1639 241 1662 497
259 1639 274 1661 b
290 1651 322 1655 —
338 1638 421 1661 Christi
438 1638 516 1661 militia
534 1644 546 1660 a
558 1638 594 1660 sui
611 1637 683 1665 ipsius

119 1678 215 1701 victoria
232 1678 360 1701 inchoanda
378 1680 412 1700 est
429 1677 473 1700 507
493 1677 513 1699 4.
531 1683 567 1706 sq.
590 1675 645 1699 Vide
661 1682 682 1699 v.

121 1717 244 1740 Voluntas.

166 1756 274 1779 Asnaum
285 1769 316 1772 —
328 1761 375 1778 non
392 1762 417 1778 se
433 1755 591 1784 expropriavlt
607 1755 652 1777 295
669 1755 683 1776 5

167 1796 346 1818 Annenun'rinio
373 1808 404 1812 —
429 1795 504 1817 omnis
532 1794 684 1822 possessionis

120 1834 218 1858 difficilis
234 1841 261 1858 ex
278 1834 391 1857 arduitate
412 1836 434 1857 et
455 1833 571 1856 nobilitate
593 1833 684 1861 generis

119 1874 196 1902 operis
215 1874 259 1896 248
279 1873 307 1895 15

167 1926 196 1930 -
215 1913 311 1936 Licitum
334 1915 368 1935 est
391 1912 505 1935 dimittere
527 1912 620 1940 propria
639 1912 683 1934 294

120 1952 149 1975 23
166 1964 198 1969 -
215 1958 293 1974 rerum
314 1952 476 1980 temporalium
499 1953 593 1979 propter
611 1951 683 1973 Deum

119 1994 154 2014 est
170 1991 291 2014 laudabilis
307 1990 337 2014 ib.
356 1992 363 2013 1
386 2003 416 2008 -
433 1991 530 2013 Locutos
542 1996 586 2012 nou
599 1989 684 2012 habere

120 2037 166 2053 non
185 2031 260 2053 solum
277 2029 433 2057 laudabiliter,
450 2030 492 2052 sed
508 2029 646 2052 laudabilius
661 2029 684 2051 fit

120 2075 190 2098 quam
209 2069 341 2098 oppositum
356 2069 401 2091 237
419 2069 432 2090 6

166 2121 197 2124 -
221 2108 316 2131 Nuditas
341 2107 417 2130 cordis
439 2113 480 2135 per
497 2107 683 2135 exspoliationem

120 2147 215 2176 spiritus
231 2147 261 2170 ab
277 2147 340 2169 omni
351 2152 462 2175 perverso
479 2147 560 2169 affectu
575 2146 684 2168 avaritiae

121 2189 246 2215 praecepta
262 2188 295 2209 est
312 2185 421 2209 omnibus
437 2185 569 2208 Christianis
592 2185 635 2207 279
654 2186 679 2207 21

121 2237 153 2243 -—
164 2226 303 2248 Renuntiare
319 2224 429 2248 omnibus
440 2225 548 2247 convenit
564 2224 683 2253 omnibus,

120 2264 250 2294 relinquere
266 2269 322 2287 vero
339 2268 373 2286 est
389 2265 541 2292 perfectorum
560 2263 605 2286 284
623 2264 652 2286 23

167 2315 198 2320 -
215 2303 335 2326 Abdicatio
355 2302 430 2325 omnis
449 2303 592 2325 transitoriae
616 2303 684 2325 facul-

121 2343 173 2365 tatis
189 2342 300 2370 competit
316 2342 430 2370 Apostolis
445 2345 467 2364 et
482 2341 612 2369 apostolicis
629 2341 685 2363 viris

121 2382 166 2404 280
185 2383 214 2404 22
231 2394 261 2398 -
279 2380 399 2404 Abdicatio
416 2381 562 2409 proprietatis
580 2386 685 2402 necessa-

120 2420 156 2444 rio
172 2420 297 2449 requiritur
314 2420 342 2442 ad
361 2420 523 2448 perfectionem
541 2422 613 2441 status
629 2419 685 2441 Reli-

122 2459 198 2488 gionis
225 2460 266 2482 251
303 2460 332 2481 23
361 2471 390 2474 -
418 2458 538 2481 Abdicatio
568 2458 686 2486 potestatis

121 2498 254 2527 possidendi
272 2498 393 2527 proprium
410 2497 520 2525 competit
541 2497 686 2525 regularibus

121 2538 166 2560 279
187 2539 216 2560 22

168 2588 199 2593 —
217 2576 312 2599 Nuditas
330 2576 406 2599 cordis
423 2579 445 2598 et
462 2575 565 2603 corporis
587 2581 629 2603 per
645 2574 685 2597 ab·

121 2615 243 2638 iectionem
261 2615 336 2638 omnis
359 2615 524 2643 superfluitatis
540 2617 562 2636 et
584 2614 685 2642 propi-le-

121 2654 192 2677 tau-iae
209 2654 362 2682 possessionis
382 2660 427 2676 non
443 2657 477 2676 est
494 2654 523 2676 dc
540 2653 684 2678 necessitate,

122 2693 163 2716 sed
180 2693 209 2715 de
226 2693 375 2721 congruentia
391 2695 462 2715 status
479 2692 587 2714 clericalis
599 2692 643 2714 279
655 2692 684 2714 22

169 2743 200 2749 ——
217 2732 369 2760 Evangelicae
386 2732 526 2760 paupertatis
547 2733 581 2753 est
597 2737 684 2759 posses-

122 2771 199 2793 siones
215 2774 316 2793 terrenas
333 2774 445 2800 quantum
465 2771 494 2793 ad
517 2770 646 2793 dominium
663 2772 685 2791 et

123 2810 287 2838 proprietatem
311 2810 450 2838 relinquere,
473 2815 541 2831 usuin
565 2815 622 2831 vero
639 2815 684 2831 non

122 2848 217 2871 omnino
242 2849 349 2876 reiicere,
374 2848 415 2870 sed
438 2850 526 2870 arctare
551 2848 595 2870 273
619 2848 632 2869 3
654 2860 684 2863 -

123 2886 226 2910 Christus
243 2887 319 2915 primo
336 2887 417 2909 invitat
431 2887 460 2909 ad
478 2888 602 2915 perfectam
621 2886 685 2909 abdi—

123 2926 236 2948 cationem
254 2926 414 2954 temporalium
427 2926 598 2954 possessionum
615 2926 659 2948 246
672 2926 684 2947 8

123 2977 154 2981 ——
170 2965 274 2987 Christus
289 2966 387 2988 consulit
406 2965 462 2987 riris
481 2965 588 2993 perfectis
609 2964 685 2987 omnia

123 3004 225 3026 vendere
242 3003 286 3026 278
307 3004 342 3026 ts.
359 3004 400 3026 291
423 3004 451 3026 16
469 3015 499 3021 -
515 3004 596 3026 Omnia
619 3003 685 3025 relin-

970 1352 1017 1398 A&

715 1487 786 1510 quere
807 1484 841 1504 est
857 1481 985 1504 seeundum
1002 1481 1116 1504 dictamen
1134 1481 1207 1504 divini
1224 1487 1278 1504 con—

715 1520 757 1543 silii
775 1520 819 1543 294
837 1521 866 1543 23

763 1572 791 1575 —
809 1553 947 1589 Relinquere
958 1559 1035 1582 omnia
1048 1559 1182 1588 temporalia
1199 1565 1279 1582 consu-

715 1599 767 1621 litur
784 1599 813 1621 ad
825 1600 927 1626 perfecte
940 1598 1100 1621 declinandam
1118 1598 1279 1626 concupiscen-

715 1638 770 1660 tiam
795 1638 916 1660 oculorum
941 1640 1053 1666 quantum
1079 1638 1109 1660 ad
1133 1637 1278 1660 occasionem

717 1676 761 1699 245
779 1677 792 1699 5
810 1688 840 1693 —
859 1676 1003 1699 substantiae
1020 1679 1124 1699 terrenae
1147 1676 1278 1699 illecebrosa

716 1715 830 1744 possessio
847 1715 994 1744 spiritualiter
1010 1719 1032 1738 et
1048 1716 1198 1743 corporaliter
1215 1715 1280 1738 abdi-

715 1755 788 1777 canda
806 1758 839 1777 est
857 1755 886 1777 ad
903 1756 1028 1782 perfectam
1051 1755 1194 1777 avulsionem
1214 1755 1279 1782 cupi-

716 1794 793 1816 ditatis
809 1796 922 1822 quantum
939 1794 968 1816 ad
986 1794 1130 1816 occasionem
1148 1795 1170 1816 et
1193 1795 1279 1816 fomen-

716 1836 764 1856 tum
783 1833 828 1855 272
845 1834 858 1855 2
875 1845 905 1849 —-
922 1832 1042 1855 Abdicatio
1059 1832 1140 1855 mundi
1157 1834 1179 1855 et
1198 1838 1279 1855 concu-

718 1872 841 1900 piscentiae
852 1872 902 1894 eius
913 1874 959 1899 est,
976 1878 1021 1900 qua
1034 1871 1099 1894 radix
1111 1872 1215 1893 omnium
1234 1877 1279 1894 ma-

716 1912 791 1934 lorum
803 1912 904 1939 perfecte
915 1914 1048 1939 amputatur
1059 1915 1081 1933 et
1093 1910 1216 1938 Babylonis
1232 1912 1279 1933 fun-

717 1950 851 1973 damentum
869 1951 979 1973 evertitur
995 1949 1023 1973 ib.
1042 1950 1054 1972 3

764 2001 795 2006 --
812 1990 924 2018 Quamvis
946 1989 1104 2017 possessiones
1125 1992 1147 2011 et
1169 1989 1279 2017 pecunias

717 2028 803 2051 habere
820 2029 849 2051 de
866 2034 891 2051 se
911 2034 956 2051 non
976 2029 1005 2051 sit
1027 2031 1161 2056 peccatum,
1178 2028 1219 2050 sed
1236 2028 1280 2050 lici-

718 2071 778 2096 tum,
796 2071 829 2090 est
846 2070 922 2089 tamen
939 2069 1066 2095 perfectum
1083 2073 1122 2089 eas
1139 2067 1248 2089 abdicare
1258 2070 1280 2089 et

717 2107 844 2129 voluntarie
861 2113 905 2134 pro
921 2106 1010 2129 Christo
1032 2107 1065 2128 eis
1086 2112 1165 2128 carere
1182 2106 1222 2128 281
1250 2107 1278 2128 26

716 2158 746 2162 -
755 2146 912 2168 Abdicationis
924 2146 1084 2173 temporalium
1095 2146 1142 2168 sola
1154 2151 1222 2168 causa
1233 2151 1279 2167 non

716 2187 750 2207 est
762 2185 890 2213 proprietas
906 2185 936 2207 ad
948 2184 1096 2212 cupiditatem
1108 2184 1278 2212 exstirpandam

716 2224 762 2246 294
779 2225 800 2246 2.
814 2224 859 2246 295
877 2224 890 2246 3
903 2237 934 2240 —-
946 2224 1027 2247 Omnia
1044 2223 1174 2252 relinquere
1184 2226 1218 2245 est
1231 2229 1279 2251 per-

717 2265 801 2286 fectum
814 2263 838 2285 in
855 2269 941 2291 genere
957 2264 1002 2286 238
1020 2263 1033 2284 8
1051 2275 1081 2279 -
1098 2263 1179 2285 Omnia
1194 2268 1234 2285 sua
1248 2268 1279 2284 re-

716 2302 820 2331 linquere
836 2302 960 2331 requiritur
983 2302 1012 2324 ad
1035 2301 1209 2324 fundamentum
1230 2307 1280 2330 per-

717 2342 821 2363 fectionis
841 2341 886 2363 242
913 2341 941 2363 10
960 2354 987 2357 -
1005 2341 1086 2363 Omnia
1111 2341 1226 2363 dimittere
1250 2340 1279 2363 ad

717 2380 832 2403 Christum
850 2380 996 2409 sequendum
1017 2382 1051 2402 est
1068 2379 1212 2407 perfeetionis
1234 2379 1279 2401 214

719 2420 747 2442 15
759 2432 789 2435 —-
801 2419 882 2442 Omnia
895 2419 996 2441 vendere
1012 2421 1103 2447 oportet
1115 2424 1168 2441 eum
1180 2418 1220 2447 qui
1232 2417 1280 2440 vult

718 2459 783 2487 sequi
801 2458 916 2481 Christum
940 2458 961 2479 in
985 2457 1125 2486 perfectione
1149 2457 1194 2479 272
1220 2457 1233 2479 3
1250 2469 1280 2474 --

718 2498 855 2526 Relinquere
872 2497 964 2520 divitias
981 2502 1117 2519 communes
1134 2498 1156 2518 et
1175 2496 1281 2524 proprias

718 2536 864 2564 perfectionis
880 2538 915 2558 est
931 2535 977 2558 295
996 2535 1008 2558 4

765 2587 796 2591 -
813 2575 924 2603 Quamvis
941 2581 1024 2597 census
1046 2574 1152 2602 perfectis
1168 2579 1215 2596 non
1234 2576 1280 2596 tam

717 2614 844 2636 vehemens
860 2619 903 2636 nec
915 2616 1030 2636 tantorum
1048 2613 1076 2635 sit
1087 2615 1234 2641 peccatorum
1246 2618 1280 2634 oe-

717 2653 792 2679 casio,
809 2655 886 2675 tamen
903 2654 1003 2680 perfecta
1020 2657 1098 2674 rerum
1119 2651 1279 2680 temporalium

717 2691 832 2714 abdicatio
855 2691 962 2720 perfectis
979 2691 1117 2720 consulitur,
1134 2696 1180 2713 non
1200 2691 1281 2718 imper-

718 2731 793 2758 fectis,
812 2731 855 2753 nisi
873 2731 943 2753 velint
960 2737 1011 2753 csse
1027 2730 1121 2758 perfecti
1139 2730 1180 2752 281
1202 2730 1231 2751 28
1250 2741 1281 2746 -—

717 2769 928 2792 Abrenuntiatiouis
943 2771 1014 2792 forma
1027 2769 1148 2797 perfectior
1159 2771 1192 2791 est
1204 2767 1279 2790 omnia

717 2809 846 2837 relinquere
863 2809 907 2831 277
929 2809 955 2831 15

770 2859 801 2864 ·—
829 2847 997 2870 Abrenuntiare
1028 2847 1136 2870 omnibus
1164 2849 1186 2869 et
1212 2847 1280 2870 simul

718 2887 794 2909 omnia
813 2887 892 2915 larglri
914 2888 947 2909 est
970 2886 1093 2915 perfectius
1114 2891 1185 2915 quam
1202 2886 1281 2914 paula—

719 2926 758 2947 tim
775 2925 832 2948 dare
854 2924 996 2954 pauperibus
1021 2925 1066 2947 249
1085 2925 1112 2947 17
1130 2936 1160 2941 —-
1177 2926 1221 2947 Sua
1247 2925 1280 2947 di-

1571 1442 1624 1464 ABS

1311 1481 1439 1503 secundum
1449 1483 1546 1508 partem,
1555 1486 1601 1503 non
1613 1481 1741 1503 secundum
1751 1484 1824 1504 totum
1836 1481 1875 1504 ssat

1311 1519 1356 1541 242
1380 1520 1408 1541 10
1426 1532 1457 1536 -
1473 1519 1589 1547 Contingit
1613 1525 1691 1542 rerum
1712 1520 1874 1548 temporalium

1311 1558 1419 1581 abdicare
1431 1558 1559 1581 dominium
1571 1559 1699 1587 privatum,
1716 1562 1803 1582 retento
1815 1565 1875 1582 com·

1311 1598 1388 1625 muni,
1399 1598 1435 1620 vel
1444 1598 1513 1620 etiam
1525 1597 1653 1620 dominium
1662 1604 1786 1621 commune
1798 1598 1842 1621 273
1861 1598 1874 1621 4

1358 1649 1390 1653 -
1415 1636 1585 1659 Dimittentibus
1609 1638 1686 1659 omnia
1711 1637 1876 1665 promittuntur

1312 1675 1444 1704 temporalia
1462 1676 1593 1704 recipienda
1611 1682 1652 1704 per
1668 1677 1763 1699 modum
1780 1677 1875 1699 caritati-

1312 1720 1354 1737 vae
1371 1715 1553 1742 communionis,
1579 1716 1616 1738 vel
1640 1721 1681 1743 per
1706 1715 1802 1738 modurn
1828 1721 1876 1738 cae-

1311 1754 1372 1776 lestis
1389 1754 1538 1783 provisionis,
1557 1760 1601 1776 non
1619 1761 1661 1782 per
1673 1755 1769 1777 modum
1787 1760 1877 1783 posses-

1311 1793 1381 1815 sionis
1398 1793 1443 1815 282
1462 1793 1498 1815 30.
1516 1799 1551 1822 sq.
1568 1806 1598 1809 —
1615 1793 1753 1822 Relinquere
1769 1800 1811 1816 sua
1829 1800 1876 1816 mo-

1311 1832 1373 1859 dica,
1393 1835 1416 1854 ut
1439 1832 1491 1860 quis
1516 1832 1613 1860 accipiat
1635 1832 1695 1855 bona
1721 1832 1875 1855 ecclesiastica

1312 1871 1412 1897 maiora,
1430 1873 1464 1893 est
1475 1872 1603 1899 perfectum
1618 1871 1641 1894 in
1653 1877 1737 1899 genere
1753 1874 1776 1894 et
1792 1871 1875 1899 imper-

1313 1911 1396 1932 fectum
1414 1916 1440 1933 ex
1455 1910 1626 1933 circumstantia
1642 1911 1687 1932 238
1705 1911 1718 1932 9

1360 1962 1388 1965 —
1405 1949 1439 1971 Ad
1456 1948 1625 1972 abdicationem
1647 1949 1793 1978 proprietatis
1810 1949 1878 1972 mini-

1313 1994 1350 2010 me
1366 1989 1525 2016 astringuntur
1542 1989 1635 2017 praelati
1654 1989 1762 2011 ccclesiae
1779 1988 1820 2011 251
1845 1988 1874 2011 23

1359 2028 1479 2050 Aasoturio
1496 2040 1527 2044 —
1545 2028 1643 2050 Pretiosa
1656 2030 1690 2050 est
1704 2028 1827 2050 auctoritas
1838 2027 1876 2050 ab·

1311 2067 1416 2088 solvendi
1433 2073 1445 2088 a
1464 2067 1563 2094 peccatis
1580 2067 1690 2089 confessis
1706 2067 1747 2089 371
1769 2073 1781 2089 a

1359 2118 1389 2121 —
1407 2105 1505 2134 Quando
1521 2105 1635 2128 absolutio
1652 2105 1758 2134 neganda
1779 2105 1807 2128 sit
1824 2111 1876 2128 usu-

1311 2144 1377 2166 rariis
1394 2147 1415 2166 et
1431 2144 1563 2172 raptoribus
1581 2145 1625 2166 467
1643 2151 1656 2167 a

1359 2195 1389 2200 —-
1406 2189 1451 2206 non
1468 2183 1538 2206 debet
1549 2184 1703 2212 principaliter
1715 2183 1817 2212 impendi
1833 2190 1875 2212 pro

1312 2222 1421 2244 alimento
1438 2223 1542 2250 corporis
1559 2222 1601 2245 371
1622 2228 1634 2245 a

1358 2261 1505 2284 ΑΒετιΝΕΝτιΛ
1521 2274 1552 2278 -
1568 2262 1654 2290 duplex
1670 2264 1705 2284 est
1721 2262 1766 2284 216
1785 2262 1829 2284 135
1846 2274 1877 2277 -

1312 2299 1468 2323 Abstinentiae
1485 2301 1570 2324 modus
1582 2302 1664 2329 duplex
1682 2304 1729 2329 est,
1748 2307 1761 2323 a
1777 2301 1840 2329 quali
1854 2303 1877 2323 et

1312 2345 1325 2361 a
1342 2342 1428 2368 quanto
1445 2339 1491 2362 265
1508 2340 1537 2362 26
1554 2351 1585 2357 -—
1597 2341 1698 2368 Regulae
1715 2339 1793 2362 variae
1809 2339 1876 2362 absti-

1312 2379 1404 2400 nentiae
1421 2379 1465 2400 482
1484 2380 1505 2400 1.
1522 2385 1557 2407 sq.
1576 2379 1620 2401 483
1638 2379 1660 2400 3.
1677 2385 1711 2407 sq,

1359 2429 1390 2434 —-
1414 2417 1500 2439 Morem
1526 2423 1617 2440 sacrum
1643 2416 1772 2439 abstinendi
1803 2417 1877 2445 Impu-

1313 2462 1386 2484 gnans
1403 2458 1437 2478 est
1448 2456 1558 2478 Ioviniani
1575 2456 1703 2484 discipulus
1718 2456 1762 2478 260
1785 2457 1817 2478 10.
1831 2456 1875 2479 262

1315 2496 1349 2517 18.
1368 2495 1413 2517 263
1432 2495 1460 2517 ’19
1478 2506 1508 2512 -
1525 2501 1570 2517 non
1589 2497 1764 2523 praesumtuose
1780 2495 1876 2523 vilipen·

1313 2534 1401 2561 denda,
1419 2534 1458 2556 sed
1477 2534 1582 2561 religiose
1594 2534 1725 2556 veneranda
1743 2534 1787 2556 264
1805 2534 1834 2556 23
1845 2546 1876 2551 «-

1313 2574 1361 2596 Non
1378 2573 1444 2601 parvi
1457 2573 1551 2601 periculi
1568 2579 1605 2595 res
1616 2575 1650 2595 est
1662 2572 1810 2596 abstinentiae
1824 2579 1877 2601 per-

1314 2612 1405 2634 feetloni
1422 2612 1543 2634 detrahere
1560 2618 1586 2634 ac
1603 2618 1644 2640 per
1662 2613 1706 2635 hoc
1723 2612 1813 2635 animos
1827 2617 1876 2640 per·

1313 2652 1384 2674 fectae
1401 2651 1477 2674 virtuti
1501 2651 1641 2674 studentium
1663 2650 1693 2673 ab
1715 2656 1741 2673 ea
1766 2657 1876 2674 revocare

1314 2690 1358 2712 262
1378 2690 1406 2712 15

1360 2741 1390 2746 --
1407 2729 1450 2751 Pro
1467 2728 1616 2751 abstinentiae
1627 2729 1826 2752 commendatione
1839 2729 1875 2752 vir

1314 2768 1387 2790 fidelis
1399 2773 1444 2790 non
1457 2771 1490 2791 est
1501 2768 1645 2791 accusandus
1657 2768 1741 2790 erroris
1752 2768 1876 2791 Manichae-

1313 2813 1380 2829 orum
1399 2808 1443 2829 260
1463 2808 1499 2829 10.
1516 2814 1550 2836 sq.

1359 2857 1390 2863 —
1407 2847 1563 2869 Transcensus
1575 2846 1635 2869 vitae
1647 2846 1778 2868 communis
1789 2849 1827 2868 aut
1839 2852 1877 2868 ve-

1313 2885 1345 2908 nit
1356 2891 1381 2908 ex
1394 2885 1533 2908 sublimitate
1544 2885 1645 2913 virtutis,
1657 2885 1715 2907 sicut
1726 2886 1748 2907 in
1759 2884 1814 2907 viris
1831 2891 1877 2908 ma-

1314 2930 1373 2952 gnac
1390 2924 1539 2952 auctoritatis,
1557 2927 1596 2946 aut
1607 2930 1634 2947 ex
1645 2924 1806 2952 superstitione
1817 2930 1877 2946 erro-

720 2965 810 2987 mittere
826 2967 890 2987 actus
911 2968 946 2987 est
962 2970 1023 2986 unus
1045 2967 1067 2986 et
1087 2963 1218 2990 uniformis,
1240 2964 1279 2992 qui
1312 2963 1357 2991 νίς,
1374 2964 1410 2985 vel
1422 2970 1448 2986 ex
1460 2966 1634 2991 praesumtuosa
1644 2963 1801 2991 singularitate
1813 2963 1877 2986 modi

719 3004 849 3031 perfectioni
871 3009 916 3026 non
939 3005 1059 3031 consonat,
1082 3003 1099 3025 si
1125 3002 1238 3025 diminute
1259 3006 1281 3025 et
1313 3003 1406 3025 vivendi
1425 3003 1470 3025 265
1488 3003 1517 3025 27
