2133 3317
238 203 319 232 XVIII

303 282 355 304 137.
373 281 474 309 Ibidem,
493 283 544 305 cod.
562 283 589 304 H.
606 282 644 304 99.
661 283 733 304 chart.
750 287 811 304 saec.
829 282 880 304 XV.
898 295 927 298 —-
942 283 1023 311 Incipit
1044 283 1089 305 hoc

241 330 380 357 opusculum
399 336 453 358 pag.
471 330 491 351 1.
509 329 558 352 sine
584 329 661 352 titulo:
686 329 758 357 Ecce,
783 328 899 358 descripsi
922 335 975 352 eam
1000 332 1043 352 etc.
1066 333 1088 352 et

240 376 323 399 desinit
340 382 394 404 pag.
407 377 444 398 32.
457 376 535 398 verbis
552 382 603 404 cap.
616 376 638 398 3.
651 382 672 398 n.
683 376 711 398 7:
723 375 833 399 osculum
849 377 870 399 et
886 375 1035 405 amplexum.
1051 375 1089 399 Ad

240 423 304 453 quod
316 424 434 453 perducat
450 429 494 447 nos
511 424 583 446 Iesus.
601 422 705 452 Explicit
722 424 838 446 tractatus
856 423 1030 446 Bonaventure.

302 470 354 492 138.
373 469 472 498 Ibidem,
490 470 541 492 cod.
559 470 583 492 L.
601 469 639 492 35.
656 471 729 492 chart.
745 475 806 492 saec.
831 470 882 492 XV.
898 482 930 487 —
955 471 1009 498 pag.
1034 471 1088 493 385.

240 517 393 545 praemittitur
410 517 534 545 opusculo:
555 516 682 540 Tractatus
698 517 866 540 Bonuventure
889 516 994 540 multum
1015 517 1088 540 utilis.

239 564 324 586 Desinit
341 570 395 592 pag.
413 563 466 586 415.
484 563 539 591 ipsis
556 562 646 590 verbis,
663 562 750 592 quibus
766 563 917 592 praecedens.

303 611 355 633 ⁴39.
373 609 475 638 Ibidem,
494 610 546 633 cod.
563 612 588 633 L.
605 610 643 632 37.
660 611 731 633 chart.
750 616 810 633 saec.
828 610 881 633 XV.
897 623 928 627 —
939 611 984 634 FoI.
1003 611 1056 634 317.
1069 618 1088 634 r.

239 658 320 686 incipit
336 657 453 681 absolute:
472 658 541 686 Ecce,
560 657 674 687 descripsi
689 664 742 680 eam
759 660 802 680 etc.
813 661 836 680 et
847 658 931 681 desinit
948 659 986 681 sol.
999 659 1052 681 329.
1065 665 1088 681 v.

238 705 260 727 in
278 711 329 733 cap.
346 705 367 727 3.
386 711 408 726 n.
429 704 452 726 7.
471 708 495 727 ut
512 705 692 733 praecedentes,
710 705 746 727 cui
764 705 821 732 alia,
838 705 878 727 sed
897 710 984 727 coaeva
1004 711 1088 727 manus

237 751 342 774 addidit:
360 751 465 781 Eseplicit
481 752 598 774 tractatus
621 751 786 774 Bonaventure
811 751 838 774 de
861 750 950 780 triplici
971 750 1041 774 modo
1063 757 1087 774 se

236 797 367 822 efflei-cendi.

301 846 308 867 I
317 845 353 868 40.
373 844 522 875 Merseburyi
538 846 561 868 in
579 846 699 873 ssorussia‚
716 845 855 868 bibliotheca
876 845 989 868 Ecclesiae
1010 846 1088 868 cathe-

238 893 320 921 dralis,
338 893 389 915 cod.
411 893 444 915 II.
462 894 534 915 chart.
552 893 575 915 in
594 893 630 915 sol.
649 899 709 915 saec.
727 893 778 915 XV.
796 906 826 909 —
843 893 906 915 Folio
924 893 977 915 146.
1000 899 1032 915 r.:
1050 893 1088 916 Ιη-

237 939 293 970 cipit
309 939 432 963 ternarius
449 940 617 962 Romanorum-e
634 939 773 963 cardinalis.
793 940 878 962 Desinit
890 940 928 962 fol.
950 940 999 962 158.
1018 946 1054 962 ν.;
1066 941 1089 963 et

237 986 281 1010 hoc
298 986 427 1016 seraphim.
444 987 498 1009 Inde
515 987 631 1016 sequitur:
651 986 714 1015 Quid
730 988 763 1010 est
789 987 872 1010 Deus?
897 987 959 1010 Deus
980 988 1016 1010 est
1038 993 1087 1010 esse

235 1033 325 1063 absque
342 1033 438 1057 entitute
455 1036 497 1056 etc.
510 1040 596 1062 usque:
608 1039 692 1063 sapere
703 1033 791 1063 absque
802 1033 914 1063 appetitu.
928 1033 1033 1063 Explicit
1045 1035 1088 1057 ter·

236 1080 322 1103 narius
339 1081 501 1104 Bonevenlure
518 1080 656 1104 cardinalis.

305 1128 355 1150 141.
375 1127 441 1151 Metis
459 1128 509 1150 cod.
528 1128 582 1150 235.
599 1129 671 1150 chart.
691 1128 713 1150 in
737 1128 758 1150 4.
775 1134 836 1151 saec.
853 1128 904 1150 XV.
921 1140 952 1144 —
969 1129 1022 1151 Post
1044 1129 1087 1151 alia

238 1175 290 1198 solio
308 1176 329 1197 2.
347 1181 377 1198 12:
395 1175 508 1205 Sequitur
522 1181 629 1205 parvum
646 1175 746 1204 bonum,
761 1175 785 1198 in
798 1182 844 1205 0110
856 1177 891 1199 est
900 1176 954 1206 fons
970 1175 1028 1204 vite,
1041 1175 1087 1199 edi-

239 1223 291 1245 tum
307 1228 321 1245 a
339 1221 416 1252 tratre
437 1222 607 1245 Bonavenlura
624 1221 718 1245 doc-lore
735 1222 823 1245 eaeiiitio
842 1222 939 1246 Ordinis
956 1222 1086 1246 Minorum.

237 1270 323 1292 Desinit
341 1269 430 1292 νει-0151
449 1270 479 1292 Et
494 1269 538 1293 boc
555 1269 689 1299 Seraphim.

304 1316 353 1339 142.
371 1316 469 1345 Ibidem,
490 1317 541 1339 cod.
559 1317 611 1339 241.
630 1317 724 1339 miscell.
741 1317 763 1339 in
783 1317 804 1339 4.
821 1323 881 1340 saec.
908 1317 959 1339 XV.
985 1330 1016 1334 —
1040 1318 1088 1340 Fol.

238 1363 274 1386 45.
292 1370 328 1386 v.:
346 1363 430 1393 Incipit
452 1369 558 1393 parvum
584 1363 671 1386 bonum
696 1363 782 1393 fi'alris
804 1364 977 1387 Bonaoenture.
1002 1364 1088 1386 Desinit

238 1411 277 1433 fol.
297 1410 333 1433 54.
352 1417 374 1432 v.
392 1416 434 1438 per
450 1409 535 1432 verba:
553 1411 580 1433 In
598 1410 645 1433 illis
671 1412 705 1434 est
728 1411 782 1440 sons
809 1411 860 1434 vite.
885 1411 954 1434 Hinc:
982 1411 1087 1441 Explicit

235 1463 343 1487 parrum
360 1456 448 1480 bonum
464 1464 480 1480 a
496 1457 573 1487 fratre
590 1457 696 1481 Iohanne
712 1457 809 1481 Perriui
823 1458 949 1488 scriplum.

300 1504 352 1527 143.
372 1503 471 1532 Ibidem,
489 1505 541 1527 cod.
559 1505 612 1527 601.
630 1506 702 1527 chart.
719 1511 779 1528 saec.
797 1505 848 1527 XV.
867 1506 972 1528 ineuntis.
990 1519 1020 1521 —
1038 1506 1085 1529 Fol,

237 1558 256 1574 r.
273 1552 323 1574 sine
339 1558 438 1574 numero
456 1552 609 1580 praemittitur
626 1555 727 1574 tantum:
746 1552 927 1581 Bonarerttura,
952 1554 989 1576 cui
1015 1554 1088 1582 impe-

236 1599 272 1621 riti
301 1605 384 1621 manus
411 1599 528 1621 adiunxit:
551 1599 731 1629 Centi'toquiam.
760 1600 850 1628 Incipit:
877 1600 945 1628 Ecce,
973 1600 1088 1630 descripsi

237 1652 289 1669 eam
306 1649 362 1673 ete:
381 1649 403 1668 et
419 1646 502 1668 desinit
519 1645 597 1669 verbis
613 1652 665 1674 cap.
690 1647 712 1668 3.
730 1653 750 1669 n.
768 1647 795 1668 7:
814 1646 844 1670 Et
865 1647 975 1670 osculum
992 1649 1015 1670 et
1036 1654 1087 1671 am-

234 1692 343 1722 plexum.
361 1692 398 1716 Ad
420 1692 483 1722 quod
504 1698 546 1716 uos
565 1692 684 1722 perducat
705 1694 770 1716 Iesus
791 1695 849 1717 :ctus
868 1693 979 1717 dominus
996 1696 1086 1718 noster.

236 1742 320 1763 Amen.

301 1787 354 1810 144.
373 1786 472 1815 Ibidem,
490 1787 543 1810 cod.
560 1787 614 1810 607.
630 1789 702 1810 chart.
720 1788 741 1810 in
760 1789 782 1811 8.
800 1794 861 1811 saec.
879 1789 929 1811 XV.
952 1802 984 1806 —
1000 1790 1046 1812 FoI.
1065 1791 1087 1813 5.

236 1840 254 1857 r.
271 1834 368 1863 legitur:
385 1834 469 1864 Incipit
487 1834 545 1857 liber
560 1834 646 1864 fratris
666 1835 832 1858 Bonaoenlure
853 1834 950 1859 Ordinis
968 1836 1086 1860 Fratrum

237 1882 359 1905 Minorum
377 1883 399 1905 et
415 1881 546 1905 cardinalis
564 1881 591 1905 de
608 1881 697 1912 triplici
712 1882 764 1911 via,
784 1889 827 1912 per
854 1889 927 1913 quam
945 1884 1086 1913 pervenitur

236 1928 268 1951 ad
289 1927 440 1958 sapientiam.
459 1928 530 1957 Ecce,
548 1928 663 1958 descripsi
684 1935 737 1952 eam
759 1931 802 1952 etc.
826 1930 934 1959 Sequitur
957 1937 1031 1959 usque
1057 1931 1086 1954 ad

237 1974 322 1997 verba:
339 1975 369 1998 Et
387 1975 431 1998 hoc
449 1974 583 2005 Seraphim.
601 1975 698 1998 Additur
723 1976 863 1999 admonitio:
886 1976 978 2000 Exerce
999 1979 1020 2000 le
1042 1981 1085 2000 etc.

236 2024 261 2044 ut
277 2028 346 2050 supra
365 2028 387 2044 11,
406 2022 444 2044 95.

299 2068 351 2091 145.
369 2068 522 2098 Moquntiae,
541 2068 679 2091 bibliotheca
696 2069 802 2096 Publica,
815 2070 866 2092 cod.
879 2071 951 2092 chart.
965 2070 1016 2093 =l78.
1032 2077 1086 2098 pro-

236 2121 310 2143 gress.
327 2114 391 2138 CVII.
411 2115 433 2137 in
452 2115 472 2137 4.
488 2121 548 2137 saec.
560 2115 619 2137 XIV.
633 2116 743 2138 exeuntis.
757 2129 785 2131 —
799 2116 878 2144 Incipit
891 2117 928 2139 sol.
946 2117 994 2139 ll9.
1005 2123 1025 2139 r.
1036 2117 1086 2140 sine

235 2163 300 2185 titulo
316 2165 339 2185 et
355 2162 449 2185 nomine
472 2162 579 2185 auctoris.
601 2162 688 2184 Desinit
711 2163 748 2185 sol.
772 2163 825 2185 125.
850 2169 868 2185 r.
889 2163 979 2186 verbis:
1002 2170 1086 2193 sapere

235 2208 324 2239 absque
340 2209 453 2239 appetitu.
472 2209 580 2239 Eoeptz'cz't
595 2209 751 2232 Itinerarium
768 2209 793 2233 in
811 2210 924 2240 seipsum.

300 2256 353 2279 146.
379 2256 478 2285 Ibidem,
506 2257 558 2279 cod.
581 2258 653 2280 chart.
676 2258 728 2279 283.
751 2263 869 2285 progress.
886 2257 1006 2281 CLXXIV.
1022 2259 1045 2281 in
1064 2258 1086 2282 4.

236 2309 296 2326 saec.
314 2304 374 2326 XIV.
392 2316 423 2320 —
439 2304 486 2326 Fol.
508 2304 556 2327 108.
574 2310 592 2326 r.
609 2308 643 2326 est
660 2304 742 2327 eadem
759 2304 864 2332 rubrica,
881 2311 952 2334 quam
969 2305 992 2327 in
1006 2306 1085 2328 codice

238 2356 261 2373 n.
279 2351 299 2373 8.
317 2350 461 2378 notavimus,
479 2354 501 2373 et
517 2351 599 2373 eadem
617 2354 752 2379 repetuntur
766 2351 788 2374 in
801 2351 857 2379 fine,
868 2352 908 2381 qui
920 2352 1020 2375 occurrit
1032 2352 1084 2375 solio

238 2397 290 2419 118.
308 2403 331 2419 v,
349 2397 428 2420 Postea
447 2398 543 2425 legitur:
561 2397 666 2427 Exi-plion
679 2404 783 2427 parvum
801 2397 889 2421 bonum
911 2399 1085 2422 Bonaventure.

236 2444 318 2467 Amen.

300 2490 352 2512 447.
370 2489 471 2519 Ibidem,
490 2491 542 2514 cod.
558 2492 631 2514 chart.
651 2491 703 2514 438.
721 2498 838 2520 progress.
855 2491 940 2515 CCXL.
950 2493 974 2514 iu
992 2492 1012 2515 4.
1024 2499 1084 2516 saec.

236 2538 296 2560 XIV.
314 2538 424 2560 exeuntis.
442 2551 473 2554 ——
490 2539 569 2567 incipit
585 2539 725 2567 opusculum
742 2540 802 2562 circa
820 2539 889 2562 finem
914 2527 1048 2563 voluminis
1062 2543 1085 2563 et

236 2584 320 2607 desinit
336 2591 387 2613 cap.
406 2586 427 2607 2.
445 2591 468 2607 n.
494 2586 530 2608 12.
552 2592 595 2614 per
617 2585 705 2608 verba:
728 2585 858 2609 eccliibendo
881 2586 1085 2616 complacentiam.

237 2631 341 2662 Escplicit
358 2632 402 2656 hoc
419 2633 591 2663 corpusculum
609 2633 659 2663 (sic)
679 2634 845 2657 Bonauenture
866 2634 951 2664 fratris
971 2634 1083 2663 Minoris,

237 2678 357 2708 quondam
375 2679 510 2703 Cardinalis
528 2681 549 2703 et
565 2680 713 2704 Patriarclte.

303 2726 351 2748 148.
364 2726 459 2754 Ibidem,
471 2727 523 2750 cod.
535 2728 606 2750 chart.
619 2728 673 2750 586.
685 2734 803 2756 progress.
814 2727 953 2751 CCCXXXI.
963 2734 1023 2751 saec.
1032 2729 1082 2751 XV.

235 2785 266 2789 —
283 2773 330 2795 Fol.
351 2774 370 2795 1.
388 2780 408 2795 r.
425 2777 458 2796 est
476 2774 553 2797 titulus
570 2775 715 2798 efformatus:
732 2775 838 2798 Parvum
856 2774 944 2798 bonum
964 2776 1084 2798 Bonaren-

235 2821 295 2843 ture.
312 2820 400 2843 Desinit
417 2821 453 2843 sol.
471 2822 493 2843 8.
511 2828 546 2844 v.:
564 2821 588 2844 in
606 2821 653 2845 illis
665 2823 699 2845 est
709 2822 763 2851 fons
774 2822 827 2846 vite.
840 2822 886 2845 Deo
899 2822 952 2846 laus
964 2824 985 2846 et
997 2822 1082 2852 qloriu.

235 2867 318 2889 Amen..
336 2866 441 2896 Explicit
456 2873 562 2897 parrum
580 2867 666 2891 bonum
684 2869 849 2892 Bonareniure
862 2869 973 2899 perutile.

302 2914 352 2936 I49.
370 2913 469 2943 Ibidem,
487 2915 539 2937 eod.
557 2916 627 2938 chart⁴
646 2916 698 2938 605.
716 2922 834 2944 progress.
851 2915 961 2939 CCCXLI.
983 2916 1082 2939 membr.

236 2960 259 2982 in
278 2960 298 2982 S.
316 2966 376 2983 saec.
394 2961 455 2983 XIV.
472 2962 578 2984 ineuntis.
595 2975 624 2978 -ψ
641 2963 687 2985 Fol.
706 2969 750 2985 11011
772 2967 893 2985 numerato
916 2964 976 2986 circa
999 2963 1082 2986 medie-

944 204 1198 234 PROLEGOMENA.
1220 205 1248 234 C.
1272 205 1288 233 I.

1147 285 1216 306 tatem
1234 283 1320 306 codIcis
1338 286 1371 306 est
1389 284 1466 307 titulus
1478 284 1547 307 huius
1559 285 1665 313 opusculi
1681 291 1693 308 a
1706 285 1781 313 prima
1794 291 1863 308 manu
1876 288 1992 309 exaratus:

1146 329 1232 359 Incipit
1243 336 1351 359 parvum
1369 330 1457 354 bonnm
1474 331 1648 355 Bonaventure.
1664 332 1764 355 Desinit:
1788 332 1814 355 in
1832 331 1867 356 Itis
1884 334 1919 355 est
1939 333 1993 362 fons

1145 375 1198 399 vite.
1215 376 1252 399 Ad
1265 383 1339 406 quum
1351 383 1394 400 nos
1403 376 1523 407 perducat
1532 378 1604 401 Pater
1615 379 1637 401 et
1647 378 1724 402 Filius
1736 380 1758 402 et
1767 378 1874 408 Spiritus
1885 380 1991 402 sanctus.

1145 424 1228 446 Amen.

1211 470 1263 492 150.
1281 470 1413 498 lllonaeltii,
1432 470 1572 493 bibliotheca
1589 472 1674 500 Regia,
1691 472 1743 495 cod.
1760 472 1830 494 3034.
1847 474 1918 495 chart.
1931 478 1992 495 saec.

1146 517 1198 539 XV.
1216 529 1247 533 —
1263 516 1407 545 Opusculum
1425 517 1505 545 incipit
1522 518 1559 540 sol.
1576 519 1631 541 228.
1649 525 1672 541 v.
1694 519 1745 541 sine
1762 520 1807 542 ullo
1824 520 1901 542 titulo:
1920 519 1990 548 Ecce,

1145 562 1261 593 descripsi
1276 570 1329 586 eam
1345 567 1388 586 etc.
1406 564 1493 586 Desinit
1510 565 1547 587 sol.
1565 565 1617 587 232.
1636 572 1657 587 v.
1675 566 1700 588 in
1711 572 1763 594 cap.
1778 567 1800 589 2.
1818 573 1839 589 n.
1855 567 1891 588 11.
1904 566 1992 589 vei-Ins:

1145 609 1274 633 Sciendum
1289 612 1382 639 autem,
1400 610 1464 640 quod
1478 611 1511 634 ad
1523 612 1699 642 proficiendum
1715 612 1740 636 in
1757 613 1856 637 caritate
1871 614 1917 637 erit
1938 620 1994 643 pro-

1144 657 1220 686 fectus
1238 656 1263 679 in
1280 657 1347 680 omni
1363 657 1423 680 bono
1439 663 1518 687 opere.
1534 658 1571 681 Ad
1587 665 1662 688 quam
1679 659 1802 683 caritatem
1818 666 1862 684 nos
1876 660 1995 690 perducat

1145 702 1187 733 qui
1206 703 1257 726 sine
1273 703 1320 734 fine
1341 703 1399 727 civit
1415 706 1438 727 et
1449 707 1542 734 Τι’-01101.
1561 706 1643 729 Amen.
1660 706 1766 736 Explicit
1781 709 1899 731 tractatus
1916 708 1994 731 Bona-

1145 751 1245 773 eenture
1261 750 1289 773 de
1306 750 1382 774 tribus
1400 751 1505 775 Punctis.

1211 797 1261 819 151.
1279 796 1379 825 Ibidem,
1397 798 1449 820 cod.
1467 799 1536 821 3503.
1553 799 1624 821 chart.
1642 805 1702 822 saec.
1720 800 1771 822 XV.
1787 812 1818 817 —
1835 801 1882 823 Fol.
1898 800 1951 823 250.
1969 807 1994 824 v.

1146 843 1244 866 habetur
1261 845 1317 867 haec
1335 844 1439 867 rubrica:
1457 844 1599 875 Subscripta
1615 847 1671 870 sunl
1687 848 1767 870 sumta
1784 846 1811 870 de
1828 847 1935 871 ternario
1952 848 1994 871 Bo-

1144 892 1288 919 naventure,
1312 897 1337 914 eo
1360 891 1424 921 quod
1448 891 1475 914 de
1500 891 1589 922 triplici
1610 892 1649 915 via
1675 892 1707 915 acl
1731 892 1872 923 sapientiam
1898 895 1992 918 tractat.

1145 936 1213 965 Ecce,
1234 937 1349 967 descripsi
1365 944 1417 961 eum
1435 941 1478 961 etc.
1496 939 1637 962 Protrahitur
1654 946 1728 968 usque
1745 940 1775 962 ad
1796 946 1819 962 n.
1839 940 1875 962 14.
1898 947 1948 969 cap.
1967 941 1992 964 ¹I:

1145 984 1255 1008 debemus
1273 985 1297 1008 in
1314 986 1393 1015 ipsum
1411 986 1517 1015 tendere,
1536 987 1573 1010 sol.
1590 987 1677 1010 codicis
1699 987 1752 1009 252.
1775 994 1799 1010 V.
1821 987 1901 1011 Cetera
1918 987 1993 1011 ablata

1145 1032 1246 1054 suerunt.

1211 1079 1261 1101 152.
1279 1078 1377 1108 Ibidem,
1395 1080 1448 1103 cod.
1465 1080 1535 1103 2991.
1551 1082 1623 1103 chart.
1640 1093 1671 1098 —
1682 1081 1730 1104 FoI.
1748 1082 1800 1104 153.
1817 1088 1840 1104 v.
1854 1082 1933 1110 incipit
1949 1081 1993 1105 sub

1144 1127 1188 1149 hoc
1205 1127 1282 1150 titulo:
1299 1127 1384 1157 Incipit
1395 1129 1512 1151 tractatus
1524 1128 1551 1151 de
1565 1128 1708 1152 conscientia
1719 1129 1835 1159 reqenda,
1850 1129 1893 1159 qui
1905 1129 1992 1153 dicitur

1144 1173 1262 1197 Slimulus
1280 1174 1431 1203 conscientie,
1442 1181 1549 1205 parvum
1561 1175 1649 1199 bonum
1659 1176 1745 1205 siuti-is
1757 1177 1930 1200 Bonuventure.
1944 1177 1993 1200 Alia

1146 1227 1228 1244 manus
1245 1228 1305 1244 saec.
1323 1223 1457 1250 posterIOris
1474 1223 1589 1246 adiunxit:
1606 1223 1742 1253 Reyistrum
1759 1223 1830 1247 huius
1848 1223 1904 1247 libri
1922 1230 1994 1254 quere

1144 1267 1167 1290 in
1185 1268 1239 1298 fine.
1257 1269 1345 1291 Desinit
1363 1270 1400 1292 sol.
1419 1270 1472 1292 181.
1489 1273 1514 1292 01
1531 1271 1554 1292 111
1567 1270 1647 1299 0111115,
1664 1271 1701 1294 cui
1724 1271 1872 1299 adiungitur:
1889 1270 1995 1301 Eoeptz'ez't

1144 1316 1262 1339 tractatus
1281 1316 1443 1339 Boneeenture
1460 1316 1487 1339 de
1506 1317 1648 1341 conscientia
1668 1317 1782 1347 reyencla.
1804 1319 1872 1341 Anno
1899 1317 1995 1341 Domini

1146 1362 1223 1386 1599.
1240 1363 1264 1385 iu
1281 1363 1317 1386 die
1336 1363 1468 1387 Olliomari.

1212 1410 1262 1432 153.
1280 1410 1380 1439 Ibidem,
1398 1411 1451 1433 cod.
1468 1411 1538 1433 5914.
1555 1412 1626 1434 chart.
1648 1411 1670 1434 in
1694 1411 1714 1434 4.
1737 1418 1798 1434 saec.
1820 1412 1872 1435 XV.
1894 1425 1922 1428 -
1946 1412 1993 1435 FoI.

1146 1458 1198 1480 120.
1216 1464 1233 1480 1·.
1252 1458 1347 1486 legitur:
1366 1457 1451 1487 Incipit
1464 1464 1571 1487 parvum
1588 1458 1676 1481 bonum
1692 1459 1864 1482 Bonaventure.
1875 1459 1945 1487 Ecce,
1958 1458 1993 1482 de-

1144 1504 1230 1534 scripsi
1248 1511 1301 1527 eam
1322 1508 1365 1527 etc.
1386 1505 1472 1527 Desinit
1493 1506 1530 1527 sol.
1552 1505 1604 1528 140.
1624 1512 1643 1528 1·.
1664 1505 1753 1528 verbis:
1774 1504 1800 1528 in
1819 1505 1866 1529 illis
1886 1507 1919 1529 est
1938 1505 1993 1534 fons

1144 1550 1196 1574 cite.
1214 1552 1295 1574 Amen.

1208 1599 1261 1621 154.
1278 1598 1377 1627 Ibidem,
1397 1600 1450 1622 cod.
1467 1600 1536 1622 5014.
1553 1600 1576 1622 in
1594 1601 1665 1622 chart.
1683 1606 1744 1622 saec.
1755 1600 1810 1628 XV,
1823 1602 1847 1622 ut
1859 1600 1904 1622 iam
1922 1600 1994 1623 innui-

1145 1652 1197 1668 mus
1214 1648 1270 1668 tom.
1288 1647 1316 1668 V.
1334 1652 1388 1674 pag.
1401 1646 1466 1669 XXX
1481 1653 1502 1668 n.
1514 1646 1553 1669 72.
1564 1659 1595 1663 —
1607 1647 1740 1669 Incendium
1753 1647 1839 1669 amoris
1851 1647 1930 1675 incipit
1941 1649 1994 1675 post

1145 1694 1187 1716 alia
1205 1699 1276 1722 opera
1295 1695 1332 1716 rol.
1349 1693 1388 1716 70.
1405 1700 1429 1716 ν.
1449 1694 1581 1716 1100111111οε
1602 1694 1729 1718 Tractatus
1746 1693 1849 1717 eiusdem
1866 1693 1894 1717 de
1905 1693 1995 1724 triplici

1143 1742 1199 1764 actu
1216 1740 1364 1769 ierarchico,·
1382 1741 1465 1763 desinit
1483 1741 1519 1763 sol.
1537 1741 1575 1763 95.
1592 1747 1611 1763 r.
1628 1741 1663 1764 his
1675 1740 1753 1764 verbis
1770 1747 1821 1769 cap.
1839 1742 1861 1764 3.
1878 1748 1899 1764 n.
1916 1740 1944 1764 7:
1961 1740 1994 1764 ad

1144 1786 1255 1816 copulam
1273 1788 1295 1810 et
1310 1786 1459 1817 anipteteztm.
1476 1786 1513 1811 Ad
1530 1787 1594 1817 quod
1610 1793 1653 1810 nos
1667 1787 1787 1817 perducat
1801 1790 1844 1810 etc.

1208 1833 1262 1856 155.
1278 1833 1377 1861 Ibidem,
1396 1834 1447 1856 cod.
1470 1834 1551 1857 14835.
1568 1834 1667 1857 membr.
1684 1840 1744 1857 saec.
1761 1835 1821 1857 XIV.
1839 1847 1868 1850 —
1880 1834 1926 1857 F01.
1939 1834 1991 1857 102.

1143 1886 1161 1902 ι’.
1179 1886 1262 1903 manus
1279 1881 1391 1909 posteriOi*
1408 1882 1510 1904 exaravit
1526 1884 1578 1904 ante
1595 1882 1734 1910 opusculum
1746 1882 1807 1904 hunc
1818 1882 1922 1904 titulum:
1935 1881 1992 1905 [ἀν-

1143 1933 1201 1950 vum
1213 1927 1300 1951 bonum
1317 1928 1354 1951 vel
1371 1928 1477 1958 reyimen
1494 1928 1632 1952 conscientie
1648 1929 1727 1952 sancti
1740 1929 1917 1957 Bonaveuture,
1930 1928 1994 1959 quod

1143 1976 1245 1998 vocatur
1261 1975 1315 2004 fons
1332 1975 1385 1998 vite.
1404 1975 1490 1998 Desinit
1508 1976 1546 1998 sol.
1565 1976 1617 1998 108.
1641 1981 1672 1998 1·.;
1695 1975 1720 1999 in
1737 1975 1820 1999 ceteris
1840 1982 1896 1999 vero
1917 1975 1993 2000 domi-

1144 2023 1219 2045 natur
1236 2022 1328 2052 affectio
1347 2023 1407 2050 (cap.
1425 2023 1447 2044 3.
1466 2029 1488 2044 n.
1505 2022 1546 2051 7.).

1208 2070 1260 2092 156.
1287 2069 1387 2098 Ibidem,
1413 2070 1465 2093 cod.
1487 2070 1557 2092 7959.
1580 2070 1679 2093 membr.
1695 2076 1756 2093 saec..
1779 2071 1839 2093 XIV.
1860 2083 1891 2088 —
1912 2071 1993 2100 Incipit

1145 2116 1183 2138 sol.
1207 2116 1255 2137 118.
1274 2122 1292 2138 r.
1310 2115 1354 2138 sub
1371 2117 1414 2138 hac
1426 2116 1531 2139 rubrica:
1543 2116 1628 2140 Sermo
1640 2116 1759 2146 yeneralis
1768 2116 1917 2147 peroptimus
1929 2118 1993 2141 Bone

1143 2163 1248 2185 venture.
1266 2163 1353 2185 Desinit
1370 2163 1407 2185 sol.
1427 2164 1478 2185 120.
1495 2169 1519 2185 v.
1536 2163 1559 2185 in
1577 2169 1626 2191 cap.
1644 2164 1670 2190 2,
1687 2170 1709 2185 n.
1730 2164 1765 2186 12.
1782 2164 1813 2186 ad
1829 2163 1994 2194 verba:ponit

1143 2209 1347 2238 misericordiam,
1365 2217 1409 2240 que
1425 2212 1459 2234 est
1475 2210 1602 2240 utriusque
1615 2211 1770 2241 principium.

1207 2257 1258 2280 157.
1276 2257 1371 2286 Ibidem,
1389 2258 1441 2280 cod.
1459 2259 1528 2280 8981.
1546 2259 1618 2281 chart.
1634 2259 1657 2281 in
1675 2259 1697 2281 4.
1716 2265 1776 2281 saec.
1789 2259 1841 2281 XV.
1852 2260 1941 2282 —FoL
1954 2260 1991 2282 62.

1143 2310 1162 2326 r.
1180 2304 1348 2332 praemittitur:
1366 2304 1500 2327 Parentum
1519 2304 1607 2328 bonum
1621 2304 1713 2328 domini
1727 2306 1902 2339 Bonaventure.
1921 2306 1990 2335 Ecce,

1143 2351 1259 2381 descripsi
1274 2357 1327 2375 eam
1345 2355 1386 2374 etc.
1405 2352 1492 2374 Desinit
1509 2353 1546 2375 sol.
1562 2353 1599 2375 61.
1617 2359 1637 2375 r.
1654 2359 1673 2375 c.
1692 2353 1714 2376 3.
1728 2359 1752 2375 n.
1769 2353 1829 2376 7:et
1841 2353 1989 2383 ampleoeum,

1142 2397 1174 2421 ud
1191 2397 1254 2427 quod
1270 2403 1313 2421 nos
1338 2397 1453 2428 perducat
1478 2400 1536 2422 tetus
1554 2400 1619 2423 Iesus
1636 2399 1713 2423 Marie
1729 2399 1901 2429 gloriosissime
1916 2400 1990 2430 silius.

1142 2445 1223 2468 Amen.

1206 2492 1259 2515 158.
1277 2491 1377 2521 Ibidem,
1396 2493 1448 2515 cod.
1465 2492 1534 2515 7505.
1552 2494 1624 2516 chart.
1642 2493 1664 2516 in
1682 2494 1719 2516 sol.
1737 2500 1798 2517 saec.
1820 2495 1871 2517 XV.
1889 2495 1935 2516 iam
1953 2494 1990 2517 de-

1142 2539 1242 2567 scriptus
1260 2542 1315 2562 10111.
1333 2539 1361 2561 Ψ.
1379 2545 1433 2567 pag.
1450 2540 1517 2562 XXX
1540 2546 1562 2562 n.
1585 2540 1624 2563 73.
1647 2553 1679 2557 —
1705 2541 1753 2563 Hoc
1775 2542 1915 2569 opusculum
1937 2541 1990 2564 inci-

1143 2587 1177 2614 pit
1194 2587 1230 2609 101.
1248 2587 1301 2609 238.
1319 2593 1338 2608 1·.
1355 2587 1403 2609 sine
1421 2587 1498 2614 titulo,
1516 2587 1599 2610 desinit
1621 2588 1644 2610 in
1666 2594 1717 2616 cap.
1735 2588 1756 2610 3.
1774 2595 1795 2610 n.
1813 2588 1835 2611 7.
1853 2591 1878 2611 ut
1895 2594 1989 2617 praece-

1143 2634 1212 2656 dens:
1230 2633 1268 2657 Ad
1284 2633 1348 2664 quod
1363 2640 1407 2657 nos
1429 2634 1549 2664 perducat
1564 2635 1630 2658 Iesus
1652 2636 1710 2659 :etus
1734 2635 1811 2659 Filius
1836 2636 1880 2659 Dei
1903 2635 1990 2659 benedi-

1142 2682 1194 2704 ctus
1210 2680 1236 2704 in
1254 2681 1336 2704 secula
1352 2681 1498 2705 seculorum.
1515 2682 1597 2705 Amen.
1615 2681 1721 2712 Eoeplicit
1741 2684 1859 2706 tractatus
1876 2682 1951 2707 bouus
1968 2685 1991 2706 et

1140 2727 1240 2756 pulcher
1266 2727 1342 2750 trium
1366 2727 1502 2757 yraduum,
1528 2728 1613 2758 quibus
1635 2729 1776 2758 pervenitur
1799 2729 1832 2752 ad
1852 2735 1936 2753 ceram
1952 2736 1988 2753 sa-

1138 2773 1261 2803 pientiam.

1205 2823 1256 2845 159.
1275 2821 1376 2850 Ibidem,
1395 2822 1446 2845 cod.
1469 2823 1550 2845 18651.
1576 2824 1647 2845 chart.
1672 2829 1733 2846 saec.
1750 2824 1804 2852 XV,
1822 2824 1852 2846 de
1869 2830 1916 2852 quo
1934 2823 1988 2846 vide

1143 2876 1204 2899 quae
1222 2870 1322 2892 (1111111105
1339 2872 1394 2891 10111.
1413 2870 1440 2892 V.
1458 2876 1511 2898 pag.
1529 2870 1618 2892 XXXV
1642 2877 1665 2893 n.
1685 2871 1722 2893 22.
1739 2883 1770 2887 -
1786 2871 1833 2893 FoI.
1852 2871 1904 2893 161.
1921 2876 1987 2899 prae-

1141 2917 1249 2940 mittitur:
1270 2917 1396 2940 Traetatus
1414 2916 1441 2939 de
1458 2916 1547 2946 triplici
1562 2919 1616 2940 actu
1635 2916 1780 2946 ierarchico,
1798 2920 1820 2940 et
1839 2918 1881 2940 alia
1904 2923 1987 2941 manus

1140 2965 1245 2988 addidit:
1268 2964 1440 2987 Bouareuture.
1467 2964 1554 2987 Desinit
1579 2965 1616 2987 sol.
1643 2965 1692 2986 168.
1714 2971 1732 2987 1·.
1755 2965 1778 2987 in
1799 2971 1851 2993 cap.
1874 2965 1895 2987 3.
1918 2971 1942 2987 n.
1963 2965 1986 2987 7.
