2133 3317
0 997 74 1036 plicatur.

0 1466 9 1480 s
15 1466 75 1481 secun-

0 1485 33 1504 lun.

0 1786 73 1806 ›limtun

0 2109 74 2129 Tertius.

0 2293 73 2314 vacatur.

571 212 768 242 OPUSCULUM
789 213 831 241 XI.
853 213 1013 243 APOLOGIA
1035 214 1217 244 PAUPERUM.
1239 215 1307 244 CAP.
1330 215 1348 244 I.

92 298 227 329 quaerens
248 294 275 319 et
296 290 387 319 omnia
407 289 622 327 provincialibus
642 289 756 318 donans.
789 290 841 319 Sed
868 291 933 327 quia

93 337 172 367 multi
199 337 303 365 infirmi
330 337 382 365 ista
409 336 563 373 quaesituri
585 339 680 370 erant,
701 336 789 373 magis
810 337 933 365 infirmo-

93 392 154 413 rum
176 391 322 420 personam
343 383 465 419 suscepit
485 383 621 411 Christus.
643 383 794 412 sublimius
816 383 933 417 Paulus,

92 430 218 467 nunquid
238 433 266 459 et
286 430 416 458 Christo?
436 429 588 458 Sublimius
608 429 751 463 Christus,
773 429 839 466 quia
853 430 935 458 mise-

91 476 236 506 ricordius.
258 476 327 505 Cum
349 476 422 505 enim
443 475 565 509 videret,
588 475 702 504 Paulum
725 476 778 504 ista
798 483 852 503 non
874 483 933 504 esse

91 523 299 561 quaesiturum,
328 522 463 559 providit,
491 529 526 550 ne
553 521 696 550 damnaret
723 521 933 558 quaesiturum,

92 574 119 600 et
140 569 267 606 praebuit
288 569 449 606 exemplum
471 569 596 602 infirmo;
612 568 764 605 quomodo,
786 576 849 596 cum
863 569 871 584 ¹
895 567 934 596 vi-

91 617 183 650 deret,
205 616 308 645 multos
328 619 471 652 promptos
491 618 518 644 et
538 615 689 652 gaudentes
709 615 798 643 ituros
812 614 846 643 ad
861 622 934 642 mar-

92 663 194 701 tyrium
215 662 363 699 passionis,
384 663 575 691 exsultaturos
597 662 623 690 in
645 662 704 698 ipsa
725 661 864 698 passione,
879 660 934 689 for-

91 714 146 744 tes,
168 709 354 743 centenarios,
376 713 501 737 maturos
521 708 555 737 ad
575 708 723 742 horreum,
745 711 836 736 tamen
865 715 934 744 quo-

91 756 207 785 rundam
229 755 422 789 infirmorum,
444 763 514 792 quos
534 754 643 783 videbat
668 761 748 791 posse
772 753 933 782 conturbari

91 805 208 832 ventura
228 802 369 839 passione,
390 809 425 830 ne
446 801 611 835 deficerent,
632 800 680 829 sed
695 800 787 837 potius
807 800 934 829 volunta-

91 853 144 879 tem
166 849 317 878 humanam
331 848 465 877 voluntati
480 847 618 876 Creatoris
631 847 847 884 coniungerent,
861 846 934 883 ipso-

91 904 154 925 rum
176 903 321 933 personam
343 895 430 924 voluit
452 894 593 931 suscipere
608 894 635 922 in
651 893 777 930 passione
791 893 933 927 Christus,

90 942 183 972 dicens
195 942 221 970 ²:
244 941 349 970 Tristis
363 941 519 970 estaminia
532 948 598 969 mea
611 949 703 978 usqae
717 940 756 968 att
770 943 891 968 mortem
905 951 932 968 ».

90 990 159 1018 Haec
179 988 356 1025 Augustinus.
371 1004 410 1008 —
423 987 495 1024 Quid
509 988 561 1016 hoc
575 987 693 1021 clarius,
712 986 779 1023 quid
794 986 934 1023 limpidius

90 1037 186 1064 contra
206 1034 330 1063 veritatis
350 1033 540 1063 adversarium
562 1033 614 1062 dici
636 1036 747 1069 potest?
775 1033 832 1061 Non
860 1032 933 1061 enim

91 1081 162 1111 valet
182 1081 337 1118 intorqueri
358 1081 391 1109 ad
413 1080 602 1109 infirmitatem
624 1080 731 1113 carnis,
750 1079 824 1116 quod
837 1079 891 1113 ait,
906 1079 933 1108 in

91 1128 187 1157 loculis
207 1131 235 1157 et
254 1128 282 1156 in
303 1127 450 1156 formidine
477 1127 612 1164 passionis
640 1127 817 1155 infirmorum
838 1134 935 1163 perso-

91 1182 152 1204 nam
174 1174 328 1211 suscepisse
348 1174 498 1202 Christum.
522 1174 588 1202 Nam
609 1176 637 1202 et
651 1173 752 1202 Paulus
774 1173 831 1210 ipse
853 1176 881 1202 et
895 1173 933 1201 illi

91 1228 161 1258 quos
180 1220 214 1249 ad
235 1221 389 1257 passionem
404 1220 469 1249 dicit
484 1220 524 1249 ire
539 1220 705 1256 gaudentes,
720 1227 790 1256 quos
804 1219 886 1248 etiam
900 1219 935 1248 ab

92 1267 250 1297 huiusmodi
271 1267 389 1296 infirmis
413 1267 440 1295 in
470 1267 555 1296 verbo
583 1266 706 1304 praefato
733 1266 892 1304 distinguit,
919 1274 935 1295 a

91 1314 182 1344 caruis
202 1314 378 1347 infirmitate,
400 1322 463 1343 cum
482 1313 613 1342 mortales
627 1316 719 1342 essent
733 1313 872 1347 homines,
888 1321 936 1342 ne-

91 1361 241 1398 quiverunt
261 1368 321 1390 esse
342 1361 488 1389 immunes.

168 1407 268 1436 Beatus
295 1415 407 1444 quoque
439 1407 599 1436 Ambrosius
619 1414 704 1443 super
725 1407 792 1435 illud
815 1407 936 1435 Salvato-

92 1454 130 1483 ris
150 1454 178 1482 in
199 1454 313 1483 Luca³:
335 1452 479 1491 Transfer
500 1453 617 1482 calicem
640 1452 717 1482 lzimc
738 1462 757 1482 a
778 1462 838 1482 me.-
858 1465 872 1478 α
888 1454 936 1481 Er-

93 1504 169 1536 rant,
191 1501 296 1538 inquit,
312 1501 340 1529 in
356 1501 407 1529 hoc
421 1501 496 1535 loco,
512 1501 560 1537 qui
575 1500 714 1529 tristitiam
736 1500 885 1529 Salvatoris
902 1500 935 1529 ad

90 1550 285 1585 argumentum
306 1547 417 1576 inolitae
438 1547 530 1584 potius
550 1555 566 1576 a
587 1547 722 1584 principio
737 1555 820 1584 quam
842 1555 935 1576 susce-

91 1597 153 1631 ptae
167 1594 199 1623 ad
215 1597 325 1631 tempus
345 1594 513 1622 infirmitatis
534 1594 666 1622 inclinant
684 1597 711 1622 et
725 1593 860 1622 naturalis
874 1601 936 1622 sen-

91 1649 152 1671 sum
174 1641 290 1678 cupiunt
310 1641 478 1678 detorquere
497 1641 655 1670 sententiae.
681 1641 822 1678 Nusquam
849 1640 936 1677 magis

90 1687 218 1724 pietatem
241 1687 301 1716 eius
324 1686 552 1724 maiestatemque
579 1686 716 1720 demir0r;
746 1686 838 1715 minus
862 1686 935 1715 enim

90 1734 157 1763 mihi
182 1734 352 1768 contulerat,
377 1733 428 1762 nisi
454 1741 548 1762 meum
576 1733 744 1769 suscepisset
766 1732 934 1761 affectum».

91 1781 160 1810 Haec
180 1784 292 1810 sanctus
306 1780 475 1809 Ambrosius.
491 1797 526 1801 —
543 1780 584 1808 Ex
599 1779 702 1817 quibus
716 1782 810 1816 aperte
832 1779 936 1816 colligi-

91 1830 147 1862 tur,
162 1827 236 1864 quod
257 1830 367 1864 praeter
388 1827 468 1856 illum
488 1826 644 1864 generalem
659 1826 757 1854 mortis
771 1826 935 1860 horrorem,

90 1874 138 1911 qui
159 1874 315 1903 communis
335 1876 377 1903 est
396 1873 541 1907 omnibus,
556 1876 612 1902 tam
627 1873 654 1901 in
670 1873 796 1909 passione
814 1873 935 1910 gauden-

91 1921 165 1950 tibus
179 1928 263 1958 quam
279 1921 361 1949 etiam
383 1920 497 1954 ceteris,
519 1920 640 1957 aliquem
661 1919 791 1949 affectum
806 1927 935 1956 suscepe-

91 1967 127 1997 rit
145 1967 178 1997 ad
193 1967 467 1997 condescendendum
481 1975 535 1995 non
550 1969 658 1995 tantum
674 1974 775 2001 carne,
791 1966 838 1995 sed
852 1966 934 1995 etiam

90 2017 181 2044 mente
200 2014 327 2043 infirmis.

167 2061 381 2097 Chrysostomus
402 2060 484 2089 etiam
512 2068 597 2097 super
626 2060 794 2089 Matthaeum
822 2060 935 2089 homilia

91 2107 223 2145 vigesima
242 2107 400 2144 septima4:
428 2118 441 2132 «
454 2107 552 2141 Vides,
574 2107 626 2141 ait,
648 2110 752 2144 quanta
772 2109 813 2136 est
832 2107 934 2135 Christi

91 2154 119 2183 in
139 2153 369 2183 condescensione
396 2153 552 2190 diligentia,
578 2153 650 2182 sicut
671 2161 735 2182 cum
756 2153 880 2182 comedat
908 2156 935 2182 et

90 2200 181 2235 bibat,
213 2208 276 2229 cum
308 2200 435 2229 videatur
455 2207 492 2229 ex
514 2199 630 2229 adverso
651 2200 743 2228 Ioanni
768 2199 886 2234 saciens3
908 2203 936 2228 et

91 2247 143 2277 hoc
163 2247 328 2276 Iudaeorum
343 2247 431 2283 gratia
445 2246 542 2275 salutis
555 2246 635 2281 facit,
649 2246 737 2283 magis
750 2249 843 2275 autem
859 2246 935 2275 orbis

90 2297 230 2323 terrarum
251 2293 374 2322 universi
389 2305 415 2321 ιο.
437 2309 476 2314 -—
496 2293 567 2329 Quid
583 2293 626 2322 his
640 2293 742 2322 clarius
756 2292 808 2322 dici
823 2296 935 2330 potest?

90 2341 118 2370 in
139 2340 242 2377 quibus
262 2340 404 2369 Christum
424 2339 524 2368 asserit
538 2339 763 2368 condescendisse
784 2339 812 2368 in
832 2340 893 2368 cibo
908 2343 935 2369 et

91 2390 159 2424 potu
174 2387 294 2420 ludaeis,
310 2386 358 2423 qui
373 2386 471 2423 utique
486 2386 588 2415 infirmi
603 2389 697 2420 erant,
711 2394 767 2414 non
781 2389 837 2414 tam
852 2394 935 2416 carne

91 2441 174 2470 quam
196 2436 306 2467 mente;
328 2440 392 2461 nam
413 2435 440 2461 et
461 2432 649 2461 infirmitatem
671 2432 762 2461 carnis
783 2433 841 2469 ipse
860 2433 935 2461 loan-

91 2488 140 2509 nes
160 2480 288 2509 habebat.

154 2639 162 2653 ¹
180 2641 212 2663 lta
228 2639 299 2664 BCD
315 2645 369 2664 cum
386 2642 447 2664 textu
465 2640 584 2668 originali,
601 2640 655 2663 edd.
672 2639 731 2664 Cum
748 2639 817 2664 enim.

153 2677 163 2691 ²
180 2679 257 2702 Matth.
273 2679 315 2707 26,
333 2679 371 2701 38.

152 2717 163 2732 ³
179 2717 240 2740 Libr.
259 2717 289 2740 Χ.
305 2717 328 2740 in
345 2718 400 2742 Luc.
417 2718 460 2745 22,
478 2717 515 2740 42.
532 2723 581 2746 seq.
598 2723 620 2741 n.
638 2717 681 2740 56:
706 2718 805 2741 Haerent
829 2718 935 2747 plerique

93 2757 136 2780 hoc
153 2756 217 2785 loco,
233 2757 272 2786 qui
290 2756 403 2780 tristitiam
420 2757 530 2780 Salutaris
547 2756 576 2780 ad
594 2759 756 2784 argumentum
774 2759 817 2780 etc.
833 2757 877 2779 Pro
899 2757 934 2780 in-

94 2794 163 2819 olitae
180 2795 292 2824 (secunda
309 2801 392 2819 manus
407 2795 431 2818 in
448 2796 468 2818 D
484 2795 573 2819 addidit
590 2795 614 2818 id
629 2797 664 2819 est
679 2795 786 2823 innatae)
805 2796 857 2818 Vat.
874 2795 935 2819 inso-

94 2833 160 2863 litae,
176 2840 238 2863 quae
253 2834 322 2857 etiam
340 2834 434 2858 interius
450 2840 493 2862 pro
510 2840 607 2858 sensu-m
624 2834 742 2857 substituit
757 2840 850 2858 sensus.

154 2872 163 2885 ⁴
182 2873 242 2895 Alias
259 2873 337 2896 homil.
356 2874 393 2895 28.
411 2879 435 2895 n.
452 2873 474 2896 3.
573 2886 578 2889 ,

153 2910 163 2924 ⁶
181 2911 237 2940 Cap.
254 2912 292 2936 ⁴2.
308 2918 333 2934 n.
350 2912 394 2939 46,
410 2911 450 2935 ubi
467 2912 564 2940 explicat
581 2911 621 2935 lob
639 2912 681 2939 Μ,
698 2912 735 2935 44.

153 2949 163 2963 ⁶
180 2951 234 2973 Luc.
246 2951 283 2978 22,
297 2950 338 2977 42;
350 2951 446 2979 Gregor.
458 2952 522 2973 affert
534 2951 611 2974 Matth.
622 2951 660 2979 26,
672 2951 714 2974 39:
727 2951 791 2974 Pater
802 2951 841 2979 mi,
854 2951 872 2974 si
884 2957 934 2979 pos·

92 2987 157 3011 sibile
174 2992 219 3017 est,
232 2992 330 3012 transeat
342 2995 354 3012 a
367 2995 404 3012 me
416 2990 471 3012 calix
484 2989 533 3012 iste.
545 2989 601 3012 ibid.
614 2989 711 3012 habetur
722 2989 790 3013 etiam
802 2995 852 3019 seq.
862 2990 934 3013 locus.

1776 218 1832 247 237

1067 292 1217 329 Gregorius
1237 293 1264 321 in
1286 293 1436 323 Moralibus
1456 293 1528 323 libro
1549 294 1733 323 duodecimo⁵
1748 302 1833 332 super
1849 302 1936 326 Quartus.

990 337 1073 366 illud:
1096 339 1227 368 Putasne
1240 344 1376 368 mortuus
1390 339 1473 369 homo
1488 349 1613 370 rursum
1633 341 1713 370 vivat
1723 341 1736 370 ἒ)
1757 353 1770 367 «
1785 342 1833 370 So-

990 383 1061 418 lent,
1083 384 1189 421 inquit,
1211 386 1262 414 viri
1285 386 1349 415 iusti
1371 386 1399 415 in
1420 395 1452 416 eo
1474 387 1547 424 quod
1565 387 1617 425 ipsi
1642 391 1749 417 certum
1772 395 1834 417 sen-

991 429 1079 463 tiunt,
1101 431 1179 467 quasi
1200 439 1236 460 ex
1257 432 1429 462 dubitatione
1453 434 1557 471 aliquid
1579 434 1719 471 proferre,
1741 437 1773 463 ut
1793 435 1834 463 iu-

991 475 1138 505 firmorum
1161 477 1188 505 in
1210 486 1239 506 se
1261 479 1345 507 verba
1366 480 1578 515 transforment3
1594 481 1640 510 sed
1656 489 1769 510 rursum
1786 489 1834 518 per

990 522 1090 551 fortem
1112 524 1274 552 sententiam
1301 525 1432 554 dubietati
1461 528 1670 562 contradicunt,
1697 532 1835 565 quatenus

991 576 1040 605 per
1062 569 1113 598 hoc
1134 570 1208 606 quod
1230 571 1314 599 dubie
1328 572 1453 608 proferre
1468 577 1638 608 cernuntur,
1653 574 1772 603 infirmis
1785 575 1834 603 ali-

990 618 1128 652 quatenus
1149 616 1383 652 condescendant,
1406 619 1580 648 infirmorum
1602 624 1708 650 mentes
1736 621 1769 649 ad
1791 629 1834 650 so-

990 662 1121 691 liditatem
1143 663 1264 691 trahant.
1286 664 1363 700 Quod
1385 665 1451 693 dum
1467 666 1586 701 faciunt,
1605 668 1765 704 exemplum
1785 676 1834 697 no-

990 709 1040 737 stri
1060 709 1157 746 capitis
1178 713 1351 746 sequuntur,
1366 711 1413 748 qui
1429 712 1546 748 passioni
1569 713 1773 751 propinquans,
1793 715 1834 743 in-

990 755 1159 784 firmantium
1182 755 1210 784 in
1238 764 1267 785 se
1291 764 1384 786 vocem
1407 758 1505 787 sumsit
1531 759 1662 788 dicens⁶:
1686 761 1786 795 Pater,
1807 761 1836 790 si

987 801 1122 838 possibile
1142 806 1198 836 esc,
1221 802 1353 840 transfer
1373 804 1493 833 calicem
1514 804 1591 834 lzzmc
1606 815 1625 834 a
1639 815 1701 840 me,·
1716 807 1763 836 sed
1778 807 1834 836 vim

989 848 1159 877 fortitudinis
1180 849 1342 884 ostendens,
1364 850 1420 878 ait:
1442 850 1508 879 Non
1529 852 1605 880 sicut
1625 861 1675 890 eqo
1692 853 1771 887 volo,
1786 854 1835 882 sed

989 894 1066 923 sicat
1086 900 1117 923 tu
1129 907 1155 923 n.
1171 896 1319 933 Hucusque
1333 897 1492 934 Gregorius.
1509 915 1544 918 —
1560 899 1610 927 Per
1625 907 1695 936 quae
1710 903 1836 936 patenter
1852 906 1965 930 Explicatur-

990 941 1124 976 ostendit,
1156 943 1412 972 condescensionem
1438 944 1472 972 ad
1493 944 1604 973 infirma
1628 949 1655 974 et
1675 946 1835 982 imperfecta

990 989 1150 1017 mortalium
1171 997 1224 1017 non
1247 990 1336 1018 solum
1357 990 1391 1019 ad
1413 990 1539 1019 membra
1561 991 1662 1020 Christi
1677 992 1759 1020 sortia
1773 1001 1835 1029 per-

990 1034 1095 1069 tinere,
1117 1035 1163 1064 sed
1185 1036 1267 1064 etiam
1287 1036 1322 1064 ad
1343 1039 1434 1073 caput.

1069 1082 1189 1110 Tandem
1211 1083 1340 1119 magister
1362 1083 1460 1120 Hugo⁷
1482 1084 1509 1112 in
1532 1084 1709 1121 Expositione
1736 1086 1834 1114 Psalmi
1851 1096 1937 1119 Quintus.

990 1128 1079 1156 illius:
1103 1129 1218 1157 Bonum
1240 1132 1280 1157 est
1301 1129 1434 1166 confiteri
1449 1130 1587 1165 Domino,
1603 1131 1669 1159 dicit
1683 1131 1737 1160 sic:
1758 1143 1771 1156 «
1786 1132 1835 1160 Ha-

991 1174 1072 1203 bebat
1095 1175 1168 1203 Iesus
1190 1176 1294 1204 loculos
1315 1179 1342 1204 et
1356 1184 1387 1205 ea
1401 1185 1472 1213 quae
1486 1177 1638 1211 dabantur,
1653 1178 1836 1215 suscipiebat,

991 1222 1166 1250 conformans
1187 1230 1215 1251 se
1237 1222 1414 1259 imperfectis⁴
1434 1223 1535 1252 Paulus
1550 1227 1642 1253 autem
1658 1225 1747 1253 noluit
1761 1233 1837 1253 sum-

992 1271 1037 1297 tus
1057 1268 1181 1305 accipere
1202 1268 1235 1297 de
1258 1269 1418 1306 Evangelio,
1440 1270 1486 1299 sed
1509 1271 1594 1307 gratis
1615 1271 1704 1300 factus
1724 1274 1765 1300 est
1787 1272 1836 1300 mi-

992 1315 1078 1344 nister
1100 1315 1193 1349 verbi,
1215 1318 1243 1344 et
1263 1315 1404 1345 invenitur
1433 1317 1534 1345 Paulus
1555 1318 1660 1355 aliquid
1681 1318 1770 1347 maius
1798 1319 1836 1347 se-

991 1361 1061 1390 cisse
1081 1369 1165 1398 quam
1186 1361 1322 1391 Christus.
1344 1362 1472 1392 Christus
1490 1366 1582 1392 autem
1604 1364 1632 1392 in
1654 1372 1771 1393 numero
1786 1365 1837 1393 im-

992 1407 1177 1444 perfectorum
1209 1408 1326 1437 inveniri
1358 1409 1460 1443 voluit,
1493 1417 1528 1438 ne
1549 1414 1761 1446 praesumerent
1781 1419 1835 1440 non

991 1454 1172 1491 accipientes,
1193 1457 1220 1483 et
1241 1455 1478 1484 confunderentur
1505 1457 1686 1493 accipientes,
1708 1460 1734 1486 et
1755 1458 1836 1486 aesti-

992 1504 1117 1530 maretur
1145 1509 1200 1530 non
1228 1509 1288 1530 esse
1308 1502 1498 1536 Christianus,
1520 1503 1622 1532 faciens
1646 1503 1720 1540 quod
1748 1504 1837 1533 noluit

991 1548 1081 1577 facere
1099 1548 1227 1577 Christus
1238 1560 1265 1576 ».
1280 1565 1319 1569 —-
1334 1549 1387 1577 Hoc
1407 1549 1532 1578 catholici
1547 1549 1667 1579 doctoris
1682 1551 1837 1579 testimonio

992 1595 1089 1632 quinto
1100 1595 1203 1623 directe
1219 1595 1305 1624 hostis
1319 1595 1557 1625 condescensionis
1571 1596 1673 1625 Christi
1690 1597 1720 1625 in
1741 1596 1837 1634 fronte

992 1641 1148 1678 percutitur
1160 1641 1186 1676 ⁸,
1202 1650 1258 1679 quo
1273 1650 1327 1670 non
1343 1642 1431 1671 solum
1448 1643 1600 1676 astruitur,
1616 1643 1690 1680 quod
1709 1643 1837 1680 Magister

992 1688 1168 1725 perfectionis
1189 1696 1224 1716 ex
1246 1688 1477 1718 condescensione
1498 1689 1602 1718 loculos
1623 1690 1768 1724 habuerit,
1790 1698 1837 1719 ve-

992 1742 1054 1763 rum
1077 1734 1176 1769 etiam,
1198 1735 1272 1771 quod
1287 1735 1443 1771 oppositum
1460 1735 1544 1764 huius
1558 1744 1612 1764 nou
1631 1736 1721 1765 solum
1742 1736 1837 1765 lauda-

992 1780 1098 1815 biliter,
1120 1781 1168 1810 sed
1189 1781 1354 1810 laudabilius
1375 1782 1459 1810 habet
1479 1782 1538 1811 fieri
1560 1791 1643 1819 quam
1665 1783 1762 1811 omitti.

1071 1829 1096 1856 7.
1118 1827 1152 1856 Ut
1172 1832 1264 1856 autem
1292 1828 1345 1856 hoc
1370 1828 1472 1857 clarius
1498 1829 1650 1863 elucescat,
1679 1829 1835 1858 considera·
1847 1840 1982 1867 ambassat-

992 1874 1065 1903 tione
1085 1874 1212 1911 pervigili
1233 1874 1431 1903 attendendum
1452 1878 1508 1910 est,
1530 1875 1604 1912 quod
1625 1875 1696 1905 sicut
1721 1876 1836 1913 triplici·
1856 1866 1972 1883 ⁵¹¹⁰⁰²¹⁰¹¹⁰⁵'

992 1924 1034 1950 ter
1061 1921 1163 1950 dicitur
1194 1921 1297 1950 bonum
1326 1924 1353 1950 et
1379 1921 1462 1950 etiam
1490 1922 1611 1957 malum;
1639 1923 1677 1951 sic
1699 1924 1726 1951 et
1746 1923 1837 1959 perfe-

991 1971 1066 1996 ctum
1087 1970 1115 1996 et
1136 1967 1343 2005 imperfectum,
1366 1968 1492 1997 videlicet
1522 1968 1553 1997 in
1579 1977 1697 2006 yenere,
1721 1978 1756 1997 eac
1777 1969 1836 1998 cir-

991 2015 1171 2043 cumstantia
1192 2018 1219 2044 et
1237 2015 1397 2043 secundum
1412 2023 1442 2043 se
1453 2015 1472 2043 ⁹.
1487 2031 1525 2035 —
1541 2016 1655 2044 Bonum
1670 2024 1790 2053 namque
1804 2016 1836 2044 in

988 2069 1091 2098 yenere
1112 2063 1153 2089 est
1173 2064 1252 2090 actus
1272 2061 1409 2090 transiens
1427 2069 1512 2098 super
1533 2062 1676 2091 materiam
1697 2062 1834 2096 debitam,

991 2110 1023 2136 ut
1042 2107 1084 2136 ire
1104 2107 1139 2136 ad
1159 2108 1319 2143 ecclesiam,
1341 2108 1407 2137 dare
1428 2109 1639 2145 eleemosynam.
1668 2109 1775 2138 Bonum
1799 2118 1834 2138 ex

991 2154 1216 2183 circumstantia
1236 2158 1278 2183 est
1305 2157 1384 2183 actus
1412 2155 1628 2184 circumstantiis
1649 2156 1835 2185 laudabilibus

990 2201 1169 2236 informatus,
1201 2201 1273 2230 sicut
1302 2201 1369 2231 dare
1399 2202 1616 2239 eleemosynam,
1645 2203 1762 2232 servatis
1788 2203 1835 2232 de-

990 2247 1055 2276 bitis
1075 2247 1289 2277 circumstantiis
1314 2249 1387 2277 circa
1410 2249 1515 2283 datum,
1533 2249 1643 2278 dantem
1658 2253 1685 2278 et
1699 2249 1835 2286 accipien-

991 2298 1061 2329 tem,
1083 2297 1218 2332 quantum
1239 2295 1273 2323 ad
1295 2295 1368 2329 loca,
1384 2298 1510 2332 tempora
1523 2298 1550 2325 et
1564 2303 1704 2333 personas.
1721 2296 1752 2324 Et
1767 2297 1834 2325 haec

990 2341 1045 2370 duo
1066 2341 1138 2370 bona
1158 2341 1303 2378 depravari
1325 2345 1441 2379 possunt
1456 2350 1506 2379 per
1520 2343 1638 2372 alicuius
1653 2343 1834 2372 circumstan-

991 2387 1044 2416 tiae
1065 2388 1217 2422 defectum,
1238 2392 1266 2417 et
1286 2388 1407 2417 maxime
1421 2391 1535 2425 propter
1550 2389 1778 2418 inordinationem
1793 2390 1834 2418 in-

991 2434 1135 2468 tentionis,
1157 2436 1253 2470 utpote
1274 2435 1296 2463 si
1317 2434 1381 2471 quis
1402 2435 1429 2463 in
1450 2435 1540 2464 dando
1561 2435 1761 2472 eleemosynam
1790 2436 1834 2465 vel

991 2480 1137 2508 ieiunando
1168 2480 1211 2509 vel
1242 2480 1333 2509 eundo
1363 2480 1397 2509 ad
1425 2481 1567 2510 ecclesiam
1599 2482 1651 2511 hoc
1679 2482 1774 2517 saciat,
1802 2485 1834 2512 ut

1853 1561 1877 1580 Ex
1881 1561 1966 1585 plicatur.

1852 2023 1925 2043 Bonum
1937 2024 1970 2042 tri-

1888 2047 1937 2071 plex.

1053 2640 1062 2653 ⁷
1079 2640 1139 2664 Libr.
1150 2641 1302 2664 ll.Miscellan.
1311 2640 1403 2670 (Migne,
1413 2642 1494 2664 patrol.
1503 2642 1551 2665 Lat.
1561 2644 1615 2665 tom.
1627 2642 1678 2664 ⁴77.
1696 2643 1739 2665 col.
1756 2642 1832 2672 626),

991 2679 1013 2702 in
1030 2686 1077 2708 quo
1095 2679 1240 2702 continentur
1256 2679 1424 2704 Adnotutiones
1436 2679 1581 2704 elueidariue
1598 2680 1623 2703 in
1640 2680 1756 2710 quosdam
1769 2680 1833 2704 Psal-

990 2724 1042 2741 νιος
1061 2717 1146 2747 David,
1163 2724 1184 2741 c.
1201 2718 1238 2741 64.
1255 2718 1278 2741 in
1296 2719 1332 2741 ps.
1349 2719 1386 2741 91.
1404 2719 1437 2741 De
1454 2718 1537 2742 loculis
1563 2719 1655 2741 Domini
1671 2721 1694 2742 et
1709 2719 1739 2742 de
1756 2719 1831 2743 Paulo

991 2758 1033 2780 cli*⁴
1049 2763 1120 2785 supra
1137 2763 1191 2785 pag.
1209 2757 1266 2786 236,
1284 2760 1336 2780 nota
1355 2757 1391 2780 10.
1409 2757 1433 2780 ln
1450 2757 1495 2780 fine
1517 2763 1559 2786 pro
1581 2757 1658 2781 noluit
1674 2758 1752 2788 facere
1768 2758 1833 2782 Chri-

989 2797 1041 2819 stus
1059 2798 1132 2818 textus
1149 2795 1267 2824 originalis
1283 2798 1306 2818 et
1323 2796 1340 2818 B
1357 2801 1480 2825 perperam
1497 2796 1572 2820 voluit
1587 2796 1665 2826 facere
1682 2796 1798 2820 Christus.

1053 2833 1063 2847 Β
1079 2834 1126 2858 Cir.
1142 2840 1210 2863 supra
1228 2840 1283 2863 pag.
1299 2835 1359 2862 236,
1375 2837 1429 2858 nota
1446 2835 1469 2858 9.
1485 2847 1516 2853 --
1537 2835 1633 2859 inferius
1657 2842 1701 2864 pro
1725 2835 1794 2859 habet
1814 2837 1831 2858 B

991 2872 1094 2897 liaberet.

1053 2911 1063 2924 ⁹
1080 2912 1139 2935 Vide
1156 2912 1255 2940 Bonav.‚
1272 2913 1298 2935 ll.
1314 2912 1376 2936 Sent.
1393 2913 1417 2936 d.
1434 2913 1471 2936 36.
1488 2913 1545 2936 dub.
1562 2914 1584 2936 5.
1601 2917 1623 2937 et
1640 2914 1664 2937 d.
1681 2914 1720 2937 tl.
1735 2921 1756 2937 a.
1776 2915 1795 2937 4.
1808 2921 1832 2944 q.

991 2951 1012 2974 3.
1030 2951 1052 2974 ln
1069 2957 1134 2980 corp.
