2133 3317
135 1822 263 1842 Auctoritates

135 1847 165 1865 Ss.
178 1846 262 1866 Patrum.

932 396 1243 434 OPUSOULUM
1274 397 1361 433 XV.

327 534 722 592 EPISTULA
757 535 868 590 DE
906 535 1342 592 SANDALIIS
1380 534 1974 591 APOSTOLORUM

590 697 664 735 SIVE
690 698 731 734 DE
757 696 798 734 EO
826 697 911 741 QUOD
938 697 1097 735 CHRISTUS
1121 698 1164 735 Er
1192 697 1353 734 APOS'POLI
1379 698 1421 734 Er
1450 697 1612 734 DISCIPULI
1637 696 1711 734 EIUS

908 835 1128 865 INCESSERUNT
1148 835 1360 866 DISOALCEATI
1371 832 1389 860 ¹.

354 1249 377 1276 1.
400 1248 473 1277 Talis
494 1248 580 1276 lector
603 1247 649 1276 tali
668 1247 764 1276 lectori
779 1247 909 1284 spiritum
927 1246 1124 1283 intelligentiae

273 1302 398 1323 sanioris.

352 1341 503 1378 Quoniam,
519 1341 673 1370 secundum
688 1340 848 1378 Apostolum
864 1340 992 1369 Ioannem
1004 1340 1024 1374 2,
1047 1340 1124 1368 Deus

140 1400 263 1427 pfaeciieator
274 1388 383 1417 veritas
404 1392 460 1423 est,
482 1388 531 1425 qui
552 1391 650 1417 contra
671 1388 816 1416 veritatem
844 1387 973 1421 offendit,
1001 1386 1124 1415 maxime

127 1423 264 1465 ffllfflerffiiss
278 1436 480 1473 evangelicam,
502 1435 583 1464 cuius
604 1435 732 1464 Christus
759 1435 915 1472 specialiter
943 1436 1041 1463 auctor
1067 1437 1124 1468 est,

276 1487 372 1512 contra
400 1483 541 1512 Christum
570 1482 709 1511 offendere
736 1481 945 1519 comprobatur.
975 1481 1064 1517 Super
1092 1488 1124 1509 eo

273 1531 375 1568 igitur,
397 1529 471 1567 quod
493 1530 635 1558 Christum
657 1532 684 1558 et
705 1537 770 1558 suos
792 1531 902 1557 sanctos
922 1528 1065 1565 Apostolos
1084 1531 1124 1556 at-

275 1586 329 1615 que
350 1577 500 1614 discipulos
520 1585 575 1605 non
596 1576 789 1610 discalceatos,
811 1575 858 1604 sed
880 1576 1015 1604 calceatos
1036 1575 1124 1603 inces-

276 1625 344 1654 sisse
366 1632 461 1653 coram
482 1624 636 1661 peritorum
651 1622 831 1652 multitudine
845 1622 1025 1659 praedicasti,
1040 1629 1124 1659 quam

274 1675 379 1700 temere
400 1674 497 1700 contra
520 1671 663 1700 veritatem
679 1670 866 1707 evangelicam
880 1669 1045 1703 offenderis,
1061 1677 1124 1706 per-

276 1718 397 1755 pendere
418 1718 523 1755 poteris
544 1726 581 1746 ex
602 1717 775 1754 subscriptis.

354 1767 380 1794 2.
403 1766 445 1794 Ait
466 1765 540 1794 enim
568 1765 783 1801 Chrysostomus
804 1772 889 1801 super
910 1764 1078 1792 Matthaeum
1094 1763 1123 1791 ³:

282 1824 296 1838 «
310 1813 429 1850 Apostoli
445 1820 507 1841 cum
524 1820 580 1841 una
596 1812 689 1840 tunica
711 1814 738 1840 et
762 1811 917 1840 discalceati
940 1810 1126 1839 circumibant

275 1863 365 1889 totum
379 1860 515 1888 mundum
530 1862 557 1888 et
572 1859 742 1896 superabant
756 1870 783 1886 ».
800 1875 835 1878 —
852 1858 927 1892 Item,
943 1858 1126 1893 Hieronymus

276 1907 310 1936 ad
326 1907 508 1944 Ageruchiam
520 1907 546 1934 4:
568 1918 581 1932 «
596 1906 729 1943 Apostoli,
744 1908 802 1934 toto
816 1905 884 1934 orbe
899 1904 1055 1942 peregrini,
1071 1912 1124 1933 non

275 1963 321 1983 aes
342 1955 370 1983 in
392 1963 476 1989 zona,
498 1962 552 1983 non
574 1954 680 1990 virgam
703 1953 730 1981 in
753 1961 854 1987 manu,
877 1961 931 1981 non
954 1953 1055 1989 caligas
1077 1952 1126 1980 ha-

275 2002 362 2031 buere
383 2001 411 2030 in
432 2001 549 2038 pedihus
567 2013 593 2029 ι).
613 2001 695 2035 Item,
711 2000 744 2029 ad
766 2000 910 2029 Rusticum
932 2000 1102 2028 monachum
1115 1999 1125 2016 ⁵

275 2049 353 2085 ponit
372 2048 453 2077 idem.
483 2049 565 2083 Item,
588 2049 614 2076 in
637 2048 752 2085 epistola
773 2047 807 2076 ad
828 2046 1032 2076 Eustochium6
1061 2046 1127 2074 dicit

276 2096 329 2125 sic:
351 2097 484 2132 «Moyses
506 2099 533 2124 et
554 2096 629 2124 Iesus
650 2095 723 2123 Nave
738 2094 820 2123 nudis
835 2094 862 2122 in
878 2097 955 2122 terra
976 2096 1070 2122 sancta
1084 2093 1126 2121 iu-

276 2142 378 2171 bentur
399 2142 517 2179 pedibus
537 2142 680 2176 incedere,
708 2141 828 2178 Apostoli
850 2141 908 2169 siue
930 2140 1048 2169 vinculis
1069 2140 1126 2177 pel-

276 2189 344 2218 lium
359 2192 386 2218 et
400 2197 485 2218 onere
499 2189 750 2217 calceamentorum
765 2187 798 2216 ad
814 2187 1047 2224 praedicationem
1062 2186 1125 2214 novi

276 2235 451 2264 destinantur
472 2235 619 2272 Evangelii.
642 2235 754 2268 Milites,
776 2233 947 2263 vestimentis
968 2233 1029 2261 Iesu
1051 2235 1126 2261 sorte

1180 1245 1275 1275 divisis
1284 1268 1291 1280 ‚
1306 1245 1408 1282 caligas
1422 1253 1478 1274 non
1491 1245 1631 1279 habuere,
1646 1253 1716 1282 quas
1730 1244 1868 1273 tollerent.
1883 1244 1941 1273 Nou
1956 1244 2029 1273 enlm

1181 1292 1285 1321 habere
1306 1292 1441 1321 Dominus
1469 1294 1578 1329 poterat
1605 1291 1679 1329 quod
1706 1299 1801 1321 servos
1833 1299 1898 1320 suos
1926 1291 2029 1320 habere

1182 1339 1366 1376 prohibuerat
1380 1351 1406 1367 ».
1424 1356 1459 1359 —
1477 1339 1506 1367 In
1526 1339 1579 1367 hac
1600 1338 1765 1367 auctoritate
1779 1338 1952 1375 perpendere
1970 1341 2030 1374 pot-

1181 1390 1222 1415 est
1244 1389 1292 1415 tua
1314 1386 1477 1423 prudentia,
1511 1385 1586 1423 quod
1607 1385 1742 1414 Dominus
1762 1387 1856 1413 noster
1878 1385 1953 1413 Iesus
1974 1393 2029 1413 non

1181 1436 1288 1462 tantum
1318 1433 1504 1462 calceamenta
1531 1436 1657 1469 tempore
1685 1431 1819 1469 passionis
1840 1440 1895 1460 non
1916 1431 2029 1466 habuit,

1181 1480 1229 1509 sed
1249 1480 1332 1509 etiam
1355 1480 1458 1509 habere
1479 1480 1569 1517 primo
1591 1487 1645 1507 non
1667 1479 1772 1516 potuit;
1788 1478 1878 1516 coepit
1892 1478 1968 1507 enim
1982 1477 2029 1515 fa-

1181 1536 1243 1556 cere
1263 1531 1289 1555 et
1303 1527 1420 1561 (locere,
1436 1527 1554 1556 Actuum
1569 1526 1659 1563 primo
1671 1526 1690 1554 ⁷.
1706 1542 1744 1546 -
1759 1526 1825 1555 Item
1836 1549 1843 1561 ,
1859 1525 2029 1563 Augustinus

1180 1574 1252 1603 libro
1264 1574 1396 1611 vigesimo
1409 1573 1531 1602 secundo
1542 1576 1638 1602 contra
1645 1574 1776 1602 Faustum
1788 1573 1854 1601 dicit
1865 1573 1916 1601 sic:
1929 1583 1943 1597 «
1952 1572 2030 1609 Quod

1181 1621 1313 1650 scribitur
1332 1621 1421 1649 Lucae
1438 1620 1570 1657 vigesimo
1588 1620 1724 1649 secundo:
1745 1620 1869 1656 Quando
1891 1618 1961 1648 misi
1980 1627 2031 1647 vos

1181 1668 1243 1696 sine
1256 1667 1385 1701 sacculo,
1400 1667 1463 1695 sine
1473 1675 1559 1704 pera,
1574 1667 1636 1695 sine
1648 1666 1859 1700 calceamentis,
1871 1674 1926 1695 non
1941 1668 2031 1694 trans-

1181 1715 1276 1744 ierunt
1296 1714 1405 1743 Domini
1427 1714 1527 1749 verba,
1550 1714 1595 1743 sed
1618 1716 1646 1743 et
1665 1713 1867 1750 discipulorum
1889 1712 2031 1750 obtempe-

1182 1762 1304 1791 rantium
1326 1761 1398 1790 facta
1418 1764 1514 1790 secuta
1535 1764 1640 1789 sunt».

1262 1809 1288 1837 3.
1311 1809 1394 1843 Item,
1416 1808 1444 1837 in
1466 1808 1522 1837 vita
1540 1807 1613 1836 beati
1628 1806 1796 1835 MartIalisS:
1818 1818 1831 1831 «
1847 1807 1963 1835 Sanctus
1977 1806 2030 1834 Do-

1182 1856 1249 1885 mini
1272 1856 1420 1891 Martialis,
1442 1863 1561 1892 pergens
1581 1855 1615 1883 ad
1636 1853 1868 1892 praedicandum,
1883 1861 1938 1882 non
1959 1860 2031 1890 equo

1186 1902 1341 1931 vehebatur
1363 1905 1412 1931 aut
1433 1902 1525 1936 asino,
1547 1910 1601 1930 non
1623 1902 1747 1938 quolibet
1761 1901 1900 1935 iumento,
1915 1907 1966 1929 nec
1981 1899 2032 1928 cal-

1183 1953 1324 1979 ceamenta
1353 1949 1474 1986 propriis
1495 1949 1626 1977 induebat
1647 1948 1779 1985 pedibus,
1801 1947 1849 1977 sed
1870 1947 1951 1976 iuxta
1978 1946 2031 1975 Do-

1185 1997 1251 2025 mini
1274 1999 1301 2025 et
1322 1996 1447 2033 magistri
1477 1996 1519 2024 sui
1541 1996 1602 2024 Iesu
1623 1995 1724 2024 Christi
1745 1994 1925 2028 sententiam,
1947 2001 2031 2031 quam

1184 2044 1243 2081 ipse
1264 2044 1315 2072 sibi
1337 2047 1364 2072 et
1385 2043 1446 2072 aliis
1467 2043 1602 2080 Apostolis
1616 2042 1755 2071 inculcare
1771 2042 1890 2076 solebat,
1905 2044 1952 2076 ut,
1967 2048 2031 2078 per-

1182 2095 1277 2128 gentes
1298 2090 1331 2119 de
1353 2090 1462 2119 civitate
1484 2090 1511 2118 in
1533 2089 1688 2123 civitatem,
1710 2097 1764 2117 non
1785 2088 1926 2117 sacculum
1941 2094 2032 2124 neque

1183 2146 1279 2175 peram
1301 2145 1395 2166 secum
1417 2137 1547 2165 tollerent
1567 2144 1617 2165 nec
1638 2136 1837 2170 calceauienta;
1860 2135 1942 2164 nudis
1961 2135 2032 2163 ince-

1183 2185 1251 2213 dens
1266 2184 1391 2221 pedibus,
1406 2183 1527 2212 imitator
1539 2182 1640 2211 Christi
1655 2185 1738 2219 atque
1752 2182 1824 2211 beati
1836 2182 1908 2211 Petri
1919 2181 2032 2219 Aposto-

1183 2232 1274 2260 lorum
1296 2230 1445 2267 principis,
1467 2229 1662 2267 consanguinei
1684 2229 1742 2264 sui,
1758 2229 1784 2257 in
1800 2229 1945 2263 omnibus,
1961 2236 2032 2266 quae

341 2406 348 2418 ¹
367 2406 408 2428 Ed.
426 2407 452 2427 2:
470 2405 568 2433 Epistola
593 2406 615 2427 S.
638 2405 815 2426 Bonaventurae
832 2404 861 2426 (lc
881 2410 919 2430 eo,
938 2403 1001 2432 quod
1025 2402 1128 2425 Christus

278 2448 301 2468 et
317 2446 419 2473 Apostoli
437 2448 459 2467 et
476 2445 581 2473 discipuli
605 2445 654 2467 eius
678 2445 820 2466 incesserunt
837 2443 975 2466 discalceati.
998 2443 1049 2465 Yet.
1069 2442 1128 2471 Opu-

278 2484 370 2508 sculum
391 2484 417 2507 dc
435 2490 460 2507 eo
478 2483 542 2514 quod
558 2488 612 2511 etc,
629 2486 651 2505 et
669 2483 752 2505 deinde
769 2483 833 2505 addit
844 2482 892 2505 sice
903 2481 930 2504 [Ie
941 2481 1057 2505 sandaliis
1070 2481 1128 2510 Apo-

279 2524 404 2547 stolorum.
419 2524 449 2546 De
462 2523 545 2546 eodem
557 2527 695 2551 argumento
708 2523 730 2544 S.
744 2523 829 2544 Bonav.
846 2522 893 2549 agit
905 2528 974 2549 supra
987 2520 1072 2549 Opusc.
1085 2521 1126 2547 Xl,

278 2564 390 2591 Apologia
413 2564 558 2591 Pnuperum,
576 2568 596 2584 c.
615 2563 650 2584 10.
668 2568 689 2584 n.
708 2562 729 2583 (3.
747 2568 825 2590 seqq.,
846 2564 868 2583 et
885 2561 942 2583 insra
960 2560 1045 2588 Opusc.
1063 2560 1128 2586 XVI,

279 2603 394 2630 Expositio
412 2604 433 2624 in
451 2602 575 2630 Regulam,
593 2607 613 2623 c.
631 2602 652 2623 2.
670 2608 692 2623 n.
712 2601 747 2623 16.
761 2606 826 2629 seqq.
838 2613 868 2616 —
880 2600 945 2622 Ratio
963 2599 1078 2621 scribendi
1100 2599 1129 2620 de

279 2642 361 2664 eadem
378 2648 404 2663 re
422 2643 462 2663 suit
479 2642 532 2663 salsa
551 2641 646 2663 assertio
664 2640 784 2662 cuiusdam
802 2639 969 2667 praedicatoris
986 2639 1020 2667 (ut
1036 2638 1129 2660 videtur

280 2681 413 2709 [teng-1051),
430 2681 493 2709 quod
512 2682 574 2708 patet
590 2686 617 2702 ex
634 2686 656 2702 u.
676 2681 694 2701 l.
713 2684 735 2702 et
752 2686 773 2701 n.
793 2679 829 2701 16.
848 2679 917 2701 liuius
934 2678 1054 2706 Epistolae.

343 2719 352 2732 ²
370 2720 439 2748 Epist.
458 2720 473 2742 l.
491 2726 511 2741 c.
528 2719 554 2747 5,
573 2720 602 2741 6:
620 2718 723 2741 Christus
740 2721 773 2740 est
791 2718 883 2740 veritas.

343 2759 352 2773 ³
370 2759 454 2781 Homil.
472 2759 509 2780 90.
528 2758 593 2787 (alias
610 2759 657 2787 el.)
677 2764 698 2780 n.
716 2758 737 2780 3.
755 2757 801 2780 Cl'r.
821 2763 891 2785 supra
904 2763 959 2784 pag.
972 2756 1029 2783 306,
1042 2758 1096 2778 nota
1109 2755 1129 2777 4.

344 2798 353 2810 ⁴
370 2799 440 2825 Epist.
465 2798 514 2820 1⁴23.
534 2798 598 2825 (alias
620 2797 663 2826 11.)
682 2804 703 2819 n.
721 2797 754 2818 15.
767 2796 811 2819 Cl'r.
823 2802 894 2824 supra
906 2802 960 2824 pag.
974 2795 1030 2821 306,
1043 2798 1095 2817 nola
1108 2795 1129 2817 3.

282 2836 413 2864 Respieitur
431 2837 507 2858 Mattli.
528 2837 567 2863 to,
585 2837 606 2858 9.
625 2842 674 2864 seq.
693 2836 742 2864 (cfr.
760 2836 829 2857 Marc.
847 2835 873 2861 6,
892 2834 931 2863 8.).

345 2874 354 2887 ⁵
371 2875 441 2903 Epist.
460 2875 512 2897 Ἰ125.
532 2875 596 2903 (alias
614 2875 644 2902 4.)
663 2881 686 2896 n.
706 2875 731 2896 8:
750 2874 816 2896 Tunc
829 2872 952 2903 [Apostoli]
970 2871 1081 2894 habentes
1092 2878 1131 2900 pa-

285 2917 356 2941 trem,
373 2917 433 2941 reto,
451 2915 596 2941 naviculam,
614 2914 685 2936 secuti
705 2913 842 2939 Dominum,
865 2912 970 2940 protinus
986 2911 1063 2934 onmia
1082 2911 1131 2932 reli-

283 2956 395 2982 querunt,
414 2955 530 2980 portantes
546 2953 650 2981 quotidie
667 2959 759 2975 crucem
778 2958 844 2974 suam
857 2955 877 2973 ct
890 2957 918 2973 ne
931 2952 1021 2979 virgam
1034 2950 1130 2979 quidem

282 2993 305 3014 in
325 2998 394 3014 [nanu
412 2992 530 3014 habentes.
548 2992 592 3014 Csr.
611 2998 682 3019 supra
700 2998 753 3019 pag.
772 2991 830 3019 293,
847 2994 899 3013 nola
918 2991 944 3017 9,
957 2990 997 3012 ubi
1009 2996 1036 3012 ex
1048 2989 1130 3011 eadem

284 3032 349 3060 epist.
368 3038 390 3053 n.
409 3031 445 3053 20,
463 3031 504 3053 alia
523 3031 587 3053 allata
605 3034 637 3053 est
656 3031 774 3053 sententia.

1247 2400 1257 2413 ¹³
1274 2401 1343 2429 Epist.
1363 2401 1399 2422 22.
1417 2406 1440 2422 n.
1462 2400 1495 2421 19.
1513 2399 1556 2422 Csr.
1576 2405 1646 2427 supra
1664 2405 1718 2426 pag.
1735 2398 1793 2426 275,
1812 2400 1864 2420 nota
1889 2398 1910 2420 q·
1933 2400 1955 2420 et
1978 2404 2032 2426 pag.

1186 2440 1243 2467 306,
1260 2442 1314 2462 nota
1332 2440 1354 2461 2.

1249 2478 1257 2491 ⁷
1276 2479 1342 2501 Vers.
1367 2480 1384 2500 1.
1402 2491 1432 2494 -
1451 2478 1567 2500 Sententia
1584 2477 1681 2505 August.
1693 2476 1791 2498 habetur
1804 2476 1873 2498 XXll.
1886 2478 1965 2498 contra
1978 2476 2033 2498 Fau-

1186 2521 1260 2547 stum,
1278 2525 1297 2541 c.
1315 2518 1357 2540 77:
1377 2518 1455 2546 Neque
1472 2517 1532 2539 enim
1550 2517 1573 2538 in
1591 2523 1618 2539 eo
1636 2516 1699 2544 quod
1718 2522 1743 2538 ex
1762 2515 1885 2544 Evangelio
1905 2515 1972 2545 [Luc.
1989 2516 2032 2542 22,

1187 2557 1234 2587 35]
1253 2557 1502 2583 commemoravimus,
1521 2555 1591 2577 verba
1609 2558 1696 2577 tantum
1720 2555 1811 2577 Domini
1832 2555 1934 2582 suerunt,
1953 2554 1992 2577 sed
2011 2556 2033 2576 et

1186 2597 1396 2624 obtemperantium
1423 2601 1517 2624 quoque
1542 2595 1709 2623 discipulorum
1732 2595 1790 2616 sacta
1812 2596 1890 2616 secuta
1907 2596 1968 2616 sunt.
1990 2594 2033 2615 Pro

1186 2642 1233 2659 non
1252 2635 1402 2658 transierunt
1419 2635 1458 2663 <ita
1476 2635 1493 2656 A
1511 2637 1533 2656 et
1547 2634 1601 2656 edd.
1614 2634 1634 2660 t,
1648 2634 1670 2662 Ξ)
1684 2633 1734 2655 Vat.
1752 2638 1798 2655 tion
1818 2633 1910 2655 totilum
1927 2632 2032 2662 fuerunt.

1249 2674 1258 2687 ⁸
1276 2675 1391 2697 AureIIani
1408 2673 1608 2696 Lemovicensium
1626 2672 1742 2701 episcopi,
1760 2672 1807 2694 diri
1824 2671 1930 2694 Martialis
1947 2671 2034 2694 audito-

1186 2715 1230 2741 ris,
1248 2714 1302 2736 olim
1320 2715 1370 2736 eius
1388 2713 1499 2735 beneficio
1517 2719 1528 2734 a
1547 2712 1644 2734 mortuis
1660 2711 1762 2738 excitati,
1781 2711 1803 2733 in
1820 2711 1924 2733 eiusdem
1942 2710 2034 2733 sanctis-

1186 2754 1238 2776 simi
1264 2753 1371 2775 Martialis
1397 2752 1479 2775 Christi
1503 2752 1608 2779 discipuli
1631 2751 1703 2773 vitam
1725 2750 1819 2772 historia
1843 2750 1893 2779 (cfr.
1916 2753 1971 2772 tom.
1987 2750 2034 2772 Vll.

1186 2799 1240 2821 pag.
1259 2793 1303 2815 ⁴244
1315 2810 1320 2820 ‚
1338 2795 1390 2814 nota
1410 2793 1436 2819 2,
1455 2791 1494 2814 ubi
1511 2791 1644 2819 retulimus,
1662 2791 1723 2819 quod
1742 2790 1849 2812 Martialis
1867 2790 1933 2812 suerit
1955 2795 2033 2812 secun-

1187 2832 1243 2854 dum
1262 2832 1350 2860 aliquos
1368 2837 1427 2859 puer
1444 2831 1492 2858 ille,
1511 2837 1581 2859 quem
1600 2831 1662 2853 lesus
1679 2830 1796 2852 advocans
1818 2829 1841 2851 in
1866 2829 1943 2851 medio
1969 2828 2034 2851 disci-

1186 2872 1296 2899 pulorum
1314 2871 1404 2899 statuit,
1422 2870 1551 2893 seeundum
1569 2870 1625 2892 alios
1642 2875 1697 2891 vero
1719 2875 1777 2897 puer
1799 2869 1848 2895 ille,
1871 2868 1911 2897 qui
1934 2867 2034 2890 habebat

1187 2911 1292 2939 quinque
1310 2916 1382 2938 panes
1399 2912 1422 2932 ct
1440 2910 1498 2931 rinos
1510 2909 1596 2937 pisces,
1610 2908 1639 2931 de
1650 2907 1736 2937 quibus
1747 2907 1850 2930 Clu-istus
1865 2906 2033 2929 multitudinem

1187 2949 1297 2977 satiavit).
1316 2949 1367 2970 Vita
1385 2949 1428 2971 ista
1447 2948 1525 2970 addita
1543 2950 1576 2970 est
1593 2947 1701 2969 historiae
1718 2947 1850 2969 certaminis
1867 2946 1986 2974 apostolici
1998 2945 2034 2967 tri-

1187 2988 1257 3011 butae
1274 2987 1364 3011 Abdiae
1380 2987 1520 3015 Babyloniae
1532 2987 1608 3014 primo
1621 2986 1738 3014 episcopo.
1749 2985 1840 3007 Parisiis
1853 2985 1860 3006 t
1869 2985 1908 3007 5711
1926 2985 1963 3007 sol.
1978 2983 2034 3006 154-

1191 3028 1242 3049 182.
1259 3028 1333 3049 Locus
1351 3027 1388 3049 liic
1405 3027 1515 3054 allegatus
1532 3025 1629 3047 liabetur
1647 3025 1683 3047 fol.
1702 3023 1765 3046 1761)
1782 3030 1831 3052 seq.

2049 1810 2121 1830 Comini
2129 1826 2130 1833 .
