2133 3317
132 1102 174 1121 Alia
194 1107 249 1126 expo-

165 1126 217 1144 sitio.

182 1384 252 1404 Tertia.

261 220 318 250 390

261 298 309 328 ubi
338 298 451 327 Glossa:
480 308 494 322 ι(
512 297 569 325 Non
599 296 656 324 ait:
684 304 743 324 ηοη
763 295 897 328 3οἰυανη;
918 294 1000 323 solvit
1021 294 1111 329 enim,

261 345 372 383 quando
387 345 478 381 ipsum
493 342 679 371 manifestavit
693 345 720 371 et
734 342 768 371 de
783 342 931 370 Divinitate
946 345 973 370 et
987 341 1113 370 humani-

261 395 316 421 tate
331 392 419 429 ipsius
433 391 521 419 multa
535 389 660 427 aperuit;
676 389 738 418 sed:
754 398 813 418 non
826 397 894 417 sum
909 389 1028 426 ctz‘ynus,
1042 388 1114 417 scili-

262 442 305 468 cet
325 438 378 472 ait,
401 437 467 474 quia
487 436 521 465 ad
543 437 595 465 hoc
608 436 747 473 agendum
762 444 791 464 se
806 435 950 472 indignum
967 435 1112 472 putavit».

262 486 342 519 Item,
358 485 447 513 Lucae
468 484 551 513 tertio
563 485 592 512 ¹:
614 483 680 512 Non
693 491 761 511 sum
775 483 884 520 (liymts
897 482 1006 511 solvere
1021 482 1114 511 corri-

261 531 344 569 yz'ctm
364 531 630 560 calceamentorum
650 530 731 563 eiam
749 529 859 558 Glossa:
884 541 897 554 «
909 528 974 557 Non
988 538 1056 557 sum
1070 529 1114 558 cli-

261 587 339 616 fflzus
367 578 531 614 mystermm
560 577 670 606 soluere
696 575 910 610 incarnationis,
942 576 986 604 vel
1014 583 1115 604 nomen

263 624 357 662 sponsi
378 632 433 653 non
454 624 522 652 mihi
538 632 661 661 usurpo,
677 631 727 652 nec
741 630 860 660 sponsus
875 622 968 657 credi,
983 622 1031 651 sed
1045 622 1115 651 ami-

263 679 313 700 cus
341 671 435 708 sponsi
464 671 526 700 volo
540 682 568 699 ³2.
592 671 674 704 Item,
695 670 778 699 Marci
801 670 892 706 primo
906 669 931 697 ²:
957 669 1023 698 Non
1048 678 1115 698 sum

264 718 373 756 diymts
393 717 587 755 procmnbens
600 717 710 746 solvere
724 717 888 754 eorriyz'ctm
909 716 1116 745 calceamento-

264 774 334 794 rum
348 765 429 798 eius:
451 765 649 801 Hieronymus:
670 775 684 789 «
699 764 726 792 ld
741 766 783 793 est
797 763 994 792 incarnationis
1015 766 1117 800 myste-

264 813 354 847 rium,
383 812 495 849 quando
529 811 653 840 Verbum
681 820 753 840 caro
780 810 896 848 fetatum
924 814 965 839 est
979 823 1005 839 ».
1034 811 1116 845 Item,

264 859 394 889 Matthaei
410 859 492 888 tertio
503 859 529 887 ³:
548 858 611 888 Non
625 867 692 887 sum
706 858 816 896 dignus
838 858 1036 887 calceamenta
1054 858 1118 886 eius

262 909 405 944 porcare‚·
426 905 539 935 Glossa:
567 916 580 930 «
596 904 755 934 Intendebat
783 905 829 933 hic
856 904 1003 933 ostendere
1024 904 1118 933 excel-

266 954 378 983 lentiam
406 953 507 982 Christi
537 956 564 982 et
592 952 635 981 sui
660 952 845 981 humilitatem
862 963 888 979 ».
912 951 944 980 Et
965 951 992 979 in
1021 951 1116 980 eadem

266 1001 362 1030 Glossa
383 1000 535 1037 exponitur
556 999 726 1037 alteqorz'ee,
749 1002 781 1027 ut
801 999 889 1035 prius.

348 1048 392 1076 ¹14.
415 1047 495 1075 Forte
516 1049 609 1075 autem
633 1046 746 1075 loannes
767 1045 888 1082 Baptista
903 1045 931 1074 in
947 1045 1039 1073 verbis
1055 1053 1119 1081 pro-

266 1094 362 1132 positis
383 1094 417 1123 ad
439 1094 558 1123 litteram
575 1093 720 1122 intellectis
735 1101 789 1121 non
804 1093 946 1121 Christum
966 1092 1119 1121 calceatum

266 1142 358 1171 dicere
373 1141 498 1175 intendit,
510 1140 556 1169 sed
573 1141 653 1169 iuxta
664 1140 833 1177 praedictam
845 1139 981 1168 Glossam:
1000 1150 1013 1163 «
1025 1139 1119 1167 Imen-

266 1189 378 1218 debat»
404 1191 466 1222 etc„
488 1188 659 1216 maiestatem
680 1187 783 1216 Christi
805 1187 984 1224 magnificans
999 1189 1026 1214 et
1041 1194 1118 1214 suam

267 1236 452 1265 humilitatem
480 1235 659 1272 praedicans,
687 1235 821 1263 usitatum
850 1234 963 1262 modum
989 1233 1120 1270 loquendi

268 1283 374 1318 tenuit,
397 1283 470 1311 sicut
490 1282 524 1311 de
545 1282 657 1311 homine
676 1281 754 1310 valde
768 1281 853 1309 nobili
869 1289 923 1309 non
939 1281 1047 1309 lavante
1063 1288 1121 1308 ma-

269 1339 323 1360 nus
344 1338 408 1359 suas
429 1332 522 1367 posset
542 1329 635 1358 dicere
656 1336 762 1366 pauper
784 1328 914 1356 humilis:
930 1328 987 1356 Non
1003 1335 1065 1355 sum
1081 1326 1122 1355 di-

269 1386 341 1415 gnus
369 1385 469 1414 aquam
492 1376 634 1406 effundere
655 1383 740 1413 super
768 1383 867 1403 manus
893 1375 953 1403 eius
964 1375 984 1402 4.
1005 1391 1045 1394 —
1066 1374 1121 1402 Nisi

269 1425 340 1453 forte
355 1424 492 1461 quispiam
507 1423 593 1452 verba
608 1422 749 1459 proposita
763 1422 858 1450 volens
872 1429 1022 1458 exponere,
1039 1420 1121 1455 dicat,

270 1471 345 1509 quod
366 1471 494 1499 Christus
515 1478 547 1499 eo
568 1474 709 1506 tempore,
724 1478 780 1506 quo
794 1469 908 1497 loannes
923 1468 1045 1505 Baptista
1060 1476 1122 1497 sen-

270 1519 370 1547 tentias
392 1518 509 1555 protulit
528 1521 593 1546 ante
614 1517 716 1551 dictas,
738 1516 862 1545 nondum
884 1516 996 1553 publice
1014 1515 1123 1552 praedi-

270 1566 365 1599 cabat,
381 1565 504 1594 nondum
519 1565 645 1602 regulam
661 1564 799 1597 ediderat,
815 1563 938 1592 nondum
954 1563 980 1591 in
996 1562 1122 1597 deserto,

270 1612 432 1649 exemplum
447 1612 515 1640 dans
529 1611 729 1649 poenitentiae,
745 1610 917 1639 ieiunaverat
930 1609 1053 1647 —quod
1068 1609 1123 1637 uti-

270 1668 326 1697 que
347 1668 446 1689 verum
463 1662 505 1688 est
516 1659 526 1676 ⁵
543 1675 579 1680 —
594 1661 621 1687 et
643 1658 704 1687 ideo
725 1658 786 1687 vult
806 1657 914 1692 dicere,
929 1657 1004 1694 quod
1019 1657 1123 1685 calcea-

272 1707 373 1736 mentis
387 1710 454 1735 tunc
469 1706 602 1743 temporis
616 1705 764 1738 utebatur;
780 1704 855 1742 quod
870 1704 967 1741 utique
983 1704 1093 1732 videtur
1108 1712 1123 1732 a

271 1753 374 1783 Glossis
388 1753 518 1782 omnibus
533 1756 561 1782 et
576 1753 739 1781 Sanctorum
755 1751 977 1788 expositionibus
991 1750 1123 1779 alienum.

786 1863 913 1891 Expmcn
934 1862 1068 1891 Emsrom
1089 1870 1124 1890 DE

339 2060 346 2072 ¹
367 2061 432 2082 Vers.
454 2060 488 2081 16.
505 2072 536 2075 —
553 2059 586 2081 De
603 2059 695 2085 Glossa,
713 2065 773 2087 quac
791 2061 825 2081 est
841 2057 980 2086 ordinaria,
999 2059 1040 2080 cfr.
1057 2063 1127 2086 supra

276 2105 330 2128 pag.
349 2099 407 2126 306,
432 2101 487 2121 nota
514 2099 549 2120 tt.
571 2098 701 2126 Respicitur
719 2099 780 2120 toan.
801 2098 825 2126 3,
844 2098 890 2119 29:
908 2097 951 2126 Qui
970 2096 1039 2119 habet
1056 2102 1127 2124 spon-

276 2144 327 2161 sam
344 2144 444 2165 sponsus
461 2140 509 2164 cst3
527 2137 617 2159 amicus
633 2139 711 2159 autem
729 2137 808 2164 sponsi
827 2139 871 2158 etc.

341 2175 349 2189 ²
369 2177 434 2199 Vers.
451 2176 474 2198 7.
490 2189 521 2193 —
538 2176 654 2198 Sententia
671 2176 776 2202 Hieron.,
793 2181 865 2204 quam
883 2175 951 2197 etiam
970 2175 1049 2197 Glossa
1067 2173 1129 2197 ordi-

278 2215 350 2239 naria
367 2216 389 2237 in
407 2217 468 2237 hunc
486 2216 529 2237 loc.
547 2214 591 2237 sul)
608 2214 703 2237 nomine
720 2214 813 2236 Hieron.
827 2214 1048 2241 alTe1·t‚11abeu¹1·in
1061 2213 1127 2236 Com-

278 2258 349 2277 ment.
366 2255 388 2277 in
406 2256 495 2282 Evang.
513 2254 643 2277 secundum
662 2254 763 2276 Marcum
782 2253 849 2281 (inter
874 2259 911 2281 op.
938 2253 1048 2281 Hieron.).
1072 2253 1129 2275 Alle-

278 2298 346 2323 gatur
364 2295 423 2316 loan.
448 2296 464 2321 l,
483 2294 519 2316 14.

341 2332 350 2345 ³
369 2334 435 2355 Vers.
457 2334 490 2354 11.
508 2345 539 2349 -
556 2333 635 2355 Glossa
661 2335 695 2355 est
719 2331 844 2355 ordinaria
864 2333 900 2361 (ex
917 2332 1030 2359 August„
1053 2332 1077 2353 11.
1101 2331 1129 2353 de

279 2374 396 2396 Consensu
415 2373 554 2401 Evangeltst.
573 2378 592 2394 c.
615 2373 647 2394 12.
666 2378 687 2394 n.
705 2371 761 2401 29.)
779 2371 839 2394 Vide
856 2377 926 2399 supra
944 2377 999 2399 pag.
1018 2371 1076 2399 306,
1092 2377 1130 2393 no-

279 2416 326 2435 tam
348 2414 389 2440 123
407 2412 463 2435 ibid.
481 2414 534 2434 nota
554 2412 590 2433 ῚῚ10.
608 2411 705 2439 allegata
723 2414 757 2433 est
778 2411 859 2433 eadem
883 2411 976 2437 Glossa,
999 2410 1128 2433 secundum

280 2452 414 2481 allegoriam
432 2453 494 2474 hunc
511 2451 587 2473 locum
606 2451 728 2479 explIc-ans.

342 2492 351 2504 ’¹
369 2492 413 2515 Cfr.
432 2498 501 2520 supra
515 2491 599 2519 Opuse.
614 2491 651 2512 Xl.
665 2490 777 2518 Apologia
790 2495 934 2518 pauperum,
947 2495 966 2511 c.
984 2489 1016 2511 ll.
1029 2495 1052 2511 nv
1065 2489 1087 2511 7.
1099 2502 1130 2506 —

280 2532 392 2560 Superius
404 2537 447 2559 pro
459 2530 483 2553 in
495 2529 571 2553 rverbis
580 2529 710 2559 propositis
723 2529 777 2551 edd.
794 2530 811 2555 t,
825 2530 837 2551 2
855 2528 879 2551 iu
892 2528 967 2552 uerbis
977 2528 1128 2558 praepositis.

1150 1612 1154 1785 ἱ

649 217 847 247 OPUSCULUM
867 217 923 245 XV.
946 216 1103 245 EPISTOLA
1124 215 1169 244 DE
1191 215 1357 245 SANDALHS
1379 215 1631 245 APOSTOLORUM.

1251 295 1295 323 15.
1318 294 1380 323 Sive
1401 297 1495 323 autem
1516 294 1569 322 hoc
1586 293 1687 328 fuerit,
1702 293 1760 322 sive
1774 301 1845 328 non;
1860 301 1897 322 ex
1912 294 2020 330 praedi-
2036 300 2115 322 Conclusi

1170 341 1221 370 ctis
1242 341 1385 370 manifeste
1407 341 1598 375 concluditur,
1627 340 1702 377 quod
1730 343 1792 377 post
1820 340 2020 370 institutionem

1169 388 1336 425 apostolicae
1357 388 1470 424 regulae
1491 387 1619 416 Christus
1634 387 1735 424 suique
1749 387 1877 424 discipuli
1892 388 1951 417 sine
1966 388 2020 417 cal-

1170 435 1319 464 ceamentis
1339 435 1374 463 ad
1395 435 1516 463 litteram
1543 434 1725 463 incesserunt.
1754 434 1838 468 Nam,
1867 435 2021 464 secundum

1171 482 1369 518 Hieronymum
1382 482 1406 515 ⁶,
1427 481 1556 510 Christus
1576 489 1630 509 non
1647 481 1745 510 habuit
1760 481 1835 518 quod
1849 490 1904 510 non
1919 482 2023 511 haben-

1171 528 1238 557 dum
1259 528 1369 562 docuit,
1392 528 1440 565 qui
1462 528 1553 564 primo
1573 528 1665 564 coepit
1684 526 1783 564 facere
1804 532 1830 557 et
1849 528 1958 557 dooere.
1981 529 2024 558 Id-

1172 576 1246 604 circo
1267 575 1455 612 periculosum
1477 578 1519 603 est
1533 575 1625 608 valde,
1641 575 1725 603 immo
1746 575 1929 604 ridiculosum
1950 584 2023 605 asse-

1173 630 1251 656 rere,
1280 622 1360 650 aliter
1388 621 1547 655 Christum,
1576 621 1656 650 aliter
1685 621 1827 658 Apostolos
1848 622 1968 657 vixisse,
1997 625 2024 652 et

1173 670 1315 698 Christum
1343 669 1469 706 regulam
1498 676 1553 697 non
1578 676 1716 703 servasse,
1739 671 1766 697 et
1786 669 1928 706 Apostolos
1948 669 2025 699 aliud

1173 724 1257 753 quam
1272 715 1415 744 Christum
1430 715 1561 744 habuisse
1575 715 1752 752 perfectionis
1767 716 1938 753 exemplum,
1949 724 2023 751 cum,

1173 762 1353 800 discipulum
1382 771 1440 791 esse
1465 761 1644 799 perfectum,
1673 762 1702 790 si
1727 763 1767 791 sit
1786 763 1865 792 sicut
1883 763 2025 801 mayister

1174 818 1258 844 suus,
1280 813 1307 838 et
1328 818 1446 838 seruum
1474 818 1532 838 non
1561 818 1620 838 esse
1641 809 1759 838 domino
1779 818 1833 839 suo
1863 810 2024 845 maiorem,

1174 857 1331 894 evangelica
1353 857 1456 885 veritas
1477 856 1687 891 contestetur⁷,
1709 859 1737 886 et
1757 860 1790 886 ut
1809 858 1905 886 simus
1926 857 2025 886 imita-

1175 908 1250 933 tores
1271 904 1407 937 Domz‘m',
1429 903 1507 932 sicut
1520 906 1545 932 ct
1559 903 1620 940 ipse
1636 902 1761 938 Christi,
1777 912 1827 933 nos
1842 904 1943 933 Paulus
1957 904 2026 941 Apo-

1175 951 1263 979 stolus
1285 951 1462 979 exhortetur.

1257 998 1300 1025 16.
1324 998 1365 1025 Tu
1387 997 1488 1034 igitur,
1510 997 1558 1034 qui
1581 997 1719 1034 Evangelii
1738 997 1833 1026 doctor
1849 1005 1878 1027 es
1893 1000 1920 1027 et
1937 1000 2027 1027 secla—

1176 1048 1234 1078 tor,
1251 1045 1272 1074 si
1289 1044 1374 1073 huius
1394 1044 1568 1081 evangelicae
1590 1044 1765 1081 perfectionis
1786 1044 1892 1082 apicem
1914 1053 1969 1074 non
1987 1048 2027 1074 at-

1176 1091 1259 1128 tingis
1280 1099 1355 1125 usu,
1378 1091 1496 1128 attingas
1517 1091 1614 1119 saltem
1637 1090 1743 1128 affeetu
1758 1091 1818 1128 pio,
1838 1090 1933 1129 affatu
1955 1091 2028 1120 veri-

1175 1138 1236 1167 dico
1258 1141 1285 1167 et
1307 1138 1443 1167 catholico
1471 1137 1629 1172 intellectu,
1652 1141 1680 1167 et
1700 1138 1756 1166 noli
1779 1138 1917 1175 Evangelii
1939 1138 2029 1167 candi-

1176 1185 1318 1213 dissimam
1347 1185 1524 1221 margaritam
1553 1185 1635 1214 tortis
1666 1185 1889 1222 expositionibus
1917 1186 2028 1214 conoul-

1176 1240 1252 1266 care,
1282 1232 1337 1261 noli
1366 1236 1463 1261 contra
1491 1232 1714 1269 evangelicorum
1744 1233 1845 1269 pedum
1874 1232 2029 1262 nuditatem

1178 1280 1262 1316 pelles
1284 1279 1431 1308 mortuas8
1453 1279 1605 1308 defensare.
1625 1279 1652 1308 Si
1667 1280 1740 1308 enim
1762 1282 1859 1309 contra
1880 1280 2030 1309 sententias

1179 1326 1316 1364 Evangelii
1339 1326 1524 1355 calceamenta
1545 1326 1717 1361 defenderis,
1740 1327 1892 1356 timendum
1915 1330 1972 1362 est,
1994 1335 2029 1356 ne

1179 1373 1256 1402 (luas
1289 1374 1406 1402 tzmz'eas
1437 1377 1464 1402 et
1496 1382 1564 1402 cum
1593 1382 1669 1411 pera
1695 1374 1854 1411 pecuniam
1881 1374 2029 1404 defendere

1179 1420 1328 1450 contendas
1340 1420 1359 1448 ⁹.
1383 1421 1484 1449 Doceat
1504 1428 1570 1457 ergo
1592 1423 1618 1449 te
1640 1421 1734 1450 unctio
1753 1422 1915 1456 veritatem,
1937 1425 1984 1457 ut,
2007 1421 2030 1451 si

1179 1467 1245 1504 quid
1267 1467 1407 1496 incautius
1428 1470 1525 1496 contra
1554 1467 1732 1505 Evangelium
1761 1468 1943 1505 praeditzasti‚
1971 1472 2030 1498 stu-

1178 1515 1243 1543 deas
1265 1522 1405 1543 revocare.
1434 1515 1472 1543 Ne
1493 1517 1684 1551 contemptum
1706 1518 1733 1544 te
1755 1518 1884 1552 reputes,
1906 1516 1981 1552 quod
2001 1516 2031 1545 in

1179 1562 1231 1590 hac
1245 1561 1361 1598 epistola
1380 1564 1471 1590 tecum
1488 1561 1667 1598 singulariter
1682 1562 1733 1591 sim
1749 1562 1874 1598 locutus;
1890 1563 1943 1592 hoc
1958 1563 2031 1592 enim

1180 1608 1248 1637 mihi
1269 1616 1348 1637 amor
1369 1608 1492 1637 caritatis
1512 1609 1637 1646 privatae
1658 1609 1763 1644 suasit,
1786 1610 1950 1646 praesertim
1966 1610 2032 1647 quia

1180 1656 1264 1685 malui
1287 1656 1517 1685 consuetudinem
1538 1656 1640 1685 imitari
1662 1657 1808 1686 doctorum
1831 1657 1984 1686 illustrium
2005 1660 2032 1687 et

1181 1704 1346 1732 Sanctorum
1368 1711 1452 1740 quam
1470 1703 1615 1740 vulgarem
1631 1703 1758 1733 facetiam
1772 1704 1949 1741 populorum.
1965 1704 2032 1733 Vale

1181 1750 1209 1778 in
1231 1750 1356 1779 Domino.

1145 1869 1291 1890 SANDAths
1313 1861 1520 1891 APOSTOLORUM.

1247 2057 1257 2072 ⁵
1275 2057 1334 2079 Vide
1352 2058 1427 2079 Mattn.
1445 2064 1465 2080 c.
1483 2058 1505 2080 3.
1525 2060 1546 2080 et
1565 2057 1585 2079 4..

1248 2095 1257 2108 ⁸
1275 2097 1350 2124 Supra
1367 2103 1389 2119 n.
1408 2098 1430 2119 2.
1447 2102 1473 2119 ex
1491 2097 1557 2124 epist.
1578 2097 1607 2119 ad
1633 2097 1798 2119 Eustochium:
1820 2105 1830 2117 ει
1842 2097 1889 2119 Non
1913 2097 1974 2119 enim
1998 2098 2035 2120 ha-

1186 2134 1241 2157 bere
1258 2136 1370 2158 Dominus
1387 2138 1477 2164 poterat
1499 2136 1563 2164 quod
1579 2142 1661 2158 servos
1678 2142 1733 2158 suos
1748 2135 1834 2158 habere
1848 2136 2033 2164 prohibuerat».

1186 2175 1228 2197 Pro
1245 2180 1294 2197 ozon
1310 2174 1395 2197 habuit
1410 2176 1427 2197 Α
1445 2178 1467 2197 et
1484 2174 1537 2197 edd.
1551 2175 1572 2202 l,
1585 2175 1598 2197 2
1611 2180 1656 2197 non
1666 2174 1745 2204 potuit
1758 2175 1915 2203 (addendum:
1928 2174 2034 2202 habere).

1185 2225 1216 2229 —
1228 2213 1315 2235 Deinde
1328 2214 1439 2241 allegatur
1453 2214 1502 2236 Act.
1524 2214 1542 2240 t,
1560 2214 1581 2241 l,
1598 2214 1620 2235 in
1637 2220 1684 2242 quo
1702 2220 1745 2242 pro
1762 2216 1783 2237 et
1800 2214 1882 2237 docere
1899 2214 1918 2236 A
1935 2217 1957 2236 et
1971 2214 2008 2237 ed.
2022 2214 2030 2236 l

1186 2259 1258 2282 quam
1276 2252 1366 2275 docere.

1250 2291 1258 2304 ⁷
1276 2292 1351 2314 Illattli.
1375 2293 1413 2319 10,
1432 2293 1468 2315 ⁴24.
1482 2298 1531 2321 seq,
1550 2305 1579 2308 Α
1597 2293 1705 2321 Sequitur
1723 2293 1737 2315 l.
1755 2292 1807 2315 Cor.
1822 2292 1842 2321 4,
1859 2293 2001 2321 1630s1nt1,
2016 2293 2035 2315 ’1.

1248 2329 1259 2343 ⁸
1277 2332 1386 2359 Grogor.,
1405 2332 1417 2353 Ι.
1436 2332 1518 2354 Homil.
1537 2331 1559 2353 in
1576 2332 1664 2359 Evang.
1683 2331 1762 2353 homil.
1779 2332 1801 2353 7.
1819 2338 1840 2353 n.
1859 2332 1887 2354 3:
1906 2331 1962 2360 Quis
1974 2331 2035 2354 enim

1186 2371 1285 2398 nesciet,
1303 2371 1367 2399 quod
1384 2372 1539 2393 calceamenta
1557 2377 1583 2394 ex
1601 2371 1698 2393 mortuis
1715 2371 1855 2393 animalibus
1873 2371 1946 2393 fiant?

1250 2409 1259 2422 ⁹
1277 2410 1416 2432 Sententiam
1439 2410 1522 2433 Christi
1546 2410 1601 2433 vide
1626 2417 1695 2438 supra
1713 2417 1735 2432 n.
1753 2411 1774 2433 9.
1792 2423 1823 2427 -
1839 2410 1898 2433 Dein
1914 2410 2036 2439 respicitur

1188 2450 1202 2471 l.
1220 2450 1280 2471 loan.
1298 2450 1325 2477 2,
1343 2450 1386 2472 27:
1405 2450 1431 2472 Et
1447 2456 1493 2472 non
1512 2456 1606 2472 necesse
1624 2449 1724 2477 habetis,
1743 2452 1768 2472 ut
1784 2450 1868 2478 aliquis
1885 2450 1967 2472 doceat
1979 2456 2034 2477 vos,

1187 2489 1227 2511 sed
1245 2489 1303 2511 sicut
1323 2490 1399 2511 unctio
1417 2489 1466 2511 eius
1484 2489 1550 2511 [locet
1566 2495 1610 2511 vos
1627 2489 1656 2511 de
1673 2488 1782 2511 omnibus
1794 2491 1838 2511 etc.
1854 2501 1885 2505 —
1901 2489 1997 2511 iuferius
2009 2495 2035 2511 ex

1187 2528 1205 2550 A
1223 2531 1245 2550 et
1261 2528 1315 2551 edd.
1337 2529 1354 2556 l,
1373 2529 1385 2550 2
1403 2529 1565 2556 supplevimus
1582 2529 1675 2551 contra.

2043 1001 2119 1022 Hui-tatia
