2133 3317
120 1303 169 1329 Falsi
181 1303 253 1329 ‚crimi-

127 1332 157 1344 ms
180 1332 254 1350 lmpOSl-

128 1350 155 1368 tio
164 1350 183 1368 10
193 1350 252 1368 titulo.

140 2380 236 2399 Calumnia

134 2404 239 2428 scriptoris.

272 232 328 262 236

270 311 469 340 ecclesiasticae
497 309 656 347 dignitatis,
678 309 706 337 in
728 317 784 346 quo
805 316 834 337 se
855 308 974 337 ostendit
997 308 1039 337 vel
1068 308 1118 337 im-

270 358 362 395 pium,
384 357 427 385 vel
448 357 593 393 ignarum,
615 356 681 384 dum
704 355 747 384 vel
768 355 887 383 scienter
908 355 1046 383 innocenti
1068 354 1118 383 fal-

269 412 331 433 sum
353 404 457 433 crimen
479 403 619 439 impingit,
641 402 685 431 vel
713 410 749 431 ex
777 401 1025 430 inconsideratione
1053 410 1118 438 pro-

269 451 330 487 pria
358 458 412 478 0011
440 449 575 483 advertit,
604 448 678 485 quod
706 448 809 477 diversi
838 451 927 477 status
948 448 975 477 in
998 448 1118 477 Ecclesia

269 497 369 526 Christi
401 495 588 525 commendari
620 498 738 532 possunt
769 494 898 524 laudibus
919 495 1068 531 praecelsis
1090 497 1118 524 et

269 543 405 580 propriis,
428 550 481 571 non
503 545 596 571 tamen
623 542 757 576 dissonis,
789 549 961 579 quamquam
989 541 1115 571 diversis.

268 590 414 626 Nunquam
436 589 509 618 enim
531 589 579 626 qui
601 588 775 617 commendat
802 588 989 625 virginitatem
1018 589 1116 618 adver-

268 636 358 665 sarius
379 636 534 664 censendus
555 639 596 664 est
617 643 678 664 esse
706 635 843 672 coniugii,
871 638 920 664 aut
947 635 996 672 qui
1022 635 1116 664 laudat

266 682 442 712 solitudinem
463 682 641 711 adversarius
655 682 788 711 dicendus
809 685 850 711 est
871 682 1057 711 coenobiticae
1076 682 1116 711 vi-

266 733 317 758 tae.
340 729 420 758 Certe
441 732 535 758 sancta
556 732 646 758 mater
668 729 802 763 Ecclesia,
831 737 903 766 quae
932 729 960 757 in
986 729 1115 758 laudibus

266 776 414 805 cuiuslibet
435 776 604 805 Confessoris
625 776 669 813 pie
690 776 859 805 decantat1:
882 775 948 804 Non
962 779 1003 804 est
1017 776 1115 804 inven-

267 826 313 851 tus
333 822 440 851 similis
461 822 506 851 illi
525 823 577 861 qai
591 826 777 851 conservaret
799 822 886 860 teyem
910 822 1038 857 Excelsi,
1060 831 1115 851 non

266 872 379 906 propter
407 870 459 898 hoc
491 869 610 906 glorioso
637 869 831 906 Apostolorum
863 869 986 898 detrahit
1013 869 1114 903 choro,

266 916 309 945 vel
330 916 474 945 candidato
495 916 632 946 exercitui
654 917 824 953 Martyrum,
846 924 910 945 cum
930 916 1048 954 quilibet
1061 919 1112 945 sta-

265 966 311 992 tus
331 972 409 992 suam
433 964 533 992 habeat
554 964 791 1001 praerogativam,
813 963 846 992 de
868 972 923 1001 qua
946 966 1036 1000 potest
1056 964 1115 992 sine

266 1012 384 1040 aliorum
401 1011 503 1039 iniuria
518 1011 674 1048 specialiter
689 1011 886 1040 commendari.
903 1011 1001 1045 Porro,
1018 1011 1040 1039 si
1056 1011 1116 1039 laus

266 1059 388 1087 filiorum
406 1066 459 1087 non
475 1058 619 1092 diminuit,
636 1058 683 1087 sed
698 1058 848 1095 amplificat
862 1058 971 1087 laudem
986 1060 1098 1095 patrum
1108 1081 1115 1092 ,

266 1105 467 1134 commendatio
489 1105 677 1142 spiritualium
699 1113 855 1142 pauperum
871 1105 963 1142 potius
979 1105 1115 1134 censenda

267 1155 308 1181 est
333 1152 465 1181 exaltatio
486 1156 513 1181 et
534 1152 698 1189 glorificatio
725 1160 809 1189 quam
838 1152 979 1189 depressio
1008 1152 1115 1189 praela-

266 1203 368 1228 torum.

344 1247 370 1275 4.
395 1247 435 1275 Ex
456 1247 559 1284 quibus
580 1250 676 1283 aperte
694 1247 880 1284 relinquitur,
902 1247 1058 1284 praefatum
1081 1247 1115 1275 ti-

267 1294 357 1322 tulum
372 1302 388 1322 a
402 1294 462 1322 falsi
478 1293 601 1322 criminis
616 1294 790 1330 impositione
811 1294 944 1323 sumsisse
965 1294 1113 1331 originem,

266 1349 316 1378 per
338 1349 421 1378 quam
442 1349 598 1378 pauperum
622 1341 710 1369 hostis
732 1341 846 1369 molitur
861 1348 1014 1377 procurare
1035 1341 1114 1369 dissi-

266 1388 343 1417 dium
372 1388 444 1417 inter
472 1391 565 1425 patres
593 1391 619 1416 et
647 1388 733 1422 filios,
763 1391 870 1417 tutores
898 1391 925 1417 et
956 1388 1112 1425 orphanos,

264 1435 396 1464 nutritios
426 1438 453 1464 et
484 1435 627 1469 alumnos,
659 1438 691 1463 ut
722 1435 761 1463 sic
792 1438 974 1472 patronorum
997 1443 1113 1464 suorum

264 1482 401 1519 praesidio
422 1482 569 1511 destitutos
596 1482 730 1519 deglutiat
757 1482 869 1519 inopes,
895 1482 985 1518 rapiat
1010 1490 1114 1518 paupe—

264 1537 310 1558 res
331 1533 358 1558 et
380 1529 526 1558 interficiat
548 1529 740 1558 innocentes?
763 1529 923 1558 Huiusmodi
949 1529 1021 1557 enim
1043 1537 1112 1566 pau-

264 1584 359 1613 peres,
386 1576 419 1605 de
448 1584 568 1613 quorum
598 1584 715 1605 numero
743 1576 795 1605 fuit
820 1576 882 1610 ilie,
903 1580 1000 1605 contra
1028 1584 1111 1613 quem

264 1623 375 1658 scribit,
398 1624 425 1651 in
447 1624 506 1660 ipso
528 1623 569 1652 sui
586 1623 648 1652 libri
665 1623 781 1652 exordio
796 1623 829 1652 de
844 1623 1050 1660 praesumtione
1065 1632 1114 1652 00-

263 1673 317 1705 tat,
339 1670 373 1699 de
394 1678 489 1699 amore
510 1670 634 1707 privato,
656 1670 689 1699 de
711 1670 753 1698 sui
776 1670 989 1707 complacentia,
1010 1670 1113 1699 iactan-

263 1718 301 1746 tia
322 1721 349 1746 et
369 1717 528 1754 arrogantia
548 1717 688 1752 inaudita,
709 1717 852 1751 videlicet,
875 1717 949 1754 quod
976 1725 1005 1746 50
1034 1725 1113 1754 prae-

265 1764 354 1793 ferant
376 1764 501 1798 Christo‚
523 1764 589 1792 dum
612 1764 639 1792 in
661 1764 751 1801 prima
772 1764 814 1793 sui
836 1764 893 1793 oris
913 1764 1056 1801 apertione
1075 1764 1114 1793 sic

262 1811 317 1840 ait:
345 1823 358 1836 «
373 1812 491 1840 Tantum
513 1811 564 1840 sibi
586 1811 801 1848 praesumtionis
829 1813 1024 1840 assumserunt
1052 1811 1113 1848 qui-

262 1858 324 1886 dam
340 1857 469 1886 homines
483 1866 513 1886 se
528 1858 607 1895 ipsos
621 1861 754 1887 amantes
763 1858 784 1892 ³,
796 1858 985 1896 sibimetipsis
996 1858 1113 1895 placen—

263 1909 301 1933 tes
322 1913 354 1933 ac
375 1913 470 1939 suam,
492 1913 547 1933 000
568 1905 670 1934 Christi
690 1905 822 1934 iustitiam
838 1905 1043 1942 praedicantes,
1066 1909 1113 1940 ut,

263 1960 326 1981 cum
347 1952 420 1980 dicat
441 1952 605 1988 Apostolus:
628 1953 721 1981 Estote
742 1952 905 1981 imitatores
936 1953 1008 1987 mei,
1037 1953 1115 1981 sicat

262 2003 286 2027 et
307 2007 357 2036 090
381 1998 491 2027 Christi
498 2022 506 2033 ,
529 1999 580 2035 ipsi
602 2007 617 2027 e
638 2000 779 2028 contrario
800 2000 907 2028 dicant:
936 2000 1029 2029 Estote
1050 2000 1111 2028 imi-

262 2048 365 2074 tatores
387 2045 472 2074 nostri
502 2046 528 2074 in
551 2046 654 2082 quibus
675 2054 730 2074 000
752 2054 851 2075 sumus
865 2047 1019 2076 imitatores
1034 2047 1113 2076 Chri—

262 2092 295 2121 sti
313 2104 338 2120 ».
362 2092 431 2121 Haec
454 2100 574 2129 namque
595 2096 660 2121 sunt
682 2093 772 2129 prima
787 2093 872 2122 verba
886 2094 990 2130 ipsius,
1005 2094 1033 2122 in
1052 2094 1113 2131 qui-

263 2139 315 2168 bus
336 2142 431 2175 aperte
452 2139 626 2173 declaratur,
648 2140 723 2176 quod
739 2140 808 2168 liber
824 2140 882 2176 ipse
897 2140 988 2169 totalis
1003 2140 1038 2168 ab
1052 2141 1112 2177 ipso

262 2186 348 2214 trahit
368 2185 519 2222 originem,
541 2186 593 2224 qui
613 2189 654 2214 cst
673 2187 821 2215 mendacii
832 2190 919 2224 pater
940 2189 965 2215 et
985 2187 1016 2215 in
1037 2188 1113 2216 veri-

263 2236 319 2261 tate
339 2242 398 2261 non
418 2233 510 2267 stetit,
532 2233 584 2271 qm·
605 2232 752 2261 homicida
769 2232 829 2270 fuit
843 2233 879 2262 ab
895 2233 979 2262 initio
991 2234 1003 2250 ‘²
1021 2237 1048 2263 et
1063 2243 1112 2263 ac-

263 2283 382 2308 cusator
404 2283 446 2308 est
464 2279 607 2317 ji'utranz.

343 2328 367 2355 5.
390 2327 442 2363 Qui
465 2327 537 2355 enim
559 2330 625 2355 sunt
646 2327 714 2355 tales
729 2327 800 2356 inter
817 2327 950 2356 Ecclesiae
969 2328 1111 2363 membra,

263 2377 338 2402 certe
360 2374 382 2402 si
403 2374 451 2412 qui
473 2377 554 2408 sunt,
576 2374 689 2402 omnino
719 2377 848 2411 tanquam
878 2373 1040 2402 luciferiana
1068 2377 1112 2403 tu—

262 2424 415 2450 mescentes
438 2421 585 2458 superbia,
607 2428 644 2449 ex
665 2421 717 2449 hac
738 2423 765 2450 et
786 2424 899 2450 aeterna
914 2423 980 2450 sunt
995 2420 1050 2450 vita
1065 2421 1111 2450 de-

262 2468 342 2497 lendi.
365 2468 467 2504 Quodsi
490 2468 606 2505 reperiri
630 2471 789 2505 nequeunt,
810 2468 876 2505 quia
897 2476 952 2497 non
971 2471 1051 2502 sunt;
1068 2468 1110 2498 vel

756 231 954 260 OPUSCULUM
975 231 1017 259 XI.
1039 230 1202 260 APOLOGIA
1222 231 1405 262 PAUPERUM.
1428 232 1496 262 CAP.
1519 234 1537 262 1.

1175 309 1206 337 in
1227 313 1343 338 ventum
1366 310 1535 348 loquitaffl,
1564 312 1607 341 vel
1635 312 1794 341 innocentes
1820 313 2020 349 calumniatur,

1174 363 1228 384 non
1241 357 1384 385 attendens
1398 357 1467 386 illud
1482 358 1632 395 Sapientis:
1650 359 1708 395 Qui
1721 359 1925 388 calumniatur
1940 369 2021 398 cyen-

1175 405 1230 431 tem
1250 402 1409 439 eoeprobrac
1429 403 1541 441 factori
1552 413 1625 438 suo,·
1640 404 1764 434 honorat
1779 409 1876 434 autem
1890 416 1956 435 eum
1970 407 2022 445 qui

1173 449 1330 478 miseretur
1347 451 1501 487 pauperis.
1516 451 1570 480 Nec
1590 451 1720 486 dubium,
1742 452 1835 481 divina
1855 454 1908 482 hoc
1928 454 2021 490 provi·
2039 462 2120 484 uotandu

1173 496 1266 526 deutia
1285 500 1396 534 gestum
1417 505 1493 532 esse,
1515 498 1589 534 quod
1611 499 1657 527 tali
1672 499 1794 536 dogmati
1814 500 1868 529 tale
1889 501 2021 537 praemit-

1174 545 1281 572 teretur
1302 543 1428 578 initium,
1450 546 1482 573 ut
1503 544 1550 581 qui
1573 545 1639 581 legit
1659 549 1805 582 agnoscat,
1834 547 1908 583 quod
1937 547 2021 576 libelli

1174 590 1258 618 huius
1279 590 1451 627 conscriptor
1471 594 1503 619 ut
1523 591 1663 620 detractor
1684 592 1825 629 loquitur,
1847 601 1901 622 non
1924 597 1956 622 ut
1973 594 2021 623 do-

1173 640 1241 665 ctor.
1264 637 1349 671 Sane,
1378 637 1444 674 quia
1472 637 1651 667 detractionis
1678 639 1776 667 vitium
1799 640 2021 670 excaecationem

1172 683 1293 718 inducit,
1316 683 1448 720 Gregorio
1468 684 1496 713 in
1518 685 1665 722 Registro⁶
1687 685 1812 715 dicente:
1832 698 1845 711 «
1861 687 1931 723 Quid
1946 688 2021 717 aliud
2042 700 2121 720 poenae

1172 730 1350 759 detrahentes
1370 731 1491 766 faciunt,
1513 732 1565 760 nisi
1588 732 1663 769 quod
1684 733 1712 761 in
1733 733 1878 770 pulverem
1908 734 2021 764 sufflant
2045 724 2119 744 ²¹³⁰²i⁰¹¹

1172 780 1257 814 atque
1277 778 1304 806 in
1326 778 1422 807 oculos
1441 786 1507 807 suos
1528 782 1632 808 terram
1654 780 1794 815 excitant,
1808 784 1855 815 ut,
1871 781 1945 811 unde
1958 782 2022 819 plus

1172 824 1350 853 detractionis
1370 825 1505 861 perflant,
1527 825 1590 855 inde
1618 826 1706 863 magis
1733 827 1803 856 nihil
1830 828 1954 857 veritatis
1981 829 2022 857 vi-

1172 870 1303 899 deant»?
1325 872 1385 900 ideo
1406 872 1531 908 perversi
1557 872 1642 901 huius
1669 873 1804 910 dogmatis
1832 875 1923 903 cultor
1951 882 2022 904 sem-

1172 925 1238 954 per,
1260 918 1328 947 dum
1350 919 1463 953 scribit,
1484 919 1513 947 in
1534 920 1614 956 peius
1634 920 1745 957 proficit
1766 924 1793 949 et
1814 923 1946 958 tanquam
1962 930 2022 951 cae-

1172 973 1222 994 cus
1244 965 1270 993 in
1296 965 1402 994 foveam
1436 966 1524 995 ruit⁷.
1556 967 1623 995 Nam
1652 970 1854 1004 consequenter
1882 969 2020 998 annectit:

1178 1023 1191 1037 <1
1205 1012 1277 1048 Quid
1298 1013 1371 1041 enim
1393 1013 1467 1041 aliud
1489 1013 1582 1042 dicere
1603 1014 1700 1042 volunt
1720 1015 1768 1051 qui
1788 1015 1815 1043 in
1831 1015 1889 1044 suis
1910 1016 2021 1053 scriptis
2047 1027 2125 1054 Errqrei

1172 1058 1373 1096 dogmatizant,
1395 1060 1469 1096 quod
1491 1060 1620 1089 Christus
1641 1061 1775 1090 Dominus
1789 1061 1883 1098 aliqua
1897 1062 1952 1099 egit
1966 1070 2021 1091 000
2033 1050 2119 1070 ¹⁰m¹³¹²²⁰

1172 1105 1200 1134 in
1222 1114 1348 1135 summae
1369 1107 1546 1143 perfectionis
1567 1107 1767 1142 ostensionem,
1789 1108 1836 1137 sed
1855 1109 1882 1137 10
1898 1109 2022 1138 infirmo-

1172 1160 1236 1181 rum
1258 1160 1307 1181 seu
1330 1153 1555 1190 imperfectorum
1571 1154 1830 1184 condescensionem
1840 1178 1847 1190 ,
1863 1155 1943 1184 cuius
1957 1163 2022 1184 con-

1172 1199 1291 1228 trarium
1312 1200 1461 1237 aliquando
1489 1201 1618 1237 perfectis
1646 1201 1714 1230 viris
1741 1202 1832 1231 facere
1859 1202 1938 1237 licet,
1967 1211 2021 1231 non

1172 1246 1409 1283 vituperabiliter,
1441 1247 1489 1276 sed
1521 1248 1712 1282 laudabiliter,
1744 1249 1828 1277 11111110
1856 1249 2022 1278 laudabilius

1171 1293 1278 1330 agitur,
1300 1302 1383 1330 quam
1405 1294 1551 1323 omittatur
1567 1298 1597 1323 »ἵ
1618 1295 1672 1324 Hoc
1693 1299 1750 1330 est,
1778 1296 1852 1332 quod
1874 1304 1925 1333 pro
1946 1304 2022 1325 sum-

1171 1349 1216 1369 mo
1236 1341 1320 1369 habet
1347 1348 1459 1375 errore,
1488 1342 1562 1378 quod
1594 1345 1725 1379 tanquam
1753 1351 1891 1372 venenum
1919 1343 2022 1372 ahhor—

1171 1390 1214 1416 ret
1235 1391 1262 1416 et
1289 1388 1411 1425 respuit,
1441 1388 1515 1425 quod
1545 1389 1672 1418 Christus
1700 1389 1790 1424 Deus,
1819 1390 1900 1419 cuius
1924 1389 2022 1428 perfe-

1171 1439 1218 1464 cta
1237 1439 1307 1464 sant
1328 1435 1457 1472 operas,
1479 1436 1591 1473 aliquod
1616 1444 1686 1473 opus
1710 1437 1847 1471 effecerit,
1870 1445 1919 1474 per
1947 1437 2021 1474 quod

1171 1482 1340 1519 imperfectis
1368 1482 1599 1511 condescenderet
1627 1486 1654 1511 et
1678 1483 1813 1518 infirmis,
1835 1492 1866 1512 ac
1891 1491 1941 1521 per
1969 1484 2021 1513 hoc
2121 1499 2124 1524 1

1172 1529 1430 1557 condescensionem
1453 1529 1613 1558 huiusmodi
1636 1532 1768 1566 tanquam
1783 1530 1941 1559 rectitudini
1957 1539 2021 1567 per-

1170 1575 1257 1604 fectae
1272 1576 1440 1604 contrariam
1455 1576 1490 1604 ab
1503 1576 1657 1613 exemplari
1679 1576 1852 1606 omnimodae
1873 1577 2020 1614 perfectio-

1171 1623 1213 1651 nis
1227 1623 1340 1651 omnino
1354 1623 1456 1651 astruit
1471 1631 1530 1652 esse
1544 1624 1671 1652 alienam.
1689 1641 1724 1644 —
1738 1624 1815 1660 Quod
1830 1625 1959 1661 quamvis
1973 1633 2019 1654 su·
2032 1632 2066 1650 1110
2078 1617 2133 1656 repit·

1170 1670 1366 1706 perficietenus
1387 1670 1514 1699 videatur
1533 1671 1671 1699 excelsam
1687 1671 1808 1700 iustitiae
1823 1672 2019 1708 perfectionem
2080 1657 2113 1674 ω’

1171 1717 1198 1744 10
1220 1717 1331 1745 Christo
1352 1716 1550 1753 praetendere,
1572 1720 1600 1746 et
1620 1717 1681 1746 ideo
1702 1717 1736 1746 ad
1757 1717 1867 1747 laudem
1883 1718 1942 1747 eius
1957 1726 2020 1755 per-

1171 1763 1278 1798 tinere,
1301 1763 1366 1800 quia
1387 1766 1479 1792 tamen
1505 1764 1540 1792 ab
1561 1764 1620 1801 ipso
1641 1767 1734 1793 actum
1757 1772 1882 1794 summae
1911 1765 2019 1802 pietatis

1170 1810 1310 1845 excludit,
1341 1811 1411 1839 011111
1432 1810 1507 1839 aliud
1529 1813 1571 1840 est
1591 1819 1674 1848 quam
1703 1811 1786 1840 fontis
1813 1812 2019 1842 misericordiae

1170 1865 1254 1886 venas
1276 1858 1429 1895 salutisque
1450 1858 1509 1886 vias
1530 1858 1624 1895 inique
1645 1858 1841 1895 praecludere,
1857 1867 1907 1888 nec
1923 1867 1976 1888 non
1993 1862 2020 1888 et

1171 1905 1250 1942 Regis
1264 1905 1369 1934 aeterni
1392 1905 1634 1934 condescensivam
1656 1905 1830 1934 clementiam
1849 1906 1932 1943 impie
1947 1906 2019 1935 blas-

1169 1952 1311 1989 phemare.
1616 1945 1619 1946 ⁷

1238 2000 1275 2027 ·6.
1299 1999 1336 2027 Ad
1357 1999 1543 2028 defensionem
1564 1999 1650 2036 igitur
1672 1999 1797 2028 veritatis
1823 2002 1851 2028 et
1878 1999 2018 2037 improba-
2034 2006 2121 2048 10111111

1169 2046 1272 2074 tionem
1293 2046 1398 2074 erroris
1425 2045 1527 2082 eligere
1551 2045 1739 2082 disposuimus
1759 2047 1888 2083 exemplo
1910 2047 2018 2076 David⁹
2032 2035 2125 2080 affiiossiti

1169 2092 1297 2131 quinque
1318 2092 1540 2129 limpidissimos
1561 2092 1673 2129 lapides
1701 2093 1735 2121 de
1763 2097 1888 2122 torrente
1915 2093 2018 2123 redun-
2044 2077 2111 2101 Qum

1169 2140 1259 2168 dantis
1280 2139 1429 2176 sapientiae
1451 2139 1652 2168 catholicorum
1674 2139 1836 2174 doctorum,
1865 2141 1968 2177 quibus
1996 2141 2018 2170 si

1169 2187 1214 2223 pia
1234 2186 1288 2215 fide
1311 2186 1419 2215 veritati
1441 2186 1568 2215 assentiri
1591 2187 1726 2221 voluerit,
1755 2187 1899 2216 nobiscum
1928 2195 2019 2217 arme-

1169 2237 1235 2268 tur,
1258 2234 1279 2262 si
1301 2237 1394 2262 autem
1416 2236 1448 2262 ut
1468 2233 1570 2262 effrons
1591 2234 1738 2267 resistere,
1764 2234 1794 2262 in
1819 2232 1917 2270 si'ontc
1936 2234 2019 2264 feria-

1168 2284 1224 2310 tur.
1248 2297 1284 2301 —
1305 2280 1403 2309 Audiat
1430 2280 1515 2317 igitur
1537 2280 1640 2317 primo,
1666 2280 1733 2317 quid
1765 2288 1850 2318 super
1878 2281 2015 2311 Psalmum
2039 2287 2111 2329 fflffig

1169 2327 1350 2356 centesimum
1382 2327 1495 2356 tertium
1509 2327 1531 2343 ¹⁰
1562 2327 1635 2355 dicat
1662 2328 1846 2364 Augustinus:
1873 2328 2015 2363 «Habuit,
2109 2324 2119 2356 'l

1169 2374 1274 2411 inquit,
1296 2374 1430 2402 Dominus
1451 2374 1572 2408 loculos,
1588 2374 1660 2402 sicut
1674 2374 1779 2402 dictum
1794 2377 1836 2403 est
1850 2374 1883 2404 de
1901 2375 2017 2412 quibus-

1168 2420 1230 2450 dam
1246 2420 1380 2458 religiosis
1401 2420 1525 2455 feminis,
1548 2421 1622 2458 quod
1645 2421 1839 2450 ministrabant
1857 2421 1880 2450 ei
1899 2421 1933 2451 de
1951 2422 2017 2451 sub-

1168 2468 1268 2497 stantia
1289 2476 1348 2497 sua.
1371 2468 1495 2497 Futurus
1516 2471 1576 2497 erat
1597 2468 1697 2497 Paulus
1711 2468 1781 2497 nihil
1797 2468 1850 2497 tale
1867 2469 2016 2506 aliquando

324 2675 331 2689 ¹
350 2678 380 2699 Ex
398 2677 465 2700 Eccli.
483 2677 524 2706 44,
542 2678 579 2700 20.

324 2715 333 2728 ²
350 2715 396 2739 Cfr.
413 2716 481 2739 Prov.
498 2716 524 2744 3,
543 2717 587 2745 1i4;
600 2717 635 2739 Ps.
648 2717 670 2739 9.
683 2716 739 2745 (sec.
751 2717 892 2745 Ηο1)1“.’10.),
905 2718 927 2740 8.
944 2718 966 2741 9.
983 2730 1014 2735 —
1031 2718 1106 2746 Supra

260 2761 303 2783 pro
317 2754 437 2784 111-(11131111ιό
455 2755 509 2778 edd.
528 2754 640 2779 subsidio.

323 2793 333 2806 ⁸
351 2795 421 2823 Epist,
438 2795 462 2817 11.
481 2795 542 2818 Tim.
559 2795 585 2823 3,
603 2796 630 2822 ⁶2,
648 2798 700 2823 post
716 2801 787 2824 quem
812 2797 836 2819 ΙΙ.
858 2796 917 2818 Petr.
940 2796 967 2823 2,
991 2796 1033 2823 40,
1054 2798 1077 2818 et
1093 2796 1108 2818 1.

261 2832 312 2855 Cor.
332 2833 357 2860 4,
376 2834 413 2856 16,

323 2872 332 2885 ⁴²
350 2873 410 2895 loan.
428 2874 455 2900 8,
473 2873 511 2895 44.
527 2876 550 2896 et
567 2873 652 2896 deinde
668 2874 739 2902 Apoc.
760 2874 800 2901 12,
819 2874 856 2896 110.
923 2888 925 2891 ι

324 2911 332 2923 ⁵
350 2911 389 2934 iob
407 2912 434 2939 6,
452 2912 490 2934 26.
502 2915 524 2934 et
537 2912 579 2940 15,
592 2913 621 2940 2;
635 2913 674 2935 ier.
688 2913 714 2941 5,
728 2913 764 2935 113.
777 2925 806 2929 --
819 2913 927 2942 Sequitur
939 2912 1056 2940 P1·ov.1i4,
1070 2913 1107 2935 31.

323 2949 332 2963 ‘³
348 2950 410 2973 Libr.
427 2951 464 2974 Xi.
483 2952 553 2979 Epist.
570 2952 636 2980 epist.
653 2952 675 2974 2.

323 2989 332 3002 ⁷
349 2990 404 3012 Luc.
430 2990 453 3018 6,
480 2991 524 3012 39:
550 2991 658 3020 Nunquid
682 2993 758 3019 potest
782 2997 865 3014 caecus
888 2997 983 3014 caecum
1001 2991 1107 3014 ducere?

260 3029 338 3051 Nonne
355 3028 426 3051 ambo
443 3029 466 3051 in
484 3030 575 3052 foveam
593 3029 696 3052 cadunt?

1229 2677 1238 2691 ⁸
1257 2679 1323 2701 Dent.
1340 2678 1383 2705 32,
1402 2678 1424 2700 4.
1441 2691 1472 2696 -—
1490 2677 1602 2706 Superius
1623 2680 1677 2705 post
1699 2677 1748 2700 Hoc
1767 2678 1801 2700 est
1823 2677 1884 2699 solae
1905 2677 1958 2700 edd.
1976 2677 2015 2699 ad-

1166 2717 1224 2740 dunt
1241 2717 1319 2740 etium.

1228 2755 1238 2768 9
1256 2756 1319 2779 Libr.
1337 2757 1352 2779 1.
1368 2757 1427 2784 Reg.
1445 2756 1487 2783 l7,
1506 2755 1544 2778 4⁰.
1560 2755 1617 2778 lbid.
1634 2762 1658 2777 v.
1677 2755 1721 2778 49:
1739 2755 1849 2784 Tulitque
1870 2761 1942 2778 unum
1960 2754 2014 2783 lapi-

1165 2796 1220 2819 dem
1237 2798 1260 2818 et
1277 2796 1347 2818 sunda
1373 2795 1426 2818 iecit
1442 2798 1465 2818 et
1481 2795 1658 2818 circumducens
1674 2794 1788 2822 percussit
1804 2794 1967 2817 philisthaeum
1988 2793 2014 2817 in

1165 2835 1245 2864 fronte
1262 2838 1304 2857 etc.
1322 2847 1352 2851 —
1370 2834 1482 2863 Superius
1499 2840 1542 2862 pro
1559 2833 1717 2863 defensionem
1729 2834 1772 2856 DF
1790 2833 2010 2862 considerationem,

1165 2877 1188 2897 et
1204 2880 1247 2902 pro
1264 2873 1418 2903 disponimus
1430 2873 1476 2896 fide
1493 2873 1540 2896 DG
1556 2872 1718 2896 substituimus
1734 2872 1904 2902 disposuimus.

1229 2911 1248 2924 ¹⁰
1265 2913 1339 2935 Serm.
1358 2912 1378 2934 3.
1396 2918 1420 2934 n.
1438 2913 1517 2934 11.-
1532 2912 1564 2934 De
1576 2911 1661 2935 loculis
1672 2911 1840 2939 0101011042,
1852 2911 1873 2934 6.
1885 2912 1939 2933 Luc.
1952 2911 1974 2938 8,
1985 2911 2012 2934 3:

1164 2952 1190 2974 Et
1207 2952 1317 2975 loanna...
1333 2954 1356 2974 et
1372 2952 1477 2974 Susanna
1494 2954 1517 2974 et
1533 2951 1591 2973 aliae
1608 2951 1707 2978 multae,
1731 2956 1793 2980 quae
1810 2950 1970 2973 ministrabant
1992 2950 2012 2972 ei

1164 2990 1194 3013 de
1219 2990 1365 3013 facultatibus
1390 2991 1445 3013 suis.
1471 2990 1503 3012 De
1529 2991 1600 3013 Paulo
1626 2992 1666 3013 cfr.
1690 2991 1739 3013 Act.
1765 2990 1806 3018 20,
1833 2990 1871 3012 33.
1892 2995 1941 3018 seq.
1958 2992 1980 3012 et
1996 2990 2012 3012 1.

1164 3029 1217 3052 Cor.
1236 3030 1261 3056 9,
1280 3030 1316 3052 ⁴5.
