2133 3317
18 486 84 507 Tertia.

457 212 653 242 OPUSCULUM
673 211 738 240 xiil.
759 210 1067 241 DETERMINATIONES
1087 212 1328 249 QUAESTlONUM.
1350 213 1429 242 PARS
1450 213 1479 242 11.

99 302 184 332 super
204 293 293 330 ipsos,
315 298 529 329 provocaremus
549 290 669 326 amplius
689 288 864 326 quorundam
889 289 941 318 cle-

99 341 220 371 ricorum
242 338 384 367 audaciam
405 340 433 366 et
453 340 501 366 aut
528 336 683 365 faceremus
710 336 847 372 simplices
875 336 940 364 51111-

99 389 169 418 ditos
187 385 389 424 pusillanimes,
403 387 452 413 aut
466 383 586 412 tumidos
600 390 815 420 provocaremus
829 383 861 411 ad
877 390 941 419 pro-

101 434 214 464 terviam
237 432 385 465 maiorem,
407 434 439 459 ut
467 430 554 467 magis
582 433 694 459 econtra
709 430 719 446 ¹
746 437 775 458 se
802 429 941 466 erigerent

100 484 195 510 contra
219 479 333 508 clerum.
364 494 398 498 ——
427 477 535 511 Tertia,
563 484 626 505 cum
654 476 749 513 plures
776 475 939 504 clericorum

99 531 154 557 tam
174 528 267 563 aperte
289 525 382 553 vivant
403 524 519 558 iniuste,
547 523 621 560 quod
646 523 705 551 laici
734 525 848 551 sumunt
878 522 941 550 inde

99 581 180 612 grave
201 572 376 605 scandalum
398 571 420 599 si
442 578 526 607 super
547 570 600 598 hoc
621 569 753 598 vellemus
774 576 821 597 eos
836 568 941 605 magni-

98 621 180 650 ficare
201 619 228 648 111
244 619 361 656 populo,
383 617 540 646 scandalum
557 617 754 645 suscitaremus
775 619 870 644 contra
891 623 941 644 nos

98 667 185 704 ipsos,
207 665 281 702 quod
303 668 357 693 tam
380 663 577 700 vituperabiles
606 662 797 696 laudaremus;
826 662 940 690 Prover-

98 713 207 742 biorum
229 711 360 748 vigesimo
381 714 476 739 octavo
491 710 518 737 2:
542 709 599 745 Qui
623 709 825 746 ‹lereli'nqzmnc
853 708 939 745 legem

98 759 221 788 laudam
237 758 376 795 impium,
392 757 443 795 qui
457 759 629 785 conservent
642 755 859 783 succencluiztw·
874 763 939 783 con-

98 809 144 835 tra
164 813 238 834 eum.
261 805 292 833 Et
313 804 392 841 quia,
414 811 477 832 cum
500 802 594 839 plures
622 802 648 830 in
675 802 764 835 clero,
790 805 821 830 ut
849 809 938 836 nunc,

97 853 141 883 vel
161 852 231 881 male
252 855 279 880 et
300 854 395 879 contra
409 850 525 878 formam
540 857 675 878 canonum
692 851 801 876 teneant
816 848 939 885 regimen

98 899 190 938 populi
213 899 239 927 in
262 898 395 931 Ecclesia,
423 897 466 925 vel
494 899 607 933 propter
628 903 760 924 excessus
786 903 851 923 suos
879 903 939 923 sus-

97 946 173 984 pensi
193 945 248 974 sint
267 945 301 973 ab
322 944 499 973 exsecutione
520 942 601 971 officii
620 942 779 978 pastoralis;
801 942 823 970 si
845 949 940 970 omnes

98 992 281 1022 communiter
302 990 557 1027 magnificaremus,
579 989 660 1018 etiam
682 989 719 1017 illi
743 988 789 1025 qui
812 996 865 1016 non
893 988 939 1016 ha-

96 1039 193 1068 berent
208 1038 266 1073 ius,
281 1039 411 1074 cogerent
428 1035 552 1065 subditos
566 1035 593 1063 in
608 1035 652 1063 his
666 1042 737 1071 quae
752 1042 806 1062 non
826 1034 939 1067 debent,

97 1085 147 1115 sibi
168 1084 280 1114 obedire
300 1083 378 1121 quasi
401 1082 528 1119 legitimis
549 1081 714 1118 pastoribus.
731 1081 757 1109 Si
771 1084 863 1109 autem
879 1088 940 1117 spe-

97 1132 284 1165 cificaremus‚
306 1130 409 1167 quibus
429 1132 520 1158 essent
540 1128 614 1165 digni
629 1128 662 1156 ad
677 1127 875 1161 obediendum,
895 1127 939 1155 alii

97 1178 217 1216 graviter
232 1177 351 1211 ferrent,
366 1176 438 1214 quod
461 1183 507 1204 eos
528 1175 661 1204 notabiles
681 1178 708 1203 et
723 1174 941 1211 contemptibiles

99 1225 293 1258 redderemus;
316 1224 375 1252 ideo
396 1223 474 1260 quasi
496 1222 693 1251 dissimulando
714 1222 873 1250 transimus.

175 1271 306 1308 Quamvis
326 1274 418 1299 autem
440 1269 564 1298 nonnulli
589 1269 623 1297 de
644 1269 718 1297 clero
746 1269 808 1305 plus
833 1268 941 1296 oderint

77 1336 81 1341 ·
98 1318 245 1356 Religiosos
259 1325 342 1355 quam
358 1317 482 1350 ludaeos,
497 1316 598 1344 Christi
613 1315 786 1344 adversarios
801 1315 824 1349 3;
840 1318 940 1349 tamen,

98 1366 120 1395 si
141 1368 283 1402 saperent,
305 1364 397 1401 potius
417 1364 562 1400 diligerent
584 1370 632 1391 nos
653 1362 781 1399 pluribus
794 1362 827 1390 de
842 1362 941 1395 causis,

70 1419 85 1434 ·-
100 1415 155 1441 tam
176 1420 227 1449 pro
249 1410 402 1448 temporali
422 1410 539 1439 utilitate
561 1418 644 1446 quam
666 1410 746 1438 etiam
775 1417 825 1445 pro
852 1409 941 1446 spiri-

42 1466 46 1471 ’
77 1453 84 1485 .’
100 1459 174 1488 lucili
193 1458 311 1487 utilitate
324 1466 389 1492 sua:
405 1466 473 1491 una,
494 1457 568 1494 quod
583 1464 632 1493 per
647 1460 768 1485 nostram
789 1456 941 1484 doctrinam

99 1505 200 1535 subditi
222 1512 317 1533 eorum
340 1504 448 1540 plenius
469 1503 579 1532 solvunt
600 1503 639 1531 cis
663 1503 726 1531 iura
746 1510 796 1531 sua
824 1505 850 1531 et
878 1502 941 1530 obe-

97 1552 178 1582 diunt
197 1552 237 1581 eis
257 1554 285 1580 et
305 1553 469 1580 reverentur
490 1558 537 1579 eos
551 1550 685 1586 amplius,
708 1549 770 1578 licet
784 1549 834 1586 ipsi
850 1549 941 1577 clerici

98 1600 150 1628 hoc
170 1607 225 1627 non
246 1597 375 1632 credant;
397 1597 430 1626 ad
452 1597 588 1626 Hebraeos
608 1596 713 1625 decimo
735 1596 816 1624 tertio
830 1596 856 1623 ⁴:
875 1595 942 1624 Obe-

76 1666 82 1672 .
98 1646 155 1675 dite
166 1645 310 1683 praelatis
324 1644 436 1673 vestris.
453 1660 489 1664 -
504 1643 607 1677 Altera,
622 1643 695 1680 quod
711 1642 843 1671 beneficia
856 1642 942 1671 eccle—

98 1692 221 1725 siastica,
243 1699 315 1728 quae
335 1698 385 1719 nos
415 1693 589 1724 teneremus,
610 1689 632 1718 si
661 1697 784 1718 essemus
812 1697 875 1717 cum
903 1689 942 1717 eis

98 1738 125 1767 in
146 1738 271 1772 saeculo,
291 1737 431 1766 venientes
445 1737 479 1765 ad
494 1736 659 1773 Religionem
674 1736 740 1773 ipsis
759 1735 942 1772 relinquimus

97 1784 259 1818 obtinenda,
281 1791 365 1821 quae,
380 1786 515 1820 quantum
529 1783 646 1819 diligunt
661 1790 689 1811 se
708 1782 818 1816 habere,
834 1784 942 1810 tantum

97 1831 229 1860 deberent
256 1830 369 1867 diligere
396 1830 457 1858 illos
484 1830 531 1867 qui
559 1830 598 1858 eis
625 1837 657 1858 ea
685 1829 862 1866 relinquunt,
890 1829 941 1857 nisi

98 1878 189 1915 potius
209 1878 326 1911 vellent,
340 1885 390 1906 nos
405 1876 490 1910 mori,
512 1879 543 1905 ut
564 1884 596 1904 ea
616 1876 654 1904 sic
675 1875 839 1913 gaudentius
860 1876 943 1912 possi—

77 1924 203 1954 .dereut.
225 1941 262 1944 —
284 1924 391 1957 Tertia,
414 1923 487 1960 quod
509 1931 606 1951 sumus
628 1925 710 1951 testes
728 1930 824 1951 eorum
846 1923 873 1950 in
895 1922 942 1951 do-

101 1971 190 2000 ctrina
215 1970 294 2005 fidei,
322 1973 354 1999 ut
381 1970 480 1999 melius
507 1969 636 1998 credatur
664 1970 703 1998 eis
730 1969 803 2006 quod
828 1969 941 2003 docent,

100 2017 283 2047 obediendum
312 2017 362 2046 sibi
388 2024 448 2046 esse
473 2020 604 2053 tanquam
634 2016 735 2045 Christi
764 2016 888 2050 vicariis,
915 2019 942 2044 et

99 2073 153 2093 non
175 2064 271 2093 sicut⁵
292 2064 440 2098 haeretici,
461 2063 508 2100 qui
537 2063 648 2097 dicunt,
673 2063 747 2100 quod
775 2063 865 2091 clerici
891 2071 942 2099 pro

99 2118 150 2139 suo
170 2113 288 2147 quaestu
309 2109 441 2138 seducant
462 2110 611 2146 populum,
633 2113 664 2138 ut
685 2109 735 2138 sibi
763 2109 892 2137 obediant
916 2112 943 2138 et

98 2157 163 2186 dent
183 2157 248 2194 ipsis
268 2157 419 2185 oblationes
434 2159 461 2185 et
474 2156 608 2190 decimas,
630 2159 661 2185 ut
676 2156 738 2185 inde
753 2159 942 2185 sustententur

99 2206 126 2232 et
146 2204 269 2232 ditentur
290 2206 318 2231 et
344 2203 508 2232 delicientur
533 2206 560 2231 et
585 2202 643 2231 sine
670 2202 764 2231 labore
789 2202 942 2236 abundent,

99 2251 146 2288 qui
168 2251 235 2279 haec
263 2250 373 2279 aliunde
403 2253 457 2278 tam
486 2249 629 2278 commode
657 2257 709 2277 non
739 2249 888 2283 haberent,
916 2252 943 2278 et

100 2297 160 2326 ideo
181 2297 368 2326 confinxerint
388 2296 457 2325 festa
481 2299 508 2324 et
536 2296 626 2324 officia
652 2296 759 2329 divina,
787 2296 942 2324 animarum

99 2343 234 2377 remedia,
256 2346 433 2380 peccatorum
454 2342 649 2379 poenitentias,
672 2342 836 2370 iudiciorum
857 2342 942 2370 eccle-

100 2390 273 2419 siasticorum
305 2390 470 2423 sententias,
502 2390 741 2417 Sacramentorum
769 2389 943 2417 administra-

99 2436 186 2465 tiones
210 2438 238 2465 et
264 2436 330 2464 alias
358 2435 543 2464 solemnitates
570 2438 597 2463 et
619 2435 803 2463 institutiones
834 2438 943 2464 sanctae

100 2482 233 2512 Ecclesiae
260 2485 287 2511 et
308 2482 507 2519 praelationum
528 2481 686 2518 dignitates,
708 2484 740 2509 ut
760 2481 860 2509 horum
885 2489 942 2509 om-

100 2529 176 2558 niun]
199 2529 339 2558 occasione
360 2529 529 2558 exhauriant
556 2528 697 2565 marsupia
722 2528 863 2557 laicorum.
892 2528 943 2557 Sed

1781 215 1838 244 373

996 290 1106 324 fideles,
1127 298 1191 319 curn
1213 291 1321 326 vident,
1344 291 1491 328 Religiosos
1518 292 1675 329 relinquere
1702 292 1836 321 mundum

996 340 1023 365 et
1043 337 1152 366 divitias
1173 338 1267 366 mundi
1289 341 1316 367 et
1337 338 1519 367 ecclesiastica
1540 338 1671 367 beneficia
1698 339 1839 376 resignare

997 386 1024 412 et
1045 388 1235 420 paupertatem
1258 385 1440 414 voluntariam
1462 385 1602 422 profiteri,
1617 388 1644 415 et
1665 388 1755 414 tamen
1771 385 1838 414 haec

997 430 1090 459 eadem
1111 431 1209 460 docere
1231 435 1257 460 et
1278 432 1406 466 credere,
1428 441 1499 469 quae
1513 432 1611 461 docent
1625 433 1732 466 clerici,
1748 432 1839 461 aufer—

998 480 1043 505 tur
1065 477 1104 505 eis
1126 477 1171 506 illa
1193 478 1393 507 haereticorum
1416 479 1547 516 suspicio,
1570 487 1625 516 qua
1639 488 1689 516 pro
1704 479 1761 508 sola
1775 487 1838 508 ava-

999 523 1062 551 ritia
1084 527 1194 560 possent
1214 525 1318 561 opinari
1343 526 1481 562 praedicta
1502 526 1593 554 omnia
1606 534 1621 554 a
1637 526 1743 555 clericis
1763 526 1839 554 adin-

997 573 1093 604 venta,
1109 578 1171 599 cum
1187 571 1291 605 vident,
1307 572 1367 601 illos
1388 580 1447 601 esse
1469 575 1550 601 testes
1571 580 1667 601 eorum
1689 573 1838 607 doctrinae,

997 617 1045 653 qui
1068 617 1133 645 haec
1156 619 1317 654 temporalia
1345 627 1395 655 pro
1419 619 1544 647 doctrina
1568 619 1629 648 fidei
1655 619 1837 656 reliquerunt.

998 679 1034 683 —
1056 664 1176 699 Quarta,
1198 665 1270 701 quod
1293 665 1411 694 habeant
1426 666 1452 694 in
1468 666 1546 694 nobis
1561 666 1680 703 aliquem
1695 666 1838 694 stimulum

997 711 1188 745 correctionis,
1210 715 1241 740 ut
1263 712 1355 741 minus
1376 713 1494 741 audeant
1514 721 1627 749 peccare
1648 716 1675 741 et
1690 713 1839 742 studiosius

996 757 1116 785 officium
1139 758 1188 786 sibi
1211 759 1385 787 commissum
1408 763 1556 788 exerceant
1576 762 1603 788 et
1624 760 1797 788 instruantur
1812 759 1839 788 in

996 803 1151 840 aliquibus,
1173 812 1243 841 quae
1265 805 1405 841 ignorant,
1426 808 1453 834 et
1473 806 1506 834 ad
1528 806 1721 842 poenitentiam
1741 814 1839 842 provo-

997 853 1094 878 centur
1115 854 1142 879 01
1164 851 1189 879 in
1212 851 1283 879 bono
1304 852 1422 888 amplius
1436 853 1611 881 roborentur.
1627 853 1694 889 Quis
1708 853 1778 881 alius
1795 861 1839 881 ar-

996 901 1094 934 gueret
1114 906 1210 926 eorum
1234 899 1313 932 vitia,
1336 907 1398 927 cum
1424 899 1449 927 in
1479 900 1559 928 simili
1588 900 1684 928 morbo
1712 900 1839 929 laborans

996 944 1080 972 alium
1103 953 1155 973 non
1179 949 1336 981 praesumat
1357 949 1475 974 curare?
1497 946 1575 975 iuxta
1590 947 1695 975 illud⁶:
1717 946 1838 979 Mediae,

997 1000 1071 1019 cura
1103 995 1127 1019 te
1154 991 1268 1028 ipsium
1296 992 1376 1021 item:
1399 992 1431 1021 Si
1454 1001 1557 1021 caecus
1587 1002 1669 1022 caeco
1698 993 1839 1022 (lucentem

995 1041 1121 1074 praestet
1142 1040 1192 1066 etc.
1216 1055 1250 1058 —
1272 1039 1388 1074 Quinta,
1411 1039 1484 1076 quod
1505 1048 1602 1068 sumus
1616 1048 1713 1068 eorum
1729 1040 1839 1068 coadiu-

998 1087 1072 1112 tores
1093 1084 1119 1112 in
1142 1084 1309 1113 sublevando
1330 1093 1413 1114 onere
1433 1085 1483 1114 sibi
1516 1086 1657 1122 imposito,
1680 1088 1711 1114 ut
1739 1086 1773 1114 sit
1800 1086 1839 1114 eis

998 1130 1042 1159 hic
1064 1130 1242 1166 portabilius,
1264 1135 1290 1160 et
1311 1132 1453 1160 iudicium
1477 1132 1688 1167 durissirmmz,
1704 1133 1779 1170 quod
1793 1132 1839 1169 fiet

998 1176 1028 1204 in
1050 1175 1094 1204 liz's
1115 1177 1166 1214 qui
1183 1181 1327 1213 praesunt
1342 1177 1363 1211 ⁷,
1386 1178 1478 1214 aliquo
1500 1179 1580 1207 modo
1595 1179 1764 1207 tolerabilius
1778 1187 1839 1207 sen-

998 1223 1066 1251 tiant
1088 1223 1113 1250 in
1136 1223 1243 1257 futuro,
1259 1224 1411 1260 supplendo
1425 1232 1522 1253 eorum
1539 1225 1626 1259 vices,
1642 1225 1838 1262 praedicando,

998 1269 1180 1303 consulendo,
1201 1270 1383 1299 consessiones
1403 1271 1553 1305 audiendo,
1575 1271 1621 1300 ubi
1644 1271 1727 1308 aliqui
1743 1280 1839 1300 eorum

998 1317 1090 1345 minus
1111 1317 1252 1345 sufficiunt
1274 1326 1323 1354 pro
1339 1318 1515 1347 multitudine
1530 1319 1639 1355 populi,
1656 1319 1696 1347 vel
1713 1327 1762 1355 pro
1777 1327 1839 1355 per-

999 1363 1131 1400 plexitate
1152 1371 1266 1392 casuum
1288 1364 1379 1393 minus
1400 1364 1434 1393 ab
1461 1365 1554 1401 aliquo
1582 1365 1709 1402 imperito
1740 1366 1839 1394 instrui

999 1414 1131 1447 possunt,
1152 1411 1194 1439 vel
1217 1411 1373 1447 parochiani
1396 1412 1488 1440 minus
1508 1412 1626 1446 faciunt,
1648 1421 1730 1449 quam
1758 1413 1840 1441 debe-

1000 1460 1076 1490 rent,
1099 1460 1129 1485 ut
1151 1457 1260 1494 quando
1281 1466 1377 1486 eorum
1400 1458 1500 1486 subditi
1523 1459 1619 1487 timent
1649 1460 1688 1487 eis
1716 1459 1839 1488 confiteri

999 1512 1035 1532 ex
1057 1512 1139 1532 causa
1159 1504 1251 1540 aliqua
1272 1504 1389 1540 speciali.
1412 1521 1448 1525 —
1470 1506 1566 1538 Sexta,
1588 1505 1609 1534 si
1631 1506 1693 1542 quis
1708 1506 1779 1534 inter
1794 1514 1840 1535 eos

1000 1550 1097 1579 timore
1119 1550 1249 1587 periculi,
1271 1551 1297 1578 in
1320 1559 1374 1587 quo
1396 1554 1474 1585 511111,
1497 1552 1605 1588 quaerit
1632 1552 1779 1589 confugere
1806 1553 1840 1581 ad

1000 1601 1102 1626 statum
1126 1597 1255 1625 tutiorem
1277 1597 1388 1631 salutis,
1409 1598 1452 1626 vel
1473 1598 1607 1626 (1051110110
1628 1599 1699 1627 vitae
1720 1599 1841 1628 melioris

1000 1645 1060 1673 vult
1080 1652 1111 1672 ea
1133 1652 1203 1680 quae
1224 1644 1250 1672 in
1273 1644 1375 1672 mundo
1396 1648 1474 1678 sunt,
1497 1645 1654 1681 relinquere
1686 1648 1712 1673 et
1739 1648 1840 1674 statum

1001 1691 1176 1728 perfectionis
1197 1691 1367 1727 evangelicae
1396 1691 1642 1728 comprehendere,
1670 1692 1742 1728 apud
1767 1692 1841 1721 viros

1000 1738 1142 1774 religiosos
1170 1741 1259 1773 potest
1286 1737 1359 1774 quod
1387 1738 1523 1766 desiderat
1549 1738 1687 1773 invenire,
1713 1739 1760 1775 qui
1787 1739 1841 1767 sint

1000 1784 1110 1813 Ordinis
1131 1784 1172 1812 sui
1195 1784 1289 1812 fideles
1316 1784 1521 1819 observatorcs;
1550 1784 1620 1813 sicut
1648 1786 1708 1819 Lot,
1734 1786 1841 1822 fugiens

1000 1831 1034 1860 ab
1049 1831 1157 1859 excidio
1169 1831 1365 1864 Sodomorum,
1381 1831 1502 1867 confugit
1515 1831 1547 1859 ad
1564 1832 1705 1867 parvulam
1722 1833 1805 1868 Segor
1820 1832 1840 1867 ⁸,

1000 1878 1025 1906 id
1048 1881 1089 1906 est
1110 1877 1242 1905 humilem
1267 1877 1445 1913 Religionem,
1467 1877 1622 1906 salvandus.
1644 1895 1682 1899 ——
1703 1878 1839 1914 Septima,

1000 1924 1087 1961 quod,
1113 1924 1134 1952 si
1164 1924 1320 1952 immineret
1345 1924 1491 1960 aliquando
1520 1924 1652 1953 Ecclesiae
1677 1925 1839 1959 necessitas,

1000 1971 1043 2000 vel
1071 1979 1162 2007 pugna
1193 1974 1288 1999 contra
1320 1971 1471 1999 haereticos
1499 1971 1541 1999 vel
1569 1971 1636 1999 alios
1663 1979 1840 2008 oppressores

1000 2017 1138 2051 fidelium,
1161 2017 1211 2045 viri
1233 2017 1351 2053 religiosi
1373 2017 1504 2045 deberent
1524 2025 1553 2045 se
1573 2018 1728 2054 promptius
1755 2026 1840 2054 expo-

1000 2072 1066 2093 nere
1087 2067 1114 2092 et
1134 2063 1212 2100 quasi
1242 2063 1322 2100 primi
1349 2063 1375 2091 in
1403 2063 1460 2092 acie
1485 2072 1513 2092 se
1542 2072 1680 2100 opponere
1707 2064 1839 2099 inimicis,

1000 2111 1071 2139 sicut
1092 2110 1139 2138 filii
1161 2110 1254 2138 Ruben
1277 2113 1304 2138 et
1324 2110 1379 2138 Gad
1407 2113 1433 2138 et
1448 2111 1568 2139 Manasse
1589 2111 1702 2139 fuerunt
1722 2111 1839 2140 fratrum

1001 2166 1115 2186 suorum
1138 2160 1357 2194 propugnatores
1384 2157 1417 2186 ad
1442 2157 1615 2186 obtinendam
1645 2161 1748 2186 terram
1776 2167 1840 2187 cum

1001 2212 1066 2240 pace
1081 2204 1100 2232 ⁰.
1122 2220 1161 2224 —-
1182 2203 1298 2237 Octava,
1321 2204 1394 2240 quod
1415 2207 1480 2232 sunt
1500 2204 1573 2240 apud
1595 2204 1682 2233 Deum
1710 2205 1840 2233 interces-

1000 2259 1077 2279 sores
1098 2258 1146 2287 per
1167 2250 1298 2279 orationis
1319 2250 1440 2278 studium
1461 2253 1489 2279 et
1509 2250 1579 2279 vitae
1594 2251 1732 2285 meritum,
1748 2254 1775 2280 et
1788 2252 1840 2280 Do-

1000 2297 1105 2325 minum
1134 2297 1183 2325 sibi
1207 2300 1233 2325 et
1261 2297 1320 2325 aliis
1348 2297 1505 2333 placabilem
1534 2297 1662 2325 facientes
1687 2306 1737 2334 pro
1762 2298 1841 2326 venia

1000 2347 1186 2380 peccatorum,
1202 2351 1252 2380 pro
1268 2343 1356 2380 gratia
1369 2343 1542 2376 meritorum,
1557 2351 1608 2380 pro
1622 2344 1758 2373 amotione
1773 2353 1841 2381 quo-

1001 2398 1188 2426 rumcumque
1210 2390 1362 2423 malorum,
1384 2398 1435 2426 pro
1462 2390 1549 2426 gloria
1578 2390 1735 2419 caelestium
1762 2399 1841 2427 prae-

1001 2436 1118 2464 miorum
1141 2436 1247 2465 facilius
1268 2436 1428 2470 obtinenda;
1451 2444 1521 2473 quae
1542 2437 1620 2465 nobis
1641 2440 1781 2473 praestare
1801 2437 1841 2466 di-

1000 2485 1100 2518 gnetur
1115 2483 1189 2511 lesus
1209 2483 1342 2511 Christus.
1359 2483 1449 2511 Amen.
1465 2499 1502 2503 —
1518 2483 1548 2511 Et
1570 2484 1637 2512 hacc
1657 2484 1690 2512 ad
1712 2492 1841 2520 praesens

1000 2529 1138 2557 sufficiant
1168 2537 1219 2565 pro
1245 2529 1423 2558 excusatione
1447 2533 1541 2558 nostra
1568 2533 1664 2558 contra
1691 2531 1841 2560 calumnias

162 2727 170 2740 ¹
188 2728 228 2751 Ed.
247 2729 259 2750 3
276 2729 358 2750 1111111111
375 2729 479 2751 econtra.

164 2765 173 2779 ²
191 2767 255 2789 Vers.
273 2767 295 2789 4.
311 2779 342 2783 —
359 2768 470 2795 Superius
492 2773 533 2795 pro
555 2768 654 2789 sumunt
676 2767 726 2788 Vnt.
744 2773 797 2789 cum
815 2767 868 2788 edd.
895 2767 912 2794 1,
930 2767 943 2788 2

100 2807 204 2834 sumant,
224 2808 245 2828 et
262 2806 356 2828 inferius
374 2805 434 2833 Ouia
452 2812 494 2833 pro
511 2807 532 2828 et
549 2805 612 2835 quia.

163 2843 172 2856 ³
189 2844 232 2866 Cfr.
249 2851 318 2872 supra
336 2847 425 2873 quaest.
446 2845 479 2866 10.

163 2882 172 2895 ⁴
191 2883 256 2905 Vers.
274 2883 315 2905 '172
333 2883 429 2906 Obedite
447 2883 584 2911 praepositis
600 2883 689 2905 vestris.
708 2883 759 2905 Vai.
778 2885 799 2905 et
816 2883 852 2904 ed.
870 2883 896 2905 3:
910 2882 943 2905 di-

102 2921 176 2944 cz'mus
193 2921 255 2944 enim
272 2921 319 2945 illis
344 2922 432 2945 dictum
454 2922 576 2951 Apostoli:
599 2921 692 2945 Obeclite
713 2924 756 2943 etc.
778 2934 808 2938 —
831 2922 943 2949 Superius

103 2966 144 2987 pro
160 2966 217 2988 ima,
235 2960 298 2989 quod
314 2961 352 2987 (ita
370 2960 421 2983 cod.
439 2963 461 2982 et
477 2961 513 2983 ed.
536 2961 555 2989 1)
578 2961 629 2982 Vnt.
646 2966 699 2983 cum
722 2960 758 2982 ed.
776 2961 789 2982 3
807 2966 867 2988 una,
888 2966 942 2989 (μιθ-

102 3003 174 3021 mam.

1062 2727 1071 2740 ⁵
1088 2729 1117 2751 lta
1135 2728 1164 2750 011
1182 2729 1206 2755 3;
1224 2728 1280 2750 aliae
1297 2729 1350 2750 edd.
1368 2735 1410 2756 pro
1435 2730 1457 2751 et
1472 2734 1519 2751 non
1536 2728 1596 2752 sicut
1618 2729 1759 2752 substituunt
1779 2729 1840 2753 sicul

1001 2767 1059 2794 (Vat.
1079 2767 1099 2788 in
1117 2767 1232 2794 margine:
1253 2766 1346 2790 Videtur
1364 2767 1454 2796 aliquid
1470 2767 1564 2796 deesse).

1061 2804 1070 2817 ³
1087 2806 1142 2827 Luc.
1160 2805 1180 2832 4,
1198 2806 1235 2832 23,
1253 2809 1304 2833 post
1321 2812 1390 2834 quem
1409 2807 1484 2828 lilatth.
1506 2806 1538 2833 15,
1559 2806 1595 2828 14.
1618 2819 1648 2823 -
1671 2807 1780 2835 Superius
1797 2814 1839 2835 pro

999 2843 1074 2866 alumi
1092 2844 1130 2869 (ita
1148 2844 1183 2866 ed.
1201 2844 1214 2865 3
1232 2850 1284 2866 cum
1302 2845 1362 2872 cod.)
1382 2845 1431 2866 Vat.
1448 2850 1500 2866 cum
1519 2845 1572 2867 edd.
1591 2846 1611 2871 i,
1629 2846 1642 2867 2
1659 2844 1729 2868 alius.

1061 2882 1069 2894 ⁷
1088 2884 1142 2910 Sap.
1158 2883 1180 2910 6,
1197 2883 1218 2904 6.
1237 2883 1279 2905 Ρ10
1295 2883 1334 2912 fiet
1351 2882 1373 2905 iu
1397 2883 1433 2906 liis
1450 2883 1486 2905 ed.
1510 2884 1523 2905 3
1540 2883 1566 2913 fil
1587 2883 1622 2907 his
1646 2884 1752 2913 (Vulgata
1770 2885 1838 2907 etiam

998 2921 1052 2949 Itis).
1070 2921 1114 2943 Csr.
1131 2927 1200 2949 supra
1218 2928 1240 2949 p.
1258 2922 1271 2943 l.
1290 2928 1312 2949 q.
1331 2922 1352 2944 2.

1060 2959 1069 2971 ⁸
1087 2961 1142 2982 Gen.
1164 2961 1197 2987 19,
1214 2961 1250 2982 20.
1270 2967 1333 2989 seqq.
1351 2960 1396 2983 Csr.
1413 2967 1482 2989 supra
1500 2967 1554 2989 pag.
1572 2961 1628 2989 346,
1646 2964 1696 2984 nota
1716 2963 1752 2984 to.

1060 2998 1070 3011 ⁰
1087 3000 1151 3022 losue
1172 3000 1189 3026 1,
1208 3000 1243 3021 12.
1261 3005 1326 3028 seqq.

1854 673 1931 697 Quarta.

1855 1049 1930 1073 Quinta,

1856 1515 1919 1534 Sexta.

1857 1887 1946 1911 Septima.

1857 2214 1932 2232 Octava.

1858 2492 1972 2512 Notandum.
