<?xml version="1.0" encoding="UTF-8"?>
<!DOCTYPE html PUBLIC "-//W3C//DTD XHTML 1.0 Transitional//EN"
    "http://www.w3.org/TR/xhtml1/DTD/xhtml1-transitional.dtd">
<html xmlns="http://www.w3.org/1999/xhtml" xml:lang="en" lang="en">
 <head>
  <title>
</title>
<meta http-equiv="Content-Type" content="text/html;charset=utf-8" />
  <meta name='ocr-system' content='tesseract 3.04.00' />
  <meta name='ocr-capabilities' content='ocr_page ocr_carea ocr_par ocr_line ocrx_word'/>
</head>
<body>
  <div class='ocr_page' id='page_1' title='image "./doctorisseraphic08bona_0345.png"; bbox 0 0 2133 3317; ppageno 0'>
   <div class='ocr_carea' id='block_1_1' title="bbox 34 2196 955 2236">
    <p class='ocr_par' dir='ltr' id='par_1_1' title="bbox 34 2196 955 2236">
     <span class='ocr_line' id='line_1_1' title="bbox 34 2196 955 2236; baseline 0 -8"><span class='ocrx_word' id='word_1_1' title='bbox 34 2196 99 2234; x_wconf 32' lang='lat'>²2¹3?</span> <span class='ocrx_word' id='word_1_2' title='bbox 110 2203 222 2228; x_wconf 76' lang='lat' dir='ltr'><strong>reantur.</strong></span> <span class='ocrx_word' id='word_1_3' title='bbox 240 2216 275 2221; x_wconf 86' lang='lat'>——</span> <span class='ocrx_word' id='word_1_4' title='bbox 287 2203 351 2233; x_wconf 84' lang='lat' dir='ltr'><strong>Quid</strong></span> <span class='ocrx_word' id='word_1_5' title='bbox 370 2211 413 2235; x_wconf 85' lang='lat' dir='ltr'>per</span> <span class='ocrx_word' id='word_1_6' title='bbox 426 2203 470 2229; x_wconf 87' lang='lat' dir='ltr'>hoc</span> <span class='ocrx_word' id='word_1_7' title='bbox 482 2210 574 2228; x_wconf 74' lang='lat' dir='ltr'>nomen</span> <span class='ocrx_word' id='word_1_8' title='bbox 585 2203 743 2236; x_wconf 80' lang='lat' dir='ltr'>designatur,</span> <span class='ocrx_word' id='word_1_9' title='bbox 757 2204 822 2235; x_wconf 86' lang='lat' dir='ltr'>quod</span> <span class='ocrx_word' id='word_1_10' title='bbox 835 2204 955 2229; x_wconf 82' lang='lat' dir='ltr'>Dominus</span> 
     </span>
    </p>
   </div>
   <div class='ocr_carea' id='block_1_2' title="bbox 553 199 1425 231">
    <p class='ocr_par' dir='ltr' id='par_1_2' title="bbox 553 199 1425 231">
     <span class='ocr_line' id='line_1_2' title="bbox 553 199 1425 231; baseline 0.001 -2"><span class='ocrx_word' id='word_1_11' title='bbox 553 199 749 229; x_wconf 82' lang='lat' dir='ltr'>OPUSCULUM</span> <span class='ocrx_word' id='word_1_12' title='bbox 770 200 802 228; x_wconf 84' lang='lat' dir='ltr'>X.</span> <span class='ocrx_word' id='word_1_13' title='bbox 825 200 909 229; x_wconf 74' lang='lat' dir='ltr'>VITlS</span> <span class='ocrx_word' id='word_1_14' title='bbox 930 200 1080 229; x_wconf 75' lang='lat' dir='ltr'>MYSTICA.</span> <span class='ocrx_word' id='word_1_15' title='bbox 1102 201 1363 230; x_wconf 73' lang='lat' dir='ltr'><strong>ADDITAMENTUM</strong></span> <span class='ocrx_word' id='word_1_16' title='bbox 1384 202 1425 231; x_wconf 77' lang='lat' dir='ltr'>lv.</span> 
     </span>
    </p>
   </div>
   <div class='ocr_carea' id='block_1_3' title="bbox 115 277 960 566">
    <p class='ocr_par' dir='ltr' id='par_1_3' title="bbox 115 277 960 525">
     <span class='ocr_line' id='line_1_3' title="bbox 118 277 960 310; baseline -0.002 -6"><span class='ocrx_word' id='word_1_17' title='bbox 118 281 142 305; x_wconf 81' lang='lat' dir='ltr'>ct</span> <span class='ocrx_word' id='word_1_18' title='bbox 159 278 351 310; x_wconf 68' lang='lat' dir='ltr'>rubicundzos1,</span> <span class='ocrx_word' id='word_1_19' title='bbox 370 278 449 303; x_wconf 89' lang='lat' dir='ltr'>dulcis</span> <span class='ocrx_word' id='word_1_20' title='bbox 467 278 548 303; x_wconf 87' lang='lat' dir='ltr'>Iesus.</span> <span class='ocrx_word' id='word_1_21' title='bbox 568 277 620 302; x_wconf 88' lang='lat' dir='ltr'>Nec</span> <span class='ocrx_word' id='word_1_22' title='bbox 639 278 712 303; x_wconf 88' lang='lat' dir='ltr'>timeo</span> <span class='ocrx_word' id='word_1_23' title='bbox 732 277 825 302; x_wconf 82' lang='lat' dir='ltr'>talibus</span> <span class='ocrx_word' id='word_1_24' title='bbox 843 278 872 302; x_wconf 89' lang='lat' dir='ltr'>de</span> <span class='ocrx_word' id='word_1_25' title='bbox 896 285 960 302; x_wconf 87' lang='lat' dir='ltr'>men-</span> 
     </span>
     <span class='ocr_line' id='line_1_4' title="bbox 117 320 960 353; baseline -0.004 -6"><span class='ocrx_word' id='word_1_26' title='bbox 117 323 198 351; x_wconf 84' lang='lat' dir='ltr'>dacio,</span> <span class='ocrx_word' id='word_1_27' title='bbox 218 322 276 353; x_wconf 90' lang='lat' dir='ltr'>quia</span> <span class='ocrx_word' id='word_1_28' title='bbox 294 321 394 346; x_wconf 90' lang='lat' dir='ltr'>mentiri</span> <span class='ocrx_word' id='word_1_29' title='bbox 413 321 511 346; x_wconf 90' lang='lat' dir='ltr'>omnino</span> <span class='ocrx_word' id='word_1_30' title='bbox 535 320 639 349; x_wconf 81' lang='lat' dir='ltr'>nolunt,</span> <span class='ocrx_word' id='word_1_31' title='bbox 664 327 719 345; x_wconf 81' lang='lat' dir='ltr'>cum</span> <span class='ocrx_word' id='word_1_32' title='bbox 742 320 771 344; x_wconf 91' lang='lat' dir='ltr'>de</span> <span class='ocrx_word' id='word_1_33' title='bbox 795 320 899 344; x_wconf 71' lang='lat' dir='ltr'>veritate</span> <span class='ocrx_word' id='word_1_34' title='bbox 924 320 960 345; x_wconf 91' lang='lat' dir='ltr'>lo-</span> 
     </span>
     <span class='ocr_line' id='line_1_5' title="bbox 116 363 960 397; baseline -0.002 -8"><span class='ocrx_word' id='word_1_35' title='bbox 116 365 227 397; x_wconf 86' lang='lat' dir='ltr'>quuntur</span> <span class='ocrx_word' id='word_1_36' title='bbox 236 365 302 389; x_wconf 87' lang='lat' dir='ltr'>dulci</span> <span class='ocrx_word' id='word_1_37' title='bbox 311 364 383 394; x_wconf 85' lang='lat' dir='ltr'>Iesu;</span> <span class='ocrx_word' id='word_1_38' title='bbox 396 371 440 389; x_wconf 91' lang='lat' dir='ltr'>nec</span> <span class='ocrx_word' id='word_1_39' title='bbox 453 363 618 388; x_wconf 79' lang='lat' dir='ltr'><strong>detractiones</strong></span> <span class='ocrx_word' id='word_1_40' title='bbox 630 370 728 392; x_wconf 79' lang='lat' dir='ltr'>vereor,</span> <span class='ocrx_word' id='word_1_41' title='bbox 741 370 797 387; x_wconf 86' lang='lat' dir='ltr'>cum</span> <span class='ocrx_word' id='word_1_42' title='bbox 809 363 838 387; x_wconf 89' lang='lat' dir='ltr'>de</span> <span class='ocrx_word' id='word_1_43' title='bbox 852 363 960 387; x_wconf 75' lang='lat' dir='ltr'>caritate</span> 
     </span>
     <span class='ocr_line' id='line_1_6' title="bbox 115 405 960 439; baseline -0.004 -7"><span class='ocrx_word' id='word_1_44' title='bbox 115 407 252 439; x_wconf 88' lang='lat' dir='ltr'>loquuntur</span> <span class='ocrx_word' id='word_1_45' title='bbox 269 407 335 432; x_wconf 89' lang='lat' dir='ltr'>dulci</span> <span class='ocrx_word' id='word_1_46' title='bbox 353 407 412 431; x_wconf 88' lang='lat' dir='ltr'>Iesu</span> <span class='ocrx_word' id='word_1_47' title='bbox 421 408 440 431; x_wconf 72' lang='lat'>⁹.</span> <span class='ocrx_word' id='word_1_48' title='bbox 458 406 577 431; x_wconf 82' lang='lat' dir='ltr'>Scurrilia</span> <span class='ocrx_word' id='word_1_49' title='bbox 593 413 659 435; x_wconf 84' lang='lat' dir='ltr'>vero,</span> <span class='ocrx_word' id='word_1_50' title='bbox 673 405 765 436; x_wconf 83' lang='lat' dir='ltr'>turpia,</span> <span class='ocrx_word' id='word_1_51' title='bbox 779 406 867 435; x_wconf 87' lang='lat' dir='ltr'>iocosa,</span> <span class='ocrx_word' id='word_1_52' title='bbox 881 405 960 430; x_wconf 86' lang='lat' dir='ltr'>otiosa</span> 
     </span>
     <span class='ocr_line' id='line_1_7' title="bbox 117 448 958 481; baseline -0.002 -6"><span class='ocrx_word' id='word_1_53' title='bbox 117 450 199 475; x_wconf 84' lang='lat' dir='ltr'>verbis</span> <span class='ocrx_word' id='word_1_54' title='bbox 217 450 341 481; x_wconf 83' lang='lat' dir='ltr'>passionis</span> <span class='ocrx_word' id='word_1_55' title='bbox 358 450 488 475; x_wconf 86' lang='lat' dir='ltr'>convenire</span> <span class='ocrx_word' id='word_1_56' title='bbox 506 456 556 474; x_wconf 90' lang='lat' dir='ltr'>non</span> <span class='ocrx_word' id='word_1_57' title='bbox 575 448 690 480; x_wconf 87' lang='lat' dir='ltr'>possunt.</span> <span class='ocrx_word' id='word_1_58' title='bbox 709 448 772 478; x_wconf 84' lang='lat' dir='ltr'>Quid</span> <span class='ocrx_word' id='word_1_59' title='bbox 785 449 850 473; x_wconf 87' lang='lat' dir='ltr'>enim</span> <span class='ocrx_word' id='word_1_60' title='bbox 863 448 958 478; x_wconf 88' lang='lat' dir='ltr'>utilius,</span> 
     </span>
     <span class='ocr_line' id='line_1_8' title="bbox 115 491 960 525; baseline -0.002 -7"><span class='ocrx_word' id='word_1_61' title='bbox 115 493 174 525; x_wconf 86' lang='lat' dir='ltr'>quid</span> <span class='ocrx_word' id='word_1_62' title='bbox 191 493 315 522; x_wconf 91' lang='lat' dir='ltr'>amarius,</span> <span class='ocrx_word' id='word_1_63' title='bbox 329 493 388 524; x_wconf 91' lang='lat' dir='ltr'>quid</span> <span class='ocrx_word' id='word_1_64' title='bbox 399 492 525 517; x_wconf 86' lang='lat' dir='ltr'>decentius</span> <span class='ocrx_word' id='word_1_65' title='bbox 539 492 652 523; x_wconf 76' lang='lat' dir='ltr'>passione</span> <span class='ocrx_word' id='word_1_66' title='bbox 666 491 765 516; x_wconf 83' lang='lat' dir='ltr'>Domini</span> <span class='ocrx_word' id='word_1_67' title='bbox 777 491 834 516; x_wconf 85' lang='lat' dir='ltr'>Iesu</span> <span class='ocrx_word' id='word_1_68' title='bbox 848 491 960 516; x_wconf 81' lang='lat' dir='ltr'>Christi?</span> 
     </span>
    </p>

    <p class='ocr_par' dir='ltr' id='par_1_4' title="bbox 185 534 959 566">
     <span class='ocr_line' id='line_1_9' title="bbox 185 534 959 566; baseline -0.001 -6"><span class='ocrx_word' id='word_1_69' title='bbox 185 535 245 560; x_wconf 87' lang='lat'>112.</span> <span class='ocrx_word' id='word_1_70' title='bbox 267 535 288 560; x_wconf 92' lang='lat' dir='ltr'>O</span> <span class='ocrx_word' id='word_1_71' title='bbox 312 536 474 560; x_wconf 88' lang='lat' dir='ltr'>dulcisissime</span> <span class='ocrx_word' id='word_1_72' title='bbox 498 535 573 566; x_wconf 87' lang='lat' dir='ltr'>atque</span> <span class='ocrx_word' id='word_1_73' title='bbox 595 534 766 559; x_wconf 78' lang='lat' dir='ltr'>amantissime</span> <span class='ocrx_word' id='word_1_74' title='bbox 790 534 862 563; x_wconf 87' lang='lat' dir='ltr'>Iesu,</span> <span class='ocrx_word' id='word_1_75' title='bbox 888 534 959 566; x_wconf 87' lang='lat' dir='ltr'>Agne</span> 
     </span>
    </p>
   </div>
   <div class='ocr_carea' id='block_1_4' title="bbox 15 577 960 629">
    <p class='ocr_par' dir='ltr' id='par_1_5' title="bbox 15 577 960 629">
     <span class='ocr_line' id='line_1_10' title="bbox 15 577 960 629; baseline -0.003 -25"><span class='ocrx_word' id='word_1_76' title='bbox 15 610 21 629; x_wconf 49' lang='grc' dir='ltr'><strong>ί</strong></span> <span class='ocrx_word' id='word_1_77' title='bbox 41 585 67 605; x_wconf 79' lang='lat' dir='ltr'>uo</span> <span class='ocrx_word' id='word_1_78' title='bbox 78 584 102 603; x_wconf 82' lang='lat' dir='ltr'>ad</span> <span class='ocrx_word' id='word_1_79' title='bbox 115 578 285 607; x_wconf 74' lang='lat' dir='ltr'>immaculate,</span> <span class='ocrx_word' id='word_1_80' title='bbox 304 578 405 603; x_wconf 84' lang='lat' dir='ltr'>candide</span> <span class='ocrx_word' id='word_1_81' title='bbox 424 585 468 609; x_wconf 86' lang='lat' dir='ltr'>per</span> <span class='ocrx_word' id='word_1_82' title='bbox 486 577 666 606; x_wconf 74' lang='lat' dir='ltr'>innocentiam,</span> <span class='ocrx_word' id='word_1_83' title='bbox 686 577 820 601; x_wconf 87' lang='lat' dir='ltr'>rubicunde</span> <span class='ocrx_word' id='word_1_84' title='bbox 839 584 883 607; x_wconf 87' lang='lat' dir='ltr'>per</span> <span class='ocrx_word' id='word_1_85' title='bbox 902 583 960 601; x_wconf 89' lang='lat' dir='ltr'>san-</span> 
     </span>
     <span class='ocr_line' id='line_1_11' title="bbox 22 613 77 629; baseline 0 -3"><span class='ocrx_word' id='word_1_86' title='bbox 22 613 77 629; x_wconf 63' lang='lat' dir='ltr'>mm.</span> 
     </span>
    </p>
   </div>
   <div class='ocr_carea' id='block_1_5' title="bbox 113 620 960 994">
    <p class='ocr_par' dir='ltr' id='par_1_6' title="bbox 113 620 960 994">
     <span class='ocr_line' id='line_1_12' title="bbox 115 620 960 653; baseline -0.002 -7"><span class='ocrx_word' id='word_1_87' title='bbox 115 621 214 653; x_wconf 84' lang='lat' dir='ltr'>guinem</span> <span class='ocrx_word' id='word_1_88' title='bbox 233 621 370 652; x_wconf 83' lang='lat' dir='ltr'>passionis,</span> <span class='ocrx_word' id='word_1_89' title='bbox 389 627 463 652; x_wconf 90' lang='lat' dir='ltr'>quam</span> <span class='ocrx_word' id='word_1_90' title='bbox 481 620 615 645; x_wconf 90' lang='lat' dir='ltr'>iucundum</span> <span class='ocrx_word' id='word_1_91' title='bbox 633 620 672 644; x_wconf 86' lang='lat' dir='ltr'>est</span> <span class='ocrx_word' id='word_1_92' title='bbox 690 620 812 651; x_wconf 74' lang='lat' dir='ltr'>cogitare,</span> <span class='ocrx_word' id='word_1_93' title='bbox 826 627 900 651; x_wconf 92' lang='lat' dir='ltr'>quam</span> <span class='ocrx_word' id='word_1_94' title='bbox 920 626 960 644; x_wconf 85' lang='lat' dir='ltr'>sa-</span> 
     </span>
     <span class='ocr_line' id='line_1_13' title="bbox 115 663 959 695; baseline -0.002 -6"><span class='ocrx_word' id='word_1_95' title='bbox 115 664 186 689; x_wconf 90' lang='lat' dir='ltr'>lubre</span> <span class='ocrx_word' id='word_1_96' title='bbox 203 664 271 695; x_wconf 89' lang='lat' dir='ltr'>loqui</span> <span class='ocrx_word' id='word_1_97' title='bbox 289 663 318 688; x_wconf 88' lang='lat' dir='ltr'>de</span> <span class='ocrx_word' id='word_1_98' title='bbox 337 663 375 688; x_wconf 91' lang='lat' dir='ltr'>te!</span> <span class='ocrx_word' id='word_1_99' title='bbox 395 663 432 688; x_wconf 84' lang='lat' dir='ltr'>Tu</span> <span class='ocrx_word' id='word_1_100' title='bbox 451 664 516 688; x_wconf 88' lang='lat' dir='ltr'>euim</span> <span class='ocrx_word' id='word_1_101' title='bbox 534 663 563 688; x_wconf 91' lang='lat' dir='ltr'>de</span> <span class='ocrx_word' id='word_1_102' title='bbox 582 663 606 687; x_wconf 92' lang='lat' dir='ltr'>te</span> <span class='ocrx_word' id='word_1_103' title='bbox 625 663 783 694; x_wconf 77' lang='lat' dir='ltr'>loquentibus</span> <span class='ocrx_word' id='word_1_104' title='bbox 803 670 920 694; x_wconf 84' lang='lat' dir='ltr'>praesens</span> <span class='ocrx_word' id='word_1_105' title='bbox 933 670 959 687; x_wconf 90' lang='lat' dir='ltr'>es</span> 
     </span>
     <span class='ocr_line' id='line_1_14' title="bbox 114 705 959 737; baseline -0.002 -6"><span class='ocrx_word' id='word_1_106' title='bbox 114 706 256 737; x_wconf 89' lang='lat' dir='ltr'>mentesque</span> <span class='ocrx_word' id='word_1_107' title='bbox 275 706 380 731; x_wconf 91' lang='lat' dir='ltr'>dulciter</span> <span class='ocrx_word' id='word_1_108' title='bbox 398 706 524 736; x_wconf 82' lang='lat' dir='ltr'>accendis,</span> <span class='ocrx_word' id='word_1_109' title='bbox 543 706 662 731; x_wconf 82' lang='lat' dir='ltr'>informas</span> <span class='ocrx_word' id='word_1_110' title='bbox 681 705 756 730; x_wconf 86' lang='lat' dir='ltr'>verba</span> <span class='ocrx_word' id='word_1_111' title='bbox 769 705 794 730; x_wconf 88' lang='lat' dir='ltr'>et</span> <span class='ocrx_word' id='word_1_112' title='bbox 807 706 915 730; x_wconf 88' lang='lat' dir='ltr'>omnium</span> <span class='ocrx_word' id='word_1_113' title='bbox 933 706 959 730; x_wconf 93' lang='lat' dir='ltr'>in</span> 
     </span>
     <span class='ocr_line' id='line_1_15' title="bbox 115 748 960 780; baseline -0.001 -7"><span class='ocrx_word' id='word_1_114' title='bbox 115 749 140 774; x_wconf 89' lang='lat' dir='ltr'>te</span> <span class='ocrx_word' id='word_1_115' title='bbox 158 748 313 780; x_wconf 89' lang='lat' dir='ltr'>loquentium</span> <span class='ocrx_word' id='word_1_116' title='bbox 332 749 413 774; x_wconf 90' lang='lat' dir='ltr'>trahis</span> <span class='ocrx_word' id='word_1_117' title='bbox 436 749 553 778; x_wconf 85' lang='lat' dir='ltr'>affectus,</span> <span class='ocrx_word' id='word_1_118' title='bbox 578 748 730 779; x_wconf 88' lang='lat' dir='ltr'>curruntque</span> <span class='ocrx_word' id='word_1_119' title='bbox 754 749 782 772; x_wconf 75' lang='lat' dir='ltr'>in</span> <span class='ocrx_word' id='word_1_120' title='bbox 810 748 886 772; x_wconf 83' lang='lat' dir='ltr'>odore</span> <span class='ocrx_word' id='word_1_121' title='bbox 911 755 960 772; x_wconf 73' lang='lat' dir='ltr'>urt-</span> 
     </span>
     <span class='ocr_line' id='line_1_16' title="bbox 113 791 959 825; baseline -0.002 -8"><span class='ocrx_word' id='word_1_122' title='bbox 113 793 266 825; x_wconf 58' lang='lat' dir='ltr'>¹(retentorum</span> <span class='ocrx_word' id='word_1_123' title='bbox 278 794 382 817; x_wconf 81' lang='lat' dir='ltr'>tuorum</span> <span class='ocrx_word' id='word_1_124' title='bbox 394 792 412 823; x_wconf 80' lang='lat'>⁸,</span> <span class='ocrx_word' id='word_1_125' title='bbox 425 792 501 817; x_wconf 82' lang='lat' dir='ltr'>donec</span> <span class='ocrx_word' id='word_1_126' title='bbox 512 791 703 817; x_wconf 72' lang='lat' dir='ltr'>introducantur</span> <span class='ocrx_word' id='word_1_127' title='bbox 716 798 731 816; x_wconf 86' lang='lat' dir='ltr'>a</span> <span class='ocrx_word' id='word_1_128' title='bbox 743 791 781 820; x_wconf 89' lang='lat' dir='ltr'>te,</span> <span class='ocrx_word' id='word_1_129' title='bbox 796 791 847 815; x_wconf 81' lang='lat' dir='ltr'>Rex</span> <span class='ocrx_word' id='word_1_130' title='bbox 859 798 959 822; x_wconf 82' lang='lat' dir='ltr'>regum,</span> 
     </span>
     <span class='ocr_line' id='line_1_17' title="bbox 114 833 959 866; baseline -0.001 -7"><span class='ocrx_word' id='word_1_131' title='bbox 114 835 142 860; x_wconf 77' lang='lat' dir='ltr'>in</span> <span class='ocrx_word' id='word_1_132' title='bbox 160 834 268 860; x_wconf 70' lang='lat' dir='ltr'>cellaria</span> <span class='ocrx_word' id='word_1_133' title='bbox 286 835 330 859; x_wconf 91' lang='lat' dir='ltr'>tna</span> <span class='ocrx_word' id='word_1_134' title='bbox 348 835 483 866; x_wconf 73' lang='lat' dir='ltr'>bibantque</span> <span class='ocrx_word' id='word_1_135' title='bbox 501 835 590 859; x_wconf 75' lang='lat' dir='ltr'>vinam</span> <span class='ocrx_word' id='word_1_136' title='bbox 608 834 764 859; x_wconf 80' lang='lat' dir='ltr'>dulcissimae</span> <span class='ocrx_word' id='word_1_137' title='bbox 782 833 959 858; x_wconf 78' lang='lat' dir='ltr'>consolationis</span> 
     </span>
     <span class='ocr_line' id='line_1_18' title="bbox 114 877 959 908; baseline -0.002 -6"><span class='ocrx_word' id='word_1_138' title='bbox 114 877 171 902; x_wconf 88' lang='lat' dir='ltr'>tuae</span> <span class='ocrx_word' id='word_1_139' title='bbox 190 878 219 902; x_wconf 78' lang='lat' dir='ltr'>in</span> <span class='ocrx_word' id='word_1_140' title='bbox 238 878 397 903; x_wconf 75' lang='lat' dir='ltr'>iucunditate</span> <span class='ocrx_word' id='word_1_141' title='bbox 415 877 495 902; x_wconf 90' lang='lat' dir='ltr'>cordis</span> <span class='ocrx_word' id='word_1_142' title='bbox 514 877 551 901; x_wconf 89' lang='lat' dir='ltr'>tui</span> <span class='ocrx_word' id='word_1_143' title='bbox 569 877 720 908; x_wconf 83' lang='lat' dir='ltr'>audiantque</span> <span class='ocrx_word' id='word_1_144' title='bbox 733 877 907 901; x_wconf 86' lang='lat' dir='ltr'>suavissimam</span> <span class='ocrx_word' id='word_1_145' title='bbox 920 883 959 901; x_wconf 89' lang='lat' dir='ltr'>vo-</span> 
     </span>
     <span class='ocr_line' id='line_1_19' title="bbox 114 919 957 950; baseline -0.002 -5"><span class='ocrx_word' id='word_1_146' title='bbox 114 927 167 945; x_wconf 84' lang='lat' dir='ltr'>cem</span> <span class='ocrx_word' id='word_1_147' title='bbox 191 920 261 945; x_wconf 89' lang='lat' dir='ltr'>tuam</span> <span class='ocrx_word' id='word_1_148' title='bbox 284 920 422 950; x_wconf 75' lang='lat' dir='ltr'>dIcentem:</span> <span class='ocrx_word' id='word_1_149' title='bbox 446 920 534 944; x_wconf 73' lang='lat' dir='ltr'>Bibite</span> <span class='ocrx_word' id='word_1_150' title='bbox 562 921 585 944; x_wconf 80' lang='lat' dir='ltr'>et</span> <span class='ocrx_word' id='word_1_151' title='bbox 609 919 789 950; x_wconf 74' lang='lat' dir='ltr'>inebriamini,</span> <span class='ocrx_word' id='word_1_152' title='bbox 814 919 957 950; x_wconf 78' lang='lat' dir='ltr'>carissimi,</span> 
     </span>
     <span class='ocr_line' id='line_1_20' title="bbox 114 962 959 994; baseline -0.002 -6"><span class='ocrx_word' id='word_1_153' title='bbox 114 963 287 994; x_wconf 59' lang='lat' dir='ltr'>sentiautwe,</span> <span class='ocrx_word' id='word_1_154' title='bbox 309 963 423 994; x_wconf 86' lang='lat' dir='ltr'>indignos</span> <span class='ocrx_word' id='word_1_155' title='bbox 451 970 466 987; x_wconf 89' lang='lat' dir='ltr'>a</span> <span class='ocrx_word' id='word_1_156' title='bbox 493 962 518 987; x_wconf 90' lang='lat' dir='ltr'>te</span> <span class='ocrx_word' id='word_1_157' title='bbox 542 962 624 994; x_wconf 85' lang='lat' dir='ltr'>gratis</span> <span class='ocrx_word' id='word_1_158' title='bbox 648 963 741 992; x_wconf 82' lang='lat' dir='ltr'>amari,</span> <span class='ocrx_word' id='word_1_159' title='bbox 760 962 907 986; x_wconf 84' lang='lat' dir='ltr'>amicissime</span> <span class='ocrx_word' id='word_1_160' title='bbox 934 962 959 986; x_wconf 90' lang='lat' dir='ltr'>et</span> 
     </span>
    </p>
   </div>
   <div class='ocr_carea' id='block_1_6' title="bbox 17 1003 958 1037">
    <p class='ocr_par' dir='ltr' id='par_1_7' title="bbox 17 1003 958 1037">
     <span class='ocr_line' id='line_1_21' title="bbox 17 1003 958 1037; baseline 0.001 -9"><span class='ocrx_word' id='word_1_161' title='bbox 17 1009 100 1034; x_wconf 66' lang='lat' dir='ltr'>virgines.</span> <span class='ocrx_word' id='word_1_162' title='bbox 113 1006 256 1037; x_wconf 81' lang='lat' dir='ltr'>gratissime</span> <span class='ocrx_word' id='word_1_163' title='bbox 267 1005 334 1030; x_wconf 90' lang='lat' dir='ltr'>Iesu.</span> <span class='ocrx_word' id='word_1_164' title='bbox 347 1019 382 1023; x_wconf 76' lang='lat'>——</span> <span class='ocrx_word' id='word_1_165' title='bbox 395 1005 501 1030; x_wconf 85' lang='lat' dir='ltr'>Videsne</span> <span class='ocrx_word' id='word_1_166' title='bbox 513 1005 605 1036; x_wconf 85' lang='lat' dir='ltr'>igitur,</span> <span class='ocrx_word' id='word_1_167' title='bbox 624 1011 742 1036; x_wconf 89' lang='lat' dir='ltr'>quorsum</span> <span class='ocrx_word' id='word_1_168' title='bbox 761 1003 866 1029; x_wconf 76' lang='lat' dir='ltr'>tendant</span> <span class='ocrx_word' id='word_1_169' title='bbox 883 1004 958 1029; x_wconf 89' lang='lat' dir='ltr'>verba</span> 
     </span>
    </p>
   </div>
   <div class='ocr_carea' id='block_1_7' title="bbox 113 1048 959 1507">
    <p class='ocr_par' dir='ltr' id='par_1_8' title="bbox 113 1048 959 1464">
     <span class='ocr_line' id='line_1_22' title="bbox 113 1048 959 1080; baseline -0.001 -7"><span class='ocrx_word' id='word_1_170' title='bbox 113 1048 227 1074; x_wconf 84' lang='lat' dir='ltr'>caritatis</span> <span class='ocrx_word' id='word_1_171' title='bbox 246 1048 272 1073; x_wconf 89' lang='lat' dir='ltr'>et</span> <span class='ocrx_word' id='word_1_172' title='bbox 290 1049 413 1080; x_wconf 85' lang='lat' dir='ltr'>passionis</span> <span class='ocrx_word' id='word_1_173' title='bbox 430 1048 531 1079; x_wconf 84' lang='lat' dir='ltr'>benigni</span> <span class='ocrx_word' id='word_1_174' title='bbox 549 1048 626 1072; x_wconf 76' lang='lat' dir='ltr'>Iesu?</span> <span class='ocrx_word' id='word_1_175' title='bbox 644 1048 714 1072; x_wconf 81' lang='lat' dir='ltr'>cuius</span> <span class='ocrx_word' id='word_1_176' title='bbox 726 1054 827 1077; x_wconf 89' lang='lat' dir='ltr'>nomen,</span> <span class='ocrx_word' id='word_1_177' title='bbox 840 1048 910 1078; x_wconf 79' lang='lat' dir='ltr'>quod</span> <span class='ocrx_word' id='word_1_178' title='bbox 921 1048 959 1072; x_wconf 78' lang='lat' dir='ltr'>est</span> 
     </span>
     <span class='ocr_line' id='line_1_23' title="bbox 113 1090 958 1123; baseline -0.002 -7"><span class='ocrx_word' id='word_1_179' title='bbox 113 1099 192 1123; x_wconf 75' lang='lat' dir='ltr'>super</span> <span class='ocrx_word' id='word_1_180' title='bbox 201 1098 274 1116; x_wconf 77' lang='lat' dir='ltr'>omne</span> <span class='ocrx_word' id='word_1_181' title='bbox 283 1098 376 1116; x_wconf 82' lang='lat' dir='ltr'>nomen</span> <span class='ocrx_word' id='word_1_182' title='bbox 385 1093 403 1121; x_wconf 84' lang='lat'>⁴,</span> <span class='ocrx_word' id='word_1_183' title='bbox 415 1091 479 1116; x_wconf 89' lang='lat' dir='ltr'>nulli</span> <span class='ocrx_word' id='word_1_184' title='bbox 492 1090 575 1122; x_wconf 89' lang='lat' dir='ltr'>potius</span> <span class='ocrx_word' id='word_1_185' title='bbox 587 1091 778 1120; x_wconf 79' lang='lat' dir='ltr'>nominandum,</span> <span class='ocrx_word' id='word_1_186' title='bbox 789 1090 853 1115; x_wconf 90' lang='lat' dir='ltr'>nulli</span> <span class='ocrx_word' id='word_1_187' title='bbox 862 1090 958 1115; x_wconf 87' lang='lat' dir='ltr'>dulcius</span> 
     </span>
     <span class='ocr_line' id='line_1_24' title="bbox 115 1133 959 1166; baseline -0.002 -7"><span class='ocrx_word' id='word_1_188' title='bbox 115 1134 260 1166; x_wconf 86' lang='lat' dir='ltr'>sapiendum</span> <span class='ocrx_word' id='word_1_189' title='bbox 279 1134 317 1159; x_wconf 83' lang='lat' dir='ltr'>est</span> <span class='ocrx_word' id='word_1_190' title='bbox 336 1141 410 1165; x_wconf 89' lang='lat' dir='ltr'>quam</span> <span class='ocrx_word' id='word_1_191' title='bbox 434 1133 574 1165; x_wconf 77' lang='lat' dir='ltr'>virginibus</span> <span class='ocrx_word' id='word_1_192' title='bbox 599 1133 689 1163; x_wconf 86' lang='lat' dir='ltr'>sacris,</span> <span class='ocrx_word' id='word_1_193' title='bbox 710 1134 809 1164; x_wconf 82' lang='lat' dir='ltr'>sponsis</span> <span class='ocrx_word' id='word_1_194' title='bbox 836 1134 901 1162; x_wconf 84' lang='lat' dir='ltr'>eius,</span> <span class='ocrx_word' id='word_1_195' title='bbox 930 1133 959 1158; x_wconf 83' lang='lat' dir='ltr'>ut</span> 
     </span>
     <span class='ocr_line' id='line_1_25' title="bbox 114 1176 957 1209; baseline -0.001 -7"><span class='ocrx_word' id='word_1_196' title='bbox 114 1183 242 1209; x_wconf 85' lang='lat' dir='ltr'>nunquam</span> <span class='ocrx_word' id='word_1_197' title='bbox 260 1177 292 1201; x_wconf 86' lang='lat' dir='ltr'>ab</span> <span class='ocrx_word' id='word_1_198' title='bbox 314 1184 399 1201; x_wconf 86' lang='lat' dir='ltr'>earum</span> <span class='ocrx_word' id='word_1_199' title='bbox 424 1183 465 1202; x_wconf 90' lang='lat' dir='ltr'>ore</span> <span class='ocrx_word' id='word_1_200' title='bbox 490 1176 588 1201; x_wconf 85' lang='lat' dir='ltr'>recedat</span> <span class='ocrx_word' id='word_1_201' title='bbox 612 1183 701 1201; x_wconf 92' lang='lat' dir='ltr'>nomen</span> <span class='ocrx_word' id='word_1_202' title='bbox 725 1176 861 1201; x_wconf 81' lang='lat' dir='ltr'>dulcissimi</span> <span class='ocrx_word' id='word_1_203' title='bbox 885 1177 957 1206; x_wconf 80' lang='lat' dir='ltr'>Iesu,</span> 
     </span>
     <span class='ocr_line' id='line_1_26' title="bbox 113 1219 958 1252; baseline -0.001 -7"><span class='ocrx_word' id='word_1_204' title='bbox 113 1227 162 1252; x_wconf 87' lang='lat' dir='ltr'>quo</span> <span class='ocrx_word' id='word_1_205' title='bbox 179 1220 228 1251; x_wconf 85' lang='lat' dir='ltr'>ipsi</span> <span class='ocrx_word' id='word_1_206' title='bbox 246 1219 320 1251; x_wconf 89' lang='lat' dir='ltr'>Agno</span> <span class='ocrx_word' id='word_1_207' title='bbox 337 1219 451 1245; x_wconf 84' lang='lat' dir='ltr'>caelestis</span> <span class='ocrx_word' id='word_1_208' title='bbox 469 1219 555 1244; x_wconf 89' lang='lat' dir='ltr'>Patris</span> <span class='ocrx_word' id='word_1_209' title='bbox 572 1219 695 1244; x_wconf 88' lang='lat' dir='ltr'>canticum</span> <span class='ocrx_word' id='word_1_210' title='bbox 714 1226 805 1244; x_wconf 86' lang='lat' dir='ltr'>novum</span> <span class='ocrx_word' id='word_1_211' title='bbox 824 1220 890 1244; x_wconf 83' lang='lat' dir='ltr'>solae</span> <span class='ocrx_word' id='word_1_212' title='bbox 903 1226 958 1244; x_wconf 89' lang='lat' dir='ltr'>can-</span> 
     </span>
     <span class='ocr_line' id='line_1_27' title="bbox 115 1261 958 1294; baseline 0 -7"><span class='ocrx_word' id='word_1_213' title='bbox 115 1261 215 1287; x_wconf 85' lang='lat' dir='ltr'>tabunt.</span> <span class='ocrx_word' id='word_1_214' title='bbox 227 1262 334 1293; x_wconf 87' lang='lat' dir='ltr'>Incipite</span> <span class='ocrx_word' id='word_1_215' title='bbox 346 1269 405 1294; x_wconf 83' lang='lat' dir='ltr'>ergo</span> <span class='ocrx_word' id='word_1_216' title='bbox 417 1263 480 1292; x_wconf 89' lang='lat' dir='ltr'>iam,</span> <span class='ocrx_word' id='word_1_217' title='bbox 494 1262 616 1293; x_wconf 85' lang='lat' dir='ltr'>quantum</span> <span class='ocrx_word' id='word_1_218' title='bbox 629 1262 667 1287; x_wconf 86' lang='lat' dir='ltr'>fas</span> <span class='ocrx_word' id='word_1_219' title='bbox 680 1261 730 1291; x_wconf 89' lang='lat' dir='ltr'>est,</span> <span class='ocrx_word' id='word_1_220' title='bbox 743 1269 757 1287; x_wconf 94' lang='grc'><strong>0</strong></span> <span class='ocrx_word' id='word_1_221' title='bbox 770 1263 880 1294; x_wconf 81' lang='lat' dir='ltr'>virgines</span> <span class='ocrx_word' id='word_1_222' title='bbox 889 1280 895 1292; x_wconf 88' lang='lat'>,</span> <span class='ocrx_word' id='word_1_223' title='bbox 908 1262 958 1287; x_wconf 83' lang='lat' dir='ltr'>frui</span> 
     </span>
     <span class='ocr_line' id='line_1_28' title="bbox 113 1304 958 1336; baseline -0.001 -6"><span class='ocrx_word' id='word_1_224' title='bbox 113 1305 209 1336; x_wconf 81' lang='lat' dir='ltr'>Sponso</span> <span class='ocrx_word' id='word_1_225' title='bbox 221 1305 314 1334; x_wconf 87' lang='lat' dir='ltr'>vestro,</span> <span class='ocrx_word' id='word_1_226' title='bbox 326 1305 407 1336; x_wconf 89' lang='lat' dir='ltr'>ipsum</span> <span class='ocrx_word' id='word_1_227' title='bbox 422 1312 518 1336; x_wconf 86' lang='lat' dir='ltr'>semper</span> <span class='ocrx_word' id='word_1_228' title='bbox 530 1305 556 1329; x_wconf 93' lang='lat' dir='ltr'>in</span> <span class='ocrx_word' id='word_1_229' title='bbox 569 1304 647 1333; x_wconf 79' lang='lat' dir='ltr'>corde,</span> <span class='ocrx_word' id='word_1_230' title='bbox 661 1311 759 1336; x_wconf 86' lang='lat' dir='ltr'>semper</span> <span class='ocrx_word' id='word_1_231' title='bbox 770 1305 795 1329; x_wconf 88' lang='lat' dir='ltr'>in</span> <span class='ocrx_word' id='word_1_232' title='bbox 809 1312 850 1330; x_wconf 86' lang='lat' dir='ltr'>ore</span> <span class='ocrx_word' id='word_1_233' title='bbox 859 1305 958 1336; x_wconf 83' lang='lat' dir='ltr'>gestan-</span> 
     </span>
     <span class='ocr_line' id='line_1_29' title="bbox 114 1346 958 1377; baseline -0.001 -5"><span class='ocrx_word' id='word_1_234' title='bbox 114 1347 165 1377; x_wconf 88' lang='lat' dir='ltr'>tes,</span> <span class='ocrx_word' id='word_1_235' title='bbox 185 1347 214 1372; x_wconf 90' lang='lat' dir='ltr'>ut</span> <span class='ocrx_word' id='word_1_236' title='bbox 231 1347 295 1372; x_wconf 88' lang='lat' dir='ltr'>fiant</span> <span class='ocrx_word' id='word_1_237' title='bbox 314 1348 335 1372; x_wconf 85' lang='lat' dir='ltr'>ei</span> <span class='ocrx_word' id='word_1_238' title='bbox 354 1348 422 1372; x_wconf 75' lang='lat' dir='ltr'>sicut</span> <span class='ocrx_word' id='word_1_239' title='bbox 438 1348 503 1372; x_wconf 72' lang='lat' dir='ltr'>vitta</span> <span class='ocrx_word' id='word_1_240' title='bbox 519 1347 633 1372; x_wconf 73' lang='lat' dir='ltr'>coccinea</span> <span class='ocrx_word' id='word_1_241' title='bbox 652 1346 722 1372; x_wconf 74' lang='lat' dir='ltr'>labia</span> <span class='ocrx_word' id='word_1_242' title='bbox 741 1347 839 1376; x_wconf 82' lang='lat' dir='ltr'>vestra,</span> <span class='ocrx_word' id='word_1_243' title='bbox 865 1349 889 1372; x_wconf 75' lang='lat' dir='ltr'>et</span> <span class='ocrx_word' id='word_1_244' title='bbox 907 1347 958 1372; x_wconf 78' lang='lat' dir='ltr'>elo-</span> 
     </span>
     <span class='ocr_line' id='line_1_30' title="bbox 113 1389 957 1421; baseline 0 -7"><span class='ocrx_word' id='word_1_245' title='bbox 113 1390 204 1421; x_wconf 74' lang='lat' dir='ltr'>quiwm</span> <span class='ocrx_word' id='word_1_246' title='bbox 216 1389 288 1414; x_wconf 64' lang='lat' dir='ltr'>diolco</span> <span class='ocrx_word' id='word_1_247' title='bbox 301 1392 320 1421; x_wconf 81' lang='lat'>⁵,</span> <span class='ocrx_word' id='word_1_248' title='bbox 336 1390 365 1415; x_wconf 89' lang='lat' dir='ltr'>ut</span> <span class='ocrx_word' id='word_1_249' title='bbox 383 1390 472 1421; x_wconf 86' lang='lat' dir='ltr'>dignae</span> <span class='ocrx_word' id='word_1_250' title='bbox 484 1390 624 1414; x_wconf 87' lang='lat' dir='ltr'>habeamini</span> <span class='ocrx_word' id='word_1_251' title='bbox 638 1389 794 1420; x_wconf 87' lang='lat' dir='ltr'>postmodum</span> <span class='ocrx_word' id='word_1_252' title='bbox 807 1390 913 1415; x_wconf 81' lang='lat' dir='ltr'>osculari</span> <span class='ocrx_word' id='word_1_253' title='bbox 926 1389 957 1414; x_wconf 93' lang='lat' dir='ltr'>ab</span> 
     </span>
     <span class='ocr_line' id='line_1_31' title="bbox 113 1432 957 1464; baseline -0.001 -6"><span class='ocrx_word' id='word_1_254' title='bbox 113 1433 196 1458; x_wconf 85' lang='lat' dir='ltr'>osculo</span> <span class='ocrx_word' id='word_1_255' title='bbox 209 1433 259 1458; x_wconf 87' lang='lat' dir='ltr'>oris</span> <span class='ocrx_word' id='word_1_256' title='bbox 271 1433 323 1458; x_wconf 85' lang='lat' dir='ltr'>eius</span> <span class='ocrx_word' id='word_1_257' title='bbox 336 1433 361 1458; x_wconf 89' lang='lat' dir='ltr'>et</span> <span class='ocrx_word' id='word_1_258' title='bbox 372 1433 404 1457; x_wconf 90' lang='lat' dir='ltr'>ab</span> <span class='ocrx_word' id='word_1_259' title='bbox 416 1433 470 1464; x_wconf 87' lang='lat' dir='ltr'>ipso</span> <span class='ocrx_word' id='word_1_260' title='bbox 483 1432 509 1457; x_wconf 91' lang='lat' dir='ltr'>in</span> <span class='ocrx_word' id='word_1_261' title='bbox 521 1432 651 1457; x_wconf 83' lang='lat' dir='ltr'>caelestem</span> <span class='ocrx_word' id='word_1_262' title='bbox 668 1432 808 1457; x_wconf 80' lang='lat' dir='ltr'>thalamum</span> <span class='ocrx_word' id='word_1_263' title='bbox 826 1432 957 1458; x_wconf 82' lang='lat' dir='ltr'>introduci.</span> 
     </span>
    </p>

    <p class='ocr_par' dir='ltr' id='par_1_9' title="bbox 185 1475 957 1507">
     <span class='ocr_line' id='line_1_32' title="bbox 185 1475 957 1507; baseline 0 -7"><span class='ocrx_word' id='word_1_264' title='bbox 185 1475 245 1500; x_wconf 88' lang='lat'>113.</span> <span class='ocrx_word' id='word_1_265' title='bbox 264 1475 338 1500; x_wconf 82' lang='lat' dir='ltr'>Sexta</span> <span class='ocrx_word' id='word_1_266' title='bbox 356 1475 381 1500; x_wconf 90' lang='lat' dir='ltr'>et</span> <span class='ocrx_word' id='word_1_267' title='bbox 398 1475 488 1500; x_wconf 79' lang='lat' dir='ltr'>ultima</span> <span class='ocrx_word' id='word_1_268' title='bbox 506 1482 595 1505; x_wconf 87' lang='lat' dir='ltr'>causa,</span> <span class='ocrx_word' id='word_1_269' title='bbox 615 1476 718 1506; x_wconf 85' lang='lat' dir='ltr'>propter</span> <span class='ocrx_word' id='word_1_270' title='bbox 737 1482 811 1506; x_wconf 88' lang='lat' dir='ltr'>quam</span> <span class='ocrx_word' id='word_1_271' title='bbox 824 1475 957 1507; x_wconf 83' lang='lat' dir='ltr'>virginitas</span> 
     </span>
    </p>
   </div>
   <div class='ocr_carea' id='block_1_8' title="bbox 0 1518 957 1593">
    <p class='ocr_par' dir='ltr' id='par_1_10' title="bbox 0 1518 957 1593">
     <span class='ocr_line' id='line_1_33' title="bbox 0 1518 956 1552; baseline -0.001 -8"><span class='ocrx_word' id='word_1_272' title='bbox 0 1524 102 1552; x_wconf 39' lang='lat' dir='ltr'>rerum-10·</span> <span class='ocrx_word' id='word_1_273' title='bbox 113 1518 152 1543; x_wconf 87' lang='lat' dir='ltr'>est</span> <span class='ocrx_word' id='word_1_274' title='bbox 170 1518 324 1550; x_wconf 87' lang='lat' dir='ltr'>appetenda,</span> <span class='ocrx_word' id='word_1_275' title='bbox 338 1519 406 1544; x_wconf 82' lang='lat' dir='ltr'>sexto</span> <span class='ocrx_word' id='word_1_276' title='bbox 420 1518 488 1544; x_wconf 87' lang='lat' dir='ltr'>floris</span> <span class='ocrx_word' id='word_1_277' title='bbox 501 1518 547 1543; x_wconf 93' lang='lat' dir='ltr'>lilii</span> <span class='ocrx_word' id='word_1_278' title='bbox 560 1518 617 1543; x_wconf 81' lang='lat' dir='ltr'>folio</span> <span class='ocrx_word' id='word_1_279' title='bbox 631 1518 784 1550; x_wconf 82' lang='lat' dir='ltr'>designatur.</span> <span class='ocrx_word' id='word_1_280' title='bbox 797 1518 956 1548; x_wconf 78' lang='lat' dir='ltr'>ostenditur,</span> 
     </span>
     <span class='ocr_line' id='line_1_34' title="bbox 23 1553 957 1593; baseline 0 -7"><span class='ocrx_word' id='word_1_281' title='bbox 23 1553 104 1590; x_wconf 54' lang='grc' dir='ltr'>ῗζῗέᾎῗᾷ</span> <span class='ocrx_word' id='word_1_282' title='bbox 113 1568 176 1593; x_wconf 87' lang='lat' dir='ltr'>quae</span> <span class='ocrx_word' id='word_1_283' title='bbox 195 1561 229 1586; x_wconf 89' lang='lat' dir='ltr'>sit</span> <span class='ocrx_word' id='word_1_284' title='bbox 246 1561 307 1586; x_wconf 81' lang='lat' dir='ltr'>haec</span> <span class='ocrx_word' id='word_1_285' title='bbox 324 1569 413 1591; x_wconf 87' lang='lat' dir='ltr'>causa,</span> <span class='ocrx_word' id='word_1_286' title='bbox 432 1561 573 1586; x_wconf 88' lang='lat' dir='ltr'>testimonio</span> <span class='ocrx_word' id='word_1_287' title='bbox 592 1561 673 1586; x_wconf 79' lang='lat' dir='ltr'>Isaiae</span> <span class='ocrx_word' id='word_1_288' title='bbox 692 1561 728 1585; x_wconf 89' lang='lat' dir='ltr'>ita</span> <span class='ocrx_word' id='word_1_289' title='bbox 746 1561 850 1586; x_wconf 83' lang='lat' dir='ltr'>dicentis</span> <span class='ocrx_word' id='word_1_290' title='bbox 862 1562 886 1586; x_wconf 85' lang='lat'>⁰:</span> <span class='ocrx_word' id='word_1_291' title='bbox 900 1561 957 1586; x_wconf 82' lang='lat' dir='ltr'>Eu-</span> 
     </span>
    </p>
   </div>
   <div class='ocr_carea' id='block_1_9' title="bbox 18 1594 93 1614">
    <p class='ocr_par' dir='ltr' id='par_1_11' title="bbox 18 1594 93 1614">
     <span class='ocr_line' id='line_1_35' title="bbox 18 1594 93 1614; baseline 0 0"><span class='ocrx_word' id='word_1_292' title='bbox 18 1594 23 1598; x_wconf 91' lang='grc'><em>“</em></span> <span class='ocrx_word' id='word_1_293' title='bbox 37 1594 93 1614; x_wconf 76' lang='lat' dir='ltr'>hahe-</span> 
     </span>
    </p>
   </div>
   <div class='ocr_carea' id='block_1_10' title="bbox 109 1603 958 2192">
    <p class='ocr_par' dir='ltr' id='par_1_12' title="bbox 109 1603 958 2192">
     <span class='ocr_line' id='line_1_36' title="bbox 112 1603 957 1635; baseline 0 -7"><span class='ocrx_word' id='word_1_294' title='bbox 112 1604 216 1635; x_wconf 77' lang='lat' dir='ltr'>mwhis,</span> <span class='ocrx_word' id='word_1_295' title='bbox 235 1604 261 1628; x_wconf 86' lang='lat' dir='ltr'>id</span> <span class='ocrx_word' id='word_1_296' title='bbox 278 1604 318 1629; x_wconf 86' lang='lat' dir='ltr'>est</span> <span class='ocrx_word' id='word_1_297' title='bbox 335 1604 474 1635; x_wconf 81' lang='lat' dir='ltr'>virginibus</span> <span class='ocrx_word' id='word_1_298' title='bbox 493 1604 568 1633; x_wconf 90' lang='lat' dir='ltr'>meis,</span> <span class='ocrx_word' id='word_1_299' title='bbox 587 1603 652 1628; x_wconf 82' lang='lat' dir='ltr'>dabo</span> <span class='ocrx_word' id='word_1_300' title='bbox 671 1604 698 1628; x_wconf 76' lang='lat' dir='ltr'>in</span> <span class='ocrx_word' id='word_1_301' title='bbox 716 1603 790 1628; x_wconf 75' lang='lat' dir='ltr'>domo</span> <span class='ocrx_word' id='word_1_302' title='bbox 808 1611 865 1629; x_wconf 77' lang='lat' dir='ltr'>mea</span> <span class='ocrx_word' id='word_1_303' title='bbox 888 1605 912 1629; x_wconf 82' lang='lat' dir='ltr'>et</span> <span class='ocrx_word' id='word_1_304' title='bbox 929 1603 957 1628; x_wconf 77' lang='lat' dir='ltr'>in</span> 
     </span>
     <span class='ocr_line' id='line_1_37' title="bbox 112 1646 957 1678; baseline -0.001 -6"><span class='ocrx_word' id='word_1_305' title='bbox 112 1653 186 1672; x_wconf 81' lang='lat' dir='ltr'>muro</span> <span class='ocrx_word' id='word_1_306' title='bbox 205 1652 260 1672; x_wconf 86' lang='lat' dir='ltr'>meo</span> <span class='ocrx_word' id='word_1_307' title='bbox 279 1647 362 1672; x_wconf 79' lang='lat' dir='ltr'>locum</span> <span class='ocrx_word' id='word_1_308' title='bbox 385 1647 548 1671; x_wconf 71' lang='lat' dir='ltr'>nominatum</span> <span class='ocrx_word' id='word_1_309' title='bbox 572 1647 653 1672; x_wconf 77' lang='lat' dir='ltr'>mulio</span> <span class='ocrx_word' id='word_1_310' title='bbox 678 1646 808 1671; x_wconf 74' lang='lat' dir='ltr'>meliorem</span> <span class='ocrx_word' id='word_1_311' title='bbox 833 1654 912 1678; x_wconf 75' lang='lat' dir='ltr'>quam</span> <span class='ocrx_word' id='word_1_312' title='bbox 930 1647 957 1677; x_wconf 75' lang='lat' dir='ltr'>fi-</span> 
     </span>
     <span class='ocr_line' id='line_1_38' title="bbox 113 1690 958 1722; baseline -0.001 -7"><span class='ocrx_word' id='word_1_313' title='bbox 113 1690 208 1715; x_wconf 72' lang='lat' dir='ltr'>tiorum</span> <span class='ocrx_word' id='word_1_314' title='bbox 227 1691 303 1721; x_wconf 79' lang='lat' dir='ltr'>atque</span> <span class='ocrx_word' id='word_1_315' title='bbox 321 1690 452 1720; x_wconf 75' lang='lat' dir='ltr'>filiarum;</span> <span class='ocrx_word' id='word_1_316' title='bbox 469 1697 561 1714; x_wconf 74' lang='lat' dir='ltr'>nomen</span> <span class='ocrx_word' id='word_1_317' title='bbox 580 1691 711 1714; x_wconf 74' lang='lat' dir='ltr'>aeternum</span> <span class='ocrx_word' id='word_1_318' title='bbox 730 1690 795 1714; x_wconf 76' lang='lat' dir='ltr'>dabo</span> <span class='ocrx_word' id='word_1_319' title='bbox 816 1691 867 1722; x_wconf 76' lang='lat' dir='ltr'>eis,</span> <span class='ocrx_word' id='word_1_320' title='bbox 890 1690 958 1721; x_wconf 74' lang='lat' dir='ltr'>quod</span> 
     </span>
     <span class='ocr_line' id='line_1_39' title="bbox 110 1732 956 1765; baseline 0.001 -8"><span class='ocrx_word' id='word_1_321' title='bbox 110 1739 248 1764; x_wconf 71' lang='lat' dir='ltr'>nunquam</span> <span class='ocrx_word' id='word_1_322' title='bbox 267 1732 371 1763; x_wconf 71' lang='lat' dir='ltr'>deficiet.</span> <span class='ocrx_word' id='word_1_323' title='bbox 389 1732 410 1758; x_wconf 92' lang='lat' dir='ltr'>O</span> <span class='ocrx_word' id='word_1_324' title='bbox 423 1733 528 1758; x_wconf 87' lang='lat' dir='ltr'>sublime</span> <span class='ocrx_word' id='word_1_325' title='bbox 541 1733 658 1757; x_wconf 85' lang='lat' dir='ltr'>meritum</span> <span class='ocrx_word' id='word_1_326' title='bbox 670 1733 810 1764; x_wconf 75' lang='lat' dir='ltr'>virginum,</span> <span class='ocrx_word' id='word_1_327' title='bbox 824 1740 837 1758; x_wconf 92' lang='lat' dir='ltr'>o</span> <span class='ocrx_word' id='word_1_328' title='bbox 850 1733 956 1765; x_wconf 84' lang='lat' dir='ltr'>gloriam</span> 
     </span>
     <span class='ocr_line' id='line_1_40' title="bbox 111 1774 957 1808; baseline 0.001 -8"><span class='ocrx_word' id='word_1_329' title='bbox 111 1775 285 1805; x_wconf 80' lang='lat' dir='ltr'>excellentem,</span> <span class='ocrx_word' id='word_1_330' title='bbox 304 1782 318 1800; x_wconf 91' lang='lat' dir='ltr'>o</span> <span class='ocrx_word' id='word_1_331' title='bbox 336 1776 473 1806; x_wconf 82' lang='lat' dir='ltr'>praemium</span> <span class='ocrx_word' id='word_1_332' title='bbox 492 1775 597 1806; x_wconf 84' lang='lat' dir='ltr'>speciale</span> <span class='ocrx_word' id='word_1_333' title='bbox 611 1775 633 1799; x_wconf 91' lang='lat'>⁷!</span> <span class='ocrx_word' id='word_1_334' title='bbox 654 1774 752 1807; x_wconf 80' lang='lat' dir='ltr'>Legant</span> <span class='ocrx_word' id='word_1_335' title='bbox 769 1776 794 1800; x_wconf 87' lang='lat' dir='ltr'>et</span> <span class='ocrx_word' id='word_1_336' title='bbox 812 1775 957 1808; x_wconf 81' lang='lat' dir='ltr'>intelligant</span> 
     </span>
     <span class='ocr_line' id='line_1_41' title="bbox 111 1818 957 1849; baseline 0.001 -7"><span class='ocrx_word' id='word_1_337' title='bbox 111 1818 289 1849; x_wconf 81' lang='lat' dir='ltr'>memoriaeque</span> <span class='ocrx_word' id='word_1_338' title='bbox 307 1818 478 1843; x_wconf 86' lang='lat' dir='ltr'>commendent</span> <span class='ocrx_word' id='word_1_339' title='bbox 495 1818 598 1843; x_wconf 84' lang='lat' dir='ltr'>verbum</span> <span class='ocrx_word' id='word_1_340' title='bbox 618 1818 677 1848; x_wconf 87' lang='lat' dir='ltr'>hoc,</span> <span class='ocrx_word' id='word_1_341' title='bbox 696 1818 799 1843; x_wconf 86' lang='lat' dir='ltr'>verbum</span> <span class='ocrx_word' id='word_1_342' title='bbox 822 1818 913 1844; x_wconf 90' lang='lat' dir='ltr'>bonum</span> <span class='ocrx_word' id='word_1_343' title='bbox 932 1819 957 1844; x_wconf 86' lang='lat' dir='ltr'>et</span> 
     </span>
     <span class='ocr_line' id='line_1_42' title="bbox 113 1861 957 1893; baseline 0.001 -8"><span class='ocrx_word' id='word_1_344' title='bbox 113 1867 202 1890; x_wconf 81' lang='lat' dir='ltr'>suave,</span> <span class='ocrx_word' id='word_1_345' title='bbox 220 1861 331 1892; x_wconf 83' lang='lat' dir='ltr'>virgines</span> <span class='ocrx_word' id='word_1_346' title='bbox 349 1868 447 1891; x_wconf 78' lang='lat' dir='ltr'>omnes;</span> <span class='ocrx_word' id='word_1_347' title='bbox 468 1862 538 1892; x_wconf 89' lang='lat' dir='ltr'>pueri</span> <span class='ocrx_word' id='word_1_348' title='bbox 558 1862 652 1892; x_wconf 88' lang='lat' dir='ltr'>pariter</span> <span class='ocrx_word' id='word_1_349' title='bbox 671 1861 696 1886; x_wconf 89' lang='lat' dir='ltr'>et</span> <span class='ocrx_word' id='word_1_350' title='bbox 716 1862 812 1893; x_wconf 85' lang='lat' dir='ltr'>puellae</span> <span class='ocrx_word' id='word_1_351' title='bbox 830 1862 957 1893; x_wconf 79' lang='lat' dir='ltr'>gaudeant</span> 
     </span>
     <span class='ocr_line' id='line_1_43' title="bbox 111 1903 955 1938; baseline 0.001 -10"><span class='ocrx_word' id='word_1_352' title='bbox 111 1903 137 1928; x_wconf 89' lang='lat' dir='ltr'>et</span> <span class='ocrx_word' id='word_1_353' title='bbox 154 1903 343 1934; x_wconf 83' lang='lat' dir='ltr'>perseveranter</span> <span class='ocrx_word' id='word_1_354' title='bbox 360 1904 475 1938; x_wconf 81' lang='lat' dir='ltr'>currant,</span> <span class='ocrx_word' id='word_1_355' title='bbox 495 1905 537 1935; x_wconf 91' lang='lat' dir='ltr'>qui</span> <span class='ocrx_word' id='word_1_356' title='bbox 555 1905 604 1928; x_wconf 86' lang='lat' dir='ltr'>iam</span> <span class='ocrx_word' id='word_1_357' title='bbox 623 1904 800 1929; x_wconf 79' lang='lat' dir='ltr'>continentiam</span> <span class='ocrx_word' id='word_1_358' title='bbox 820 1905 955 1935; x_wconf 80' lang='lat' dir='ltr'>voverunt,</span> 
     </span>
     <span class='ocr_line' id='line_1_44' title="bbox 110 1946 956 1978; baseline 0.001 -7"><span class='ocrx_word' id='word_1_359' title='bbox 110 1946 187 1971; x_wconf 89' lang='lat' dir='ltr'>donec</span> <span class='ocrx_word' id='word_1_360' title='bbox 203 1946 422 1977; x_wconf 84' lang='lat' dir='ltr'>comprehendant.</span> <span class='ocrx_word' id='word_1_361' title='bbox 446 1946 558 1971; x_wconf 90' lang='lat' dir='ltr'>Audiant</span> <span class='ocrx_word' id='word_1_362' title='bbox 582 1947 624 1978; x_wconf 89' lang='lat' dir='ltr'>qui</span> <span class='ocrx_word' id='word_1_363' title='bbox 649 1947 758 1972; x_wconf 89' lang='lat' dir='ltr'>nondum</span> <span class='ocrx_word' id='word_1_364' title='bbox 782 1947 906 1972; x_wconf 86' lang='lat' dir='ltr'>voverunt</span> <span class='ocrx_word' id='word_1_365' title='bbox 931 1948 956 1972; x_wconf 85' lang='lat' dir='ltr'>et</span> 
     </span>
     <span class='ocr_line' id='line_1_45' title="bbox 110 1988 955 2020; baseline 0.001 -6"><span class='ocrx_word' id='word_1_366' title='bbox 110 1988 264 2014; x_wconf 84' lang='lat' dir='ltr'>delectentur</span> <span class='ocrx_word' id='word_1_367' title='bbox 282 1989 308 2014; x_wconf 89' lang='lat' dir='ltr'>in</span> <span class='ocrx_word' id='word_1_368' title='bbox 331 1989 464 2014; x_wconf 81' lang='lat' dir='ltr'>altitudine</span> <span class='ocrx_word' id='word_1_369' title='bbox 489 1990 669 2020; x_wconf 88' lang='lat' dir='ltr'>praemiorum,</span> <span class='ocrx_word' id='word_1_370' title='bbox 692 1990 721 2014; x_wconf 89' lang='lat' dir='ltr'>ut</span> <span class='ocrx_word' id='word_1_371' title='bbox 745 1990 852 2015; x_wconf 85' lang='lat' dir='ltr'>voveant</span> <span class='ocrx_word' id='word_1_372' title='bbox 880 1990 955 2015; x_wconf 85' lang='lat' dir='ltr'>etiam</span> 
     </span>
     <span class='ocr_line' id='line_1_46' title="bbox 110 2031 956 2064; baseline 0.001 -8"><span class='ocrx_word' id='word_1_373' title='bbox 110 2032 159 2063; x_wconf 88' lang='lat' dir='ltr'>ipsi</span> <span class='ocrx_word' id='word_1_374' title='bbox 177 2032 263 2057; x_wconf 86' lang='lat' dir='ltr'>votum</span> <span class='ocrx_word' id='word_1_375' title='bbox 275 2031 401 2057; x_wconf 83' lang='lat' dir='ltr'>castitatis</span> <span class='ocrx_word' id='word_1_376' title='bbox 413 2032 553 2057; x_wconf 82' lang='lat' dir='ltr'>castissimo</span> <span class='ocrx_word' id='word_1_377' title='bbox 565 2031 623 2057; x_wconf 84' lang='lat' dir='ltr'>Iesu</span> <span class='ocrx_word' id='word_1_378' title='bbox 637 2032 662 2057; x_wconf 87' lang='lat' dir='ltr'>et</span> <span class='ocrx_word' id='word_1_379' title='bbox 674 2033 787 2057; x_wconf 83' lang='lat' dir='ltr'>semitam</span> <span class='ocrx_word' id='word_1_380' title='bbox 801 2033 956 2064; x_wconf 82' lang='lat' dir='ltr'>virginitatis</span> 
     </span>
     <span class='ocr_line' id='line_1_47' title="bbox 111 2074 954 2106; baseline 0.001 -7"><span class='ocrx_word' id='word_1_381' title='bbox 111 2074 259 2099; x_wconf 79' lang='lat' dir='ltr'>altissimam</span> <span class='ocrx_word' id='word_1_382' title='bbox 277 2075 302 2100; x_wconf 87' lang='lat' dir='ltr'>et</span> <span class='ocrx_word' id='word_1_383' title='bbox 314 2075 479 2100; x_wconf 83' lang='lat' dir='ltr'>arctissimam</span> <span class='ocrx_word' id='word_1_384' title='bbox 492 2075 696 2106; x_wconf 84' lang='lat' dir='ltr'>apprehendant,</span> <span class='ocrx_word' id='word_1_385' title='bbox 709 2075 739 2100; x_wconf 91' lang='lat' dir='ltr'>ut</span> <span class='ocrx_word' id='word_1_386' title='bbox 751 2075 799 2106; x_wconf 87' lang='lat' dir='ltr'>ipsi</span> <span class='ocrx_word' id='word_1_387' title='bbox 812 2077 822 2091; x_wconf 79' lang='lat'>⁵</span> <span class='ocrx_word' id='word_1_388' title='bbox 842 2075 954 2100; x_wconf 86' lang='lat' dir='ltr'>bravium</span> 
     </span>
     <span class='ocr_line' id='line_1_48' title="bbox 110 2117 954 2149; baseline 0.001 -7"><span class='ocrx_word' id='word_1_389' title='bbox 110 2118 235 2149; x_wconf 76' lang='lat' dir='ltr'>accipiant</span> <span class='ocrx_word' id='word_1_390' title='bbox 256 2117 363 2143; x_wconf 87' lang='lat' dir='ltr'>nominis</span> <span class='ocrx_word' id='word_1_391' title='bbox 387 2118 532 2149; x_wconf 83' lang='lat' dir='ltr'>sempiterni</span> <span class='ocrx_word' id='word_1_392' title='bbox 557 2118 582 2143; x_wconf 86' lang='lat' dir='ltr'>et</span> <span class='ocrx_word' id='word_1_393' title='bbox 606 2117 687 2143; x_wconf 87' lang='lat' dir='ltr'>locum</span> <span class='ocrx_word' id='word_1_394' title='bbox 712 2119 790 2144; x_wconf 87' lang='lat' dir='ltr'>multo</span> <span class='ocrx_word' id='word_1_395' title='bbox 815 2118 954 2148; x_wconf 81' lang='lat' dir='ltr'>meliorem,</span> 
     </span>
     <span class='ocr_line' id='line_1_49' title="bbox 109 2160 955 2192; baseline 0.001 -7"><span class='ocrx_word' id='word_1_396' title='bbox 109 2167 185 2192; x_wconf 89' lang='lat' dir='ltr'>quam</span> <span class='ocrx_word' id='word_1_397' title='bbox 203 2161 245 2192; x_wconf 87' lang='lat' dir='ltr'>qui</span> <span class='ocrx_word' id='word_1_398' title='bbox 263 2160 327 2186; x_wconf 85' lang='lat' dir='ltr'>filios</span> <span class='ocrx_word' id='word_1_399' title='bbox 345 2160 371 2185; x_wconf 87' lang='lat' dir='ltr'>et</span> <span class='ocrx_word' id='word_1_400' title='bbox 389 2160 455 2185; x_wconf 85' lang='lat' dir='ltr'>filias</span> <span class='ocrx_word' id='word_1_401' title='bbox 480 2167 508 2185; x_wconf 87' lang='lat' dir='ltr'>ex</span> <span class='ocrx_word' id='word_1_402' title='bbox 531 2168 556 2185; x_wconf 90' lang='lat' dir='ltr'>se</span> <span class='ocrx_word' id='word_1_403' title='bbox 581 2160 722 2192; x_wconf 80' lang='lat' dir='ltr'>genuerunt</span> <span class='ocrx_word' id='word_1_404' title='bbox 734 2162 753 2190; x_wconf 76' lang='lat'>⁹,</span> <span class='ocrx_word' id='word_1_405' title='bbox 777 2161 883 2186; x_wconf 85' lang='lat' dir='ltr'>incolere</span> <span class='ocrx_word' id='word_1_406' title='bbox 908 2167 955 2186; x_wconf 90' lang='lat' dir='ltr'>me-</span> 
     </span>
    </p>
   </div>
   <div class='ocr_carea' id='block_1_11' title="bbox 984 284 989 1564">
    <p class='ocr_par' dir='ltr' id='par_1_13' title="bbox 984 284 989 1564">
     <span class='ocr_line' id='line_1_50' title="bbox 984 284 989 1564; baseline 0 0"><span class='ocrx_word' id='word_1_407' title='bbox 984 284 989 1564; x_wconf 95' lang='lat' dir='ltr'> </span> 
     </span>
    </p>
   </div>
   <div class='ocr_carea' id='block_1_12' title="bbox 1804 203 1860 232">
    <p class='ocr_par' dir='ltr' id='par_1_14' title="bbox 1804 203 1860 232">
     <span class='ocr_line' id='line_1_51' title="bbox 1804 203 1860 232; baseline 0 0"><span class='ocrx_word' id='word_1_408' title='bbox 1804 203 1860 232; x_wconf 76' lang='lat'>⁶213</span> 
     </span>
    </p>
   </div>
   <div class='ocr_carea' id='block_1_13' title="bbox 1011 279 1861 2239">
    <p class='ocr_par' dir='ltr' id='par_1_15' title="bbox 1014 279 1861 1510">
     <span class='ocr_line' id='line_1_52' title="bbox 1018 279 1860 312; baseline 0.004 -9"><span class='ocrx_word' id='word_1_409' title='bbox 1018 279 1143 309; x_wconf 84' lang='lat' dir='ltr'>promittit</span> <span class='ocrx_word' id='word_1_410' title='bbox 1163 286 1188 304; x_wconf 83' lang='lat' dir='ltr'>se</span> <span class='ocrx_word' id='word_1_411' title='bbox 1207 280 1259 304; x_wconf 86' lang='lat' dir='ltr'>suis</span> <span class='ocrx_word' id='word_1_412' title='bbox 1277 279 1416 311; x_wconf 80' lang='lat' dir='ltr'>virginibus</span> <span class='ocrx_word' id='word_1_413' title='bbox 1436 280 1572 305; x_wconf 83' lang='lat' dir='ltr'>daturum?</span> <span class='ocrx_word' id='word_1_414' title='bbox 1601 289 1613 302; x_wconf 72' lang='grc' dir='ltr'><em>α</em></span> <span class='ocrx_word' id='word_1_415' title='bbox 1626 280 1751 310; x_wconf 78' lang='lat' dir='ltr'>Quaedam</span> <span class='ocrx_word' id='word_1_416' title='bbox 1775 281 1860 312; x_wconf 83' lang='lat' dir='ltr'>utique</span> 
     </span>
     <span class='ocr_line' id='line_1_53' title="bbox 1017 321 1861 355; baseline 0.002 -9"><span class='ocrx_word' id='word_1_417' title='bbox 1017 321 1097 352; x_wconf 74' lang='lat' dir='ltr'>gloria</span> <span class='ocrx_word' id='word_1_418' title='bbox 1117 323 1218 353; x_wconf 88' lang='lat' dir='ltr'>propria</span> <span class='ocrx_word' id='word_1_419' title='bbox 1237 323 1405 354; x_wconf 84' lang='lat' dir='ltr'>excellensque</span> <span class='ocrx_word' id='word_1_420' title='bbox 1433 323 1601 354; x_wconf 79' lang='lat' dir='ltr'>significatur,</span> <span class='ocrx_word' id='word_1_421' title='bbox 1630 330 1693 354; x_wconf 84' lang='lat' dir='ltr'>quae</span> <span class='ocrx_word' id='word_1_422' title='bbox 1715 324 1763 348; x_wconf 88' lang='lat' dir='ltr'>erit</span> <span class='ocrx_word' id='word_1_423' title='bbox 1788 324 1861 355; x_wconf 77' lang='lat' dir='ltr'>virgi-</span> 
     </span>
     <span class='ocr_line' id='line_1_54' title="bbox 1016 364 1860 398; baseline 0.005 -10"><span class='ocrx_word' id='word_1_424' title='bbox 1016 364 1090 388; x_wconf 89' lang='lat' dir='ltr'>nibus</span> <span class='ocrx_word' id='word_1_425' title='bbox 1103 371 1152 389; x_wconf 91' lang='lat' dir='ltr'>non</span> <span class='ocrx_word' id='word_1_426' title='bbox 1171 365 1306 389; x_wconf 84' lang='lat' dir='ltr'>communis</span> <span class='ocrx_word' id='word_1_427' title='bbox 1325 372 1380 390; x_wconf 82' lang='lat' dir='ltr'>cum</span> <span class='ocrx_word' id='word_1_428' title='bbox 1399 366 1499 395; x_wconf 81' lang='lat' dir='ltr'>multis,</span> <span class='ocrx_word' id='word_1_429' title='bbox 1519 367 1632 397; x_wconf 81' lang='lat' dir='ltr'>quamvis</span> <span class='ocrx_word' id='word_1_430' title='bbox 1645 367 1669 390; x_wconf 93' lang='lat' dir='ltr'>in</span> <span class='ocrx_word' id='word_1_431' title='bbox 1683 366 1765 391; x_wconf 87' lang='lat' dir='ltr'>eodem</span> <span class='ocrx_word' id='word_1_432' title='bbox 1784 373 1860 398; x_wconf 86' lang='lat' dir='ltr'>regno</span> 
     </span>
     <span class='ocr_line' id='line_1_55' title="bbox 1017 405 1860 434; baseline 0.005 -5"><span class='ocrx_word' id='word_1_433' title='bbox 1017 405 1043 430; x_wconf 88' lang='lat' dir='ltr'>et</span> <span class='ocrx_word' id='word_1_434' title='bbox 1061 406 1144 430; x_wconf 86' lang='lat' dir='ltr'>eadem</span> <span class='ocrx_word' id='word_1_435' title='bbox 1164 406 1234 431; x_wconf 86' lang='lat' dir='ltr'>domo</span> <span class='ocrx_word' id='word_1_436' title='bbox 1253 407 1405 432; x_wconf 81' lang='lat' dir='ltr'>constitutis.</span> <span class='ocrx_word' id='word_1_437' title='bbox 1424 408 1490 433; x_wconf 83' lang='lat' dir='ltr'>Nam</span> <span class='ocrx_word' id='word_1_438' title='bbox 1508 409 1561 433; x_wconf 87' lang='lat' dir='ltr'>ideo</span> <span class='ocrx_word' id='word_1_439' title='bbox 1580 408 1695 434; x_wconf 83' lang='lat' dir='ltr'>fortassis</span> <span class='ocrx_word' id='word_1_440' title='bbox 1714 415 1806 433; x_wconf 70' lang='lat' dir='ltr'>nomen</span> <span class='ocrx_word' id='word_1_441' title='bbox 1825 409 1860 433; x_wconf 92' lang='lat' dir='ltr'>di-</span> 
     </span>
     <span class='ocr_line' id='line_1_56' title="bbox 1016 448 1859 483; baseline 0.005 -11"><span class='ocrx_word' id='word_1_442' title='bbox 1016 448 1084 472; x_wconf 92' lang='lat' dir='ltr'>ctum</span> <span class='ocrx_word' id='word_1_443' title='bbox 1103 449 1154 477; x_wconf 83' lang='lat' dir='ltr'>est,</span> <span class='ocrx_word' id='word_1_444' title='bbox 1174 450 1239 480; x_wconf 89' lang='lat' dir='ltr'>quod</span> <span class='ocrx_word' id='word_1_445' title='bbox 1258 456 1299 474; x_wconf 85' lang='lat' dir='ltr'>eos</span> <span class='ocrx_word' id='word_1_446' title='bbox 1317 450 1407 481; x_wconf 86' lang='lat' dir='ltr'>quibus</span> <span class='ocrx_word' id='word_1_447' title='bbox 1425 451 1511 481; x_wconf 85' lang='lat' dir='ltr'>datur,</span> <span class='ocrx_word' id='word_1_448' title='bbox 1525 451 1658 483; x_wconf 79' lang='lat' dir='ltr'>distinguit</span> <span class='ocrx_word' id='word_1_449' title='bbox 1674 459 1689 476; x_wconf 90' lang='lat' dir='ltr'>a</span> <span class='ocrx_word' id='word_1_450' title='bbox 1701 451 1789 476; x_wconf 81' lang='lat' dir='ltr'>ceteris</span> <span class='ocrx_word' id='word_1_451' title='bbox 1803 451 1822 465; x_wconf 80' lang='lat'>¹⁰</span> <span class='ocrx_word' id='word_1_452' title='bbox 1835 462 1859 476; x_wconf 66' lang='grc' dir='ltr'>ν».</span> 
     </span>
     <span class='ocr_line' id='line_1_57' title="bbox 1016 491 1859 525; baseline 0.005 -10"><span class='ocrx_word' id='word_1_453' title='bbox 1016 491 1080 515; x_wconf 88' lang='lat' dir='ltr'>sicut</span> <span class='ocrx_word' id='word_1_454' title='bbox 1098 491 1209 516; x_wconf 87' lang='lat' dir='ltr'>homiues</span> <span class='ocrx_word' id='word_1_455' title='bbox 1222 493 1330 523; x_wconf 89' lang='lat' dir='ltr'>propriis</span> <span class='ocrx_word' id='word_1_456' title='bbox 1349 494 1489 518; x_wconf 85' lang='lat' dir='ltr'>nominibus</span> <span class='ocrx_word' id='word_1_457' title='bbox 1502 493 1701 525; x_wconf 82' lang='lat' dir='ltr'>distinguuntur.</span> <span class='ocrx_word' id='word_1_458' title='bbox 1713 494 1782 519; x_wconf 89' lang='lat' dir='ltr'>Licet</span> <span class='ocrx_word' id='word_1_459' title='bbox 1794 495 1859 519; x_wconf 89' lang='lat' dir='ltr'>enim</span> 
     </span>
     <span class='ocr_line' id='line_1_58' title="bbox 1015 534 1861 569; baseline 0.005 -11"><span class='ocrx_word' id='word_1_460' title='bbox 1015 540 1100 558; x_wconf 89' lang='lat' dir='ltr'>omnes</span> <span class='ocrx_word' id='word_1_461' title='bbox 1118 534 1150 558; x_wconf 87' lang='lat' dir='ltr'>ad</span> <span class='ocrx_word' id='word_1_462' title='bbox 1168 535 1246 559; x_wconf 85' lang='lat' dir='ltr'>vitam</span> <span class='ocrx_word' id='word_1_463' title='bbox 1265 536 1391 560; x_wconf 86' lang='lat' dir='ltr'>aeternam</span> <span class='ocrx_word' id='word_1_464' title='bbox 1412 536 1591 567; x_wconf 84' lang='lat' dir='ltr'>praedestinati</span> <span class='ocrx_word' id='word_1_465' title='bbox 1609 538 1634 562; x_wconf 87' lang='lat' dir='ltr'>in</span> <span class='ocrx_word' id='word_1_466' title='bbox 1652 544 1701 563; x_wconf 87' lang='lat' dir='ltr'>uno</span> <span class='ocrx_word' id='word_1_467' title='bbox 1720 544 1796 569; x_wconf 84' lang='lat' dir='ltr'>regno</span> <span class='ocrx_word' id='word_1_468' title='bbox 1809 538 1861 562; x_wconf 87' lang='lat' dir='ltr'>sint</span> 
     </span>
     <span class='ocr_line' id='line_1_59' title="bbox 1015 577 1859 612; baseline 0.005 -11"><span class='ocrx_word' id='word_1_469' title='bbox 1015 577 1128 601; x_wconf 87' lang='lat' dir='ltr'>mansuri</span> <span class='ocrx_word' id='word_1_470' title='bbox 1146 577 1171 602; x_wconf 88' lang='lat' dir='ltr'>et</span> <span class='ocrx_word' id='word_1_471' title='bbox 1188 584 1237 602; x_wconf 90' lang='lat' dir='ltr'>uno</span> <span class='ocrx_word' id='word_1_472' title='bbox 1253 577 1304 603; x_wconf 91' lang='lat' dir='ltr'>Deo</span> <span class='ocrx_word' id='word_1_473' title='bbox 1317 578 1432 609; x_wconf 84' lang='lat' dir='ltr'>fruituri;</span> <span class='ocrx_word' id='word_1_474' title='bbox 1446 579 1543 609; x_wconf 83' lang='lat' dir='ltr'>tamen,</span> <span class='ocrx_word' id='word_1_475' title='bbox 1558 580 1622 605; x_wconf 82' lang='lat' dir='ltr'>sicut</span> <span class='ocrx_word' id='word_1_476' title='bbox 1634 581 1670 605; x_wconf 84' lang='lat' dir='ltr'>ait</span> <span class='ocrx_word' id='word_1_477' title='bbox 1683 580 1819 612; x_wconf 86' lang='lat' dir='ltr'>Apostolus</span> <span class='ocrx_word' id='word_1_478' title='bbox 1832 583 1859 610; x_wconf 86' lang='lat'>²¹,</span> 
     </span>
     <span class='ocr_line' id='line_1_60' title="bbox 1015 618 1860 652; baseline 0.006 -9"><span class='ocrx_word' id='word_1_479' title='bbox 1015 619 1091 644; x_wconf 79' lang='lat' dir='ltr'>stella</span> <span class='ocrx_word' id='word_1_480' title='bbox 1110 618 1197 649; x_wconf 76' lang='lat' dir='ltr'>differt</span> <span class='ocrx_word' id='word_1_481' title='bbox 1216 627 1232 644; x_wconf 84' lang='lat' dir='ltr'>a</span> <span class='ocrx_word' id='word_1_482' title='bbox 1250 621 1326 646; x_wconf 82' lang='lat' dir='ltr'>stella</span> <span class='ocrx_word' id='word_1_483' title='bbox 1344 622 1373 646; x_wconf 75' lang='lat' dir='ltr'>in</span> <span class='ocrx_word' id='word_1_484' title='bbox 1391 621 1526 652; x_wconf 53' lang='lat' dir='ltr'>claranum</span> <span class='ocrx_word' id='word_1_485' title='bbox 1538 622 1575 647; x_wconf 80' lang='lat' dir='ltr'>sic</span> <span class='ocrx_word' id='word_1_486' title='bbox 1588 624 1612 648; x_wconf 77' lang='lat' dir='ltr'>et</span> <span class='ocrx_word' id='word_1_487' title='bbox 1623 624 1777 648; x_wconf 74' lang='lat' dir='ltr'>resurrectio</span> <span class='ocrx_word' id='word_1_488' title='bbox 1796 630 1860 648; x_wconf 81' lang='lat' dir='ltr'>mor-</span> 
     </span>
     <span class='ocr_line' id='line_1_61' title="bbox 1016 663 1859 693; baseline 0.006 -7"><span class='ocrx_word' id='word_1_489' title='bbox 1016 663 1135 693; x_wconf 69' lang='lat' dir='ltr'>tuorum,⁸</span> <span class='ocrx_word' id='word_1_490' title='bbox 1161 663 1246 688; x_wconf 71' lang='lat' dir='ltr'>«haec</span> <span class='ocrx_word' id='word_1_491' title='bbox 1271 664 1331 688; x_wconf 90' lang='lat' dir='ltr'>sunt</span> <span class='ocrx_word' id='word_1_492' title='bbox 1350 665 1438 689; x_wconf 82' lang='lat' dir='ltr'>merita</span> <span class='ocrx_word' id='word_1_493' title='bbox 1463 665 1561 690; x_wconf 83' lang='lat' dir='ltr'>diversa</span> <span class='ocrx_word' id='word_1_494' title='bbox 1586 666 1768 691; x_wconf 82' lang='lat' dir='ltr'>Sanctorum».</span> <span class='ocrx_word' id='word_1_495' title='bbox 1794 666 1859 691; x_wconf 87' lang='lat' dir='ltr'>Nam</span> 
     </span>
     <span class='ocr_line' id='line_1_62' title="bbox 1016 705 1860 738; baseline 0.006 -9"><span class='ocrx_word' id='word_1_496' title='bbox 1016 705 1080 730; x_wconf 86' lang='lat' dir='ltr'>sicut</span> <span class='ocrx_word' id='word_1_497' title='bbox 1090 712 1217 731; x_wconf 85' lang='lat' dir='ltr'>commune</span> <span class='ocrx_word' id='word_1_498' title='bbox 1231 706 1269 731; x_wconf 88' lang='lat' dir='ltr'>est</span> <span class='ocrx_word' id='word_1_499' title='bbox 1281 707 1395 732; x_wconf 85' lang='lat' dir='ltr'>omnibus</span> <span class='ocrx_word' id='word_1_500' title='bbox 1408 707 1529 732; x_wconf 81' lang='lat' dir='ltr'>sideribus</span> <span class='ocrx_word' id='word_1_501' title='bbox 1541 715 1594 733; x_wconf 88' lang='lat' dir='ltr'>esse</span> <span class='ocrx_word' id='word_1_502' title='bbox 1607 709 1632 733; x_wconf 89' lang='lat' dir='ltr'>in</span> <span class='ocrx_word' id='word_1_503' title='bbox 1645 709 1711 734; x_wconf 85' lang='lat' dir='ltr'>caelo</span> <span class='ocrx_word' id='word_1_504' title='bbox 1719 728 1725 738; x_wconf 92' lang='lat'>,</span> <span class='ocrx_word' id='word_1_505' title='bbox 1739 709 1764 734; x_wconf 89' lang='lat' dir='ltr'>et</span> <span class='ocrx_word' id='word_1_506' title='bbox 1776 709 1860 734; x_wconf 84' lang='lat' dir='ltr'>tamen</span> 
     </span>
     <span class='ocr_line' id='line_1_63' title="bbox 1015 748 1859 781; baseline 0.005 -9"><span class='ocrx_word' id='word_1_507' title='bbox 1015 748 1053 772; x_wconf 75' lang='lat' dir='ltr'>est</span> <span class='ocrx_word' id='word_1_508' title='bbox 1070 748 1126 772; x_wconf 74' lang='lat' dir='ltr'>alia</span> <span class='ocrx_word' id='word_1_509' title='bbox 1143 748 1224 779; x_wconf 79' lang='lat' dir='ltr'>gloria</span> <span class='ocrx_word' id='word_1_510' title='bbox 1242 749 1319 780; x_wconf 77' lang='lat' dir='ltr'>solis,</span> <span class='ocrx_word' id='word_1_511' title='bbox 1338 749 1393 774; x_wconf 71' lang='lat' dir='ltr'>aaa</span> <span class='ocrx_word' id='word_1_512' title='bbox 1412 749 1502 781; x_wconf 74' lang='lat' dir='ltr'>lunae,</span> <span class='ocrx_word' id='word_1_513' title='bbox 1517 750 1572 775; x_wconf 76' lang='lat' dir='ltr'>alia</span> <span class='ocrx_word' id='word_1_514' title='bbox 1590 751 1741 781; x_wconf 67' lang='lat' dir='ltr'>stellarumf</span> <span class='ocrx_word' id='word_1_515' title='bbox 1755 750 1773 764; x_wconf 65' lang='lat'>¹2</span> <span class='ocrx_word' id='word_1_516' title='bbox 1787 752 1859 776; x_wconf 88' lang='lat' dir='ltr'>sicin</span> 
     </span>
     <span class='ocr_line' id='line_1_64' title="bbox 1016 791 1857 824; baseline 0.006 -10"><span class='ocrx_word' id='word_1_517' title='bbox 1016 791 1072 821; x_wconf 87' lang='lat' dir='ltr'>ipsa</span> <span class='ocrx_word' id='word_1_518' title='bbox 1090 791 1143 815; x_wconf 85' lang='lat' dir='ltr'>vita</span> <span class='ocrx_word' id='word_1_519' title='bbox 1162 791 1264 816; x_wconf 85' lang='lat' dir='ltr'>aeterna</span> <span class='ocrx_word' id='word_1_520' title='bbox 1283 799 1336 816; x_wconf 86' lang='lat' dir='ltr'>esse</span> <span class='ocrx_word' id='word_1_521' title='bbox 1354 799 1480 817; x_wconf 88' lang='lat' dir='ltr'>commune</span> <span class='ocrx_word' id='word_1_522' title='bbox 1500 793 1548 818; x_wconf 82' lang='lat' dir='ltr'>erit</span> <span class='ocrx_word' id='word_1_523' title='bbox 1566 793 1678 818; x_wconf 81' lang='lat' dir='ltr'>omnibus</span> <span class='ocrx_word' id='word_1_524' title='bbox 1702 794 1812 824; x_wconf 83' lang='lat' dir='ltr'>Sanctis,</span> <span class='ocrx_word' id='word_1_525' title='bbox 1831 795 1857 819; x_wconf 88' lang='lat' dir='ltr'>in</span> 
     </span>
     <span class='ocr_line' id='line_1_65' title="bbox 1015 832 1860 867; baseline 0.005 -10"><span class='ocrx_word' id='word_1_526' title='bbox 1015 832 1070 864; x_wconf 87' lang='lat' dir='ltr'>ipsa</span> <span class='ocrx_word' id='word_1_527' title='bbox 1089 833 1173 858; x_wconf 85' lang='lat' dir='ltr'>autem</span> <span class='ocrx_word' id='word_1_528' title='bbox 1191 834 1244 858; x_wconf 86' lang='lat' dir='ltr'>vita</span> <span class='ocrx_word' id='word_1_529' title='bbox 1262 834 1364 859; x_wconf 79' lang='lat' dir='ltr'>aeterna</span> <span class='ocrx_word' id='word_1_530' title='bbox 1382 835 1498 860; x_wconf 89' lang='lat' dir='ltr'>distincte</span> <span class='ocrx_word' id='word_1_531' title='bbox 1516 836 1649 867; x_wconf 77' lang='lat' dir='ltr'>fulgebunt</span> <span class='ocrx_word' id='word_1_532' title='bbox 1670 837 1766 861; x_wconf 87' lang='lat' dir='ltr'>lumina</span> <span class='ocrx_word' id='word_1_533' title='bbox 1790 837 1860 861; x_wconf 85' lang='lat' dir='ltr'>meri-</span> 
     </span>
     <span class='ocr_line' id='line_1_66' title="bbox 1015 875 1859 904; baseline 0.005 -4"><span class='ocrx_word' id='word_1_534' title='bbox 1015 875 1106 900; x_wconf 89' lang='lat' dir='ltr'>torum.</span> <span class='ocrx_word' id='word_1_535' title='bbox 1126 876 1160 900; x_wconf 76' lang='lat' dir='ltr'>In</span> <span class='ocrx_word' id='word_1_536' title='bbox 1179 876 1252 901; x_wconf 81' lang='lat' dir='ltr'>domo</span> <span class='ocrx_word' id='word_1_537' title='bbox 1272 878 1356 901; x_wconf 79' lang='lat' dir='ltr'>autem</span> <span class='ocrx_word' id='word_1_538' title='bbox 1375 877 1468 903; x_wconf 73' lang='lat' dir='ltr'>Patris</span> <span class='ocrx_word' id='word_1_539' title='bbox 1485 878 1584 903; x_wconf 74' lang='lat' dir='ltr'>aeterni»</span> <span class='ocrx_word' id='word_1_540' title='bbox 1599 880 1745 904; x_wconf 73' lang='lat' dir='ltr'>mansiones</span> <span class='ocrx_word' id='word_1_541' title='bbox 1763 880 1859 904; x_wconf 76' lang='lat' dir='ltr'>multae</span> 
     </span>
     <span class='ocr_line' id='line_1_67' title="bbox 1014 917 1859 953; baseline 0.006 -11"><span class='ocrx_word' id='word_1_542' title='bbox 1014 920 1077 943; x_wconf 73' lang='lat' dir='ltr'>sunt</span> <span class='ocrx_word' id='word_1_543' title='bbox 1087 917 1115 949; x_wconf 69' lang='lat'>¹⁸,</span> <span class='ocrx_word' id='word_1_544' title='bbox 1133 928 1145 940; x_wconf 68' lang='lat' dir='ltr'>a</span> <span class='ocrx_word' id='word_1_545' title='bbox 1157 919 1199 943; x_wconf 88' lang='lat' dir='ltr'>ubi</span> <span class='ocrx_word' id='word_1_546' title='bbox 1218 926 1268 944; x_wconf 91' lang='lat' dir='ltr'>non</span> <span class='ocrx_word' id='word_1_547' title='bbox 1287 920 1354 944; x_wconf 77' lang='lat' dir='ltr'>vivet</span> <span class='ocrx_word' id='word_1_548' title='bbox 1366 921 1432 945; x_wconf 85' lang='lat' dir='ltr'>alter</span> <span class='ocrx_word' id='word_1_549' title='bbox 1444 921 1523 946; x_wconf 78' lang='lat' dir='ltr'>altero</span> <span class='ocrx_word' id='word_1_550' title='bbox 1537 922 1656 952; x_wconf 81' lang='lat' dir='ltr'>prolixius</span> <span class='ocrx_word' id='word_1_551' title='bbox 1669 931 1693 950; x_wconf 82' lang='lat'>&gt;›,</span> <span class='ocrx_word' id='word_1_552' title='bbox 1706 923 1763 953; x_wconf 83' lang='lat' dir='ltr'>quia</span> <span class='ocrx_word' id='word_1_553' title='bbox 1776 929 1859 947; x_wconf 81' lang='lat' dir='ltr'>omnes</span> 
     </span>
     <span class='ocr_line' id='line_1_68' title="bbox 1015 961 1859 990; baseline 0.005 -5"><span class='ocrx_word' id='word_1_554' title='bbox 1015 961 1143 986; x_wconf 88' lang='lat' dir='ltr'>habebunt</span> <span class='ocrx_word' id='word_1_555' title='bbox 1162 961 1240 986; x_wconf 82' lang='lat' dir='ltr'>vitam</span> <span class='ocrx_word' id='word_1_556' title='bbox 1258 962 1394 987; x_wconf 86' lang='lat' dir='ltr'>aeternam.</span> <span class='ocrx_word' id='word_1_557' title='bbox 1418 973 1430 985; x_wconf 77' lang='grc' dir='ltr'><strong><em>α</em></strong></span> <span class='ocrx_word' id='word_1_558' title='bbox 1443 963 1474 988; x_wconf 90' lang='lat' dir='ltr'>In</span> <span class='ocrx_word' id='word_1_559' title='bbox 1494 964 1580 988; x_wconf 82' lang='lat' dir='ltr'>multis</span> <span class='ocrx_word' id='word_1_560' title='bbox 1593 964 1676 989; x_wconf 82' lang='lat' dir='ltr'>autem</span> <span class='ocrx_word' id='word_1_561' title='bbox 1690 965 1859 990; x_wconf 85' lang='lat' dir='ltr'>mansionibus</span> 
     </span>
     <span class='ocr_line' id='line_1_69' title="bbox 1014 1003 1859 1037; baseline 0.004 -10"><span class='ocrx_word' id='word_1_562' title='bbox 1014 1003 1152 1028; x_wconf 86' lang='lat' dir='ltr'>honoratur</span> <span class='ocrx_word' id='word_1_563' title='bbox 1170 1005 1235 1029; x_wconf 88' lang='lat' dir='ltr'>alius</span> <span class='ocrx_word' id='word_1_564' title='bbox 1253 1005 1302 1030; x_wconf 89' lang='lat' dir='ltr'>alio</span> <span class='ocrx_word' id='word_1_565' title='bbox 1321 1005 1412 1030; x_wconf 81' lang='lat' dir='ltr'>clarius</span> <span class='ocrx_word' id='word_1_566' title='bbox 1425 1015 1450 1029; x_wconf 80' lang='grc'><strong>».</strong></span> <span class='ocrx_word' id='word_1_567' title='bbox 1470 1005 1583 1037; x_wconf 81' lang='lat' dir='ltr'>Quanta,</span> <span class='ocrx_word' id='word_1_568' title='bbox 1608 1006 1696 1037; x_wconf 83' lang='lat' dir='ltr'>putas,</span> <span class='ocrx_word' id='word_1_569' title='bbox 1722 1006 1755 1030; x_wconf 86' lang='lat' dir='ltr'>ibi</span> <span class='ocrx_word' id='word_1_570' title='bbox 1780 1006 1859 1037; x_wconf 75' lang='lat' dir='ltr'>gloria</span> 
     </span>
     <span class='ocr_line' id='line_1_70' title="bbox 1014 1045 1860 1080; baseline 0.004 -10"><span class='ocrx_word' id='word_1_571' title='bbox 1014 1045 1147 1077; x_wconf 85' lang='lat' dir='ltr'>fulgebunt</span> <span class='ocrx_word' id='word_1_572' title='bbox 1165 1047 1274 1078; x_wconf 79' lang='lat' dir='ltr'>virgines</span> <span class='ocrx_word' id='word_1_573' title='bbox 1293 1047 1401 1077; x_wconf 76' lang='lat' dir='ltr'>Christi,</span> <span class='ocrx_word' id='word_1_574' title='bbox 1420 1049 1530 1079; x_wconf 82' lang='lat' dir='ltr'>corporis</span> <span class='ocrx_word' id='word_1_575' title='bbox 1549 1049 1623 1073; x_wconf 84' lang='lat' dir='ltr'>simul</span> <span class='ocrx_word' id='word_1_576' title='bbox 1642 1049 1667 1073; x_wconf 81' lang='lat' dir='ltr'>et</span> <span class='ocrx_word' id='word_1_577' title='bbox 1685 1049 1776 1073; x_wconf 85' lang='lat' dir='ltr'>mentis</span> <span class='ocrx_word' id='word_1_578' title='bbox 1795 1050 1860 1080; x_wconf 89' lang='lat' dir='ltr'>puri·</span> 
     </span>
     <span class='ocr_line' id='line_1_71' title="bbox 1015 1088 1859 1121; baseline 0.004 -8"><span class='ocrx_word' id='word_1_579' title='bbox 1015 1088 1068 1114; x_wconf 85' lang='lat' dir='ltr'>tate</span> <span class='ocrx_word' id='word_1_580' title='bbox 1087 1088 1214 1114; x_wconf 84' lang='lat' dir='ltr'>Christum</span> <span class='ocrx_word' id='word_1_581' title='bbox 1242 1090 1391 1121; x_wconf 76' lang='lat' dir='ltr'>sequentes?</span> <span class='ocrx_word' id='word_1_582' title='bbox 1409 1091 1469 1120; x_wconf 80' lang='lat' dir='ltr'>Quis</span> <span class='ocrx_word' id='word_1_583' title='bbox 1488 1091 1634 1116; x_wconf 86' lang='lat' dir='ltr'>Sanctorum</span> <span class='ocrx_word' id='word_1_584' title='bbox 1658 1091 1748 1117; x_wconf 88' lang='lat' dir='ltr'>chorus</span> <span class='ocrx_word' id='word_1_585' title='bbox 1771 1092 1859 1116; x_wconf 88' lang='lat' dir='ltr'>melius</span> 
     </span>
     <span class='ocr_line' id='line_1_72' title="bbox 1014 1132 1858 1165; baseline 0.005 -9"><span class='ocrx_word' id='word_1_586' title='bbox 1014 1132 1088 1156; x_wconf 86' lang='lat' dir='ltr'>lunae</span> <span class='ocrx_word' id='word_1_587' title='bbox 1106 1133 1290 1164; x_wconf 84' lang='lat' dir='ltr'>comparabitur</span> <span class='ocrx_word' id='word_1_588' title='bbox 1304 1140 1377 1164; x_wconf 79' lang='lat' dir='ltr'>quam</span> <span class='ocrx_word' id='word_1_589' title='bbox 1390 1134 1515 1165; x_wconf 79' lang='lat' dir='ltr'>virgines?</span> <span class='ocrx_word' id='word_1_590' title='bbox 1529 1134 1598 1164; x_wconf 82' lang='lat' dir='ltr'>Quod</span> <span class='ocrx_word' id='word_1_591' title='bbox 1611 1135 1680 1159; x_wconf 86' lang='lat' dir='ltr'>sidus</span> <span class='ocrx_word' id='word_1_592' title='bbox 1694 1135 1738 1160; x_wconf 88' lang='lat' dir='ltr'>soli</span> <span class='ocrx_word' id='word_1_593' title='bbox 1753 1135 1858 1160; x_wconf 80' lang='lat' dir='ltr'>similius</span> 
     </span>
     <span class='ocr_line' id='line_1_73' title="bbox 1015 1175 1859 1209; baseline 0.005 -10"><span class='ocrx_word' id='word_1_594' title='bbox 1015 1182 1089 1206; x_wconf 84' lang='lat' dir='ltr'>quam</span> <span class='ocrx_word' id='word_1_595' title='bbox 1107 1175 1184 1200; x_wconf 82' lang='lat' dir='ltr'>luna?</span> <span class='ocrx_word' id='word_1_596' title='bbox 1202 1176 1262 1206; x_wconf 78' lang='lat' dir='ltr'>Quis</span> <span class='ocrx_word' id='word_1_597' title='bbox 1287 1176 1377 1202; x_wconf 89' lang='lat' dir='ltr'>chorus</span> <span class='ocrx_word' id='word_1_598' title='bbox 1401 1177 1547 1202; x_wconf 86' lang='lat' dir='ltr'>Sanctorum</span> <span class='ocrx_word' id='word_1_599' title='bbox 1574 1185 1617 1203; x_wconf 89' lang='lat' dir='ltr'>suo</span> <span class='ocrx_word' id='word_1_600' title='bbox 1640 1178 1734 1209; x_wconf 81' lang='lat' dir='ltr'>Sponso</span> <span class='ocrx_word' id='word_1_601' title='bbox 1757 1179 1859 1204; x_wconf 80' lang='lat' dir='ltr'>similior</span> 
     </span>
     <span class='ocr_line' id='line_1_74' title="bbox 1014 1219 1859 1253; baseline 0.004 -11"><span class='ocrx_word' id='word_1_602' title='bbox 1014 1225 1089 1249; x_wconf 88' lang='lat' dir='ltr'>quam</span> <span class='ocrx_word' id='word_1_603' title='bbox 1108 1219 1233 1250; x_wconf 76' lang='lat' dir='ltr'>virgines?</span> <span class='ocrx_word' id='word_1_604' title='bbox 1252 1220 1321 1245; x_wconf 83' lang='lat' dir='ltr'>Solae</span> <span class='ocrx_word' id='word_1_605' title='bbox 1341 1220 1476 1252; x_wconf 88' lang='lat' dir='ltr'>sequentur</span> <span class='ocrx_word' id='word_1_606' title='bbox 1494 1228 1562 1250; x_wconf 80' lang='lat' dir='ltr'>eum,</span> <span class='ocrx_word' id='word_1_607' title='bbox 1582 1228 1739 1253; x_wconf 70' lang='lat' dir='ltr'>quocumque</span> <span class='ocrx_word' id='word_1_608' title='bbox 1752 1221 1813 1247; x_wconf 69' lang='lat' dir='ltr'>ierit</span> <span class='ocrx_word' id='word_1_609' title='bbox 1825 1223 1859 1251; x_wconf 70' lang='lat'>¹¹,-</span> 
     </span>
     <span class='ocr_line' id='line_1_75' title="bbox 1014 1261 1859 1295; baseline 0.005 -10"><span class='ocrx_word' id='word_1_610' title='bbox 1014 1261 1078 1285; x_wconf 78' lang='lat' dir='ltr'>unde</span> <span class='ocrx_word' id='word_1_611' title='bbox 1098 1262 1123 1286; x_wconf 87' lang='lat' dir='ltr'>et</span> <span class='ocrx_word' id='word_1_612' title='bbox 1141 1262 1207 1287; x_wconf 85' lang='lat' dir='ltr'>solae</span> <span class='ocrx_word' id='word_1_613' title='bbox 1226 1263 1263 1287; x_wconf 94' lang='lat' dir='ltr'>illi</span> <span class='ocrx_word' id='word_1_614' title='bbox 1283 1263 1375 1288; x_wconf 81' lang='lat' dir='ltr'>similes</span> <span class='ocrx_word' id='word_1_615' title='bbox 1394 1264 1454 1288; x_wconf 84' lang='lat' dir='ltr'>sunt</span> <span class='ocrx_word' id='word_1_616' title='bbox 1478 1264 1552 1295; x_wconf 83' lang='lat' dir='ltr'>atque</span> <span class='ocrx_word' id='word_1_617' title='bbox 1578 1264 1750 1289; x_wconf 83' lang='lat' dir='ltr'>similissimae.</span> <span class='ocrx_word' id='word_1_618' title='bbox 1775 1263 1859 1289; x_wconf 86' lang='lat' dir='ltr'>Hono-</span> 
     </span>
     <span class='ocr_line' id='line_1_76' title="bbox 1014 1304 1859 1338; baseline 0.004 -10"><span class='ocrx_word' id='word_1_619' title='bbox 1014 1304 1139 1329; x_wconf 89' lang='lat' dir='ltr'>rabuntur</span> <span class='ocrx_word' id='word_1_620' title='bbox 1162 1311 1220 1336; x_wconf 82' lang='lat' dir='ltr'>ergo</span> <span class='ocrx_word' id='word_1_621' title='bbox 1244 1312 1303 1336; x_wconf 88' lang='lat' dir='ltr'>prae</span> <span class='ocrx_word' id='word_1_622' title='bbox 1328 1305 1416 1330; x_wconf 86' lang='lat' dir='ltr'>ceteris</span> <span class='ocrx_word' id='word_1_623' title='bbox 1439 1306 1464 1330; x_wconf 91' lang='lat' dir='ltr'>in</span> <span class='ocrx_word' id='word_1_624' title='bbox 1489 1306 1572 1331; x_wconf 83' lang='lat' dir='ltr'>eodem</span> <span class='ocrx_word' id='word_1_625' title='bbox 1595 1314 1671 1338; x_wconf 79' lang='lat' dir='ltr'>regno</span> <span class='ocrx_word' id='word_1_626' title='bbox 1696 1307 1859 1332; x_wconf 81' lang='lat' dir='ltr'>existentibus</span> 
     </span>
     <span class='ocr_line' id='line_1_77' title="bbox 1014 1347 1858 1381; baseline 0.002 -9"><span class='ocrx_word' id='word_1_627' title='bbox 1014 1347 1144 1379; x_wconf 82' lang='lat' dir='ltr'>splendore</span> <span class='ocrx_word' id='word_1_628' title='bbox 1163 1348 1260 1379; x_wconf 86' lang='lat' dir='ltr'>quidem</span> <span class='ocrx_word' id='word_1_629' title='bbox 1280 1349 1459 1378; x_wconf 81' lang='lat' dir='ltr'>excellentiori,</span> <span class='ocrx_word' id='word_1_630' title='bbox 1479 1350 1543 1374; x_wconf 84' lang='lat' dir='ltr'>sicut</span> <span class='ocrx_word' id='word_1_631' title='bbox 1560 1350 1646 1374; x_wconf 87' lang='lat' dir='ltr'>lunam</span> <span class='ocrx_word' id='word_1_632' title='bbox 1665 1350 1775 1374; x_wconf 80' lang='lat' dir='ltr'>videmus</span> <span class='ocrx_word' id='word_1_633' title='bbox 1800 1357 1858 1381; x_wconf 78' lang='lat' dir='ltr'>prae</span> 
     </span>
     <span class='ocr_line' id='line_1_78' title="bbox 1014 1391 1859 1423; baseline 0.002 -8"><span class='ocrx_word' id='word_1_634' title='bbox 1014 1391 1102 1415; x_wconf 85' lang='lat' dir='ltr'>ceteris</span> <span class='ocrx_word' id='word_1_635' title='bbox 1121 1391 1242 1415; x_wconf 84' lang='lat' dir='ltr'>sideribus</span> <span class='ocrx_word' id='word_1_636' title='bbox 1262 1392 1444 1422; x_wconf 78' lang='lat' dir='ltr'>praeeminere3</span> <span class='ocrx_word' id='word_1_637' title='bbox 1464 1392 1672 1423; x_wconf 87' lang='lat' dir='ltr'>possidebuntque</span> <span class='ocrx_word' id='word_1_638' title='bbox 1691 1393 1717 1417; x_wconf 91' lang='grc'>111</span> <span class='ocrx_word' id='word_1_639' title='bbox 1730 1393 1800 1417; x_wconf 85' lang='lat' dir='ltr'>domo</span> <span class='ocrx_word' id='word_1_640' title='bbox 1814 1392 1859 1418; x_wconf 87' lang='lat' dir='ltr'>Do-</span> 
     </span>
     <span class='ocr_line' id='line_1_79' title="bbox 1014 1433 1859 1466; baseline 0.002 -8"><span class='ocrx_word' id='word_1_641' title='bbox 1014 1433 1075 1458; x_wconf 85' lang='lat' dir='ltr'>mini</span> <span class='ocrx_word' id='word_1_642' title='bbox 1093 1433 1173 1458; x_wconf 86' lang='lat' dir='ltr'>locum</span> <span class='ocrx_word' id='word_1_643' title='bbox 1192 1434 1317 1459; x_wconf 83' lang='lat' dir='ltr'>meliorem</span> <span class='ocrx_word' id='word_1_644' title='bbox 1337 1434 1415 1460; x_wconf 87' lang='lat' dir='ltr'>multo</span> <span class='ocrx_word' id='word_1_645' title='bbox 1438 1441 1512 1466; x_wconf 84' lang='lat' dir='ltr'>quam</span> <span class='ocrx_word' id='word_1_646' title='bbox 1540 1435 1677 1460; x_wconf 87' lang='lat' dir='ltr'>ceterorum</span> <span class='ocrx_word' id='word_1_647' title='bbox 1702 1435 1809 1460; x_wconf 88' lang='lat' dir='ltr'>filiorum</span> <span class='ocrx_word' id='word_1_648' title='bbox 1834 1436 1859 1461; x_wconf 88' lang='lat' dir='ltr'>et</span> 
     </span>
     <span class='ocr_line' id='line_1_80' title="bbox 1014 1476 1858 1510; baseline 0.001 -9"><span class='ocrx_word' id='word_1_649' title='bbox 1014 1476 1122 1501; x_wconf 83' lang='lat' dir='ltr'>filiarum</span> <span class='ocrx_word' id='word_1_650' title='bbox 1141 1477 1234 1507; x_wconf 84' lang='lat' dir='ltr'>ipsius,</span> <span class='ocrx_word' id='word_1_651' title='bbox 1254 1477 1295 1508; x_wconf 91' lang='lat' dir='ltr'>qui</span> <span class='ocrx_word' id='word_1_652' title='bbox 1313 1477 1468 1509; x_wconf 83' lang='lat' dir='ltr'>virginitatis</span> <span class='ocrx_word' id='word_1_653' title='bbox 1487 1478 1575 1503; x_wconf 89' lang='lat' dir='ltr'>merito</span> <span class='ocrx_word' id='word_1_654' title='bbox 1595 1485 1643 1503; x_wconf 91' lang='lat' dir='ltr'>non</span> <span class='ocrx_word' id='word_1_655' title='bbox 1662 1479 1722 1502; x_wconf 84' lang='lat' dir='ltr'>sunt</span> <span class='ocrx_word' id='word_1_656' title='bbox 1740 1479 1858 1510; x_wconf 78' lang='lat' dir='ltr'>insigues.</span> 
     </span>
    </p>

    <p class='ocr_par' dir='ltr' id='par_1_16' title="bbox 1011 1518 1859 2239">
     <span class='ocr_line' id='line_1_81' title="bbox 1085 1518 1859 1552; baseline 0.004 -9"><span class='ocrx_word' id='word_1_657' title='bbox 1085 1518 1144 1543; x_wconf 86' lang='lat'>114.</span> <span class='ocrx_word' id='word_1_658' title='bbox 1159 1528 1171 1541; x_wconf 76' lang='grc' dir='ltr'><strong>α</strong></span> <span class='ocrx_word' id='word_1_659' title='bbox 1181 1519 1281 1551; x_wconf 80' lang='lat' dir='ltr'>Pergite</span> <span class='ocrx_word' id='word_1_660' title='bbox 1290 1520 1373 1551; x_wconf 87' lang='lat' dir='ltr'>itaque</span> <span class='ocrx_word' id='word_1_661' title='bbox 1386 1520 1470 1545; x_wconf 85' lang='lat' dir='ltr'>Sancti</span> <span class='ocrx_word' id='word_1_662' title='bbox 1483 1520 1536 1550; x_wconf 87' lang='lat' dir='ltr'>Dei,</span> <span class='ocrx_word' id='word_1_663' title='bbox 1549 1521 1619 1552; x_wconf 87' lang='lat' dir='ltr'>pueri</span> <span class='ocrx_word' id='word_1_664' title='bbox 1628 1520 1654 1546; x_wconf 87' lang='lat' dir='ltr'>et</span> <span class='ocrx_word' id='word_1_665' title='bbox 1664 1521 1768 1552; x_wconf 84' lang='lat' dir='ltr'>puellae,</span> <span class='ocrx_word' id='word_1_666' title='bbox 1779 1528 1859 1546; x_wconf 83' lang='lat' dir='ltr'>mares</span> 
     </span>
     <span class='ocr_line' id='line_1_82' title="bbox 1013 1561 1858 1595; baseline 0.004 -9"><span class='ocrx_word' id='word_1_667' title='bbox 1013 1561 1039 1587; x_wconf 89' lang='lat' dir='ltr'>et</span> <span class='ocrx_word' id='word_1_668' title='bbox 1057 1562 1173 1591; x_wconf 81' lang='lat' dir='ltr'>feminac,</span> <span class='ocrx_word' id='word_1_669' title='bbox 1194 1562 1298 1587; x_wconf 83' lang='lat' dir='ltr'>coelibes</span> <span class='ocrx_word' id='word_1_670' title='bbox 1316 1562 1342 1587; x_wconf 86' lang='lat' dir='ltr'>et</span> <span class='ocrx_word' id='word_1_671' title='bbox 1359 1563 1492 1594; x_wconf 83' lang='lat' dir='ltr'>innuptae,</span> <span class='ocrx_word' id='word_1_672' title='bbox 1512 1563 1607 1595; x_wconf 84' lang='lat' dir='ltr'>pergite</span> <span class='ocrx_word' id='word_1_673' title='bbox 1627 1564 1815 1595; x_wconf 81' lang='lat' dir='ltr'>perseveranter</span> <span class='ocrx_word' id='word_1_674' title='bbox 1833 1565 1858 1589; x_wconf 91' lang='lat' dir='ltr'>in</span> 
     </span>
     <span class='ocr_line' id='line_1_83' title="bbox 1013 1604 1857 1638; baseline 0.004 -9"><span class='ocrx_word' id='word_1_675' title='bbox 1013 1605 1096 1629; x_wconf 89' lang='lat' dir='ltr'>finem.</span> <span class='ocrx_word' id='word_1_676' title='bbox 1116 1605 1227 1630; x_wconf 83' lang='lat' dir='ltr'>Laudute</span> <span class='ocrx_word' id='word_1_677' title='bbox 1248 1604 1379 1630; x_wconf 88' lang='lat' dir='ltr'>Dominum</span> <span class='ocrx_word' id='word_1_678' title='bbox 1399 1606 1506 1635; x_wconf 88' lang='lat' dir='ltr'>dulcius,</span> <span class='ocrx_word' id='word_1_679' title='bbox 1527 1613 1598 1638; x_wconf 89' lang='lat' dir='ltr'>quem</span> <span class='ocrx_word' id='word_1_680' title='bbox 1617 1607 1733 1638; x_wconf 81' lang='lat' dir='ltr'>cogitatis</span> <span class='ocrx_word' id='word_1_681' title='bbox 1746 1607 1857 1637; x_wconf 84' lang='lat' dir='ltr'>uberius;</span> 
     </span>
     <span class='ocr_line' id='line_1_84' title="bbox 1014 1647 1857 1679; baseline 0.004 -8"><span class='ocrx_word' id='word_1_682' title='bbox 1014 1647 1113 1678; x_wconf 83' lang='lat' dir='ltr'>sperato</span> <span class='ocrx_word' id='word_1_683' title='bbox 1132 1647 1239 1676; x_wconf 74' lang='lat' dir='ltr'>felicius,</span> <span class='ocrx_word' id='word_1_684' title='bbox 1260 1648 1299 1672; x_wconf 88' lang='lat' dir='ltr'>cui</span> <span class='ocrx_word' id='word_1_685' title='bbox 1318 1647 1417 1673; x_wconf 82' lang='lat' dir='ltr'>servitis</span> <span class='ocrx_word' id='word_1_686' title='bbox 1435 1649 1586 1678; x_wconf 47' lang='lat' dir='ltr'>instantium</span> <span class='ocrx_word' id='word_1_687' title='bbox 1610 1649 1692 1674; x_wconf 88' lang='lat' dir='ltr'>amate</span> <span class='ocrx_word' id='word_1_688' title='bbox 1717 1649 1857 1679; x_wconf 83' lang='lat' dir='ltr'>ardentius,</span> 
     </span>
     <span class='ocr_line' id='line_1_85' title="bbox 1013 1689 1859 1721; baseline 0.004 -7"><span class='ocrx_word' id='word_1_689' title='bbox 1013 1691 1052 1715; x_wconf 91' lang='lat' dir='ltr'>cui</span> <span class='ocrx_word' id='word_1_690' title='bbox 1071 1690 1175 1721; x_wconf 84' lang='lat' dir='ltr'>placetis</span> <span class='ocrx_word' id='word_1_691' title='bbox 1193 1691 1317 1716; x_wconf 81' lang='lat' dir='ltr'>attentius</span> <span class='ocrx_word' id='word_1_692' title='bbox 1330 1689 1349 1702; x_wconf 77' lang='lat'>¹⁶</span> <span class='ocrx_word' id='word_1_693' title='bbox 1362 1701 1387 1716; x_wconf 72' lang='lat' dir='ltr'>n.</span> <span class='ocrx_word' id='word_1_694' title='bbox 1406 1691 1463 1716; x_wconf 84' lang='lat' dir='ltr'>Non</span> <span class='ocrx_word' id='word_1_695' title='bbox 1482 1692 1534 1716; x_wconf 88' lang='lat' dir='ltr'>sint</span> <span class='ocrx_word' id='word_1_696' title='bbox 1555 1691 1581 1716; x_wconf 92' lang='lat' dir='ltr'>in</span> <span class='ocrx_word' id='word_1_697' title='bbox 1599 1692 1668 1717; x_wconf 86' lang='lat' dir='ltr'>vobis</span> <span class='ocrx_word' id='word_1_698' title='bbox 1693 1693 1802 1717; x_wconf 69' lang='lat' dir='ltr'>maculae</span> <span class='ocrx_word' id='word_1_699' title='bbox 1825 1693 1859 1717; x_wconf 75' lang='lat' dir='ltr'>vi-</span> 
     </span>
     <span class='ocr_line' id='line_1_86' title="bbox 1013 1733 1858 1766; baseline 0.004 -9"><span class='ocrx_word' id='word_1_700' title='bbox 1013 1733 1120 1762; x_wconf 89' lang='lat' dir='ltr'>tiorum,</span> <span class='ocrx_word' id='word_1_701' title='bbox 1139 1733 1182 1758; x_wconf 90' lang='lat' dir='ltr'>sed</span> <span class='ocrx_word' id='word_1_702' title='bbox 1200 1733 1282 1758; x_wconf 87' lang='lat' dir='ltr'>totum</span> <span class='ocrx_word' id='word_1_703' title='bbox 1301 1733 1424 1758; x_wconf 89' lang='lat' dir='ltr'>hominem</span> <span class='ocrx_word' id='word_1_704' title='bbox 1441 1734 1554 1759; x_wconf 81' lang='lat' dir='ltr'>vestrum</span> <span class='ocrx_word' id='word_1_705' title='bbox 1578 1735 1662 1759; x_wconf 83' lang='lat' dir='ltr'>vestro</span> <span class='ocrx_word' id='word_1_706' title='bbox 1687 1735 1781 1766; x_wconf 88' lang='lat' dir='ltr'>Sponso</span> <span class='ocrx_word' id='word_1_707' title='bbox 1802 1742 1858 1766; x_wconf 78' lang='lat' dir='ltr'>spe-</span> 
     </span>
     <span class='ocr_line' id='line_1_87' title="bbox 1012 1775 1858 1807; baseline 0.004 -7"><span class='ocrx_word' id='word_1_708' title='bbox 1012 1776 1080 1800; x_wconf 79' lang='lat' dir='ltr'>cioso</span> <span class='ocrx_word' id='word_1_709' title='bbox 1105 1775 1191 1805; x_wconf 82' lang='lat' dir='ltr'>forma</span> <span class='ocrx_word' id='word_1_710' title='bbox 1213 1783 1276 1806; x_wconf 81' lang='lat' dir='ltr'>prae</span> <span class='ocrx_word' id='word_1_711' title='bbox 1299 1776 1362 1807; x_wconf 75' lang='lat' dir='ltr'>siliis</span> <span class='ocrx_word' id='word_1_712' title='bbox 1387 1777 1519 1802; x_wconf 75' lang='lat' dir='ltr'>hommum</span> <span class='ocrx_word' id='word_1_713' title='bbox 1532 1775 1552 1789; x_wconf 74' lang='lat'>²⁵</span> <span class='ocrx_word' id='word_1_714' title='bbox 1570 1778 1711 1802; x_wconf 81' lang='lat' dir='ltr'>consecrate</span> <span class='ocrx_word' id='word_1_715' title='bbox 1735 1778 1809 1803; x_wconf 86' lang='lat' dir='ltr'>simul</span> <span class='ocrx_word' id='word_1_716' title='bbox 1833 1778 1858 1804; x_wconf 93' lang='lat' dir='ltr'>et</span> 
     </span>
     <span class='ocr_line' id='line_1_88' title="bbox 1013 1819 1857 1851; baseline 0.005 -9"><span class='ocrx_word' id='word_1_717' title='bbox 1013 1819 1167 1843; x_wconf 84' lang='lat' dir='ltr'>conservate.</span> <span class='ocrx_word' id='word_1_718' title='bbox 1191 1828 1203 1840; x_wconf 77' lang='grc' dir='ltr'>α</span> <span class='ocrx_word' id='word_1_719' title='bbox 1216 1819 1273 1844; x_wconf 87' lang='lat' dir='ltr'>Non</span> <span class='ocrx_word' id='word_1_720' title='bbox 1292 1819 1459 1850; x_wconf 87' lang='lat' dir='ltr'>conspiciatur</span> <span class='ocrx_word' id='word_1_721' title='bbox 1476 1821 1501 1844; x_wconf 91' lang='lat' dir='ltr'>in</span> <span class='ocrx_word' id='word_1_722' title='bbox 1521 1820 1631 1851; x_wconf 78' lang='lat' dir='ltr'>virgineo</span> <span class='ocrx_word' id='word_1_723' title='bbox 1649 1827 1750 1851; x_wconf 84' lang='lat' dir='ltr'>corpore</span> <span class='ocrx_word' id='word_1_724' title='bbox 1774 1821 1857 1846; x_wconf 82' lang='lat' dir='ltr'>vestro</span> 
     </span>
     <span class='ocr_line' id='line_1_89' title="bbox 1013 1861 1857 1895; baseline 0.005 -10"><span class='ocrx_word' id='word_1_725' title='bbox 1013 1861 1141 1892; x_wconf 89' lang='lat' dir='ltr'>improbus</span> <span class='ocrx_word' id='word_1_726' title='bbox 1160 1861 1260 1891; x_wconf 90' lang='lat' dir='ltr'>vultus,</span> <span class='ocrx_word' id='word_1_727' title='bbox 1280 1868 1328 1887; x_wconf 85' lang='lat' dir='ltr'>non</span> <span class='ocrx_word' id='word_1_728' title='bbox 1347 1862 1405 1893; x_wconf 81' lang='lat' dir='ltr'>vagi</span> <span class='ocrx_word' id='word_1_729' title='bbox 1424 1863 1498 1892; x_wconf 87' lang='lat' dir='ltr'>oculi,</span> <span class='ocrx_word' id='word_1_730' title='bbox 1518 1870 1567 1888; x_wconf 88' lang='lat' dir='ltr'>non</span> <span class='ocrx_word' id='word_1_731' title='bbox 1580 1863 1683 1888; x_wconf 81' lang='lat' dir='ltr'>infrenis</span> <span class='ocrx_word' id='word_1_732' title='bbox 1695 1864 1794 1895; x_wconf 77' lang='lat' dir='ltr'>lingua,</span> <span class='ocrx_word' id='word_1_733' title='bbox 1807 1871 1857 1889; x_wconf 88' lang='lat' dir='ltr'>non</span> 
     </span>
     <span class='ocr_line' id='line_1_90' title="bbox 1014 1904 1856 1936; baseline 0.004 -8"><span class='ocrx_word' id='word_1_734' title='bbox 1014 1904 1131 1935; x_wconf 83' lang='lat' dir='ltr'>petulans</span> <span class='ocrx_word' id='word_1_735' title='bbox 1149 1905 1228 1934; x_wconf 83' lang='lat' dir='ltr'>risus,</span> <span class='ocrx_word' id='word_1_736' title='bbox 1246 1911 1296 1929; x_wconf 87' lang='lat' dir='ltr'>non</span> <span class='ocrx_word' id='word_1_737' title='bbox 1316 1905 1427 1929; x_wconf 88' lang='lat' dir='ltr'>scurrilis</span> <span class='ocrx_word' id='word_1_738' title='bbox 1446 1906 1527 1934; x_wconf 76' lang='lat' dir='ltr'>iocus,</span> <span class='ocrx_word' id='word_1_739' title='bbox 1547 1913 1595 1931; x_wconf 92' lang='lat' dir='ltr'>non</span> <span class='ocrx_word' id='word_1_740' title='bbox 1615 1906 1729 1931; x_wconf 84' lang='lat' dir='ltr'>indecens</span> <span class='ocrx_word' id='word_1_741' title='bbox 1747 1906 1856 1936; x_wconf 82' lang='lat' dir='ltr'>habitus,</span> 
     </span>
     <span class='ocr_line' id='line_1_91' title="bbox 1014 1946 1854 1980; baseline 0.005 -10"><span class='ocrx_word' id='word_1_742' title='bbox 1014 1946 1125 1971; x_wconf 89' lang='lat' dir='ltr'>tumidus</span> <span class='ocrx_word' id='word_1_743' title='bbox 1143 1946 1188 1971; x_wconf 91' lang='lat' dir='ltr'>aut</span> <span class='ocrx_word' id='word_1_744' title='bbox 1206 1947 1288 1971; x_wconf 77' lang='lat' dir='ltr'>fluxus</span> <span class='ocrx_word' id='word_1_745' title='bbox 1306 1948 1426 1972; x_wconf 82' lang='lat' dir='ltr'>incessus.</span> <span class='ocrx_word' id='word_1_746' title='bbox 1444 1948 1498 1972; x_wconf 85' lang='lat' dir='ltr'>Iam</span> <span class='ocrx_word' id='word_1_747' title='bbox 1511 1955 1564 1972; x_wconf 73' lang='lat' dir='ltr'>non</span> <span class='ocrx_word' id='word_1_748' title='bbox 1582 1948 1679 1973; x_wconf 62' lang='lat' dir='ltr'>reddite</span> <span class='ocrx_word' id='word_1_749' title='bbox 1691 1949 1789 1973; x_wconf 75' lang='lat' dir='ltr'>malum</span> <span class='ocrx_word' id='word_1_750' title='bbox 1803 1956 1854 1980; x_wconf 71' lang='lat' dir='ltr'>pro</span> 
     </span>
     <span class='ocr_line' id='line_1_92' title="bbox 1012 1989 1856 2023; baseline 0.005 -10"><span class='ocrx_word' id='word_1_751' title='bbox 1012 1989 1097 2021; x_wconf 83' lang='lat' dir='ltr'>malo,</span> <span class='ocrx_word' id='word_1_752' title='bbox 1117 1991 1164 2014; x_wconf 81' lang='lat' dir='ltr'>aut</span> <span class='ocrx_word' id='word_1_753' title='bbox 1187 1990 1350 2015; x_wconf 70' lang='lat' dir='ltr'>ntaledt&#39;ctam</span> <span class='ocrx_word' id='word_1_754' title='bbox 1371 1997 1422 2021; x_wconf 77' lang='lat' dir='ltr'>pro</span> <span class='ocrx_word' id='word_1_755' title='bbox 1444 1991 1588 2016; x_wconf 74' lang='lat' dir='ltr'>maledicto.</span> <span class='ocrx_word' id='word_1_756' title='bbox 1607 1992 1661 2016; x_wconf 86' lang='lat' dir='ltr'>Iam</span> <span class='ocrx_word' id='word_1_757' title='bbox 1681 1992 1805 2023; x_wconf 86' lang='lat' dir='ltr'>postremo</span> <span class='ocrx_word' id='word_1_758' title='bbox 1825 1992 1856 2017; x_wconf 85' lang='lat' dir='ltr'>ad</span> 
     </span>
     <span class='ocr_line' id='line_1_93' title="bbox 1012 2032 1856 2066; baseline 0.004 -10"><span class='ocrx_word' id='word_1_759' title='bbox 1012 2032 1081 2056; x_wconf 80' lang='lat' dir='ltr'>illam</span> <span class='ocrx_word' id='word_1_760' title='bbox 1092 2032 1230 2057; x_wconf 84' lang='lat' dir='ltr'>dilectionis</span> <span class='ocrx_word' id='word_1_761' title='bbox 1240 2039 1380 2057; x_wconf 85' lang='lat' dir='ltr'>mensuram</span> <span class='ocrx_word' id='word_1_762' title='bbox 1391 2033 1505 2063; x_wconf 81' lang='lat' dir='ltr'>accedite,</span> <span class='ocrx_word' id='word_1_763' title='bbox 1515 2034 1544 2058; x_wconf 90' lang='lat' dir='ltr'>ut</span> <span class='ocrx_word' id='word_1_764' title='bbox 1554 2034 1586 2058; x_wconf 88' lang='lat' dir='ltr'>ad</span> <span class='ocrx_word' id='word_1_765' title='bbox 1595 2033 1758 2060; x_wconf 87' lang='lat' dir='ltr'>imitationem</span> <span class='ocrx_word' id='word_1_766' title='bbox 1768 2035 1856 2066; x_wconf 86' lang='lat' dir='ltr'>Sponsi</span> 
     </span>
     <span class='ocr_line' id='line_1_94' title="bbox 1012 2075 1855 2107; baseline 0.005 -8"><span class='ocrx_word' id='word_1_767' title='bbox 1012 2075 1090 2100; x_wconf 85' lang='lat' dir='ltr'>vestri</span> <span class='ocrx_word' id='word_1_768' title='bbox 1113 2076 1212 2106; x_wconf 85' lang='lat' dir='ltr'>ponatis</span> <span class='ocrx_word' id='word_1_769' title='bbox 1237 2077 1341 2101; x_wconf 75' lang='lat' dir='ltr'>animas</span> <span class='ocrx_word' id='word_1_770' title='bbox 1354 2083 1406 2107; x_wconf 72' lang='lat' dir='ltr'>pro</span> <span class='ocrx_word' id='word_1_771' title='bbox 1426 2076 1552 2106; x_wconf 74' lang='lat' dir='ltr'>fratribus</span> <span class='ocrx_word' id='word_1_772' title='bbox 1570 2078 1661 2102; x_wconf 86' lang='lat' dir='ltr'>vestris</span> <span class='ocrx_word' id='word_1_773' title='bbox 1677 2075 1696 2088; x_wconf 82' lang='lat'>¹⁷</span> <span class='ocrx_word' id='word_1_774' title='bbox 1710 2087 1735 2102; x_wconf 80' lang='grc'><strong>».</strong></span> <span class='ocrx_word' id='word_1_775' title='bbox 1759 2087 1770 2100; x_wconf 76' lang='grc' dir='ltr'>α</span> <span class='ocrx_word' id='word_1_776' title='bbox 1789 2078 1855 2103; x_wconf 86' lang='lat' dir='ltr'>Haec</span> 
     </span>
     <span class='ocr_line' id='line_1_95' title="bbox 1011 2118 1856 2151; baseline 0.004 -8"><span class='ocrx_word' id='word_1_777' title='bbox 1011 2118 1077 2143; x_wconf 89' lang='lat' dir='ltr'>enim</span> <span class='ocrx_word' id='word_1_778' title='bbox 1096 2119 1180 2144; x_wconf 85' lang='lat' dir='ltr'>addita</span> <span class='ocrx_word' id='word_1_779' title='bbox 1200 2119 1340 2151; x_wconf 77' lang='lat' dir='ltr'>virginitati</span> <span class='ocrx_word' id='word_1_780' title='bbox 1359 2120 1495 2151; x_wconf 85' lang='lat' dir='ltr'>angelicam</span> <span class='ocrx_word' id='word_1_781' title='bbox 1514 2120 1592 2145; x_wconf 85' lang='lat' dir='ltr'>vitam</span> <span class='ocrx_word' id='word_1_782' title='bbox 1605 2120 1745 2146; x_wconf 86' lang='lat' dir='ltr'>hominibus</span> <span class='ocrx_word' id='word_1_783' title='bbox 1758 2121 1783 2146; x_wconf 86' lang='lat' dir='ltr'>et</span> <span class='ocrx_word' id='word_1_784' title='bbox 1795 2122 1856 2146; x_wconf 87' lang='lat' dir='ltr'>caeli</span> 
     </span>
     <span class='ocr_line' id='line_1_96' title="bbox 1012 2162 1856 2195; baseline 0.004 -9"><span class='ocrx_word' id='word_1_785' title='bbox 1012 2168 1092 2186; x_wconf 88' lang='lat' dir='ltr'>mores</span> <span class='ocrx_word' id='word_1_786' title='bbox 1111 2162 1228 2187; x_wconf 82' lang='lat' dir='ltr'>exhibent</span> <span class='ocrx_word' id='word_1_787' title='bbox 1245 2162 1329 2187; x_wconf 87' lang='lat' dir='ltr'>terris.</span> <span class='ocrx_word' id='word_1_788' title='bbox 1348 2162 1394 2187; x_wconf 86' lang='lat' dir='ltr'>Sed</span> <span class='ocrx_word' id='word_1_789' title='bbox 1412 2164 1509 2194; x_wconf 73' lang='lat' dir='ltr'>quanto</span> <span class='ocrx_word' id='word_1_790' title='bbox 1527 2164 1617 2195; x_wconf 71' lang='lat' dir='ltr'>rnayni</span> <span class='ocrx_word' id='word_1_791' title='bbox 1634 2164 1708 2195; x_wconf 76' lang='lat' dir='ltr'>estis,</span> <span class='ocrx_word' id='word_1_792' title='bbox 1723 2165 1793 2189; x_wconf 70' lang='grc' dir='ltr'><em>ΐαηίο</em></span> <span class='ocrx_word' id='word_1_793' title='bbox 1812 2163 1856 2189; x_wconf 77' lang='lat' dir='ltr'>hu-</span> 
     </span>
     <span class='ocr_line' id='line_1_97' title="bbox 1011 2204 1854 2239; baseline 0.004 -10"><span class='ocrx_word' id='word_1_794' title='bbox 1011 2204 1109 2229; x_wconf 70' lang='lat' dir='ltr'>miliate</span> <span class='ocrx_word' id='word_1_795' title='bbox 1127 2211 1170 2230; x_wconf 84' lang='lat' dir='ltr'>vos</span> <span class='ocrx_word' id='word_1_796' title='bbox 1189 2206 1216 2230; x_wconf 73' lang='lat' dir='ltr'>in</span> <span class='ocrx_word' id='word_1_797' title='bbox 1234 2206 1364 2237; x_wconf 62' lang='lat' dir='ltr'>ominibus,</span> <span class='ocrx_word' id='word_1_798' title='bbox 1382 2206 1411 2230; x_wconf 91' lang='lat' dir='ltr'>ut</span> <span class='ocrx_word' id='word_1_799' title='bbox 1421 2213 1508 2231; x_wconf 80' lang='lat' dir='ltr'>eoram</span> <span class='ocrx_word' id='word_1_800' title='bbox 1521 2206 1576 2231; x_wconf 78' lang='lat' dir='ltr'>Deo</span> <span class='ocrx_word' id='word_1_801' title='bbox 1589 2207 1725 2232; x_wconf 72' lang='lat' dir='ltr'>inveniatis</span> <span class='ocrx_word' id='word_1_802' title='bbox 1733 2207 1854 2239; x_wconf 67' lang='lat' dir='ltr'>oratiam,</span> 
     </span>
    </p>
   </div>
   <div class='ocr_carea' id='block_1_14' title="bbox 729 2325 1243 2329">
    <p class='ocr_par' dir='ltr' id='par_1_17' title="bbox 729 2325 1243 2329">
     <span class='ocr_line' id='line_1_98' title="bbox 729 2325 1243 2329; baseline 0 0"><span class='ocrx_word' id='word_1_803' title='bbox 729 2325 1243 2329; x_wconf 95' lang='lat' dir='ltr'> </span> 
     </span>
    </p>
   </div>
   <div class='ocr_carea' id='block_1_15' title="bbox 110 2421 956 2484">
    <p class='ocr_par' dir='ltr' id='par_1_18' title="bbox 110 2421 956 2484">
     <span class='ocr_line' id='line_1_99' title="bbox 173 2421 953 2450; baseline 0.004 -7"><span class='ocrx_word' id='word_1_804' title='bbox 173 2421 181 2434; x_wconf 88' lang='lat'>¹</span> <span class='ocrx_word' id='word_1_805' title='bbox 199 2421 263 2444; x_wconf 81' lang='lat' dir='ltr'>Cant.</span> <span class='ocrx_word' id='word_1_806' title='bbox 281 2422 306 2449; x_wconf 82' lang='lat'>5,</span> <span class='ocrx_word' id='word_1_807' title='bbox 325 2422 360 2443; x_wconf 92' lang='grc'>10.</span> <span class='ocrx_word' id='word_1_808' title='bbox 378 2434 409 2438; x_wconf 95' lang='grc'><strong>-</strong></span> <span class='ocrx_word' id='word_1_809' title='bbox 426 2422 538 2450; x_wconf 76' lang='lat' dir='ltr'>Superius</span> <span class='ocrx_word' id='word_1_810' title='bbox 556 2422 611 2444; x_wconf 88' lang='lat' dir='ltr'>Bon.</span> <span class='ocrx_word' id='word_1_811' title='bbox 629 2429 681 2444; x_wconf 73' lang='lat' dir='ltr'>cum</span> <span class='ocrx_word' id='word_1_812' title='bbox 699 2423 736 2445; x_wconf 84' lang='lat' dir='ltr'>ed.</span> <span class='ocrx_word' id='word_1_813' title='bbox 754 2423 762 2444; x_wconf 93' lang='grc'>1</span> <span class='ocrx_word' id='word_1_814' title='bbox 779 2429 857 2445; x_wconf 81' lang='lat' dir='ltr'>sermo</span> <span class='ocrx_word' id='word_1_815' title='bbox 869 2427 953 2446; x_wconf 81' lang='lat' dir='ltr'>earum</span> 
     </span>
     <span class='ocr_line' id='line_1_100' title="bbox 110 2452 956 2484; baseline 0.001 -8"><span class='ocrx_word' id='word_1_816' title='bbox 110 2459 202 2482; x_wconf 77' lang='lat' dir='ltr'>semper</span> <span class='ocrx_word' id='word_1_817' title='bbox 219 2452 317 2476; x_wconf 76' lang='lat' dir='ltr'>caritate</span> <span class='ocrx_word' id='word_1_818' title='bbox 333 2452 430 2481; x_wconf 78' lang='lat' dir='ltr'>ardeat,</span> <span class='ocrx_word' id='word_1_819' title='bbox 445 2452 558 2482; x_wconf 78' lang='lat' dir='ltr'>passione</span> <span class='ocrx_word' id='word_1_820' title='bbox 575 2453 638 2483; x_wconf 73' lang='lat' dir='ltr'>Aym&#39;</span> <span class='ocrx_word' id='word_1_821' title='bbox 654 2455 677 2476; x_wconf 80' lang='lat' dir='ltr'>et</span> <span class='ocrx_word' id='word_1_822' title='bbox 693 2453 781 2483; x_wconf 70' lang='lat' dir='ltr'>Sponse&#39;</span> <span class='ocrx_word' id='word_1_823' title='bbox 797 2454 892 2482; x_wconf 79' lang='lat' dir='ltr'>rubeat,</span> <span class='ocrx_word' id='word_1_824' title='bbox 913 2454 956 2484; x_wconf 78' lang='lat' dir='ltr'>qui</span> 
     </span>
    </p>
   </div>
   <div class='ocr_carea' id='block_1_16' title="bbox 74 2488 264 2513">
    <p class='ocr_par' dir='ltr' id='par_1_19' title="bbox 74 2488 264 2513">
     <span class='ocr_line' id='line_1_101' title="bbox 74 2488 264 2513; baseline 0.005 -8"><span class='ocrx_word' id='word_1_825' title='bbox 74 2504 77 2505; x_wconf 56' lang='lat'>.</span> <span class='ocrx_word' id='word_1_826' title='bbox 111 2490 203 2513; x_wconf 63' lang='lat' dir='ltr'>semper</span> <span class='ocrx_word' id='word_1_827' title='bbox 221 2488 264 2506; x_wconf 74' lang='lat' dir='ltr'>Cic.</span> 
     </span>
    </p>
   </div>
   <div class='ocr_carea' id='block_1_17' title="bbox 111 2514 954 3011">
    <p class='ocr_par' dir='ltr' id='par_1_20' title="bbox 173 2514 858 2543">
     <span class='ocr_line' id='line_1_102' title="bbox 173 2514 858 2543; baseline 0.001 -6"><span class='ocrx_word' id='word_1_828' title='bbox 173 2514 182 2527; x_wconf 77' lang='lat'>&#39;¹&#39;</span> <span class='ocrx_word' id='word_1_829' title='bbox 200 2515 230 2537; x_wconf 83' lang='lat' dir='ltr'>Ex</span> <span class='ocrx_word' id='word_1_830' title='bbox 247 2515 265 2537; x_wconf 82' lang='grc' dir='ltr'>Α</span> <span class='ocrx_word' id='word_1_831' title='bbox 282 2515 444 2543; x_wconf 82' lang='lat' dir='ltr'>supplevimus</span> <span class='ocrx_word' id='word_1_832' title='bbox 461 2521 503 2538; x_wconf 79' lang='lat' dir='ltr'>nec</span> <span class='ocrx_word' id='word_1_833' title='bbox 520 2514 701 2538; x_wconf 74' lang='lat' dir='ltr'>detractiones...</span> <span class='ocrx_word' id='word_1_834' title='bbox 718 2515 783 2539; x_wconf 79' lang='lat' dir='ltr'>dulci</span> <span class='ocrx_word' id='word_1_835' title='bbox 799 2516 858 2539; x_wconf 77' lang='lat' dir='ltr'>lesu.</span> 
     </span>
    </p>

    <p class='ocr_par' dir='ltr' id='par_1_21' title="bbox 111 2545 954 2635">
     <span class='ocr_line' id='line_1_103' title="bbox 173 2545 954 2573; baseline 0.001 -5"><span class='ocrx_word' id='word_1_836' title='bbox 173 2545 182 2558; x_wconf 78' lang='lat'>³</span> <span class='ocrx_word' id='word_1_837' title='bbox 199 2546 263 2569; x_wconf 87' lang='lat' dir='ltr'>Cant.</span> <span class='ocrx_word' id='word_1_838' title='bbox 281 2547 302 2573; x_wconf 86' lang='grc'>1,</span> <span class='ocrx_word' id='word_1_839' title='bbox 320 2547 348 2573; x_wconf 82' lang='grc'>3;</span> <span class='ocrx_word' id='word_1_840' title='bbox 367 2546 438 2569; x_wconf 83' lang='lat' dir='ltr'>ibid.:</span> <span class='ocrx_word' id='word_1_841' title='bbox 456 2547 582 2569; x_wconf 79' lang='lat' dir='ltr'>introduxit</span> <span class='ocrx_word' id='word_1_842' title='bbox 600 2553 636 2568; x_wconf 83' lang='lat' dir='ltr'>ine</span> <span class='ocrx_word' id='word_1_843' title='bbox 653 2553 691 2569; x_wconf 86' lang='lat' dir='ltr'>rex</span> <span class='ocrx_word' id='word_1_844' title='bbox 709 2547 732 2569; x_wconf 83' lang='lat' dir='ltr'>in</span> <span class='ocrx_word' id='word_1_845' title='bbox 748 2547 837 2569; x_wconf 83' lang='lat' dir='ltr'>cellaria</span> <span class='ocrx_word' id='word_1_846' title='bbox 855 2554 905 2569; x_wconf 81' lang='lat' dir='ltr'>sua.</span> <span class='ocrx_word' id='word_1_847' title='bbox 923 2548 954 2570; x_wconf 87' lang='lat' dir='ltr'>lu-</span> 
     </span>
     <span class='ocr_line' id='line_1_104' title="bbox 112 2577 953 2605; baseline 0.002 -6"><span class='ocrx_word' id='word_1_848' title='bbox 112 2577 173 2605; x_wconf 82' lang='lat' dir='ltr'>dith,</span> <span class='ocrx_word' id='word_1_849' title='bbox 195 2578 233 2604; x_wconf 72' lang='grc'>12,</span> <span class='ocrx_word' id='word_1_850' title='bbox 252 2578 296 2599; x_wconf 72' lang='grc' dir='ltr'>12ε</span> <span class='ocrx_word' id='word_1_851' title='bbox 314 2577 380 2600; x_wconf 81' lang='lat' dir='ltr'>Bibut</span> <span class='ocrx_word' id='word_1_852' title='bbox 397 2578 478 2600; x_wconf 85' lang='lat' dir='ltr'>vinum</span> <span class='ocrx_word' id='word_1_853' title='bbox 496 2578 517 2600; x_wconf 94' lang='lat' dir='ltr'>in</span> <span class='ocrx_word' id='word_1_854' title='bbox 536 2578 682 2600; x_wconf 73' lang='lat' dir='ltr'>iucunditate.</span> <span class='ocrx_word' id='word_1_855' title='bbox 700 2578 763 2601; x_wconf 80' lang='lat' dir='ltr'>Canl.</span> <span class='ocrx_word' id='word_1_856' title='bbox 781 2578 808 2605; x_wconf 83' lang='lat'>5,</span> <span class='ocrx_word' id='word_1_857' title='bbox 834 2579 858 2600; x_wconf 84' lang='lat' dir='ltr'>l:</span> <span class='ocrx_word' id='word_1_858' title='bbox 883 2578 953 2601; x_wconf 78' lang='lat' dir='ltr'>Bibite</span> 
     </span>
     <span class='ocr_line' id='line_1_105' title="bbox 111 2608 445 2635; baseline 0.003 -5"><span class='ocrx_word' id='word_1_859' title='bbox 111 2611 134 2631; x_wconf 85' lang='lat' dir='ltr'>et</span> <span class='ocrx_word' id='word_1_860' title='bbox 150 2608 309 2635; x_wconf 83' lang='lat' dir='ltr'>inebriamini,</span> <span class='ocrx_word' id='word_1_861' title='bbox 326 2609 445 2631; x_wconf 74' lang='lat' dir='ltr'>carisslmi.</span> 
     </span>
    </p>

    <p class='ocr_par' dir='ltr' id='par_1_22' title="bbox 172 2638 338 2666">
     <span class='ocr_line' id='line_1_106' title="bbox 172 2638 338 2666; baseline 0.012 -6"><span class='ocrx_word' id='word_1_862' title='bbox 172 2638 182 2651; x_wconf 90' lang='lat'>⁴</span> <span class='ocrx_word' id='word_1_863' title='bbox 200 2640 254 2661; x_wconf 80' lang='lat' dir='ltr'>Phil.</span> <span class='ocrx_word' id='word_1_864' title='bbox 272 2640 299 2666; x_wconf 80' lang='lat'>2,</span> <span class='ocrx_word' id='word_1_865' title='bbox 316 2640 338 2662; x_wconf 84' lang='lat'>9.</span> 
     </span>
    </p>

    <p class='ocr_par' dir='ltr' id='par_1_23' title="bbox 112 2669 954 2724">
     <span class='ocr_line' id='line_1_107' title="bbox 173 2669 954 2699; baseline 0.003 -7"><span class='ocrx_word' id='word_1_866' title='bbox 173 2669 183 2682; x_wconf 79' lang='lat'>⁵</span> <span class='ocrx_word' id='word_1_867' title='bbox 199 2670 262 2693; x_wconf 79' lang='lat' dir='ltr'>Cant.</span> <span class='ocrx_word' id='word_1_868' title='bbox 281 2670 308 2697; x_wconf 77' lang='lat'>4,</span> <span class='ocrx_word' id='word_1_869' title='bbox 325 2671 348 2693; x_wconf 88' lang='grc'>3.</span> <span class='ocrx_word' id='word_1_870' title='bbox 364 2683 395 2687; x_wconf 95' lang='grc'><strong>-</strong></span> <span class='ocrx_word' id='word_1_871' title='bbox 412 2670 517 2693; x_wconf 84' lang='lat' dir='ltr'>Subinde</span> <span class='ocrx_word' id='word_1_872' title='bbox 528 2671 651 2699; x_wconf 81' lang='lat' dir='ltr'>respicitur</span> <span class='ocrx_word' id='word_1_873' title='bbox 667 2671 731 2694; x_wconf 76' lang='lat' dir='ltr'>Cant.</span> <span class='ocrx_word' id='word_1_874' title='bbox 750 2672 770 2698; x_wconf 81' lang='grc'>1,</span> <span class='ocrx_word' id='word_1_875' title='bbox 792 2672 797 2693; x_wconf 94' lang='grc'>1</span> <span class='ocrx_word' id='word_1_876' title='bbox 811 2679 816 2693; x_wconf 90' lang='lat'><strong>:</strong></span> <span class='ocrx_word' id='word_1_877' title='bbox 833 2671 954 2694; x_wconf 81' lang='lat' dir='ltr'>osculetur</span> 
     </span>
     <span class='ocr_line' id='line_1_108' title="bbox 112 2701 368 2724; baseline 0.004 -1"><span class='ocrx_word' id='word_1_878' title='bbox 112 2705 149 2723; x_wconf 89' lang='lat' dir='ltr'>me</span> <span class='ocrx_word' id='word_1_879' title='bbox 165 2702 243 2724; x_wconf 78' lang='lat' dir='ltr'>osculo</span> <span class='ocrx_word' id='word_1_880' title='bbox 261 2701 307 2724; x_wconf 80' lang='lat' dir='ltr'>oris</span> <span class='ocrx_word' id='word_1_881' title='bbox 323 2702 368 2724; x_wconf 81' lang='lat' dir='ltr'>sui.</span> 
     </span>
    </p>

    <p class='ocr_par' dir='ltr' id='par_1_24' title="bbox 111 2731 954 2918">
     <span class='ocr_line' id='line_1_109' title="bbox 175 2731 953 2761; baseline 0.003 -7"><span class='ocrx_word' id='word_1_882' title='bbox 175 2731 184 2744; x_wconf 82' lang='lat'>¹³</span> <span class='ocrx_word' id='word_1_883' title='bbox 202 2732 250 2755; x_wconf 75' lang='lat' dir='ltr'>lsai.</span> <span class='ocrx_word' id='word_1_884' title='bbox 268 2733 311 2760; x_wconf 77' lang='lat'>56,</span> <span class='ocrx_word' id='word_1_885' title='bbox 329 2733 350 2755; x_wconf 81' lang='lat'>5.</span> <span class='ocrx_word' id='word_1_886' title='bbox 370 2732 483 2756; x_wconf 86' lang='lat' dir='ltr'>Convenit</span> <span class='ocrx_word' id='word_1_887' title='bbox 508 2734 618 2760; x_wconf 76' lang='lat' dir='ltr'>August.‚</span> <span class='ocrx_word' id='word_1_888' title='bbox 643 2733 673 2755; x_wconf 87' lang='lat' dir='ltr'>de</span> <span class='ocrx_word' id='word_1_889' title='bbox 698 2734 780 2755; x_wconf 78' lang='lat' dir='ltr'>Sancta</span> <span class='ocrx_word' id='word_1_890' title='bbox 807 2733 953 2761; x_wconf 78' lang='lat' dir='ltr'>Virginitate,</span> 
     </span>
     <span class='ocr_line' id='line_1_110' title="bbox 111 2763 953 2793; baseline 0.002 -8"><span class='ocrx_word' id='word_1_891' title='bbox 111 2768 132 2785; x_wconf 86' lang='lat' dir='ltr'>c.</span> <span class='ocrx_word' id='word_1_892' title='bbox 149 2763 186 2785; x_wconf 75' lang='lat'>25.</span> <span class='ocrx_word' id='word_1_893' title='bbox 204 2770 226 2786; x_wconf 88' lang='lat' dir='ltr'>n.</span> <span class='ocrx_word' id='word_1_894' title='bbox 245 2763 285 2791; x_wconf 70' lang='lat'>25,</span> <span class='ocrx_word' id='word_1_895' title='bbox 302 2764 340 2793; x_wconf 86' lang='lat' dir='ltr'>qui</span> <span class='ocrx_word' id='word_1_896' title='bbox 359 2767 448 2786; x_wconf 78' lang='lat' dir='ltr'>tantum</span> <span class='ocrx_word' id='word_1_897' title='bbox 462 2765 482 2786; x_wconf 85' lang='lat' dir='ltr'>in</span> <span class='ocrx_word' id='word_1_898' title='bbox 496 2765 540 2786; x_wconf 79' lang='lat' dir='ltr'>fine</span> <span class='ocrx_word' id='word_1_899' title='bbox 552 2765 607 2792; x_wconf 79' lang='lat' dir='ltr'>legit</span> <span class='ocrx_word' id='word_1_900' title='bbox 618 2769 659 2787; x_wconf 76' lang='lat' dir='ltr'>nec</span> <span class='ocrx_word' id='word_1_901' title='bbox 672 2769 778 2793; x_wconf 78' lang='lat' dir='ltr'>unquam</span> <span class='ocrx_word' id='word_1_902' title='bbox 790 2764 864 2787; x_wconf 66' lang='lat' dir='ltr'>deme</span> <span class='ocrx_word' id='word_1_903' title='bbox 876 2765 953 2792; x_wconf 76' lang='lat' dir='ltr'>(etiam</span> 
     </span>
     <span class='ocr_line' id='line_1_111' title="bbox 111 2794 954 2824; baseline 0.002 -8"><span class='ocrx_word' id='word_1_904' title='bbox 111 2794 130 2816; x_wconf 80' lang='grc' dir='ltr'>Α</span> <span class='ocrx_word' id='word_1_905' title='bbox 141 2794 232 2823; x_wconf 76' lang='lat' dir='ltr'>deerit).</span> <span class='ocrx_word' id='word_1_906' title='bbox 243 2794 290 2817; x_wconf 77' lang='lat' dir='ltr'>Cir.</span> <span class='ocrx_word' id='word_1_907' title='bbox 301 2794 459 2823; x_wconf 78' lang='lat' dir='ltr'>septuaginta.</span> <span class='ocrx_word' id='word_1_908' title='bbox 477 2795 573 2823; x_wconf 76' lang='lat' dir='ltr'>Vulgata</span> <span class='ocrx_word' id='word_1_909' title='bbox 591 2798 643 2823; x_wconf 86' lang='lat' dir='ltr'>post</span> <span class='ocrx_word' id='word_1_910' title='bbox 660 2795 739 2818; x_wconf 82' lang='lat' dir='ltr'>locum</span> <span class='ocrx_word' id='word_1_911' title='bbox 755 2796 914 2824; x_wconf 73' lang='lat' dir='ltr'>prosequitur:</span> <span class='ocrx_word' id='word_1_912' title='bbox 932 2799 954 2818; x_wconf 87' lang='lat' dir='ltr'>ct</span> 
     </span>
     <span class='ocr_line' id='line_1_112' title="bbox 111 2826 953 2854; baseline 0.002 -7"><span class='ocrx_word' id='word_1_913' title='bbox 111 2831 195 2848; x_wconf 82' lang='lat' dir='ltr'>nomen</span> <span class='ocrx_word' id='word_1_914' title='bbox 213 2826 296 2848; x_wconf 81' lang='lat' dir='ltr'>melius</span> <span class='ocrx_word' id='word_1_915' title='bbox 312 2833 324 2848; x_wconf 80' lang='lat' dir='ltr'>a</span> <span class='ocrx_word' id='word_1_916' title='bbox 342 2827 393 2849; x_wconf 78' lang='lat' dir='ltr'>siliis</span> <span class='ocrx_word' id='word_1_917' title='bbox 404 2830 426 2849; x_wconf 86' lang='lat' dir='ltr'>et</span> <span class='ocrx_word' id='word_1_918' title='bbox 438 2826 543 2854; x_wconf 82' lang='lat' dir='ltr'>filiabus;</span> <span class='ocrx_word' id='word_1_919' title='bbox 560 2831 645 2849; x_wconf 85' lang='lat' dir='ltr'>nomen</span> <span class='ocrx_word' id='word_1_920' title='bbox 656 2826 823 2854; x_wconf 80' lang='lat' dir='ltr'>sempiternum</span> <span class='ocrx_word' id='word_1_921' title='bbox 835 2826 897 2849; x_wconf 81' lang='lat' dir='ltr'>dabo</span> <span class='ocrx_word' id='word_1_922' title='bbox 909 2827 953 2854; x_wconf 87' lang='lat' dir='ltr'>eis,</span> 
     </span>
     <span class='ocr_line' id='line_1_113' title="bbox 111 2856 658 2918; baseline 0.002 -9"><span class='ocrx_word' id='word_1_923' title='bbox 111 2856 182 2899; x_wconf 72' lang='lat' dir='ltr'>qu⁰d⁷</span> <span class='ocrx_word' id='word_1_924' title='bbox 193 2862 237 2910; x_wconf 55' lang='grc' dir='ltr'>[1ῗέ</span> <span class='ocrx_word' id='word_1_925' title='bbox 248 2857 353 2915; x_wconf 42' lang='lat' dir='ltr'>‘perfflgg-</span> <span class='ocrx_word' id='word_1_926' title='bbox 370 2893 423 2910; x_wconf 91' lang='lat' dir='ltr'>cum</span> <span class='ocrx_word' id='word_1_927' title='bbox 441 2888 478 2911; x_wconf 83' lang='lat' dir='ltr'>ed.</span> <span class='ocrx_word' id='word_1_928' title='bbox 498 2889 505 2910; x_wconf 76' lang='grc'>1</span> <span class='ocrx_word' id='word_1_929' title='bbox 526 2887 658 2918; x_wconf 79' lang='lat' dir='ltr'>spirituale.</span> 
     </span>
    </p>

    <p class='ocr_par' dir='ltr' id='par_1_25' title="bbox 173 2917 953 2949">
     <span class='ocr_line' id='line_1_114' title="bbox 173 2917 953 2949; baseline 0.001 -8"><span class='ocrx_word' id='word_1_930' title='bbox 173 2917 182 2930; x_wconf 60' lang='grc' dir='ltr'>Β</span> <span class='ocrx_word' id='word_1_931' title='bbox 201 2919 243 2941; x_wconf 77' lang='lat' dir='ltr'>Pro</span> <span class='ocrx_word' id='word_1_932' title='bbox 260 2920 286 2942; x_wconf 79' lang='lat' dir='ltr'>ut</span> <span class='ocrx_word' id='word_1_933' title='bbox 303 2919 349 2948; x_wconf 79' lang='lat' dir='ltr'>ipsi</span> <span class='ocrx_word' id='word_1_934' title='bbox 365 2919 403 2944; x_wconf 78' lang='lat' dir='ltr'>(ita</span> <span class='ocrx_word' id='word_1_935' title='bbox 422 2919 450 2948; x_wconf 86' lang='grc' dir='ltr'>Α)</span> <span class='ocrx_word' id='word_1_936' title='bbox 468 2919 506 2942; x_wconf 84' lang='lat' dir='ltr'>ed.</span> <span class='ocrx_word' id='word_1_937' title='bbox 524 2920 531 2942; x_wconf 88' lang='grc'>1</span> <span class='ocrx_word' id='word_1_938' title='bbox 553 2923 575 2942; x_wconf 85' lang='lat' dir='ltr'>et</span> <span class='ocrx_word' id='word_1_939' title='bbox 592 2920 647 2942; x_wconf 81' lang='lat' dir='ltr'>Bon.</span> <span class='ocrx_word' id='word_1_940' title='bbox 662 2924 707 2948; x_wconf 82' lang='lat' dir='ltr'>per</span> <span class='ocrx_word' id='word_1_941' title='bbox 724 2925 796 2949; x_wconf 81' lang='lat' dir='ltr'>quam</span> <span class='ocrx_word' id='word_1_942' title='bbox 814 2919 953 2943; x_wconf 66' lang='lat' dir='ltr'>incedentes.</span> 
     </span>
    </p>

    <p class='ocr_par' dir='ltr' id='par_1_26' title="bbox 111 2947 953 3011">
     <span class='ocr_line' id='line_1_115' title="bbox 173 2947 953 2981; baseline 0.003 -9"><span class='ocrx_word' id='word_1_943' title='bbox 173 2947 182 2961; x_wconf 77' lang='lat'><strong>⁹</strong></span> <span class='ocrx_word' id='word_1_944' title='bbox 199 2949 256 2972; x_wconf 84' lang='lat' dir='ltr'>Cod.</span> <span class='ocrx_word' id='word_1_945' title='bbox 273 2951 291 2972; x_wconf 86' lang='grc' dir='ltr'>Α</span> <span class='ocrx_word' id='word_1_946' title='bbox 309 2954 416 2978; x_wconf 78' lang='lat' dir='ltr'>repetens</span> <span class='ocrx_word' id='word_1_947' title='bbox 434 2951 509 2973; x_wconf 86' lang='lat' dir='ltr'>locum</span> <span class='ocrx_word' id='word_1_948' title='bbox 529 2951 597 2973; x_wconf 76' lang='lat' dir='ltr'>isaiae</span> <span class='ocrx_word' id='word_1_949' title='bbox 610 2950 663 2978; x_wconf 76' lang='lat' dir='ltr'>legit</span> <span class='ocrx_word' id='word_1_950' title='bbox 674 2950 797 2974; x_wconf 75' lang='lat' dir='ltr'>‘meliorem</span> <span class='ocrx_word' id='word_1_951' title='bbox 810 2956 882 2980; x_wconf 84' lang='lat' dir='ltr'>quam</span> <span class='ocrx_word' id='word_1_952' title='bbox 893 2951 953 2981; x_wconf 74' lang='lat' dir='ltr'>lilio-</span> 
     </span>
     <span class='ocr_line' id='line_1_116' title="bbox 111 2980 388 3011; baseline 0.007 -9"><span class='ocrx_word' id='word_1_953' title='bbox 111 2985 167 3003; x_wconf 83' lang='lat' dir='ltr'>rum</span> <span class='ocrx_word' id='word_1_954' title='bbox 183 2982 254 3010; x_wconf 79' lang='lat' dir='ltr'>atque</span> <span class='ocrx_word' id='word_1_955' title='bbox 269 2980 388 3011; x_wconf 73' lang='lat' dir='ltr'>filiarum.</span> 
     </span>
    </p>
   </div>
   <div class='ocr_carea' id='block_1_18' title="bbox 1010 2423 1854 3014">
    <p class='ocr_par' dir='ltr' id='par_1_27' title="bbox 1010 2423 1854 2516">
     <span class='ocr_line' id='line_1_117' title="bbox 1072 2423 1852 2453; baseline 0.004 -7"><span class='ocrx_word' id='word_1_956' title='bbox 1072 2423 1093 2437; x_wconf 84' lang='lat'>¹⁰</span> <span class='ocrx_word' id='word_1_957' title='bbox 1110 2425 1219 2453; x_wconf 64' lang='lat' dir='ltr'>August,</span> <span class='ocrx_word' id='word_1_958' title='bbox 1236 2424 1265 2447; x_wconf 90' lang='lat' dir='ltr'>de</span> <span class='ocrx_word' id='word_1_959' title='bbox 1283 2425 1363 2447; x_wconf 76' lang='lat' dir='ltr'>Sancta</span> <span class='ocrx_word' id='word_1_960' title='bbox 1382 2425 1528 2453; x_wconf 78' lang='lat' dir='ltr'>Virginitaie,</span> <span class='ocrx_word' id='word_1_961' title='bbox 1540 2431 1559 2448; x_wconf 89' lang='lat' dir='ltr'>c.</span> <span class='ocrx_word' id='word_1_962' title='bbox 1572 2426 1609 2448; x_wconf 70' lang='lat'>25.</span> <span class='ocrx_word' id='word_1_963' title='bbox 1624 2431 1646 2448; x_wconf 89' lang='lat' dir='ltr'>n.</span> <span class='ocrx_word' id='word_1_964' title='bbox 1664 2426 1708 2448; x_wconf 71' lang='lat'>25:</span> <span class='ocrx_word' id='word_1_965' title='bbox 1726 2426 1852 2449; x_wconf 79' lang='lat' dir='ltr'>Aeternum</span> 
     </span>
     <span class='ocr_line' id='line_1_118' title="bbox 1010 2455 1854 2485; baseline 0.002 -8"><span class='ocrx_word' id='word_1_966' title='bbox 1010 2455 1053 2477; x_wconf 83' lang='lat' dir='ltr'>hoc</span> <span class='ocrx_word' id='word_1_967' title='bbox 1070 2461 1179 2478; x_wconf 73' lang='lat' dir='ltr'>nomen...</span> <span class='ocrx_word' id='word_1_968' title='bbox 1196 2456 1260 2484; x_wconf 83' lang='lat' dir='ltr'>quod</span> <span class='ocrx_word' id='word_1_969' title='bbox 1278 2456 1356 2484; x_wconf 78' lang='lat' dir='ltr'>ulique</span> <span class='ocrx_word' id='word_1_970' title='bbox 1374 2457 1469 2484; x_wconf 77' lang='lat' dir='ltr'>gloriam</span> <span class='ocrx_word' id='word_1_971' title='bbox 1482 2457 1599 2485; x_wconf 79' lang='lat' dir='ltr'>quandam</span> <span class='ocrx_word' id='word_1_972' title='bbox 1613 2458 1730 2484; x_wconf 75' lang='lat' dir='ltr'>propriam</span> <span class='ocrx_word' id='word_1_973' title='bbox 1745 2458 1854 2480; x_wconf 74' lang='lat' dir='ltr'>excellen-</span> 
     </span>
     <span class='ocr_line' id='line_1_119' title="bbox 1011 2486 1854 2516; baseline 0.004 -8"><span class='ocrx_word' id='word_1_974' title='bbox 1011 2489 1103 2514; x_wconf 81' lang='lat' dir='ltr'>temque</span> <span class='ocrx_word' id='word_1_975' title='bbox 1120 2486 1248 2514; x_wconf 77' lang='lat' dir='ltr'>significat,</span> <span class='ocrx_word' id='word_1_976' title='bbox 1264 2493 1308 2509; x_wconf 88' lang='lat' dir='ltr'>non</span> <span class='ocrx_word' id='word_1_977' title='bbox 1326 2488 1368 2509; x_wconf 76' lang='lat' dir='ltr'>erit</span> <span class='ocrx_word' id='word_1_978' title='bbox 1380 2493 1503 2509; x_wconf 80' lang='lat' dir='ltr'>commune</span> <span class='ocrx_word' id='word_1_979' title='bbox 1516 2494 1569 2510; x_wconf 86' lang='lat' dir='ltr'>cum</span> <span class='ocrx_word' id='word_1_980' title='bbox 1586 2488 1675 2514; x_wconf 75' lang='lat' dir='ltr'>multis,</span> <span class='ocrx_word' id='word_1_981' title='bbox 1687 2489 1795 2516; x_wconf 71' lang='lat' dir='ltr'>quamvis</span> <span class='ocrx_word' id='word_1_982' title='bbox 1811 2493 1854 2511; x_wconf 74' lang='lat' dir='ltr'>etc.</span> 
     </span>
    </p>

    <p class='ocr_par' dir='ltr' id='par_1_28' title="bbox 1010 2517 1853 2577">
     <span class='ocr_line' id='line_1_120' title="bbox 1073 2517 1853 2547; baseline 0.004 -8"><span class='ocrx_word' id='word_1_983' title='bbox 1073 2517 1091 2529; x_wconf 88' lang='lat'>¹¹</span> <span class='ocrx_word' id='word_1_984' title='bbox 1110 2518 1180 2545; x_wconf 78' lang='lat' dir='ltr'>Epist.</span> <span class='ocrx_word' id='word_1_985' title='bbox 1198 2518 1212 2540; x_wconf 89' lang='lat' dir='ltr'>l.</span> <span class='ocrx_word' id='word_1_986' title='bbox 1231 2518 1283 2540; x_wconf 87' lang='lat' dir='ltr'>Cor.</span> <span class='ocrx_word' id='word_1_987' title='bbox 1304 2518 1342 2545; x_wconf 72' lang='lat'>¹5,</span> <span class='ocrx_word' id='word_1_988' title='bbox 1361 2518 1397 2540; x_wconf 77' lang='lat'>41.</span> <span class='ocrx_word' id='word_1_989' title='bbox 1414 2524 1462 2547; x_wconf 85' lang='lat' dir='ltr'>seq.</span> <span class='ocrx_word' id='word_1_990' title='bbox 1479 2518 1524 2541; x_wconf 87' lang='lat' dir='ltr'>Csr.</span> <span class='ocrx_word' id='word_1_991' title='bbox 1541 2519 1650 2547; x_wconf 73' lang='lat' dir='ltr'>August,</span> <span class='ocrx_word' id='word_1_992' title='bbox 1668 2519 1711 2541; x_wconf 82' lang='lat' dir='ltr'>loc.</span> <span class='ocrx_word' id='word_1_993' title='bbox 1728 2520 1765 2542; x_wconf 79' lang='lat' dir='ltr'>cit.</span> <span class='ocrx_word' id='word_1_994' title='bbox 1780 2526 1798 2542; x_wconf 83' lang='lat' dir='ltr'>c.</span> <span class='ocrx_word' id='word_1_995' title='bbox 1817 2521 1853 2542; x_wconf 73' lang='lat'>26.</span> 
     </span>
     <span class='ocr_line' id='line_1_121' title="bbox 1010 2548 1728 2577; baseline 0.003 -7"><span class='ocrx_word' id='word_1_996' title='bbox 1010 2554 1032 2570; x_wconf 94' lang='lat' dir='ltr'>n.</span> <span class='ocrx_word' id='word_1_997' title='bbox 1050 2549 1092 2575; x_wconf 76' lang='lat'>26,</span> <span class='ocrx_word' id='word_1_998' title='bbox 1110 2555 1136 2570; x_wconf 82' lang='lat' dir='ltr'>ex</span> <span class='ocrx_word' id='word_1_999' title='bbox 1153 2555 1200 2577; x_wconf 86' lang='lat' dir='ltr'>quo</span> <span class='ocrx_word' id='word_1_1000' title='bbox 1218 2548 1274 2572; x_wconf 74' lang='lat' dir='ltr'>haec</span> <span class='ocrx_word' id='word_1_1001' title='bbox 1290 2550 1348 2571; x_wconf 79' lang='lat' dir='ltr'>sunt</span> <span class='ocrx_word' id='word_1_1002' title='bbox 1364 2549 1447 2572; x_wconf 79' lang='lat' dir='ltr'>merita</span> <span class='ocrx_word' id='word_1_1003' title='bbox 1465 2548 1558 2572; x_wconf 67' lang='lat' dir='ltr'>diversa</span> <span class='ocrx_word' id='word_1_1004' title='bbox 1576 2550 1728 2573; x_wconf 73' lang='lat' dir='ltr'>Sanctorum.</span> 
     </span>
    </p>

    <p class='ocr_par' dir='ltr' id='par_1_29' title="bbox 1010 2578 1854 2634">
     <span class='ocr_line' id='line_1_122' title="bbox 1073 2578 1854 2609; baseline 0.004 -8"><span class='ocrx_word' id='word_1_1005' title='bbox 1073 2578 1092 2591; x_wconf 74' lang='lat'>¹²</span> <span class='ocrx_word' id='word_1_1006' title='bbox 1110 2579 1179 2607; x_wconf 85' lang='lat' dir='ltr'>Epist.</span> <span class='ocrx_word' id='word_1_1007' title='bbox 1197 2581 1212 2602; x_wconf 95' lang='lat' dir='ltr'>l.</span> <span class='ocrx_word' id='word_1_1008' title='bbox 1228 2579 1281 2602; x_wconf 85' lang='lat' dir='ltr'>Cor.</span> <span class='ocrx_word' id='word_1_1009' title='bbox 1301 2580 1338 2607; x_wconf 79' lang='grc'>15,</span> <span class='ocrx_word' id='word_1_1010' title='bbox 1357 2580 1393 2602; x_wconf 71' lang='lat' dir='ltr'>lii.</span> <span class='ocrx_word' id='word_1_1011' title='bbox 1404 2592 1435 2597; x_wconf 93' lang='lat'>—-</span> <span class='ocrx_word' id='word_1_1012' title='bbox 1447 2581 1540 2603; x_wconf 84' lang='lat' dir='ltr'>inferius</span> <span class='ocrx_word' id='word_1_1013' title='bbox 1558 2587 1584 2603; x_wconf 83' lang='lat' dir='ltr'>ex</span> <span class='ocrx_word' id='word_1_1014' title='bbox 1596 2581 1614 2603; x_wconf 87' lang='grc' dir='ltr'>Α</span> <span class='ocrx_word' id='word_1_1015' title='bbox 1629 2581 1789 2609; x_wconf 76' lang='lat' dir='ltr'>supplevimus</span> <span class='ocrx_word' id='word_1_1016' title='bbox 1805 2588 1854 2605; x_wconf 76' lang='lat' dir='ltr'>esse</span> 
     </span>
     <span class='ocr_line' id='line_1_123' title="bbox 1010 2610 1345 2634; baseline 0 -2"><span class='ocrx_word' id='word_1_1017' title='bbox 1010 2614 1159 2633; x_wconf 77' lang='lat' dir='ltr'>commune...</span> <span class='ocrx_word' id='word_1_1018' title='bbox 1176 2610 1225 2633; x_wconf 80' lang='lat' dir='ltr'>vita</span> <span class='ocrx_word' id='word_1_1019' title='bbox 1241 2612 1345 2634; x_wconf 73' lang='lat' dir='ltr'>aeterna.</span> 
     </span>
    </p>

    <p class='ocr_par' dir='ltr' id='par_1_30' title="bbox 1010 2640 1853 2763">
     <span class='ocr_line' id='line_1_124' title="bbox 1073 2640 1851 2672; baseline 0.003 -8"><span class='ocrx_word' id='word_1_1020' title='bbox 1073 2640 1093 2653; x_wconf 80' lang='lat'>¹³</span> <span class='ocrx_word' id='word_1_1021' title='bbox 1110 2642 1172 2664; x_wconf 77' lang='lat' dir='ltr'>loen.</span> <span class='ocrx_word' id='word_1_1022' title='bbox 1185 2641 1226 2669; x_wconf 75' lang='grc'>14,</span> <span class='ocrx_word' id='word_1_1023' title='bbox 1239 2643 1264 2669; x_wconf 77' lang='lat'>2,</span> <span class='ocrx_word' id='word_1_1024' title='bbox 1277 2642 1298 2664; x_wconf 89' lang='lat' dir='ltr'>in</span> <span class='ocrx_word' id='word_1_1025' title='bbox 1310 2642 1376 2664; x_wconf 85' lang='lat' dir='ltr'>cuius</span> <span class='ocrx_word' id='word_1_1026' title='bbox 1387 2642 1529 2670; x_wconf 73' lang='lat' dir='ltr'>expositione</span> <span class='ocrx_word' id='word_1_1027' title='bbox 1540 2643 1644 2671; x_wconf 61' lang='lat' dir='ltr'>August„</span> <span class='ocrx_word' id='word_1_1028' title='bbox 1658 2643 1678 2665; x_wconf 92' lang='lat' dir='ltr'>in</span> <span class='ocrx_word' id='word_1_1029' title='bbox 1692 2644 1750 2666; x_wconf 82' lang='lat' dir='ltr'>loan.</span> <span class='ocrx_word' id='word_1_1030' title='bbox 1764 2644 1851 2672; x_wconf 66' lang='lat' dir='ltr'>lix-ang.</span> 
     </span>
     <span class='ocr_line' id='line_1_125' title="bbox 1011 2672 1852 2703; baseline 0.004 -9"><span class='ocrx_word' id='word_1_1031' title='bbox 1011 2675 1038 2694; x_wconf 87' lang='lat' dir='ltr'>tr.</span> <span class='ocrx_word' id='word_1_1032' title='bbox 1055 2672 1092 2694; x_wconf 78' lang='lat'>67.</span> <span class='ocrx_word' id='word_1_1033' title='bbox 1110 2679 1132 2695; x_wconf 81' lang='lat' dir='ltr'>n.</span> <span class='ocrx_word' id='word_1_1034' title='bbox 1151 2674 1172 2695; x_wconf 86' lang='grc'>1.</span> <span class='ocrx_word' id='word_1_1035' title='bbox 1188 2673 1234 2695; x_wconf 84' lang='lat' dir='ltr'>ait:</span> <span class='ocrx_word' id='word_1_1036' title='bbox 1252 2673 1294 2696; x_wconf 76' lang='lat' dir='ltr'>UlJi</span> <span class='ocrx_word' id='word_1_1037' title='bbox 1306 2673 1407 2701; x_wconf 82' lang='lat' dir='ltr'>amplius</span> <span class='ocrx_word' id='word_1_1038' title='bbox 1418 2673 1461 2695; x_wconf 80' lang='lat' dir='ltr'>ulio</span> <span class='ocrx_word' id='word_1_1039' title='bbox 1473 2680 1542 2696; x_wconf 88' lang='lat' dir='ltr'>nemo</span> <span class='ocrx_word' id='word_1_1040' title='bbox 1554 2675 1624 2701; x_wconf 70' lang='lat' dir='ltr'>vivit,</span> <span class='ocrx_word' id='word_1_1041' title='bbox 1636 2675 1746 2703; x_wconf 79' lang='lat' dir='ltr'>quoniam</span> <span class='ocrx_word' id='word_1_1042' title='bbox 1758 2675 1852 2698; x_wconf 65' lang='lat' dir='ltr'>vivendi</span> 
     </span>
     <span class='ocr_line' id='line_1_126' title="bbox 1011 2704 1853 2735; baseline 0.005 -10"><span class='ocrx_word' id='word_1_1043' title='bbox 1011 2710 1055 2725; x_wconf 89' lang='lat' dir='ltr'>non</span> <span class='ocrx_word' id='word_1_1044' title='bbox 1073 2706 1107 2726; x_wconf 83' lang='lat' dir='ltr'>est</span> <span class='ocrx_word' id='word_1_1045' title='bbox 1123 2704 1214 2726; x_wconf 82' lang='lat' dir='ltr'>diversa</span> <span class='ocrx_word' id='word_1_1046' title='bbox 1233 2704 1255 2726; x_wconf 88' lang='lat' dir='ltr'>in</span> <span class='ocrx_word' id='word_1_1047' title='bbox 1273 2705 1405 2727; x_wconf 76' lang='lat' dir='ltr'>aeternitate</span> <span class='ocrx_word' id='word_1_1048' title='bbox 1423 2711 1538 2727; x_wconf 81' lang='lat' dir='ltr'>mensura.</span> <span class='ocrx_word' id='word_1_1049' title='bbox 1552 2717 1580 2721; x_wconf 88' lang='lat'>-—</span> <span class='ocrx_word' id='word_1_1050' title='bbox 1595 2706 1643 2728; x_wconf 89' lang='lat' dir='ltr'>Duo</span> <span class='ocrx_word' id='word_1_1051' title='bbox 1660 2712 1726 2735; x_wconf 84' lang='lat' dir='ltr'>seqq.</span> <span class='ocrx_word' id='word_1_1052' title='bbox 1743 2707 1785 2728; x_wconf 89' lang='lat' dir='ltr'>loci</span> <span class='ocrx_word' id='word_1_1053' title='bbox 1801 2710 1853 2729; x_wconf 84' lang='lat' dir='ltr'>sunt</span> 
     </span>
     <span class='ocr_line' id='line_1_127' title="bbox 1010 2735 1665 2763; baseline 0.002 -6"><span class='ocrx_word' id='word_1_1054' title='bbox 1010 2741 1037 2757; x_wconf 82' lang='lat' dir='ltr'>ex</span> <span class='ocrx_word' id='word_1_1055' title='bbox 1054 2736 1164 2763; x_wconf 76' lang='lat' dir='ltr'>August,</span> <span class='ocrx_word' id='word_1_1056' title='bbox 1182 2735 1211 2757; x_wconf 86' lang='lat' dir='ltr'>de</span> <span class='ocrx_word' id='word_1_1057' title='bbox 1229 2735 1309 2757; x_wconf 79' lang='lat' dir='ltr'>Sancta</span> <span class='ocrx_word' id='word_1_1058' title='bbox 1328 2736 1473 2763; x_wconf 74' lang='lat' dir='ltr'>virginitate,</span> <span class='ocrx_word' id='word_1_1059' title='bbox 1493 2742 1513 2758; x_wconf 90' lang='lat' dir='ltr'>c.</span> <span class='ocrx_word' id='word_1_1060' title='bbox 1533 2737 1570 2758; x_wconf 79' lang='lat'>26.</span> <span class='ocrx_word' id='word_1_1061' title='bbox 1587 2743 1610 2759; x_wconf 89' lang='grc'>11.</span> <span class='ocrx_word' id='word_1_1062' title='bbox 1627 2737 1665 2759; x_wconf 77' lang='lat'>26.</span> 
     </span>
    </p>

    <p class='ocr_par' dir='ltr' id='par_1_31' title="bbox 1074 2765 1852 2800">
     <span class='ocr_line' id='line_1_128' title="bbox 1074 2765 1852 2800; baseline 0.005 -13"><span class='ocrx_word' id='word_1_1063' title='bbox 1074 2765 1093 2780; x_wconf 80' lang='lat'>¹⁴</span> <span class='ocrx_word' id='word_1_1064' title='bbox 1109 2766 1181 2800; x_wconf 50' lang='lat' dir='ltr'>apoc.</span> <span class='ocrx_word' id='word_1_1065' title='bbox 1197 2766 1237 2793; x_wconf 74' lang='lat'>14,</span> <span class='ocrx_word' id='word_1_1066' title='bbox 1250 2766 1272 2788; x_wconf 74' lang='lat'>4.</span> <span class='ocrx_word' id='word_1_1067' title='bbox 1282 2778 1313 2783; x_wconf 88' lang='lat'><em>-</em></span> <span class='ocrx_word' id='word_1_1068' title='bbox 1325 2767 1436 2794; x_wconf 81' lang='lat' dir='ltr'>Superius</span> <span class='ocrx_word' id='word_1_1069' title='bbox 1448 2773 1474 2790; x_wconf 87' lang='lat' dir='ltr'>ex</span> <span class='ocrx_word' id='word_1_1070' title='bbox 1486 2767 1503 2789; x_wconf 81' lang='grc' dir='ltr'>Α</span> <span class='ocrx_word' id='word_1_1071' title='bbox 1518 2767 1678 2796; x_wconf 76' lang='lat' dir='ltr'>supplevimus</span> <span class='ocrx_word' id='word_1_1072' title='bbox 1690 2767 1752 2797; x_wconf 82' lang='lat' dir='ltr'>quod</span> <span class='ocrx_word' id='word_1_1073' title='bbox 1763 2767 1852 2791; x_wconf 74' lang='lat' dir='ltr'>sidus...</span> 
     </span>
    </p>

    <p class='ocr_par' dir='ltr' id='par_1_32' title="bbox 1010 2801 1717 2856">
     <span class='ocr_line' id='line_1_129' title="bbox 1060 2801 1212 2819; baseline 0 0"><span class='ocrx_word' id='word_1_1074' title='bbox 1060 2801 1083 2819; x_wconf 80' lang='lat' dir='ltr'>m</span> <span class='ocrx_word' id='word_1_1075' title='bbox 1100 2802 1136 2819; x_wconf 76' lang='lat' dir='ltr'>mr</span> <span class='ocrx_word' id='word_1_1076' title='bbox 1155 2802 1178 2819; x_wconf 82' lang='lat' dir='ltr'>m</span> <span class='ocrx_word' id='word_1_1077' title='bbox 1206 2813 1212 2819; x_wconf 87' lang='lat'>.</span> 
     </span>
     <span class='ocr_line' id='line_1_130' title="bbox 1010 2802 1717 2856; baseline 0.004 -7"><span class='ocrx_word' id='word_1_1078' title='bbox 1010 2802 1057 2826; x_wconf 64' lang='lat' dir='ltr'>qm</span> <span class='ocrx_word' id='word_1_1079' title='bbox 1074 2827 1093 2840; x_wconf 83' lang='lat'>¹⁵</span> <span class='ocrx_word' id='word_1_1080' title='bbox 1110 2802 1219 2855; x_wconf 45' lang='lat' dir='ltr'>Auzgug,</span> <span class='ocrx_word' id='word_1_1081' title='bbox 1237 2828 1266 2850; x_wconf 89' lang='lat' dir='ltr'>de</span> <span class='ocrx_word' id='word_1_1082' title='bbox 1283 2829 1363 2851; x_wconf 72' lang='lat' dir='ltr'>Sancta</span> <span class='ocrx_word' id='word_1_1083' title='bbox 1383 2829 1530 2856; x_wconf 74' lang='lat' dir='ltr'>virginitate,</span> <span class='ocrx_word' id='word_1_1084' title='bbox 1548 2836 1568 2852; x_wconf 92' lang='lat' dir='ltr'>c.</span> <span class='ocrx_word' id='word_1_1085' title='bbox 1585 2829 1622 2852; x_wconf 81' lang='lat'>27.</span> <span class='ocrx_word' id='word_1_1086' title='bbox 1640 2834 1662 2852; x_wconf 89' lang='lat' dir='ltr'>n.</span> <span class='ocrx_word' id='word_1_1087' title='bbox 1680 2829 1717 2852; x_wconf 76' lang='lat'>27.</span> 
     </span>
    </p>

    <p class='ocr_par' dir='ltr' id='par_1_33' title="bbox 1011 2857 1852 2913">
     <span class='ocr_line' id='line_1_131' title="bbox 1073 2857 1852 2889; baseline 0.004 -8"><span class='ocrx_word' id='word_1_1088' title='bbox 1073 2857 1093 2871; x_wconf 67' lang='lat'>¹¹¹</span> <span class='ocrx_word' id='word_1_1089' title='bbox 1110 2859 1192 2881; x_wconf 74' lang='lat' dir='ltr'>psalm.</span> <span class='ocrx_word' id='word_1_1090' title='bbox 1209 2858 1251 2887; x_wconf 73' lang='lat'>44,</span> <span class='ocrx_word' id='word_1_1091' title='bbox 1269 2860 1290 2882; x_wconf 88' lang='grc'><strong>3.</strong></span> <span class='ocrx_word' id='word_1_1092' title='bbox 1308 2870 1338 2876; x_wconf 91' lang='grc'>-</span> <span class='ocrx_word' id='word_1_1093' title='bbox 1355 2860 1466 2888; x_wconf 84' lang='lat' dir='ltr'>Superius</span> <span class='ocrx_word' id='word_1_1094' title='bbox 1483 2866 1525 2888; x_wconf 88' lang='lat' dir='ltr'>pro</span> <span class='ocrx_word' id='word_1_1095' title='bbox 1546 2860 1657 2884; x_wconf 75' lang='lat' dir='ltr'>maculae</span> <span class='ocrx_word' id='word_1_1096' title='bbox 1681 2861 1720 2889; x_wconf 83' lang='lat' dir='ltr'>(ita</span> <span class='ocrx_word' id='word_1_1097' title='bbox 1745 2861 1772 2889; x_wconf 74' lang='lat' dir='ltr'>A&gt;</span> <span class='ocrx_word' id='word_1_1098' title='bbox 1796 2862 1852 2884; x_wconf 89' lang='lat' dir='ltr'>Bou.</span> 
     </span>
     <span class='ocr_line' id='line_1_132' title="bbox 1011 2890 1358 2913; baseline 0.006 -2"><span class='ocrx_word' id='word_1_1099' title='bbox 1011 2895 1063 2912; x_wconf 87' lang='lat' dir='ltr'>cum</span> <span class='ocrx_word' id='word_1_1100' title='bbox 1081 2890 1118 2912; x_wconf 88' lang='lat' dir='ltr'>ed.</span> <span class='ocrx_word' id='word_1_1101' title='bbox 1137 2891 1144 2912; x_wconf 89' lang='grc'>1</span> <span class='ocrx_word' id='word_1_1102' title='bbox 1167 2890 1282 2913; x_wconf 68' lang='lat' dir='ltr'>incentiva</span> <span class='ocrx_word' id='word_1_1103' title='bbox 1299 2890 1358 2913; x_wconf 74' lang='lat' dir='ltr'>nlla.</span> 
     </span>
    </p>

    <p class='ocr_par' dir='ltr' id='par_1_34' title="bbox 1010 2919 1853 3014">
     <span class='ocr_line' id='line_1_133' title="bbox 1075 2919 1851 2952; baseline 0.003 -9"><span class='ocrx_word' id='word_1_1104' title='bbox 1075 2919 1093 2935; x_wconf 84' lang='lat'>¹⁷</span> <span class='ocrx_word' id='word_1_1105' title='bbox 1110 2921 1219 2949; x_wconf 74' lang='lat' dir='ltr'>August.,</span> <span class='ocrx_word' id='word_1_1106' title='bbox 1237 2922 1279 2944; x_wconf 77' lang='lat' dir='ltr'>loc.</span> <span class='ocrx_word' id='word_1_1107' title='bbox 1297 2922 1334 2944; x_wconf 77' lang='lat' dir='ltr'>rit.</span> <span class='ocrx_word' id='word_1_1108' title='bbox 1351 2928 1371 2944; x_wconf 88' lang='lat' dir='ltr'>c.</span> <span class='ocrx_word' id='word_1_1109' title='bbox 1388 2922 1426 2945; x_wconf 81' lang='lat'>53.</span> <span class='ocrx_word' id='word_1_1110' title='bbox 1438 2928 1460 2944; x_wconf 91' lang='lat' dir='ltr'>n.</span> <span class='ocrx_word' id='word_1_1111' title='bbox 1474 2922 1512 2944; x_wconf 67' lang='lat'>54.</span> <span class='ocrx_word' id='word_1_1112' title='bbox 1524 2935 1555 2939; x_wconf 97' lang='lat'><strong>—</strong></span> <span class='ocrx_word' id='word_1_1113' title='bbox 1568 2923 1683 2950; x_wconf 80' lang='lat' dir='ltr'>Allegatur</span> <span class='ocrx_word' id='word_1_1114' title='bbox 1694 2924 1709 2946; x_wconf 92' lang='lat' dir='ltr'>l.</span> <span class='ocrx_word' id='word_1_1115' title='bbox 1723 2924 1779 2946; x_wconf 81' lang='lat' dir='ltr'>l‘elr.</span> <span class='ocrx_word' id='word_1_1116' title='bbox 1792 2924 1817 2952; x_wconf 84' lang='grc'>3,</span> <span class='ocrx_word' id='word_1_1117' title='bbox 1830 2924 1851 2945; x_wconf 82' lang='grc'><strong>9.</strong></span> 
     </span>
     <span class='ocr_line' id='line_1_134' title="bbox 1010 2952 1853 2983; baseline 0.004 -9"><span class='ocrx_word' id='word_1_1118' title='bbox 1010 2954 1032 2974; x_wconf 88' lang='lat' dir='ltr'>et</span> <span class='ocrx_word' id='word_1_1119' title='bbox 1049 2952 1170 2980; x_wconf 77' lang='lat' dir='ltr'>respicitur</span> <span class='ocrx_word' id='word_1_1120' title='bbox 1188 2953 1200 2974; x_wconf 92' lang='lat' dir='ltr'>l.</span> <span class='ocrx_word' id='word_1_1121' title='bbox 1219 2953 1278 2975; x_wconf 86' lang='lat' dir='ltr'>ioan.</span> <span class='ocrx_word' id='word_1_1122' title='bbox 1298 2953 1324 2981; x_wconf 83' lang='lat'>3,</span> <span class='ocrx_word' id='word_1_1123' title='bbox 1343 2953 1387 2975; x_wconf 74' lang='grc' dir='ltr'>16ε</span> <span class='ocrx_word' id='word_1_1124' title='bbox 1404 2954 1440 2975; x_wconf 91' lang='lat' dir='ltr'>llle</span> <span class='ocrx_word' id='word_1_1125' title='bbox 1458 2953 1559 2976; x_wconf 79' lang='lat' dir='ltr'>animuin</span> <span class='ocrx_word' id='word_1_1126' title='bbox 1581 2960 1647 2976; x_wconf 84' lang='lat' dir='ltr'>suam</span> <span class='ocrx_word' id='word_1_1127' title='bbox 1665 2960 1707 2982; x_wconf 89' lang='lat' dir='ltr'>pro</span> <span class='ocrx_word' id='word_1_1128' title='bbox 1725 2954 1791 2977; x_wconf 81' lang='lat' dir='ltr'>nobis</span> <span class='ocrx_word' id='word_1_1129' title='bbox 1811 2961 1853 2983; x_wconf 88' lang='lat' dir='ltr'>po-</span> 
     </span>
     <span class='ocr_line' id='line_1_135' title="bbox 1010 2982 1695 3014; baseline 0.004 -9"><span class='ocrx_word' id='word_1_1130' title='bbox 1010 2982 1066 3010; x_wconf 81' lang='lat' dir='ltr'>suit,</span> <span class='ocrx_word' id='word_1_1131' title='bbox 1083 2986 1105 3006; x_wconf 82' lang='lat' dir='ltr'>et</span> <span class='ocrx_word' id='word_1_1132' title='bbox 1123 2988 1164 3006; x_wconf 80' lang='lat' dir='ltr'>nos</span> <span class='ocrx_word' id='word_1_1133' title='bbox 1181 2983 1295 3006; x_wconf 83' lang='lat' dir='ltr'>debemus</span> <span class='ocrx_word' id='word_1_1134' title='bbox 1311 2989 1354 3012; x_wconf 83' lang='lat' dir='ltr'>pro</span> <span class='ocrx_word' id='word_1_1135' title='bbox 1372 2983 1479 3007; x_wconf 56' lang='lat' dir='ltr'>nauibus</span> <span class='ocrx_word' id='word_1_1136' title='bbox 1495 2985 1583 3008; x_wconf 79' lang='lat' dir='ltr'>animas</span> <span class='ocrx_word' id='word_1_1137' title='bbox 1601 2991 1695 3014; x_wconf 84' lang='lat' dir='ltr'>ponere.</span> 
     </span>
    </p>
   </div>
   <div class='ocr_carea' id='block_1_19' title="bbox 1876 1526 2005 1591">
    <p class='ocr_par' dir='ltr' id='par_1_35' title="bbox 1876 1526 2005 1591">
     <span class='ocr_line' id='line_1_136' title="bbox 1882 1526 2005 1546; baseline 0.016 -2"><span class='ocrx_word' id='word_1_1138' title='bbox 1882 1526 1966 1545; x_wconf 73' lang='lat' dir='ltr'>Hei-tatio</span> <span class='ocrx_word' id='word_1_1139' title='bbox 1978 1527 2005 1546; x_wconf 87' lang='lat' dir='ltr'>ad</span> 
     </span>
     <span class='ocr_line' id='line_1_137' title="bbox 1876 1554 1996 1576; baseline 0.008 -8"><span class='ocrx_word' id='word_1_1140' title='bbox 1876 1554 1996 1576; x_wconf 75' lang='lat' dir='ltr'>perseveran-</span> 
     </span>
     <span class='ocr_line' id='line_1_138' title="bbox 1876 1575 1927 1591; baseline 0 0"><span class='ocrx_word' id='word_1_1141' title='bbox 1876 1575 1927 1591; x_wconf 82' lang='lat' dir='ltr'>tiam.</span> 
     </span>
    </p>
   </div>
  </div>
 </body>
</html>
