2133 3317
470 205 667 234 OPUSCULUM
688 205 752 233 XIII.
773 205 1082 236 DETERMINATIONES
1103 206 1344 244 QUAESTIONUM.
1366 208 1446 237 PARS
1467 208 1485 236 I.

105 284 152 322 qui
173 283 273 313 debent
293 283 385 320 aliqua
412 282 567 311 necessaria
595 290 643 319 per
673 283 818 319 pecuniam
846 292 947 320 procu-

105 338 183 364 rare;
205 338 276 367 quae
298 333 389 358 tamen
411 329 519 358 cautela
539 329 630 365 magni
652 332 694 358 est
714 329 822 364 meriti,
850 338 947 367 quam-

105 378 146 407 vis
168 377 205 406 illi
227 377 316 405 tutius
336 376 494 410 ambulent,
516 376 564 413 qui
586 384 615 404 se
629 375 801 405 subtrabunt
815 384 831 405 a
845 377 947 406 talibus

104 424 236 461 negotiis,
257 423 305 460 qui
326 423 360 451 ad
381 431 413 452 ea
433 431 470 452 ex
491 423 582 452 officio
603 431 657 451 non
679 426 827 460 coguntur.

396 517 534 553 QnAusrio
556 517 645 545 XXVI.

156 609 331 646 Quaeritur,
353 618 408 638 car
430 610 552 638 Fratres
572 610 716 647 recipiant
739 610 780 639 vel
797 614 897 647 petant

102 658 308 695 eleemosynam
329 656 366 685 ab
387 655 445 685 illis
466 657 518 695 qai
539 657 652 686 iniusta
674 657 760 686 lucra
784 661 944 686 sectantur.

178 751 244 779 item
266 759 388 788 quaero:
411 759 473 780 cum
497 759 542 780 res
563 751 634 780 male
654 751 805 788 acquisitae
820 752 876 780 Deo
890 752 945 780 sint

101 798 229 832 odibiles,
252 798 334 827 Isaiae
356 798 528 835 sexagesimo
556 798 684 835 pri1no1:
714 799 772 835 Eyo
803 798 945 827 Dominus

101 845 164 874 odio
186 844 293 874 liabens·
315 845 455 882 rapinam
478 845 509 873 in
534 844 722 878 holocausta·
747 854 798 874 cur
823 845 945 882 recipitis

100 892 142 921 vel
169 891 262 928 petitis
289 891 490 928 eleemosynam
515 892 550 920 ab
577 891 631 920 illis
659 892 706 928 qui
736 892 838 920 iniusta
866 892 945 920 lucra

99 940 261 967 sectantur?

178 984 345 1021 Respondeo.
369 984 485 1021 Quidam
507 987 587 1018 sunt,
613 984 660 1021 qui
683 985 754 1013 solas
776 984 879 1013 habent
900 992 945 1013 res

99 1031 170 1061 male
190 1031 352 1068 acquisitas,
374 1034 401 1060 et
423 1034 538 1068 possunt
553 1035 644 1060 certae
659 1039 793 1068 personae
808 1031 943 1065 inveniri,

99 1078 200 1116 quibus
221 1078 351 1115 competit
372 1078 604 1115 recompensatio;
626 1078 673 1106 ubi
694 1078 762 1107 tales
776 1078 895 1111 scimus,
910 1078 944 1106 de

99 1128 190 1155 cetero
211 1133 265 1153 000
286 1125 419 1153 1161160105
446 1125 481 1153 ab
509 1125 548 1154 eis
576 1125 777 1162 eleemosynam
804 1125 943 1161 recipere,

98 1171 162 1210 quia
183 1172 290 1205 omnia,
311 1180 382 1209 quae
403 1172 520 1205 habent,
543 1175 609 1200 sunt
629 1172 764 1206 alioruin,
786 1172 889 1209 quibus
904 1174 943 1200 te-

98 1221 199 1248 nentur
219 1218 342 1247 reddere.
359 1235 396 1239 -
411 1219 527 1255 Quidam
550 1218 652 1247 habent
672 1219 743 1247 bona
764 1219 880 1253 iniusta,
896 1218 943 1247 sed

97 1268 187 1295 certae
208 1273 342 1302 personae
363 1273 418 1294 non
440 1269 555 1302 possunt
577 1265 710 1299 inveniri,
731 1265 834 1302 quibus
849 1268 943 1294 tenen-

97 1315 144 1341 tur
164 1312 279 1341 reddere
291 1312 317 1346 2,
341 1312 383 1341 vel
403 1320 514 1347 omnes,
530 1312 572 1341 vel
587 1312 709 1349 aliquae;
732 1320 800 1349 vaga
818 1320 884 1349 ergo
900 1320 942 1341 re-

96 1359 202 1388 stitutio
219 1359 273 1387 Deo
287 1359 377 1387 danda
392 1362 433 1388 est
448 1362 475 1387 et
495 1359 522 1387 in
535 1359 605 1396 pias
619 1368 728 1388 causas
742 1359 889 1396 eroganda.
904 1376 944 1380 —

96 1405 211 1442 QuIdam
233 1406 335 1434 habent
357 1406 459 1434 iniusta
480 1406 567 1440 bona,
590 1406 627 1434 ita
648 1406 737 1443 quod,
755 1406 776 1435 si
791 1406 857 1434 dant
872 1406 943 1435 elee-

95 1460 245 1489 mosynam,
262 1455 351 1481 tamen
367 1460 416 1489 per
432 1452 483 1481 boc
495 1452 505 1469 ⁸
521 1461 575 1481 non
591 1453 662 1481 fiunt
676 1453 849 1489 impotentes,
872 1453 939 1490 quin

96 1499 187 1528 adbuc
208 1499 343 1533 habeant,
365 1499 439 1527 unde
459 1499 564 1536 possint
578 1499 727 1528 restituere
745 1499 829 1528 certis
848 1507 943 1536 perso-

96 1546 154 1580 nis,
175 1546 279 1583 quibus
299 1545 418 1580 debent3
440 1546 514 1574 unde
536 1549 651 1582 possunt
672 1546 874 1582 eleemosynam
902 1546 942 1575 sa-

96 1601 158 1622 cere
178 1593 212 1622 de
232 1592 352 1622 residuo.
367 1609 406 1613 —
420 1593 439 1621 A
458 1593 555 1629 primis
568 1601 621 1621 non
638 1600 787 1630 possumus
801 1593 941 1630 recipere,

95 1640 145 1669 nisi
167 1640 337 1678 Ignorantia,
359 1640 403 1669 vel
417 1643 544 1669 extrema
558 1640 723 1677 indigentia,
739 1640 783 1669 vel
796 1648 941 1677 praesum-

95 1687 148 1722 tio,
169 1687 244 1724 quod
265 1687 416 1716 creditores
436 1687 537 1721 velint,
559 1695 609 1716 nos
630 1687 769 1724 recipere,
789 1695 839 1716 nos
854 1695 941 1716 excu-

95 1737 144 1763 set.
167 1733 242 1762 Unde
262 1733 373 1770 quando
393 1742 449 1762 non
470 1736 592 1768 constat,
614 1733 647 1762 de
668 1742 735 1762 vero
755 1734 876 1771 aliquem
899 1734 940 1762 in-

94 1780 166 1809 iusta
186 1780 310 1809 detinere
332 1780 403 1809 bona
417 1797 455 1801 —
470 1789 524 1809 non
546 1783 637 1809 tamen
652 1781 750 1809 leviter
765 1781 879 1810 61611616
893 1781 940 1810 de-

94 1827 207 1861 bemus,
228 1835 293 1856 eum
316 1827 383 1855 tanti
405 1827 529 1856 criminis
550 1835 610 1856 esse
631 1835 728 1861 reum,
744 1835 807 1856 cum
822 1827 856 1856 de
871 1836 940 1864 quo-

94 1873 160 1902 libet
181 1876 324 1902 teneamur
348 1881 527 1911 praesumere
555 1874 692 1903 meliora⁴²
718 1891 754 1894 —
779 1874 940 1903 mendicitas

93 1922 204 1949 nostrae
231 1920 424 1957 professionis,
445 1924 472 1949 et
493 1921 559 1958 quia
580 1921 636 1950 Deo
656 1920 748 1949 debita
768 1921 940 1958 pauperibus

93 1966 195 1995 Christi
216 1967 356 2004 largienda
377 1970 457 2001 sunt,
479 1970 596 1996 excusat
610 1975 660 1996 nos
675 1967 702 1996 10
718 1968 770 1996 hac
789 1970 868 2004 parte
882 1968 939 2005 ple-

93 2013 170 2048 nius,
191 2022 275 2051 quam
296 2014 357 2043 illos
371 2014 418 2051 qui
434 2022 470 2043 ex
486 2014 546 2043 aliis
561 2014 646 2043 rebus
660 2014 778 2049 habent,
793 2014 868 2043 unde
882 2014 939 2043 suf-

71 2081 77 2088 .
94 2059 218 2089 ficienter
238 2060 347 2089 valeant
368 2060 526 2090 sustentari.
548 2061 597 2089 Ubi
620 2064 711 2090 tamen
732 2061 844 2098 publica
867 2061 939 2090 fama

94 2105 208 2141 clamat,
233 2107 353 2144 aliquem
376 2115 435 2136 esse
456 2107 489 2136 de
511 2107 608 2144 primis
629 2107 791 2144 praedictis,
813 2107 895 2136 etiam
916 2107 938 2136 si

93 2152 173 2182 aliter
193 2161 248 2182 non
269 2156 423 2188 constaret,
444 2157 559 2191 propter
579 2154 738 2183 scandalum
754 2163 809 2183 non
824 2154 938 2191 expedit

93 2200 128 2229 ab
148 2208 181 2229 eo
201 2201 326 2238 recipere
350 2201 393 2230 vel
421 2204 515 2238 petere
539 2201 759 2238 eleemosynam,
787 2201 839 2230 nisi
867 2201 938 2230 10116

94 2247 209 2282 talibus,
231 2248 279 2284 qui
300 2255 336 2276 ex
358 2247 527 2284 professione
548 2248 591 2277 vel
615 2248 705 2277 officio
727 2248 845 2282 habent,
864 2247 939 2285 quod

93 2292 193 2323 debent
215 2297 340 2331 raptores
361 2294 395 2323 ad
416 2294 620 2323 restitutionem
640 2294 788 2329 inducere,
804 2295 870 2332 quia
883 2294 938 2323 uti-

156 2525 163 2538 ¹
182 2526 249 2549 Vers.
266 2527 293 2548 8:
311 2527 359 2554 Ego
377 2527 489 2549 Dominus
505 2527 604 2555 diligens
620 2526 732 2549 indicium
750 2530 772 2549 et
788 2527 842 2549 odio
859 2530 902 2549 etc.

157 2564 167 2578 ²
184 2565 248 2594 Edd„
265 2571 389 2594 perperam
407 2566 493 2588 omisso
507 2565 634 2594 Quidam...
646 2566 751 2594 reddere,
763 2572 824 2595 quae
835 2572 938 2595 sequun-

94 2607 130 2627 tur
146 2604 183 2628 vel
198 2610 303 2628 omnes...
320 2604 443 2634 eroganda
466 2605 610 2633 coniungunt
626 2611 680 2627 cum
698 2605 845 2633 praecedenti
867 2611 938 2627 mem-

94 2642 144 2666 bro.
161 2644 255 2666 inferius
272 2650 315 2672 pro
332 2644 379 2667 Deo
396 2644 475 2667 danda
493 2645 510 2666 B
526 2644 554 2667 de
570 2650 596 2667 eo
613 2643 700 2667 danda.

156 2680 166 2694 ⁸
183 2682 256 2705 Codd.
273 2683 362 2705 addunt
378 2683 464 2706 adhuc.
482 2683 577 2706 10161105
589 2689 632 2711 pro
644 2682 729 2712 quibus
746 2681 827 2706 debent
843 2683 860 2705 B
877 2688 938 2712 qnae

94 2719 128 2744 eis
144 2720 230 2745 debent.

155 2759 165 2772 ⁴
181 2759 225 2782 Ct'r.
242 2766 262 2782 6.
280 2761 319 2783 Ea·
337 2762 419 2790 purte,
437 2761 466 2783 X.
482 2760 512 2783 de
529 2760 643 2782 scrutinio
665 2762 708 2782 etc.
731 2759 754 2788 (l.
773 2760 861 2782 Decret.
882 2760 938 2782 Gre-

95 2803 144 2825 gor.
163 2799 199 2821 ΙΧ.
217 2799 249 2821 111.
270 2799 315 2828 12.)
332 2802 354 2821 et
370 2805 390 2822 c.
415 2799 510 2822 Dudum
535 2798 601 2827 (ta),
627 2798 656 2821 X.
678 2798 708 2821 de
725 2798 937 2821 Praesumtionibus

95 2835 128 2865 (11.
145 2837 177 2860 tit.
195 2837 250 2866 23.).
268 2850 298 2853 —
315 2838 358 2860 Pro
376 2839 501 2861 teneamur
516 2837 561 2860 Ac
577 2837 657 2860 debeat
666 2845 675 2865 ,·
700 2837 753 2860 edd.
776 2837 870 2865 legunt:
888 2843 937 2860 non

95 2875 202 2898 tenemur
219 2875 299 2899 leviter
316 2875 411 2899 credere
432 2883 486 2899 eum
504 2875 564 2899 tanti
580 2875 687 2899 criminis
704 2878 746 2898 ete.
765 2875 876 2903 Superius
892 2875 936 2898 ΑΒ

93 2913 201 2936 omittunt
209 2914 312 2944 quando.
324 2915 418 2937 interius
427 2921 470 2943 pro
479 2914 542 2938 unde
549 2914 689 2944 sufficienter
698 2915 715 2936 B
722 2914 739 2937 C
750 2915 777 2937 ut
787 2913 935 2944 sufficienter.

155 2951 165 2965 ⁶
183 2953 257 2976 Matth.
277 2954 318 2981 to,
337 2954 373 2976 to.
390 2966 421 2971 —
439 2954 525 2976 Deinde
542 2953 664 2982 respicitur
684 2954 699 2975 l.
720 2952 772 2976 Cor.
788 2953 816 2981 9,
832 2953 862 2975 7:
880 2953 936 2982 Quis

95 2990 174 3013 militat
189 2991 237 3014 suis
253 2991 375 3020 stipendiis
392 2997 493 3021 unquam
504 2993 514 3013 τ

1791 209 1847 238 355

1004 284 1065 313 11161
1086 288 1188 321 gerunt
1209 285 1236 314 in
1258 286 1310 315 hoc
1331 286 1471 323 negotium
1487 286 1676 323 spoliatorum.
1693 286 1724 315 Et
1739 286 1848 323 (liquas-

1003 334 1043 359 esc
1064 333 1130 360 tunc
1152 332 1239 361 fidelis
1260 333 1417 369 operarias
1438 333 1499 362 cibo
1519 341 1573 361 suo
1585 333 1613 367 ⁵,
1632 341 1696 362 cum
1712 341 1792 362 nemo
1808 336 1847 362 te-

1003 379 1102 405 neatur
1123 378 1182 407 suis
1202 379 1344 415 stipendiis
1365 379 1491 408 militare.
1508 396 1544 400 —
1559 379 1597 408 Ad
1618 380 1670 408 hoc
1691 383 1799 414 autem,
1814 382 1846 408 ut

1004 424 1141 459 possimus
1162 429 1320 461 peccatores
1347 426 1381 454 ad
1408 426 1626 455 emendationem
1648 426 1783 455 monendo
1805 426 1846 455 in-

1002 469 1120 504 ducere,
1142 472 1265 500 concedit
1286 472 1365 501 nobis
1386 473 1468 501 Sedes
1496 473 1679 510 apostolica⁶,
1708 473 1790 502 etiam
1819 473 1846 502 in

1003 517 1085 545 terris
1106 519 1410 548 excommunicatorum
1432 520 1518 549 libere
1539 520 1703 549 commorari
1718 524 1745 549 et
1759 520 1794 549 ab
1808 520 1847 549 eis

1003 565 1068 592 tunc
1089 564 1290 601 eleemosynam
1312 566 1451 603 accipere,
1474 567 1595 596 maxime
1616 567 1637 596 si
1659 567 1770 596 aliunde
1791 576 1845 596 non

1002 618 1145 646 possemus
1166 612 1324 640 sustentari.
1347 613 1372 641 si
1388 613 1461 642 enim
1477 614 1540 642 boni
1555 614 1589 642 de
1605 614 1694 643 medio
1708 615 1846 643 malorum

1003 656 1178 691 tollerentur,
1200 658 1263 695 quis
1283 662 1355 688 esset
1375 660 1422 696 qui
1444 660 1530 689 malos
1548 661 1581 689 ad
1600 661 1705 689 bonum
1721 661 1805 690 verbo
1820 664 1847 690 et

1001 704 1130 740 exemplo
1152 709 1295 734 moveret?

1863 387 1984 411 Privilegium

1884 411 1966 430 Ordinis.

1289 799 1427 835 QUAnsrio
1449 801 1548 829 xxvii.

1003 890 1177 926 Quaeritur,
1199 900 1274 930 quae
1294 893 1333 921 st't
1354 893 1447 927 ratio,
1463 894 1540 931 qaod
1555 894 1655 923 clerici
1669 895 1766 932 mayt's
1781 895 1845 923 ode-

1080 941 1150 966 rant
1172 946 1220 966 uos
1240 941 1264 966 et
1282 943 1500 977 persequantur
1521 949 1610 978 quam
1638 941 1709 969 laici
1728 945 1752 969 et
1773 941 1844 970 siin-

1076 983 1165 1021 plz'ccs
1186 985 1353 1014 saeculares
1365 986 1384 1014 ⁷.

1079 1077 1143 1105 ltem
1166 1086 1288 1114 quaero:
1314 1087 1385 1115 quae
1407 1083 1448 1108 est
1469 1080 1554 1114 ratio,
1576 1080 1650 1117 quod
1671 1081 1763 1110 clerici
1786 1089 1843 1110 ma-

1000 1124 1041 1160 gis
1061 1124 1180 1152 oderunt
1201 1132 1249 1153 vos
1270 1128 1297 1153 et
1318 1130 1527 1163 persequuntur
1551 1135 1636 1164 quam
1652 1127 1712 1156 laici
1738 1131 1764 1156 et
1779 1128 1843 1156 sim-

1001 1171 1084 1207 plices
1105 1171 1260 1200 saeculares
1271 1172 1282 1188 ³
1297 1175 1307 1200 ‘2

1079 1218 1245 1254 RespondeO.
1268 1219 1343 1248 Sicut
1364 1228 1418 1248 non
1439 1228 1535 1249 001065
1556 1221 1615 1249 laici
1637 1221 1755 1258 diligunt
1776 1229 1842 1256 nos,

1000 1264 1038 1293 sic
1061 1272 1109 1293 nec
1130 1273 1225 1294 omnes
1246 1265 1338 1294 clerici
1360 1266 1478 1295 oderunt
1499 1275 1557 1296 nos.
1578 1268 1604 1296 Si
1619 1268 1666 1305 qui
1688 1271 1781 1297 antem
1802 1268 1843 1296 vi-

998 1311 1100 1340 dentur
1121 1320 1171 1340 nos
1191 1312 1282 1346 odire,
1306 1313 1356 1342 1106
1371 1313 1495 1351 quinque
1508 1314 1543 1343 de
1557 1315 1647 1344 causis
1662 1318 1751 1352 potest
1766 1324 1841 1344 esse:
1871 1320 1942 1362 dBagis‘
1954 1326 1989 1348 ¹1⁰9

999 1366 1070 1392 una,
1092 1358 1165 1395 quod
1187 1359 1283 1387 timent
1304 1368 1369 1393 nos,
1397 1360 1471 1397 quod
1499 1361 1624 1397 ipsorum
1652 1362 1723 1391 sacta
1743 1366 1771 1391 et
1791 1371 1841 1391 ex·
1858 1349 1935 1386 31:³⁰¹
1950 1350 1988 1368 p„-

999 1413 1092 1433 cessus
1113 1406 1156 1433 vel
1177 1405 1299 1434 1161661115
1327 1407 1435 1443 plenius
1462 1416 1644 1444 agnoscamus
1668 1412 1695 1437 et
1716 1409 1841 1438 severius

998 1459 1163 1489 arguamus,
1192 1461 1248 1489 quo
1269 1453 1370 1481 clarius
1392 1454 1532 1489 videmus,
1554 1455 1650 1491 quales
1671 1463 1730 1484 esse
1757 1455 1839 1484 debe-

998 1501 1061 1527 rent
1087 1501 1114 1527 et
1135 1507 1189 1527 non
1211 1502 1290 1532 sunt,
1313 1507 1363 1536 per
1393 1508 1463 1537 quos
1484 1504 1577 1529 sancta
1597 1501 1770 1538 gubernatur
1792 1502 1840 1531 Ec-

998 1545 1087 1574 clesia.
1100 1562 1137 1565 —-
1149 1546 1272 1574 Secunda
1284 1554 1367 1574 causa
1380 1550 1430 1581 est,
1445 1547 1511 1584 quia
1525 1547 1648 1576 invident
1662 1548 1749 1582 nobis,
1765 1549 1839 1585 quod
1857 1554 1950 1574 Secunda-

998 1592 1084 1621 simus
1105 1592 1263 1621 hominibus
1277 1593 1427 1629 gratiores,
1442 1596 1469 1622 et
1483 1593 1534 1630 ipsi
1553 1595 1756 1631 comparatione
1777 1595 1816 1624 615
1828 1595 1838 1612 ⁹

997 1642 1147 1675 appareant
1166 1639 1192 1667 10
1208 1639 1277 1673 vita,
1300 1640 1342 1668 vel
1363 1639 1390 1668 in
1411 1640 1524 1669 scientia
1546 1641 1671 1675 viliores,
1694 1642 1736 1670 vel
1757 1642 1839 1670 etiam

997 1684 1024 1713 in
1046 1685 1178 1714 doctrina.
1195 1702 1231 1705 —
1246 1685 1352 1719 Tertia,
1374 1686 1439 1722 quia
1460 1686 1567 1721 dolent,
1582 1687 1604 1716 si
1620 1695 1669 1724 per
1690 1688 1837 1717 confessio-
1856 1694 1928 1714 Tertia·

997 1740 1046 1761 nes
1059 1736 1166 1761 secreta
1179 1740 1276 1761 eorum
1291 1732 1325 1761 ab
1339 1733 1415 1766 aliis,
1430 1733 1477 1770 qui
1493 1734 1593 1762 conscii
1605 1734 1628 1751 ¹⁰
1641 1734 1760 1769 fuerint,
1776 1743 1838 1771 per-

997 1779 1129 1816 cipimus,
1151 1779 1216 1808 dum
1240 1780 1405 1816 11016011161
1434 1781 1479 1808 illa
1507 1781 1594 1817 magis
1622 1781 1768 1816 vilescere,
1797 1782 1840 1811 vel

996 1826 1066 1854 forte
1087 1834 1219 1863 personas
1240 1827 1299 1855 illas
1321 1830 1415 1855 nostro
1433 1828 1545 1856 consilio
1560 1828 1594 1856 ab
1609 1828 1648 1857 eis
1662 1829 1749 1857 averti
1764 1832 1791 1857 et
1805 1829 1838 1857 ad

996 1873 1111 1902 meliora
1131 1873 1263 1902 converti.
1279 1891 1315 1893 —
1330 1874 1434 1910 Quarta
1454 1882 1552 1908 causa,
1574 1875 1640 1912 quia
1655 1875 1765 1910 tinient,
1787 1876 1838 1904 sibi
1855 1882 1932 1905 Quarta-

995 1919 1088 1956 aliqua
1109 1928 1158 1956 per
1179 1928 1229 1948 nos
1256 1921 1442 1949 emolumenta
1468 1921 1609 1955 subtrahi,
1634 1921 1701 1950 dum
1722 1922 1838 1951 eleemo-

995 1975 1092 2003 synas,
1120 1975 1192 2004 quae
1218 1967 1320 1995 dantur
1348 1967 1441 2001 nobis,
1469 1967 1642 1996 arbitrantur
1663 1968 1713 1997 sibi
1735 1968 1839 1998 dandas

995 2014 1069 2048 fore,
1097 2014 1119 2042 si
1148 2022 1197 2042 005
1225 2022 1279 2042 non
1306 2021 1438 2042 essemus.
1466 2014 1498 2043 Et
1526 2015 1593 2043 haec
1618 2015 1728 2043 videtur
1748 2016 1838 2052 potior

995 2068 1054 2089 esse
1069 2068 1152 2089 causa
1166 2060 1310 2097 pluribus,
1329 2061 1376 2097 qui
1392 2069 1441 2089 nos
1455 2061 1567 2095 odiunt,
1582 2061 1685 2090 scilicet
1700 2062 1758 2090 5111
1776 2062 1839 2099 plus

996 2106 1102 2135 inhiant
1124 2107 1208 2135 lucris
1230 2107 1411 2144 pecuniarum
1431 2115 1447 2135 a
1468 2107 1526 2136 suis
1546 2107 1664 2136 subditis
1677 2116 1760 2145 quam
1778 2108 1837 2137 fru-

995 2154 1051 2183 ctui
1066 2154 1222 2182 animarum
1238 2156 1288 2182 etc.
1305 2170 1343 2174 —
1359 2154 1447 2182 Potest
1461 2154 1543 2182 etiam
1558 2154 1655 2191 quinta
1669 2162 1728 2184 esse
1743 2163 1835 2190 causa,
1855 2162 1931 2185 Quinta-

995 2200 1060 2237 quia
1073 2200 1166 2229 divina
1180 2200 1284 2229 iustitia
1298 2200 1358 2229 illos
1372 2200 1433 2237 qui,
1448 2203 1552 2237 quanto
1566 2201 1685 2238 amplius
1704 2209 1838 2239 cognove-

994 2250 1062 2276 runt
1082 2250 1109 2276 et
1130 2250 1309 2284 spreverunt,
1331 2251 1358 2275 61
1378 2247 1481 2284 11011105
1502 2247 1606 2276 maiora
1621 2248 1753 2277 beneficia
1774 2256 1838 2277 con-

995 2294 1073 2328 tulit,
1094 2296 1121 2323 et
1142 2293 1241 2331 ingrati
1256 2294 1370 2322 fuerunt
1384 2297 1411 2322 et
1425 2293 1537 2330 gravius
1551 2294 1650 2323 ceteris
1663 2294 1838 2324 offenderunt

1056 2526 1066 2539 θ
1082 2527 1177 2554 Gregor.
1196 2526 1233 2548 lX.
1251 2532 1286 2548 an.
1309 2526 1378 2553 1241,
1402 2526 1431 2548 20
1449 2526 1515 2554 lunii,
1534 2526 1556 2548 in
1573 2532 1616 2548 suo
1633 2526 1775 2554 diplomate:
1793 2527 1837 2549 Vo-

993 2565 1029 2588 bis
1044 2568 1170 2588 extremam
1187 2564 1327 2593 patientibus
1344 2571 1386 2592 pro
1403 2564 1487 2588 Christi
1504 2565 1597 2587 nomine
1613 2567 1772 2592 paupertatem
1790 2567 1834 2588 etc.

993 2605 1038 2627 Cir.
1050 2603 1164 2632 Sbaralea,
1176 2604 1258 2626 Bullar.
1278 2604 1419 2626 Franciscan.
1431 2606 1486 2626 tom.
1499 2604 1513 2626 1.
1534 2609 1555 2626 n.
1576 2603 1630 2626 345.
1641 2609 1696 2632 pag.
1709 2604 1763 2626 298.
1779 2610 1836 2633 seq„

995 2642 1033 2666 ubi
1051 2643 1125 2665 editor
1141 2642 1163 2665 in
1180 2645 1234 2665 nota
1251 2643 1370 2671 adiungit:
1389 2643 1533 2665 innocentius
1544 2648 1600 2665 vero
1617 2642 1657 2665 lV.
1672 2642 1751 2665 OrdIni
1769 2643 1836 2665 Mino-

993 2689 1045 2705 rum
1064 2682 1181 2705 innovavit
1197 2688 1257 2704 anno
1275 2681 1343 2710 4243,
1357 2681 1396 2704 die
1412 2682 1426 2703 9
1441 2681 1547 2704 Octobris
1564 2685 1585 2704 et
1603 2682 1632 2704 20
1649 2681 1786 2704 Novembris
1802 2682 1837 2705 ’10-

993 2721 1144 2750 56111160ῑί11116
1160 2727 1219 2743 anno
1236 2721 1342 2743 kalendis
1357 2720 1463 2748 Augusti.

1055 2758 1064 2772 ⁷
1082 2760 1149 2782 Vat.:
1167 2759 1247 2787 Quare
1263 2759 1346 2789 plures
1362 2758 1443 2783 clerici
1458 2758 1586 2789 Religio-sos
1603 2758 1656 2782 odio
1673 2758 1768 2783 hubent.

1055 2797 1065 2811 ⁸
1088 2799 1144 2821 Edd.
1161 2797 1302 2821 sacerdotes.

1056 2835 1067 2848 ⁹
1083 2836 1140 2858 Edd.
1157 2837 1179 2859 et
1194 2835 1240 2866 ipsi
1255 2835 1389 2866 comparati
1412 2836 1492 2865 ombus,
1509 2842 1570 2866 quae
1586 2837 1655 2859 etiam
1672 2837 1767 2860 inferius
1782 2839 1835 2865 post

993 2874 1029 2898 vel
1044 2874 1115 2898 etiam
1131 2875 1220 2897 addunt
1237 2874 1384 2898 indoctiores.

1055 2913 1076 2927 ²⁰
1092 2914 1149 2936 ffld.
1166 2914 1276 2937 consocii.

1056 2951 1074 2965 ¹¹
1091 2952 1148 2975 Cod.
1164 2952 1183 2976 C
1198 2952 1286 2976 scilicet
1301 2952 1349 2983 qui.
1368 2953 1463 2976 inferius
1478 2953 1496 2976 Α
1506 2954 1523 2976 Β
1539 2954 1647 2977 omittunt
1663 2955 1706 2978 etc.
