2133 3317
113 302 150 321 Cor
167 302 207 321 lesu
219 304 247 320 est

114 327 133 344 et
139 330 170 344 cor
177 330 246 344 meum.

146 1282 207 1305 Quare
220 1286 253 1299 cor

119 1305 160 1324 lesu
168 1305 251 1323 vulnera·

119 1331 158 1347 tum
181 1327 252 1352 duplici

119 1352 181 1371 modo.

262 214 316 242 164

259 300 312 320 non
341 291 445 320 orabo?
476 290 567 318 Orabo
595 289 701 325 utique.
730 288 782 316 Cor
814 288 887 316 enim
919 287 994 316 illius
1024 288 1106 316 etiam

259 346 353 367 meum
386 340 443 370 est,
464 336 595 365 audacter
623 335 721 363 dicam.
745 334 790 367 Sz',
812 334 896 362 immo
924 334 995 372 quia
1024 337 1107 370 caput

259 392 353 413 meum
374 384 501 412 Christus
516 385 557 411 est
570 383 594 415 1;
616 381 756 418 quomodo
774 381 849 418 quod
870 381 967 417 capitis
992 381 1044 410 mei
1066 384 1108 410 est

259 438 351 459 meum
367 438 421 458 non
437 431 496 457 est?
511 428 587 457 Sicut
601 436 667 464 ergo
682 427 834 464 corporalis
852 428 949 464 capitis
967 428 1020 456 mei
1035 428 1107 456 oculi

259 477 311 506 mei
337 484 399 505 vere
421 479 498 509 sunt,
513 475 551 503 ita
565 478 592 503 et
606 474 759 511 spiritualis
780 474 877 511 capitis
891 474 943 503 mei
959 482 1007 503 cor
1025 475 1108 503 etiam

259 531 353 552 meum
371 526 421 551 est.
447 522 518 550 Bene
536 529 603 558 ergo
623 521 708 555 mibi;
729 528 805 555 ecce,
827 529 878 558 ego
899 529 961 550 cum
985 521 1046 550 Iesu
1061 529 1108 550 eor

260 578 348 599 unum
364 569 463 602 babe03
480 571 506 596 et
521 568 587 605 quid
598 568 721 596 mirum?
736 576 799 596 cum
815 568 897 596 etiam
909 567 1109 596 multitudinis

260 615 440 645 credentium
455 623 505 643 cor
519 614 613 651 fuerit
627 623 720 642 unum
732 615 752 642 ².
772 615 825 643 Hoc
840 615 926 651 igitur
944 617 992 643 tuo
1007 617 1034 643 et
1048 622 1109 643 meo

261 662 356 696 corde,
372 662 530 691 dulcissime
546 662 618 695 lesu,
630 661 756 696 invento,
767 661 852 690 orabo
864 664 891 690 te
906 661 994 690 Deum
1006 669 1108 690 meum.

261 709 378 738 Admitte
392 709 419 737 in
439 708 592 737 sacrarium
607 708 793 737 exauditionis
807 716 904 745 preces
920 716 1006 743 meas,
1025 709 1110 737 immo

261 764 306 785 me
327 759 415 784 totum
438 755 518 784 trabe
539 755 566 783 in
589 758 742 783 cortuum.
766 755 840 784 Licet
853 755 927 783 enim
949 755 1111 784 tortuositas

263 805 439 839 peccatorum
462 810 588 831 meorum
610 802 740 838 impediat
754 810 811 836 me,
835 805 940 836 tamen,
962 802 1110 839 quiaillud

263 849 534 886 incomprehensibili
564 849 678 878 caritate
705 849 851 877 dilatatum
883 852 925 877 est
949 852 977 877 et
997 849 1111 885 amplia-

263 900 337 930 tum,
353 899 380 925 et
400 899 445 931 tu,
467 896 519 934 qui
538 896 618 924 solus
639 904 681 930 cs,
704 899 782 932 potes
795 895 894 932 facere
914 896 1059 924 mundum
1078 896 1112 924 dc

263 943 416 971 tnnnunclo
437 946 604 980 conceptum
632 943 740 971 senune
754 942 780 976 3,·
801 950 817 971 ο
839 942 962 971 omnium
982 943 1112 979 pulcher-

263 990 346 1024 rime,
369 990 498 1027 amplz'us
514 990 582 1018 lava
604 998 648 1018 nze
666 990 702 1018 αῖ)
718 990 871 1028 iniquitate
891 998 956 1018 ntea
977 993 1002 1018 et
1017 998 1036 1017 a
1049 998 1111 1026 pee-

264 1041 327 1066 cato
349 1046 410 1066 meo
435 1038 549 1066 inuncta
577 1046 637 1071 nie,
659 1041 692 1065 ut
712 1037 877 1073 purificatus
899 1044 948 1073 per
976 1040 1003 1065 te
1024 1036 1058 1065 ad
1085 1039 1112 1065 te

264 1084 445 1121 purissimum
469 1084 571 1121 possim
586 1084 716 1113 accedere
731 1088 758 1112 et
773 1084 799 1112 in
815 1084 897 1112 corde
915 1086 963 1112 tuo
978 1083 1113 1111 omnibus

264 1131 365 1159 clielms
385 1131 462 1159 vitae
483 1139 563 1159 meae
583 1138 692 1159 merear
713 1129 847 1158 habitare
867 1134 894 1159 et
914 1130 1012 1158 videre
1030 1130 1113 1158 simul

263 1181 291 1206 et
311 1177 410 1214 facere
430 1177 609 1206 voluntatem
631 1180 722 1206 tuam.

345 1226 370 1253 5
393 1224 430 1253 Ad
453 1225 504 1252 boc
525 1224 598 1253 enim
618 1224 789 1261 perforatum
811 1227 852 1252 est
873 1224 946 1252 latus
967 1226 1064 1256 tuum,
1082 1225 1115 1251 ut

264 1272 344 1301 nobis
358 1272 472 1308 pateat4
493 1271 638 1305 introitus;
654 1271 686 1299 ad
703 1271 755 1299 hoc
770 1271 945 1299 vulneratum
962 1278 1009 1298 cor
1024 1273 1114 1304 tuum,

264 1322 297 1348 ut
316 1319 344 1348 in
366 1319 412 1347 illa
432 1319 488 1347 vite
509 1318 543 1346 ab
564 1318 752 1346 exterioribus
772 1317 979 1346 turbationibus
997 1317 1114 1345 absoluti

265 1366 391 1395 babitare
405 1366 555 1402 possimus3
577 1364 757 1393 nibilominus
775 1367 802 1393 et
819 1366 966 1401 propterea
988 1364 1115 1392 vulnera-

266 1416 324 1442 tum
340 1416 393 1447 est,
409 1415 441 1441 ut
460 1420 508 1449 per
523 1412 626 1440 vulnus
648 1411 754 1440 visibile
775 1411 878 1439 vulnus
899 1411 1001 1439 amoriS
1023 1410 1116 1439 invisi-

265 1460 319 1489 bile
332 1460 482 1489 videamus.
496 1459 547 1495 Qui
563 1459 635 1487 enim
650 1458 779 1487 ardenter
794 1460 867 1486 amat
881 1466 976 1486 amore
988 1458 1116 1486 vuluera-

266 1510 311 1536 tus
332 1510 373 1535 est
384 1507 403 1534 ⁵.
426 1506 568 1543 Quomodo
590 1505 634 1534 bic
655 1505 738 1533 ardor
759 1505 859 1534 melius
880 1507 972 1541 posset
992 1505 1115 1539 ostendi,

266 1554 317 1582 nisi
339 1553 413 1590 quod
435 1561 488 1581 non
504 1552 594 1581 solum
615 1559 730 1588 corpus,
745 1559 844 1580 verum
858 1551 939 1580 etiam
955 1551 1046 1587 ipsum
1068 1559 1116 1579 cor

266 1601 359 1628 lancea
373 1599 516 1628 vulnerari
530 1599 676 1636 permisit?
691 1598 805 1627 Carnale
820 1606 886 1635 ergo
901 1598 1003 1626 vulnus
1014 1598 1116 1626 vulnus

267 1647 411 1684 spirituale
432 1646 566 1680 ostendit3
589 1649 616 1675 et
636 1646 688 1675 hoe
710 1646 829 1674 formose
851 1645 941 1674 innuit
965 1645 1116 1673 auctoritas

798 210 994 239 OPUSCULUM
1016 211 1046 238 X.
1069 210 1155 239 VtTlS
1175 211 1326 239 MYSTICA.
1348 211 1417 239 cat).
1439 212 1478 240 111.

1163 288 1315 324 praelibata
1325 288 1346 322 ⁶,
1366 288 1392 317 in
1407 297 1463 325 qua
1484 289 1526 318 bis
1545 289 1665 326 positum
1680 292 1736 318 est:
1751 289 1921 319 vulnerasti.
1942 291 2014 319 Utri—

1164 388 1196 409 ac
1211 380 1233 409 si
1249 381 1306 417 ipse
1327 381 1449 417 Sponsus
1463 385 1558 418 aperte
1572 382 1691 412 diceret:
1707 383 1773 420 quia
1787 383 1845 412 zelo
1858 384 1960 412 amoris
1974 384 2015 412 tui

1164 427 1327 461 vulnerasti,
1343 427 1436 456 lancea
1451 436 1563 465 quoque
1577 429 1672 458 militis
1686 430 1850 458 vulneratus
1865 438 1936 458 sum.
1948 430 2015 466 Quis

1164 474 1238 503 enim
1254 482 1304 510 pro
1325 474 1413 503 amico
1431 482 1478 503 cor
1499 483 1582 503 suum
1598 476 1740 504 vulnerari
1763 476 1948 513 permitteret,
1963 476 2015 505 nisi

1167 521 1245 557 prius
1266 521 1369 549 amoris
1397 520 1471 550 illius
1493 522 1596 551 vulnus
1616 523 1791 559 accepisset?
1812 523 1883 552 Dicit
1904 531 1970 560 ergo
1985 523 2014 551 ⁷:

1172 567 1339 595 Vulncrastz'
1359 576 1410 596 cor
1431 576 1544 601 mcum,
1565 577 1652 597 soror
1669 577 1751 603 mea,
1772 578 1896 606 sponsa,
1918 570 2016 598 vulne-

1166 614 1244 642 rasti
1257 622 1308 642 cor
1323 622 1427 642 meum.
1444 614 1495 643 Sed
1511 623 1598 651 quare
1616 624 1702 644 soror
1716 619 1744 645 et
1764 616 1893 653 sponsa?
1908 617 1947 644 An
1962 624 2016 645 non

1167 664 1275 698 poterat
1289 661 1459 691 sufficienter
1474 663 1571 699 Sponsi
1592 663 1710 692 amantis
1725 664 1853 692 affectum
1873 663 2018 693 ostendere

1166 709 1258 737 soltus
1279 709 1393 737 sororis
1414 709 1457 738 vel
1478 718 1602 746 sponsae
1625 710 1743 747 positio?
1759 728 1794 731 —
1811 711 1876 739 Item
1888 711 1908 745 ⁸,
1930 718 2017 748 quare

1167 764 1277 793 sponsa
1298 759 1325 784 et
1346 764 1400 784 non
1423 765 1515 791 uxor,
1544 765 1608 786 cum
1630 757 1753 794 quotidie
1782 765 1836 786 non
1859 761 1947 786 cesset
1974 758 2018 787 vel

1169 803 1288 831 Ecclesia
1309 803 1353 831 vel
1374 803 1514 839 quaelibet
1532 803 1620 832 fidelis
1641 804 1734 832 anima
1755 804 1860 841 Sponso
1874 813 1925 833 suo
1943 804 2019 833 Chri-

1169 852 1211 879 sto
1225 849 1363 878 bonorum
1378 857 1496 886 operum
1518 850 1639 879 sobolem
1661 854 1813 887 generare?
1833 851 1928 880 Paucis
1948 851 2018 880 dico.

1169 896 1262 925 Solent
1283 903 1400 932 sponsae
1421 896 1565 925 ardentius
1585 897 1688 931 amari,
1711 897 1840 934 coniugio
1861 897 1953 926 adhuc
1974 905 2018 926 re-

1169 944 1257 978 centi,
1280 952 1363 981 quam
1386 946 1499 980 postea,
1521 951 1584 972 cum
1608 947 1732 980 tempore
1754 944 1919 980 procedente
1940 952 2018 973 amor

1169 990 1228 1027 ipsc
1255 990 1431 1027 componitur
1444 990 1463 1018 ⁰.
1486 991 1608 1027 Sponsus
1636 998 1703 1027 ergo
1727 993 1837 1024 noster,
1865 994 1898 1019 ut
1917 991 2020 1020 amoris

1170 1037 1212 1066 sui
1236 1037 1453 1074 magnitudinem
1474 1037 1611 1071 insinuet,
1633 1037 1681 1074 qui
1703 1040 1828 1074 tempore
1848 1045 1903 1066 non
1924 1038 2019 1067 decre-

1170 1084 1236 1118 scit,
1258 1084 1373 1113 amicam
1396 1092 1474 1113 suam
1489 1092 1629 1121 sponsam
1650 1084 1782 1121 appellat,
1802 1091 1834 1113 eo
1849 1084 1923 1121 quod
1941 1092 2019 1113 amor

1171 1131 1245 1160 illius
1266 1139 1375 1168 semper
1390 1139 1480 1160 novus
1500 1132 1543 1160 sit.

1251 1179 1276 1206 6.
1299 1178 1349 1207 Sed
1371 1178 1436 1215 quia
1454 1186 1570 1214 sponsae
1584 1178 1666 1207 etiam
1688 1178 1835 1207 carnaliter
1850 1178 2020 1215 diliguntur,

1171 1229 1204 1254 ut
1224 1225 1251 1253 in
1266 1233 1360 1254 amore
1382 1225 1477 1261 Sponsi
1493 1225 1579 1254 nostri
1602 1225 1669 1253 nihil
1685 1226 1795 1254 carnale
1815 1226 1919 1262 sapias,
1933 1225 2022 1262 ipsam

1172 1279 1300 1308 sponsam
1321 1280 1452 1299 sororem
1483 1271 1614 1308 appellat,
1643 1272 1773 1308 quoniam
1798 1280 1908 1301 sorores
1929 1272 1982 1300 iam
1999 1272 2021 1289 ¹⁰

1173 1326 1349 1355 nequaquam
1372 1318 1519 1346 carnaliter
1534 1318 1707 1347 adamantur.
1730 1318 1801 1347 DIGit
1818 1326 1898 1356 ergo:
1923 1319 2021 1347 Vulne-

1173 1365 1251 1392 rastt
1271 1373 1321 1392 cor
1342 1373 1455 1398 mcum,
1484 1373 1570 1393 soror
1591 1373 1670 1398 mea,
1699 1373 1825 1402 sponsa,
1847 1365 1926 1402 quasi
1947 1365 2021 1394 dice-

1174 1414 1231 1440 ret:
1254 1411 1320 1447 quia
1341 1418 1450 1440 summe
1472 1414 1498 1439 te
1519 1411 1602 1448 diligo
1617 1415 1649 1440 ut
1670 1419 1815 1449 sponsam,
1837 1415 1911 1441 caste
1931 1416 1963 1441 ut
1978 1420 2020 1441 so-

2038 298 2128 322 contii-1111·

2028 321 2068 340 loco
2077 322 2129 344 Scru-

1165 342 1254 371 usque
1272 334 1345 362 enim
1367 335 1490 364 vulneris
1512 336 1571 372 ipsa
1592 344 1670 364 soror
1689 339 1715 365 et
1734 344 1834 373 sponsa
1854 344 1937 365 causa
1957 340 2014 372 est,
2029 349 2068 363 rae.

1174 1466 1279 1492 rorem,
1302 1457 1479 1486 vulneratum
1502 1461 1543 1487 est
1571 1466 1618 1487 cor
1639 1465 1732 1487 meum
1754 1461 1868 1495 propter
1897 1462 1932 1488 te.
1954 1459 2022 1495 Quis
2034 1467 2117 1487 emesa

1174 1504 1241 1533 illud
1269 1512 1317 1533 cor
1339 1507 1394 1532 tam
1408 1506 1430 1521 ¹¹
1453 1505 1631 1533 vulneratum
1653 1513 1708 1533 non
1729 1505 1846 1542 diligat?
1871 1506 1938 1542 Quis
1966 1509 2021 1534 tam

1173 1554 1310 1580 amantem
1331 1560 1386 1580 non
1408 1552 1555 1580 redamet?
1584 1552 1650 1588 Quis
1678 1555 1733 1580 tam
1755 1556 1862 1581 castum
1889 1560 1944 1581 non
1965 1561 2023 1581 am-

1173 1598 1329 1635 plexetur?
1357 1598 1450 1635 Diligit
1477 1598 1600 1635 profecto
1622 1599 1799 1628 vulneratum
1830 1607 1901 1637 quae
1925 1603 2023 1629 mutuo

1172 1645 1247 1673 illius
1268 1653 1362 1674 amore
1380 1645 1526 1674 vulnerata
1547 1645 1693 1674 clamat¹2z
1721 1646 1880 1675 Vulnerata
1900 1647 2024 1676 caritate

330 1835 337 1848 ¹
356 1835 402 1858 Ct'r.
420 1836 477 1863 Epli.
496 1835 520 1862 li,
542 1835 575 1857 15.
593 1838 615 1857 ct
632 1835 657 1862 5,
676 1835 716 1863 233
735 1834 781 1857 Col.
804 1836 820 1862 l,
840 1836 876 1857 118.
893 1848 924 1851 -
941 1835 1053 1863 Superius
1074 1842 1116 1863 pro

268 1874 332 1898 illins
345 1875 415 1898 etiam
427 1881 507 1897 menni
519 1876 552 1897 est
565 1874 603 1901 (ita
621 1874 637 1897 C
647 1874 666 1896 D
676 1875 691 1896 E
702 1874 727 1901 F)
745 1874 800 1896 alios
818 1873 884 1897 illius
895 1880 986 1897 mecum
1000 1875 1049 1902 est;
1061 1875 1116 1896 Bon.

268 1915 352 1937 deinde
378 1914 527 1942 prosequitur
544 1913 617 1936 imino
634 1913 748 1936 audacter
774 1913 869 1936 dicuni..-
895 1913 924 1936 Si
946 1913 971 1936 in
992 1919 1029 1936 ine
1046 1915 1119 1943 capnt

268 1960 346 1976 meum
365 1956 420 1981 etc.;
439 1953 492 1975 huic
515 1953 603 1975 lectioni
623 1954 700 1975 tarent
722 1952 738 1975 C
750 1953 829 1979 DEF,
847 1953 887 1981 qui
911 1956 987 1974 tamen
1011 1953 1119 1975 omittunt

268 1992 359 2020 immo;
377 1995 453 2015 nostra
472 1992 538 2014 lectio
556 1991 681 2020 praebetur
706 1991 735 2013 ab
761 1992 805 2013 ΑΒ
823 1994 845 2014 et
862 1992 899 2014 ed.
917 1992 938 2013 11.
964 1992 1057 2014 inferius
1076 1998 1118 2019 pro

272 2032 331 2054 Bene
348 2037 404 2060 erpo
421 2031 481 2053 rmilii
496 2032 551 2053 Bon.
570 2031 663 2053 Bonum
677 2036 734 2060 erqo
751 2030 817 2053 mihi.

331 2070 339 2082 ²¹
357 2072 405 2092 Act.
424 2070 449 2096 i,
467 2070 504 2092 32.
521 2083 552 2085 —
570 2070 682 2097 Superius
699 2065 742 2097 pro
759 2075 820 2097 ecce,
838 2076 880 2099 [¹510
895 2070 932 2092 ed.
953 2071 957 2091 l
979 2070 1029 2099 Eyo
1049 2076 1117 2098 vero,

269 2112 349 2139 ‹et-cor
365 2115 445 2132 mettin
464 2115 505 2137 pro
523 2115 563 2132 cor
581 2115 671 2137 iniunt,
689 2115 749 2137 quae
761 2110 829 2131 etiani
847 2109 946 2131 subinde
963 2116 1016 2131 euni
1035 2109 1079 2131 ΑΒ
1097 2112 1119 2131 et

269 2149 325 2170 Bou.
342 2148 425 2170 omittit
442 2147 519 2170 etiam.
538 2148 632 2170 Interius
649 2152 700 2175 post
718 2147 819 2170 Admitte
836 2148 873 2170 ed.
893 2148 900 2169 sl
921 2154 974 2170 euni
992 2148 1036 2169 AB
1054 2147 1118 2169 addit

269 2189 374 2215 tuntzun,
392 2190 414 2209 et
431 2190 482 2214 post
499 2186 659 2210 exauditionis
676 2187 712 2209 ed.
727 2187 734 2208 1
751 2189 773 2208 et
790 2187 845 2208 Bon.
863 2192 916 2209 cun]
929 2186 1035 2214 pluribus
1047 2186 1116 2209 codd.

269 2226 358 2248 addunt
375 2227 437 2249 tuae.

332 2264 341 2276 ⁵⁵
360 2264 397 2287 lob
419 2265 456 2291 14,
484 2265 509 2287 Ji:
527 2265 583 2293 Quis
608 2267 683 2292 potest
705 2266 779 2287 t'acore
805 2265 918 2287 mundum
945 2265 974 2287 de
996 2265 1118 2287 immundo

268 2307 408 2331 conceptum
426 2304 533 2326 semine?
551 2310 625 2326 nonne
637 2306 672 2331 tu,
685 2304 724 2332 qui
742 2304 804 2325 solus
821 2304 864 2325 es?
882 2304 935 2325 Post
952 2303 994 2332 qni
1008 2303 1074 2326 solus
1091 2310 1119 2326 ex

270 2342 286 2365 C
297 2343 364 2364 DEF
382 2342 544 2370 supplevimus
555 2348 586 2365 es.
605 2342 645 2364 Ed.
664 2343 671 2363 Ἰ1
688 2348 742 2364 cum
761 2343 777 2363 Α
788 2342 804 2363 Β
823 2342 859 2364 bic
877 2342 953 2364 addit:
971 2343 998 2364 ut
1014 2341 1119 2371 deposita

270 2380 332 2411 92*be
348 2380 445 2404 sarcina
461 2387 504 2410 per
521 2381 632 2410 foramen
649 2386 707 2404 acus
728 2380 818 2410 possim
840 2380 945 2404 transire
968 2380 1018 2410 [cfr.
1042 2382 1121 2403 Mattb.

272 2421 312 2447 19,
331 2420 389 2450 24.].
406 2433 437 2436 —
455 2420 559 2442 Subinde
576 2421 704 2448 allegantur
716 2421 750 2442 ΡΞ,
769 2421 810 2448 50,
830 2420 855 2448 [ις
873 2421 914 2447 26,
928 2420 949 2442 4.
966 2423 988 2442 et
1006 2420 1063 2447 142,
1084 2421 1118 2442 10.

270 2472 301 2476 —
319 2460 431 2488 Superius
448 2459 547 2482 roribus
564 2459 620 2489 quia
639 2460 704 2487 [Bon
716 2460 799 2482 omittit
816 2459 884 2489 quin]
901 2459 962 2482 illud
978 2460 1016 2482 ed.
1035 2460 1042 2481 l
1065 2466 1118 2482 cum

270 2500 314 2522 AB
340 2499 455 2521 interserit
480 2505 528 2522 cor.
554 2499 649 2521 Inferius
674 2504 717 2526 pro
743 2498 850 2521 omnium
869 2498 1033 2527 pulcherrime
1050 2498 1087 2520 ed.
1106 2499 1113 2519 1

270 2537 377 2561 omnium
393 2537 555 2567 pulcritudine
577 2536 757 2566 speciosissime,
776 2543 836 2566 quae
853 2537 921 2559 etiam
945 2537 1043 2559 subinde
1066 2540 1119 2565 post

270 2576 348 2600 videre
364 2576 437 2599 sinzul
450 2576 597 2605 prosequitur
614 2582 706 2605 semper
718 2577 740 2599 et
756 2576 834 2605 fucere
851 2577 917 2599 tuum
930 2576 1023 2599 valerem
1037 2576 1119 2599 rotim-

272 2617 342 2639 tntem
361 2616 404 2644 [ita
422 2616 491 2637 etiam
509 2614 582 2644 Bon.].

333 2653 342 2666 ‘¹
360 2654 399 2677 Ed.
418 2655 427 2676 ¹l
449 2660 503 2676 cum
521 2654 565 2676 AB
581 2655 689 2682 patescat
705 2656 727 2676 et
741 2653 840 2675 subinde
858 2653 881 2676 in
900 2653 940 2676 illo
957 2655 980 2676 et
996 2652 1018 2675 in
1038 2654 1058 2676 te
1076 2659 1119 2680 pro

270 2693 294 2715 in
313 2692 354 2715 illa
372 2692 417 2716 rite
435 2692 491 2722 [DE
508 2692 575 2722 rita}

333 2731 342 2743 ⁵
360 2732 400 2754 Ed.
423 2733 428 2753 1
452 2733 510 2754 banc
534 2732 718 2760 propositionem
744 2731 834 2754 omittit.
858 2732 952 2753 Interius
978 2737 1020 2759 pro
1042 2732 1119 2763 posset

271 2770 362 2794 ostendi
377 2771 415 2793 ed.
436 2771 440 2792 l
463 2770 554 2794 ostendi
566 2773 656 2800 potest,
674 2770 715 2793 CF
729 2770 807 2800 possit
817 2770 920 2798 ostendi,
938 2771 977 2799 qui
995 2770 1064 2792 etiam
1076 2776 1118 2798 pro

270 2815 317 2832 non
335 2810 414 2832 solum
431 2816 531 2839 corpus,
552 2816 637 2832 rerum
659 2809 730 2832 etiam
752 2809 831 2838 ipsum
848 2815 889 2832 cor
912 2808 1055 2831 substituunt
1070 2814 1119 2831 non

271 2848 349 2872 solunt
371 2854 458 2878 corpus
481 2855 574 2876 rerum,
593 2849 633 2872 sed
655 2849 690 2878 [in
711 2850 726 2871 F
744 2849 845 2871 secunda
869 2855 952 2871 manus
970 2848 1059 2871 addidit
1081 2847 1118 2877 et]

272 2888 350 2918 ipsum
367 2894 417 2911 cor.
435 2888 537 2911 Subinde
555 2895 597 2917 pro
611 2888 722 2918 permisit
739 2889 793 2911 Bon.
808 2888 948 2918 permisisti.

334 2926 344 2940 ⁸³
361 2928 435 2955 Supra
455 2934 476 2949 n.
500 2928 520 2949 2.
545 2940 574 2943 —
597 2928 708 2956 Superius
725 2934 779 2950 cuni
796 2928 832 2950 ed.
852 2928 873 2954 «l,
890 2928 947 2949 Bon.
964 2930 986 2949 et
1008 2927 1052 2949 AB
1070 2927 1120 2949 reli-

271 2967 365 2989 nuimus
383 2966 485 2989 Gai-nale
497 2972 553 2996 erqo
566 2967 692 2994 (conclusio
704 2966 915 2994 praecedentium),
927 2966 980 2988 licet
996 2966 1013 2988 C
1023 2966 1041 2988 D
1051 2967 1067 2988 E
1076 2967 1091 2988 F
1101 2966 1119 2988 G

271 3005 409 3028 substituant
429 3005 531 3029 Curnnle
548 3012 647 3035 qttoqne.
666 3005 769 3028 Subinde
782 3012 824 3033 pro
841 3006 944 3034 formose
963 3006 1004 3035 (itu
1023 3005 1039 3028 C
1051 3006 1118 3028 DEF

1174 1836 1229 1863 GH)
1247 1836 1285 1858 od.
1304 1836 1311 1857 ¹¹l
1334 1838 1356 1858 et
1372 1836 1426 1858 Bon.
1444 1836 1554 1865 sortasse.
1572 1835 1664 1857 lnserius
1682 1841 1724 1863 pro
1741 1835 1792 1858 :elo
1809 1835 1900 1858 nnioris
1924 1835 1959 1858 tni
1979 1835 2023 1865 (ita

1174 1875 1244 1898 ABG
1261 1878 1283 1897 et
1300 1875 1336 1897 ed.
1359 1876 1378 1903 l)
1402 1875 1458 1897 Bon.
1481 1875 1525 1897 telo
1543 1874 1634 1898 amoris
1657 1874 1706 1903 t1‹i;
1730 1878 1781 1903 post
1797 1874 1931 1898 vulnerasti
1952 1875 1990 1897 ed.
2008 1876 2016 1897 1

1174 1921 1227 1936 cum
1246 1915 1262 1936 A
1273 1915 1290 1936 B
1310 1914 1375 1937 addit
1391 1920 1440 1942 ine,
1458 1914 1515 1936 Bou.
1532 1920 1573 1937 cor
1591 1920 1682 1941 ineunt,
1704 1917 1725 1936 et
1743 1916 1795 1942 post
1812 1913 1952 1937 vnlneratus
1969 1920 2022 1937 suin

1177 1953 1231 1975 Bon.
1250 1952 1365 1974 subnectit
1379 1954 1478 1981 propter
1497 1954 1524 1975 te.

1239 1990 1247 2004 ⁷
1265 1991 1328 2014 Cant.
1348 1991 1373 2019 st,
1397 1992 1418 2013 9.
1437 2004 1466 2007 -
1483 1992 1595 2019 Superius
1620 1998 1663 2019 pro
1680 1991 1756 2014 amico
1782 1992 1838 2014 Bon.
1862 1990 1951 2019 amica,
1978 1992 2024 2014 AB

1174 2030 1234 2058 ulio,
1253 2031 1288 2052 ed.
1308 2031 1316 2052 ·l
1338 2036 1395 2052 vero
1412 2030 1477 2058 legit:
1497 2029 1555 2058 Quis
1573 2029 1635 2052 enim
1653 2036 1694 2053 cor
1710 2031 1779 2053 tunm
1792 2029 1850 2059 palo
1869 2030 1945 2058 (Corn.
1957 2036 1970 2052 a
1985 2031 2024 2053 La-

1174 2069 1241 2097 pide‚
1259 2068 1323 2091 Cant.
1351 2069 1375 2096 li,
1394 2069 1414 2090 9.
1439 2074 1521 2091 sensus
1538 2068 1654 2091 secundus
1679 2069 1792 2096 partialis:
1820 2068 1877 2096 Quis
1903 2068 1965 2091 enim
1983 2074 2023 2092 cor

1173 2114 1246 2131 suum
1263 2107 1322 2137 pilo)
1336 2107 1640 2137 minei-aripermutaret...
1655 2107 1744 2130 vulnus
1754 2107 1913 2137 percepisset?
1931 2108 2024 2130 luserius

1175 2153 1217 2174 pro
1235 2146 1375 2176 sufficienter
1389 2147 1426 2169 ed,
1439 2147 1447 2168 ¹l
1464 2146 1629 2176 sufficientem,
1642 2147 1659 2168 Α
1669 2147 1686 2168 Β
1702 2146 1763 2176 Ῑῡνιε
1774 2146 1934 2176 sufficientem,
1948 2150 1970 2169 et
1981 2153 2023 2175 pro

1174 2186 1287 2216 affectum
1304 2186 1320 2208 C
1338 2185 1447 2215 officium.

1237 2224 1246 2237 ⁸
1264 2225 1304 2247 Ed.
1324 2225 1331 2246 l
1355 2231 1408 2247 cum
1431 2225 1475 2247 AB
1495 2224 1546 2252 Vel,
1570 2231 1630 2254 quae
1648 2225 1715 2247 etiam
1737 2225 1848 2251 subinde,
1873 2225 1959 2247 omisso
1976 2231 2024 2248 non

1175 2266 1259 2291 cesset,
1277 2263 1349 2286 verbo
1367 2270 1482 2293 penerare.
1500 2264 1607 2292 praefigit
1622 2263 1708 2287 debent.

1239 2303 1248 2315 ⁹
1267 2304 1296 2326 lta
1314 2302 1413 2325 ABCD
1422 2304 1449 2331 E,
1467 2304 1522 2325 Bon.
1541 2303 1644 2332 tepescit,
1663 2303 1699 2325 ed.
1718 2303 1726 2324 ·1
1748 2303 1814 2330 legit:
1831 2302 1914 2326 Solent
1924 2308 2025 2332 sponsae

1175 2341 1282 2365 nondam
1305 2341 1419 2371 alliqatnc
1441 2341 1563 2371 coniuncti
1588 2341 1681 2364 riizcnlo
1704 2341 1786 2364 amm-i
1807 2340 1931 2364 ardentius
1952 2347 2025 2371 qnam

1172 2383 1263 2411 postca.
1283 2382 1396 2410 Tempore
1413 2381 1476 2404 enim
1490 2380 1631 2410 procedente
1647 2386 1717 2403 arnor
1734 2380 1783 2410 ipse
1805 2380 1965 2410 componitur.
1990 2381 2025 2403 ln-

1176 2421 1246 2443 l‘erius
1263 2427 1305 2448 pro
1323 2426 1392 2443 unior
1411 2419 1475 2443 illlus
1493 2421 1508 2442 A
1522 2420 1538 2442 Β
1556 2426 1625 2443 unior
1642 2426 1715 2448 suus,
1736 2420 1791 2442 Bon.
1808 2425 1877 2442 amor
1895 2419 1977 2448 ipsius.

1239 2458 1258 2471 ¹⁰
1275 2460 1332 2482 Bon.
1350 2459 1433 2481 omittit
1444 2459 1501 2481 iam.
1514 2459 1609 2481 luserius
1621 2465 1663 2486 pro
1681 2458 1848 2488 quasicliccret
1864 2459 1908 2480 ΑΒ
1925 2460 1948 2480 et
1959 2458 1997 2480 ed.
2012 2459 2019 2479 l

1176 2500 1292 2527 tanquam
1309 2497 1380 2521 dicut.

1239 2537 1258 2550 ¹²
1276 2538 1345 2564 Bon.,
1363 2536 1533 2565 refragantibus
1550 2538 1568 2559 Α
1578 2537 1594 2559 Β
1604 2536 1620 2559 C
1630 2537 1649 2558 D
1659 2537 1674 2558 Ε
1692 2539 1714 2559 et
1730 2536 1766 2559 ed.
1780 2537 1788 2558 11
1799 2553 1805 2563 ‚
1817 2536 1881 2558 addit
1897 2535 1985 2559 acriter
2002 2539 2024 2559 et

1175 2576 1275 2599 subinde
1287 2576 1386 2599 vocibus
1404 2578 1453 2599 tam
1464 2577 1585 2599 amantem
1601 2576 1716 2598 interserit
1728 2574 1908 2603 ardentissz'me,-
1921 2581 1963 2603 pro
1974 2581 2023 2597 um-

1173 2615 1287 2645 plea'etur
1305 2616 1341 2638 ecl.
1361 2616 1369 2637 l
1391 2621 1445 2637 eum
1463 2616 1507 2637 AB
1523 2614 1692 2644 anzplectntur.

1239 2654 1258 2667 ¹²
1276 2654 1340 2677 Cant.
1359 2656 1384 2682 2,
1402 2654 1424 2676 5.
1441 2654 1570 2677 secundum
1588 2653 1734 2681 septuaginta
1753 2653 1901 2681 interpretes;
1914 2653 1943 2675 ita
1956 2653 2024 2675 etiam

1176 2694 1286 2721 August,
1304 2694 1407 2715 Enarrat.
1424 2693 1445 2715 in
1464 2693 1500 2715 ΡΞ.
1517 2693 1554 2715 37.
1571 2699 1596 2714 n.
1618 2692 1644 2720 5;
1663 2692 1772 2719 Gregor„
1796 2692 1833 2714 Vl.
1851 2692 1927 2714 Moral.
1949 2697 1969 2714 c.
1986 2691 2023 2713 25.

1176 2739 1199 2755 n.
1217 2732 1254 2755 te.
1271 2735 1293 2755 et
1310 2732 1417 2754 XXXIV.
1435 2738 1455 2754 c.
1474 2732 1510 2753 lo.
1528 2738 1549 2754 n.
1568 2732 1608 2758 2¹3
1627 2731 1740 2759 Vulgata:
1757 2732 1845 2754 Aniore
1868 2730 1976 2760 lanpueo.
1993 2742 2025 2746 —

1177 2772 1285 2800 Sequitur
1302 2771 1366 2794 Cant.
1384 2771 1409 2798 5,
1428 2772 1449 2793 8.
1466 2784 1497 2786 —
1515 2771 1627 2798 Superius
1640 2776 1682 2798 pro
1698 2771 1782 2792 mutuo
1800 2769 1865 2792 illius
1882 2775 1964 2792 nonore
1976 2769 2024 2792 vtil-

1176 2812 1261 2833 nerant
1278 2810 1368 2833 clamat
1384 2810 1420 2832 ed.
1440 2810 1448 2831 -l
1470 2809 1543 2832 nimio
1561 2808 1626 2832 illius
1643 2814 1725 2831 amore
1742 2808 1869 2831 vulnerata
1887 2808 2025 2837 proclamat

1178 2849 1254 2878 [eliani
1272 2850 1289 2871 Α
1300 2849 1316 2871 Β
1332 2848 1490 2878 proclamat]‚
1508 2849 1565 2870 Bon.
1583 2847 1710 2871 vulnerata
1727 2849 1806 2875 aiunt,
1823 2847 1886 2870 unde
1903 2847 1953 2876 ipsa
1970 2852 2024 2876 quo-

1177 2894 1221 2917 quc
1238 2887 1265 2910 [le
1282 2894 1306 2910 se
1323 2887 1447 2910 innotescit
1462 2887 1569 2910 vulneris
1585 2886 1771 2910 *vicissitudinem
1789 2888 1809 2909 et
1826 2885 1927 2914 amoris,
1945 2885 2023 2909 dicens

1177 2927 1256 2955 (ΑΒΕ
1267 2927 1285 2949 D
1296 2928 1311 2949 Ε
1328 2931 1350 2949 et
1367 2927 1403 2949 ed.
1423 2927 1431 2948 l
1453 2927 1511 2948 banc
1529 2926 1711 2954 propositionem
1734 2925 1872 2954 omittunt):
1893 2924 2024 2947 Vulnerata.

1178 2966 1277 2989 carnale
1294 2972 1336 2995 eqo
1353 2972 1415 2989 suni.
1434 2965 1548 2995 Nun-qnid
1565 2971 1612 2988 non
1630 2964 1740 2987 reclamat
1757 2964 1878 2993 Sponsum.
1895 2963 1937 2993 [ita
1955 2964 2023 2986 etiam

1177 3005 1213 3028 ed.
1233 3006 1240 3027 l
1263 3008 1341 3027 contra
1359 3004 1439 3033 ABG]
1457 3008 1499 3027 etc.

2046 1491 2125 1511 amandu
