2133 3317
148 488 203 507 Ratio
218 488 251 506 du-

173 512 223 536 plex.

137 862 256 885 Dispensatio

162 886 231 909 Papae.

148 1595 151 1598 Ι
164 1571 192 1598 De
204 1571 255 1590 clave

126 1597 217 1614 scientiae
238 1597 256 1614 et

126 1618 253 1638 discretionis.

275 216 331 245 398

274 294 455 323 solummodo
476 297 502 321 ct
520 301 579 321 non
611 291 679 320 aliis
705 290 865 328 recipiendi
892 291 1016 319 Fratres
1038 289 1123 318 licen-

275 341 317 369 tia
338 340 522 369 concedatur.
552 339 633 372 Ecce,
659 337 751 366 clavis
779 337 967 366 auctoritatis
992 336 1123 366 Ministris

275 391 383 417 tautum
405 389 575 416 reservatur.

354 435 379 463 3.
402 435 455 462 Ista
482 435 575 461 autem
606 432 700 461 missio
732 435 759 461 et
786 431 922 460 ordinatio
950 432 1020 460 duas
1040 431 1123 460 habet

276 482 425 519 praecipue
440 481 569 509 rationes.
591 480 681 508 Prima
702 482 756 514 est,
772 483 804 508 ut
823 482 999 517 receptorum
1014 487 1064 508 seu
1079 487 1124 508 re-

275 528 465 565 cipiendorum
491 527 645 556 constantia
666 527 809 564 probetur.
833 527 958 555 Secunda
979 529 1036 561 est,
1058 526 1124 563 quia

273 576 306 604 de
337 574 453 603 Ministri
480 574 628 611 prudentia
659 574 778 610 amplius
809 574 1016 611 praesumitur,
1048 573 1123 611 quod

272 625 332 651 arte
363 622 431 651 sciat
459 622 607 658 piscatoria
635 621 722 650 bonos
749 621 781 649 in
811 630 886 650 vasa
913 629 972 650 sna
1004 621 1122 658 eligere,

272 669 361 697 malis
387 677 471 703 berc,
503 677 559 697 non
589 668 710 702 idoneis,
736 667 822 705 foras
853 668 953 697 missis
968 669 986 696 ¹.
1019 668 1123 697 Nomen

272 718 365 745 autem
386 715 519 744 Ministri
538 715 659 744 sumitur
677 715 805 744 Matthaei
821 715 967 752 vigesimo,
987 715 1035 744 nbi
1057 714 1124 743 dici-

273 766 335 792 tur:
360 762 418 798 Qui
438 762 536 791 maior
557 766 599 791 est
620 766 747 790 oestrum
768 762 823 790 crit
844 762 978 790 minister
1002 765 1102 790 vester.

352 810 384 838 Et
405 810 471 847 quia
486 809 674 846 plurimorum
692 809 725 838 ad
740 809 872 837 Ordinem
896 809 1065 838 venientium
1082 811 1124 837 est

273 857 382 886 devotio
404 856 548 885 manifesta
576 856 774 893 sufficiensque
802 856 835 884 ad
858 856 1043 893 receptionem
1065 863 1124 884 sae-

273 904 411 933 cularium
434 904 569 932 discretio
591 903 618 932 111
634 904 817 932 conventibus
838 904 980 937 Fratrum,
1002 903 1124 932 maxime

273 951 300 979 in
321 951 381 980 1000
407 951 578 988 generaliiim
600 951 777 985 studiorum;
804 950 864 979 ideo
885 950 1015 979 dominus
1036 950 1124 987 Papa,

273 1006 327 1027 non
350 998 480 1027 relaxans
501 998 572 1027 hanc
594 998 713 1035 Regulae
735 1000 858 1034 partem,
880 997 928 1026 sed
949 997 983 1025 ad
1005 1000 1124 1026 mentem

272 1046 333 1075 eius
354 1046 537 1082 dispensando
565 1045 713 1082 aspiciens,
741 1045 892 1079 ordinavit,
914 1047 945 1073 ut
966 1044 994 1072 in
1024 1044 1125 1072 talibus

272 1093 340 1122 locis
360 1093 487 1122 discretis
504 1093 648 1121 Fratribus
669 1092 835 1129 receptionis
854 1091 1005 1120 auctoritas
1027 1099 1124 1120 couce-

272 1140 371 1175 datur,
393 1140 498 1174 sciens,
520 1140 595 1177 quod
616 1139 683 1168 dicit
711 1139 757 1168 lex
779 1140 806 1167 ff.
828 1139 862 1168 de
883 1139 1038 1176 Legibus2,
1060 1138 1126 1175 quia

277 1199 290 1213 <t
302 1188 378 1216 scire
399 1187 471 1224 lcqcs
486 1195 541 1216 non
562 1190 604 1216 est
618 1187 736 1215 verbum
760 1194 856 1215 earum
879 1189 990 1220 tenere,
1006 1185 1053 1214 sed
1068 1185 1124 1214 vim

272 1237 299 1263 et
326 1237 488 1271 potestatem
503 1245 534 1268 »;
564 1236 591 1262 et
619 1233 791 1270 sexagesima
820 1233 909 1269 prima
937 1232 1124 1266 distinctione,

272 1289 376 1310 canone
391 1280 557 1309 Statitimns
569 1281 590 1314 ³,
612 1280 729 1309 dicitur:
750 1291 763 1305 α
776 1279 981 1308 Ecclesiasticae
1002 1277 1126 1315 prohibi-

272 1328 360 1357 tiones
392 1328 519 1365 proprias
540 1327 644 1356 hahent
671 1335 781 1361 causas,
804 1326 907 1364 quibus
939 1325 1125 1360 cessantibus,

273 1378 381 1405 cessant
395 1378 422 1404 et
436 1376 511 1412 ipsae
525 1386 557 1409 »;
576 1378 603 1404 et
617 1375 705 1403 Causa
724 1374 828 1412 prima,
844 1374 1005 1411 quaestione
1024 1373 1126 1410 prima,

272 1422 392 1452 dicitur:
421 1434 435 1448 «
453 1422 531 1459 Quod
556 1430 607 1459 pro
636 1422 799 1451 necessitate
828 1421 961 1458 temporis
989 1422 1126 1449 statutum

273 1473 330 1505 est,
352 1474 476 1499 cessante
504 1469 682 1503 necessitate,
704 1477 813 1498 cessare
834 1468 915 1497 debet
931 1480 957 1496 n.

352 1517 378 1545 li.
402 1516 454 1545 Sed
482 1524 533 1553 pro
561 1516 641 1545 clauc
669 1516 853 1544 discretionis
879 1515 963 1544 dicit:
996 1514 1127 1543 iilz'ntstrt

272 1572 340 1592 vero
361 1563 514 1601 cliligycntcr
535 1563 702 1592 examinent
722 1572 769 1591 eos
787 1563 821 1591 cle
841 1562 898 1600 sicle
929 1561 1074 1590 catholica
1101 1565 1127 1590 et

273 1611 330 1639 dc4
351 1611 554 1640 ecclesiasticis
577 1610 786 1639 Sacramcntis.
809 1610 864 1638 Hoc
879 1617 930 1646 pro
952 1609 1006 1638 illis
1023 1608 1126 1637 dicitur

272 1658 416 1696 partibus,
446 1658 495 1687 ubi
516 1658 663 1695 contingit,
691 1658 799 1694 aliquos
821 1657 975 1686 haereticos
996 1656 1124 1685 inveniri.

272 1705 310 1734 Ad
324 1705 411 1743 sidem
432 1704 607 1733 catholicam
622 1704 763 1741 pertinent
776 1703 883 1738 omnia,
902 1711 973 1740 quae
995 1703 1047 1740 ipsi
1062 1703 1125 1732 fidei

272 1753 477 1790 obsequuntur.
500 1752 576 1781 Unde
604 1752 671 1789 quia
691 1752 801 1780 Fratres
822 1751 856 1779 ad
878 1750 941 1779 fidei
969 1750 1123 1779 doctrinam

273 1807 310 1829 ex
330 1800 482 1828 intentione
504 1799 623 1836 Regulae
644 1801 710 1828 sunt
730 1798 833 1833 vocati,
855 1801 887 1827 ut
908 1797 1053 1835 sequentia
1067 1805 1125 1826 ma-

272 1847 414 1882 nifestant,
437 1849 573 1876 statutum
594 1848 636 1875 est
650 1846 678 1875 in
699 1846 816 1880 Ordine,
832 1853 866 1874 ne
887 1845 988 1882 aliquis
1009 1844 1125 1881 recipia-

274 1897 321 1923 tur
344 1894 378 1923 ad
406 1894 539 1923 Ordinem
560 1902 612 1931 pro
640 1893 755 1928 clerico,
783 1893 835 1921 nisi
864 1892 928 1921 fidei
955 1892 1123 1921 doctrinae⁵

272 1942 373 1971 habeat
394 1942 561 1971 conveniens
575 1941 804 1974 fundamentum,
826 1940 869 1969 vel
884 1940 980 1969 saltem
996 1948 1047 1976 pro
1062 1939 1125 1968 fun-

273 1989 393 2018 damenti
419 1989 537 2026 penuria
565 1988 718 2017 aedificatio
746 1987 934 2016 multitudinis
962 1994 1126 2024 recompen-

274 2039 330 2071 set,
352 2039 384 2065 ut
405 2036 479 2073 quod
501 2036 530 2064 111
551 2035 653 2064 talibus
674 2035 768 2072 lingua
783 2043 836 2063 non
860 2034 976 2068 sufficit,
999 2033 1055 2062 vita
1070 2033 1125 2062 cla-

274 2085 345 2117 met;
368 2085 395 2111 et
422 2082 461 2111 sic
482 2082 516 2111 de
543 2081 701 2110 minoribus
728 2080 897 2110 examinatio
922 2080 950 2108 in
971 2079 1124 2108 maioribus

510 214 706 244 OPUSCULUM
729 213 794 242 XVI.
817 211 992 241 EXPOSITIO
1013 212 1116 240 SUPER
1137 211 1291 241 REGULAM
1313 212 1467 242 FRATRUM
1487 212 1650 241 MiNORUM.
1672 212 1741 241 CAP.
1760 212 1790 240 11.

1179 290 1350 327 implicatur:
1373 291 1517 328 sicutipse
1538 291 1684 325 Dominus,
1707 290 1792 319 Exodi
1808 290 1939 328 vigesimo
1951 291 1971 325 ⁶,
1986 291 2027 319 in—

1180 337 1300 365 hibendo
1321 337 1503 366 idololatriam
1529 337 1635 366 inhibet
1653 345 1763 366 omnem
1786 337 2027 374 superstitionem,

1179 383 1330 412 inhibendo
1351 384 1489 412 haeresim
1509 384 1615 413 inhibet
1637 384 1727 413 omnis
1748 384 1853 413 erroris
1868 384 2028 421 perniciem,

1179 430 1330 459 inhibendo
1344 431 1524 459 homicidium
1546 431 1652 460 inhibet
1673 439 1782 460 omnem
1804 439 1939 468 personae
1956 431 2028 460 iniu-

1180 481 1250 506 stam
1272 477 1437 512 laesionem,
1459 478 1608 507 inhibendo
1636 478 1788 507 moechiam
1810 478 1917 507 inhibet
1944 478 2029 506 forni-

1180 524 1331 558 cationem;
1360 524 1554 561 praecipiendo
1575 524 1709 553 honorem
1731 528 1894 562 parentum,
1919 532 2030 553 omnem

1180 571 1323 600 hominem
1344 579 1395 608 pro
1423 571 1527 607 gradus
1555 571 1598 599 sui
1628 571 1740 605 merito,
1769 579 1834 600 cum
1860 571 2028 606 innotuerit,

1180 617 1315 655 praecipit
1336 618 1484 652 honorari,
1507 620 1538 646 ut
1552 617 1591 646 sic
1612 617 1720 646 minora
1741 617 1768 645 in
1783 617 1936 646 maioribus
1956 625 2030 646 com-

1181 665 1348 694 mendentur
1360 665 1379 692 ⁷.
1402 664 1445 693 Sic
1463 664 1544 693 etiam
1560 665 1588 693 in
1610 664 1748 701 praesenti
1764 664 1904 693 minorum
1925 664 2031 693 exami-

1180 712 1255 741 natio
1276 711 1305 740 in
1328 711 1481 740 maioribus
1501 711 1669 748 implicatur.

1261 760 1286 787 5.
1312 760 1346 787 Et
1365 759 1393 787 si
1413 758 1483 787 haec
1504 759 1605 787 omnia
1619 759 1741 787 credant
1761 762 1785 787 ct
1808 759 1894 787 uelint
1914 767 1949 787 ea
1962 758 2032 796 side-

1182 807 1246 835 liter
1268 806 1408 843 confiteri.
1424 806 1471 835 Hic
1492 806 1548 843 agit
1562 806 1595 835 de
1617 806 1822 843 pertinentibus
1836 805 1871 834 ad
1891 806 2032 843 recipien-

1181 854 1288 882 (loram
1304 853 1488 882 idoneitatem
1500 853 1521 887 Β,
1536 861 1608 890 quae
1623 853 1650 881 in
1665 853 1776 882 duobus
1790 852 1928 881 consistit:
1943 853 2033 889 prima

1182 901 1210 929 in
1224 901 1321 930 ordine
1342 901 1376 929 ad
1391 901 1498 934 Deum,
1519 908 1570 937 pro
1585 908 1641 937 qua
1655 900 1733 929 dicit:
1755 901 1790 928 Et
1803 899 1831 928 si
1847 898 1917 928 hacc
1931 899 2032 928 omnia

1182 949 1318 983 credant,
1341 948 1440 985 utique
1461 947 1560 982 corde,
1582 951 1608 976 et
1628 947 1716 976 velint
1735 956 1770 975 ca
1797 946 1920 983 fideliter
1945 945 2033 983 consi-

1157 1028 1161 1031 ·
1183 996 1253 1030 teri,
1276 997 1341 1033 quia
1363 1005 1412 1024 orc
1433 995 1465 1032 sit
1486 994 1628 1033 confessio
1651 995 1690 1023 acl
1711 994 1853 1029 salntem,
1874 994 1909 1023 ad
1936 994 2034 1022 Roma-

1182 1051 1232 1072 nos
1253 1043 1359 1072 decimo
1371 1043 1391 1071 ⁹.
1414 1043 1455 1071 Ex
1470 1051 1526 1080 (1110
1543 1050 1607 1071 vere
1622 1044 1712 1079 patet,
1735 1041 1809 1079 quod
1828 1040 1977 1078 recipiendi
1999 1040 2034 1069 ad

1183 1090 1314 1119 Ordinem
1339 1090 1424 1119 istum
1452 1089 1553 1118 debent
1568 1089 1656 1126 parati
1678 1097 1738 1118 esse
1752 1088 1786 1117 ad
1807 1086 1983 1125 martyrium.
2000 1088 2036 1116 Et

1182 1145 1274 1175 usquc
1295 1137 1327 1165 in
1347 1136 1434 1173 finem
1455 1136 1582 1173 firmiter
1597 1136 1766 1170 observare,
1789 1135 1855 1173 quia
1875 1135 2034 1172 praemium

1182 1184 1265 1213 datur
1287 1184 1336 1213 soli
1359 1183 1549 1221 perseveranti
1562 1184 1593 1211 ¹⁰.

1262 1230 1388 1259 Secunda
1415 1233 1458 1259 est
1488 1230 1515 1258 in
1547 1230 1645 1258 ordine
1675 1229 1767 1267 quoad
1794 1229 1957 1263 mandam,
1983 1236 2035 1265 pro
2061 1235 2121 1277 mgna:

1183 1286 1238 1315 qua
1260 1277 1355 1306 subdit
1367 1278 1405 1305 ¹¹:
1430 1278 1465 1305 Et
1478 1286 1587 1306 nat-ores
1601 1285 1661 1305 non
1676 1276 1796 1310 habent,
1811 1276 1855 1305 vel
1874 1276 1902 1304 si
1915 1275 2034 1310 habent,

1183 1328 1208 1353 ct
1226 1325 1288 1353 iarn
1309 1324 1523 1353 monasteriam
1545 1324 1726 1352 intraverint
1745 1332 1867 1357 uxores,
1889 1323 1932 1351 vel
1953 1323 2036 1352 licen-

1184 1372 1257 1400 tiam
1278 1371 1319 1400 cis
1336 1371 1484 1406 cteclcrint,
1507 1371 1611 1400 scilicet
1625 1371 1745 1405 maritis,
1768 1370 1944 1399 auctoritate
1959 1370 2036 1399 (lioe-

1183 1418 1283 1447 ccsani
1303 1418 1443 1455 episcopi,
1465 1421 1529 1446 voto
1554 1417 1748 1446 continentiae
1769 1417 1831 1446 iam
1852 1417 1964 1446 emisso.
1981 1417 2035 1445 Hoc

1183 1465 1299 1500 dicitur,
1322 1466 1388 1502 quia
1414 1468 1511 1494 votum
1540 1465 1631 1502 quoad
1663 1465 1716 1494 hoc
1737 1473 1792 1493 non
1821 1464 2034 1498 solemnizatur,

1183 1513 1235 1541 nisi
1261 1520 1380 1546 vovens,
1408 1512 1514 1541 mundo
1546 1512 1683 1546 moriens,
1712 1512 1740 1540 in
1768 1511 1921 1549 spiritualis
1948 1511 2036 1548 patris

1183 1560 1294 1597 penitus
1316 1562 1439 1588 transeat
1451 1562 1630 1596 potestatem,
1652 1558 1726 1596 quod
1742 1558 1892 1595 praecipue
1908 1557 2036 1587 convenit

1183 1614 1300 1644 sponsae
1313 1606 1336 1622 ¹2
1352 1606 1495 1635 Ecclesiae.
1510 1622 1546 1626 -—
1560 1606 1594 1634 Et
1609 1605 1689 1634 illias
1714 1605 1773 1634 sint
1788 1605 1893 1634 aetatis
1915 1613 2034 1639 amores,

1183 1654 1260 1692 qnod
1281 1661 1340 1682 non
1366 1653 1460 1690 possit
1480 1652 1514 1681 [lc
1542 1653 1583 1681 cis
1611 1652 1689 1681 oriri
1715 1652 1854 1690 suspicio.
1876 1652 1956 1681 Aetas
1984 1652 2036 1681 ista

1183 1709 1238 1730 11011
1267 1701 1362 1729 minus
1395 1700 1544 1729 stabilitate
1580 1700 1692 1729 virtutis
1727 1708 1812 1737 quam
1839 1702 1932 1728 tractu
1967 1701 2036 1728 ten]-

1183 1747 1259 1785 poris
1288 1746 1476 1776 mensuranda
1505 1746 1628 1781 videtur,
1657 1747 1723 1784 quia
1750 1746 1853 1775 dicitur
1881 1745 2036 1783 Sapientiae

1183 1798 1285 1833 quarto
1298 1795 1333 1823 ¹³:
1350 1795 1485 1824 Senectus
1495 1793 1670 1823 venerabilis
1684 1797 1734 1828 cst,
1749 1802 1809 1822 non
1823 1793 1971 1822 cliatarna
1985 1801 2036 1821 nec

1183 1851 1333 1871 annorum
1354 1850 1478 1871 numero
1500 1845 1678 1879 computata.
1696 1841 1772 1870 Cani
1792 1841 1869 1870 enim
1889 1843 2036 1869 8111118011-

1182 1899 1234 1919 sas
1257 1889 1400 1923 hominis,
1422 1893 1448 1918 ct
1468 1892 1551 1918 aetas
1571 1888 1725 1918 senectutis
1745 1888 1808 1917 vita
1831 1887 2035 1917 immaculata.

1184 1954 1219 1958 —
1234 1937 1263 1966 ln
1278 1937 1331 1966 isto
1352 1939 1446 1965 autem
1472 1936 1669 1973 impedimento
1697 1936 1789 1964 omnia
1804 1935 1857 1964 alia
1877 1935 2037 1972 intelligun-

1182 1986 1245 2019 tur,
1268 1991 1340 2021 quae
1361 1986 1473 2020 possent
1494 1982 1706 2020 ineptitudinem
1722 1982 1756 2011 ad
1776 1982 1934 2019 ingressum
1956 1981 2036 2010 Ordi-

1181 2031 1225 2060 nis
1246 2038 1395 2068 generare;
1419 2030 1491 2059 sicut
1506 2030 1605 2058 modus
1627 2032 1668 2059 est
1682 2029 1763 2058 istius
1784 2029 1904 2066 Regulae
1919 2029 1985 2058 dare
2000 2036 2037 2057 ex

1182 2079 1321 2107 similibus
1343 2078 1442 2107 similia
1470 2077 1625 2114 intelligere
1646 2080 1673 2106 et
1697 2077 1806 2105 minora
1827 2077 1855 2105 in
1883 2076 2036 2105 maioribus

338 2351 345 2364 ¹
365 2353 441 2374 Matth.
464 2352 502 2379 13,
522 2351 559 2374 4-8.
578 2354 600 2373 01
617 2351 716 2374 subinde
734 2352 774 2379 20,
793 2351 830 2372 -26,

337 2390 345 2403 2
363 2391 425 2413 Libr.
443 2392 456 2413 1.
476 2391 562 2418 Digest.
580 2390 612 2412 tit.
629 2391 651 2412 3.
669 2391 713 2418 leg.
732 2389 798 2413 Scire
817 2389 925 2418 (lss.).—-
938 2390 960 2411 ln
977 2389 1126 2417 Expositione

275 2433 374 2460 quatuor
392 2430 553 2458 magistrorum
577 2435 647 2457 super
664 2430 777 2457 Regulam
795 2429 825 2451 (10
848 2430 890 2451 hoe
907 2434 932 2450 re
950 2429 1044 2455 dicitur,
1062 2428 1126 2456 quod

275 2476 316 2498 per
339 2470 488 2498 privilegium
507 2469 626 2492 obtentum
650 2468 757 2491 Ministris
774 2467 956 2496 provincialibus
979 2467 1126 2494 conceditur,

274 2509 466 2532 concurrentibus
491 2508 582 2536 causis,
610 2511 711 2536 potestas
733 2507 891 2530 committendi
910 2508 969 2529 hanc
996 2507 1125 2529 facultatem

275 2549 335 2576 aliis,
352 2551 374 2571 et
386 2548 450 2577 quod
467 2547 596 2570 secundum
617 2548 660 2569 hoc
674 2547 822 2575 privilegium
839 2548 897 2568 hanc
909 2548 1045 2574 potestatem
1061 2554 1072 2565 α
1085 2552 1126 2574 per

275 2590 385 2611 statutum
403 2587 517 2616 generalis
534 2587 626 2615 capituli
645 2589 739 2614 possent
754 2586 849 2608 illinisti-i
861 2586 911 2608 sine
923 2586 1008 2608 offensa
1021 2585 1128 2608 discretis

275 2627 392 2650 Fratribus
409 2627 551 2650 demandare
562 2635 583 2648 ».
602 2626 720 2648 Praedicta
738 2625 851 2648 ordinatio
870 2624 899 2647 ab
916 2625 965 2647 aliis
977 2624 1127 2647 Pontificibus

275 2669 381 2689 revocata
400 2670 448 2695 est,
466 2669 488 2689 et
504 2672 566 2689 nunc
582 2666 691 2688 standum
709 2668 743 2688 est
760 2665 898 2688 ordinationi
917 2665 948 2687 Pii
967 2665 1045 2687 IX.—
1056 2665 1128 2692 Supe-

275 2706 324 2728 rius
340 2712 383 2734 pro
399 2705 563 2729 saccularium
580 2705 618 2728 ed.
636 2706 643 2727 Ἰ1
666 2704 825 2733 scholarium,
845 2705 863 2726 G
880 2704 1041 2732 scholarium,
1064 2703 1127 2727 alias

275 2744 451 2773 saecularium,
471 2748 493 2767 et
515 2751 558 2772 pro
580 2744 642 2767 hauc
665 2743 766 2773 Reyulae
786 2745 880 2773 partem
897 2743 943 2765 AG
960 2746 982 2765 et
999 2743 1037 2766 ed.
1058 2744 1066 2765 ·1
1087 2743 1126 2766 Re-

276 2784 368 2814 curtam.

338 2821 348 2834 ⁸
365 2822 419 2845 Can.
437 2823 464 2849 8,
487 2828 534 2845 non
551 2822 647 2851 quidem
670 2822 760 2850 inipso
784 2827 882 2849 canone,
907 2821 949 2844 sed
972 2821 994 2843 in
1020 2821 1046 2843 iis
1067 2826 1127 2850 quae

276 2862 398 2883 Gratianus
416 2861 472 2883 ibid.
489 2868 512 2889 p.
529 2861 554 2884 11.
574 2861 587 2890 g
605 2862 631 2883 2:
649 2861 695 2883 Sed
709 2860 829 2883 sciendum
848 2863 894 2889 est,
911 2860 976 2889 quod
994 2857 1127 2883 ecclesiasti-

276 2906 317 2922 cae
328 2903 384 2928 ete,
401 2900 513 2928 adiungit.
524 2912 555 2916 ——
567 2900 676 2929 Sequitur
693 2906 742 2922 can.
762 2899 831 2928 ancl
838 2905 886 2929 pro
904 2899 1039 2923 necessitate
1057 2899 1092 2928 (41
1099 2899 1127 2927 .),

277 2938 345 2962 Caus.
364 2939 383 2961 1.
401 2945 424 2967 q.
446 2940 464 2961 1.

340 2977 350 2990 ‘¹
367 2979 389 3001 111
408 2981 467 3001 textu
486 2979 589 3006 Reginae
606 2978 717 3001 omittitur
734 2977 768 3001 dc.
786 2978 881 3001 Interius
892 2984 935 3006 pro
947 2977 1041 3007 aliquos
1053 2977 1069 3001 G
1082 2976 1127 3000 ali-

277 3016 385 3047 quando,
403 3016 501 3039 vocibus
522 3016 592 3046 fictam
610 3016 751 3040 catholicam
770 3016 787 3039 C
798 3017 816 3039 D
838 3017 976 3039 interserunt
993 3019 1080 3044 autem,
1104 3018 1128 3038 et

1184 2355 1226 2377 pro
1245 2348 1290 2378 ipsi
1305 2347 1359 2378 fidei
1376 2347 1539 2377 obsequuntur
1557 2346 1675 2369 substituit
1686 2346 1722 2369 ed.
1745 2347 1749 2368 1
1773 2345 1851 2375 Ipsam
1867 2345 1938 2376 fidem
1955 2351 2034 2368 consc-

1184 2388 1300 2417 qiutntur.

1247 2425 1257 2438 5
1274 2426 1348 2449 Codd.
1376 2426 1421 2448 AG
1439 2428 1461 2448 et
1478 2426 1515 2448 ed.
1545 2426 1549 2447 1
1571 2425 1619 2448 nisi
1642 2424 1674 2447 iul
1691 2424 1826 2448 doctrinam
1850 2423 1916 2454 fidei,
1935 2423 2036 2446 subinde

1184 2469 1237 2494 post
1255 2465 1289 2489 cel
1305 2465 1391 2489 saltem
1407 2465 1424 2488 C
1438 2468 1460 2487 et
1477 2465 1514 2488 ed.
1533 2465 1541 2487 1
1563 2465 1652 2487 addunt
1665 2463 1721 2492 nisi,
1741 2466 1763 2486 et
1780 2464 1824 2486 fide
1837 2464 1911 2486 ADG
1928 2466 1950 2486 et
1966 2463 2002 2486 ed.
2022 2464 2030 2485 1

1184 2505 1346 2528 substituimus
1355 2505 1486 2535 aedificatio
1496 2504 1656 2527 multitudinis
1665 2510 1708 2532 pro
1717 2502 1888 2533 aedificationis
1899 2502 2035 2526 multitudo.

1248 2544 1257 2557 θ
1276 2545 1341 2567 Υο18.
1360 2545 1381 2567 3.
1399 2551 1465 2573 seqq.

1249 2583 1257 2597 ⁷
1276 2584 1316 2606 Ed.
1338 2585 1342 2605 1
1356 2592 1361 2606 z
1378 2585 1400 2607 ct
1415 2583 1449 2607 sic
1465 2582 1562 2606 minora
1579 2582 1604 2605 in
1615 2581 1748 2605 maioribus
1766 2581 1935 2611 implicantur,
1948 2581 2034 2604 omissa

1184 2630 1234 2653 seq.
1251 2623 1410 2652 propositione
1428 2623 1467 2646 Sic
1484 2622 1562 2645 ctiam.

1248 2662 1257 2675 Β
1276 2663 1316 2686 Ed.
1341 2663 1348 2685 1
1375 2669 1429 2685 011111
1452 2662 1499 2685 AG
1521 2661 1608 2691 recepti
1630 2660 1788 2684 humilitatem
1810 2661 1860 2686 (etr.
1885 2666 1956 2688 supra
1980 2666 2034 2688 pag.

1185 2702 1243 2729 397,
1261 2704 1313 2724 nota
1332 2702 1373 2731 2,).
1390 2701 1495 2724 Subinde
1511 2707 1554 2729 pro
1568 2699 1779 2730 111-11110οΡ11010,
1793 2700 1842 2722 Vat.
1856 2699 1939 2721 omittit
1956 2698 1980 2722 in
1996 2704 2036 2722 or-

1185 2740 1254 2769 dine,
1272 2744 1294 2763 et
1310 2747 1353 2769 pro
1371 2747 1418 2770 qua
1435 2741 1453 2762 D
1471 2746 1525 2770 quo.

1249 2779 1259 2793 ⁹
1275 2781 1342 2803 Vers⁴
1361 2781 1397 2802 to.
1410 2793 1440 2796 -—
1452 2780 1549 2802 Inferius
1561 2785 1603 2808 pro
1615 2785 1669 2802 vere
1679 2778 1770 2808 patetA
1783 2778 1801 2800 G
1818 2780 1840 2800 et
1857 2778 1894 2800 ed.
1909 2778 1917 2800 1
1934 2776 2035 2801 videtur.

1248 2819 1269 2832 ¹⁰
1286 2820 1330 2843 Cfr.
1351 2820 1408 2842 infra
1426 2826 1446 2842 c.
1464 2819 1502 2842 10.
1518 2819 1621 2847 Regulae
1637 2818 1659 2840 in
1677 2818 1731 2840 fine.

1249 2858 1268 2872 ¹¹
1286 2858 1343 2882 Cod.
1361 2859 1379 2881 D
1396 2857 1505 2882 Secundo
1516 2857 1621 2881 consistit
1632 2855 1823 2886 recipiendorum
1835 2855 1950 2879 idoneitas
1963 2854 1986 2878 in
1998 2861 2035 2878 or-

1184 2897 1238 2921 dine
1254 2897 1286 2921 ad
1303 2897 1434 2926 mundum,
1448 2903 1495 2927 pro
1513 2902 1558 2926 qno
1575 2895 1661 2920 subdit.
1679 2896 1775 2918 inferius
1797 2902 1840 2924 pro
1861 2895 1911 2918 Hoc
1933 2894 2033 2923 dicitur,

1184 2937 1241 2967 quia
1258 2938 1277 2960 G
1294 2940 1317 2960 et
1334 2937 1370 2960 ed.
1387 2938 1395 2959 i
1418 2936 1460 2960 Hic
1475 2935 1577 2963 dicitur,
1595 2935 1665 2965 qnod.

1248 2975 1268 2989 ¹2
1286 2977 1316 2999 ita
1334 2977 1352 2999 G
1370 2979 1392 2998 et
1409 2976 1447 2998 ed.
1465 2976 1489 3005 t,
1508 2976 1530 2998 in
1547 2975 1596 2998 aliis
1613 2974 1716 3005 Sponso⁴

1248 3014 1266 3029 ¹³
1284 3015 1350 3038 Vers.
1368 3016 1390 3037 8.
1407 3021 1467 3044 seq„
1484 3014 1525 3037 ubi
1542 3020 1585 3043 pro
1601 3013 1664 3037 enim
1681 3014 1780 3042 Vulgata
1796 3014 1885 3037 autem.

2048 765 2075 784 De
2088 767 2133 788 secla

2053 790 2105 812 parte
2121 796 2130 811 1.

2054 1939 2124 1959 Notand
