2133 3317
122 755 157 774 Hie
167 754 240 782 praeei-

108 784 147 803 pue
160 783 240 802 requiri-

109 805 140 821 tur
153 802 172 820 in
186 807 240 826 supe-

109 826 199 845 rioribus.

109 1038 194 1061 Quatuor
205 1037 239 1056 dis·

130 1061 222 1079 terentiae

121 1086 230 1108 praecepto-

109 1113 158 1126 rum.
169 1108 195 1126 De
205 1108 242 1132 pri-

157 1136 194 1150 ma.

109 1367 138 1386 De
148 1367 238 1386 secunda.

135 1696 163 1716 De
176 1696 239 1716 tertia.

258 198 314 227 134

256 277 379 306 studium
401 280 428 306 et
447 277 547 313 purius
561 276 706 313 gaudium,
722 275 769 303 ubi
785 275 853 303 haec
872 275 984 303 invenit.
1001 274 1105 303 Caritas

256 324 329 353 enim
354 332 413 352 non
433 323 550 361 quaerit
570 331 645 360 qnae
674 330 732 350 saa
753 325 822 350 sant
834 323 854 356 ¹,
886 321 933 350 sed
960 329 1032 358 quae
1057 321 1105 349 Dei

256 375 329 400 sunt.
352 371 492 407 Quantum
514 378 580 398 vero
601 369 691 406 diligis
714 369 806 397 Deum
826 372 854 398 et
874 377 946 406 quae
975 368 1023 397 Dei
1040 371 1106 397 sunt

256 418 356 454 purius
377 417 529 450 desideras,
552 419 660 444 tantum
682 415 758 444 doles
778 415 812 444 de
833 415 937 444 offensa
964 415 1029 449 Dei,
1057 414 1105 443 ubi

256 464 347 498 vides,
370 472 432 493 eum
448 472 502 491 non
518 463 629 500 agnosci
651 465 678 491 et
693 462 753 491 ideo
768 462 944 496 inhonorari,
966 462 1014 491 ubi
1030 462 1106 490 vides

256 520 319 541 eum
341 519 395 539 non
423 510 508 538 amari
532 512 559 538 et
586 510 609 538 ei
640 518 695 538 non
716 509 835 543 obediri,
864 512 890 538 et
918 509 978 538 eius
999 509 1105 538 cultum

255 558 374 591 destrui,
397 560 424 586 et
445 556 619 585 adversarios
644 556 823 593 multiplicari
846 559 873 585 et
894 556 1045 585 laetificari.
1076 556 1107 584 Et

256 607 391 642 quantum
413 604 503 641 diligis
524 604 649 632 salntem
667 604 816 640 proximi,
839 607 946 632 tantum
976 603 1107 640 affligeris

255 652 289 680 de
310 651 463 688 perditione
484 651 544 679 eius
561 653 588 679 et
609 653 775 679 nocumento
797 651 937 687 profectus
958 651 1026 679 eius.

336 698 361 726 6.
387 698 416 726 Et
438 698 500 727 licet
518 698 586 726 haec
608 698 709 726 caritas
734 698 896 735 requiratur
917 698 944 726 in
977 697 1107 726 omnibus

256 745 351 775 amicis
372 745 436 779 Dei,
459 745 580 774 maxime
609 748 700 774 tamen
722 745 750 773 in
772 745 883 774 vicariis
910 745 972 779 Dei,
995 745 1041 782 qui
1065 753 1107 773 se-

257 792 379 821 cundum
409 800 457 821 cor
478 792 526 821 Dei
554 792 659 821 moveri
681 792 782 821 debent
809 799 904 820 amore
932 791 1052 820 iustitiae
1080 794 1107 820 et

256 840 318 868 odio
340 839 508 876 iniquitatis;
531 839 694 868 Psalnius2:
718 838 853 867 Dilexisti
880 839 1025 867 iustitiam
1054 842 1105 867 etc.

256 887 377 916 Iustitia
398 890 488 924 potest
513 887 558 915 hic
586 886 639 915 dici
667 886 844 915 observantia
872 886 1013 920 omnium,
1035 893 1107 923 quae

256 935 337 964 saluti
360 935 403 963 vel
424 934 558 971 profectui
582 934 738 962 animarum
760 933 915 962 necessaria
936 937 1009 962 sunt.

336 983 362 1010 7.
384 982 488 1010 Horum
515 981 649 1018 quaedam
672 981 827 1018 procedunt
848 989 864 1009 a
892 980 949 1018 Iege
970 984 1106 1015 aeterna,

256 1032 288 1059 ut
309 1037 397 1066 purae
425 1029 559 1057 virtutes:
589 1028 744 1062 humilitas,
766 1028 892 1062 castitas,
921 1028 1034 1061 caritas,
1056 1027 1108 1056 uii-

258 1075 408 1105 sericordia
429 1078 456 1104 et
470 1075 589 1109 similes,
611 1075 670 1103 sine
692 1075 795 1112 quihus
813 1075 908 1103 nullus
930 1082 1108 1111 quocumque

257 1125 383 1160 tempore
410 1122 512 1159 poterit
534 1122 649 1156 salvari;
678 1122 712 1150 ad
743 1129 815 1158 quae
846 1121 928 1150 etiam
960 1124 1108 1158 praecepta

257 1169 305 1198 Dei
326 1169 354 1198 in
376 1169 463 1198 veteri
485 1177 517 1198 ac
537 1177 608 1197 nova
629 1169 688 1206 lege
710 1169 832 1197 maxime
851 1168 1033 1202 ordinantur,
1055 1168 1107 1197 sic-

256 1220 287 1245 ut
308 1216 444 1245 Dominus
474 1216 556 1250 dicit,
588 1216 621 1244 ad
643 1215 816 1244 dilectionem
848 1215 895 1244 Dei
925 1218 953 1244 et
984 1214 1106 1251 proximi

257 1267 346 1292 totam
367 1264 468 1301 Leqem
489 1266 515 1291 et
537 1262 699 1300 Prophetas
720 1265 861 1299 spectare;
882 1262 1011 1291 Matthaei
1033 1262 1107 1299 vige-

256 1311 327 1340 simo
355 1310 513 1339 secundoss:
542 1311 575 1338 Ιη
603 1309 649 1338 liis
677 1309 791 1338 dnobus
819 1309 971 1338 mandatis
996 1312 1046 1338 etc.
1070 1325 1106 1329 —

259 1357 398 1393 Quaedam
420 1357 575 1394 procedunt
606 1357 641 1385 ab
663 1356 797 1385 bumana
822 1356 882 1384 viee
911 1356 963 1384 Dei
992 1356 1109 1384 institn-

257 1404 343 1438 tione,
366 1407 397 1433 ut
418 1412 489 1441 quae
512 1412 560 1441 per
583 1404 729 1432 Ecclesiam
753 1412 804 1440 pro
825 1403 965 1432 communi
987 1403 1106 1431 utilitate

256 1451 386 1480 canonice
407 1454 473 1480 sunt
493 1454 653 1488 praecepta,
676 1451 747 1479 sicut
769 1451 841 1479 ritus
863 1451 1106 1479 Sacramentorum

256 1501 283 1526 et
297 1496 422 1526 'aliorum
443 1498 477 1526 ad
500 1498 569 1526 iuris
591 1498 699 1535 positivi
723 1500 869 1534 praecepta
892 1497 1106 1534 pertinentiuni;

256 1545 378 1573 Extra4:
405 1557 417 1570 «
440 1545 582 1573 Canonum
612 1548 715 1574 statuta
736 1545 770 1573 ab
798 1545 928 1573 omnibus
956 1544 1106 1573 observen-

256 1595 345 1626 tur»,
368 1592 405 1621 ita
426 1595 458 1621 ut
478 1592 595 1629 quilibet
616 1592 745 1621 observet
772 1592 818 1620 illa
839 1599 911 1628 quae
939 1591 1107 1620 conveniunt

256 1647 307 1668 suo
328 1639 425 1673 statui,
447 1642 474 1667 et
495 1639 679 1667 communiter
700 1638 830 1667 omnibus
852 1638 1001 1675 imperata,
1031 1638 1107 1666 laicis

257 1686 300 1715 vel
322 1686 437 1715 clericis.
451 1702 487 1706 —-
503 1685 642 1722 Quaedam
658 1694 693 1714 ex
709 1689 773 1714 voto
785 1685 910 1722 proprio
925 1685 1106 1722 proveniunt,

257 1735 287 1761 ut
308 1740 352 1767 ea,
374 1732 408 1761 ad
429 1740 501 1769 quae
516 1740 597 1761 nemo
619 1732 739 1769 cogitur,
762 1732 809 1761 sed
831 1732 878 1769 qui
895 1740 926 1760 ea
948 1734 1045 1768 sponte
1059 1740 1106 1760 vo-

255 1780 327 1808 verit
351 1779 405 1808 iam
427 1780 504 1808 velut
529 1787 565 1808 ex
588 1782 734 1816 praecepto
750 1779 797 1808 Dei
820 1779 997 1816 compellitur
1011 1779 1107 1807 obser—

254 1834 333 1861 vare,
362 1829 394 1855 ut
421 1826 590 1855 continentia
618 1826 811 1863 religiosorum
840 1829 867 1855 et
895 1825 1051 1855 obedientia
1080 1828 1107 1854 et

254 1873 389 1902 abdicatio
410 1873 516 1910 proprii
531 1873 559 1902 in
580 1873 748 1902 monasterio
763 1876 790 1902 et
808 1873 874 1908 alia,
896 1881 967 1910 quae
990 1881 1039 1910 per
1062 1881 1106 1902 re-

253 1921 347 1958 gulam
370 1920 413 1949 vel
435 1920 572 1957 cuiusque
592 1920 698 1949 ordinis
725 1920 899 1949 definitiones
920 1920 980 1949 eius
1001 1920 1106 1957 profes—

254 1967 364 1997 soribus
386 1968 581 2005 imponuntur3
604 1967 811 1996 Deuteronomii
834 1968 966 2005 vigesimo
988 1968 1104 1997 tertio⁵:

255 2015 329 2043 Cam
357 2018 457 2043 votnm
485 2015 598 2043 voveris
622 2015 758 2049 Domino,
788 2023 847 2043 non
876 2014 1013 2043 tardabis
1040 2015 1105 2043 red-

253 2061 333 2096 dere,
355 2062 427 2100 qaia
441 2061 569 2100 requiret
591 2061 664 2090 illud
685 2061 827 2090 Dominus
844 2061 920 2090 Dens
936 2065 1020 2095 tnas;
1041 2061 1108 2090 etsi

253 2112 389 2138 moratas
409 2108 523 2147 fueris,
544 2108 733 2146 reputabitur
755 2108 807 2136 tibi
834 2108 865 2136 in
888 2112 1050 2145 peecatum.
1074 2108 1107 2137 Si

252 2156 382 2185 nolueris
401 2156 542 2193 polliceri,
558 2155 666 2194 absque
678 2159 796 2192 peccato
817 2155 876 2184 eris
884 2166 894 2188 ,·
908 2155 986 2193 qnod
1007 2159 1105 2184 antem

252 2203 337 2232 semel
359 2212 509 2241 eyressnm
539 2206 580 2231 est
610 2203 644 2231 (le
666 2202 752 2232 labiis
774 2203 850 2237 tuis,
883 2202 1050 2231 observabis
1080 2207 1105 2231 et

252 2249 362 2288 facies,
383 2251 461 2280 sient
487 2251 655 2288 promisisti
678 2250 799 2279 Domino
833 2250 889 2278 Deo
921 2253 970 2278 tao
992 2253 1017 2278 et
1034 2258 1105 2287 pro-

121 2309 235 2333 Dequarta.
249 2298 322 2335 pria
343 2298 491 2326 voluntate
512 2302 537 2326 et
559 2306 608 2326 ore
633 2301 682 2326 tuo
704 2297 818 2326 locatas
839 2305 876 2325 es.
901 2314 940 2318 —
965 2297 1104 2333 Quaedam

253 2345 408 2382 procedunt
429 2353 464 2374 ex
487 2345 619 2383 quadam
647 2343 848 2373 ltabilitatione
866 2343 1017 2382 profectas
1044 2344 1104 2381 spi-

252 2392 389 2426 ritualis,
412 2392 539 2429 quamvis
560 2392 628 2421 alias
649 2400 703 2420 non
725 2392 817 2420 forent
831 2391 987 2420 necessaria
1008 2391 1103 2426 saluti,

252 2442 284 2468 ut
303 2439 393 2468 omnis
413 2439 558 2476 disciplina
581 2439 666 2468 divini
688 2439 770 2468 officii
800 2442 827 2467 et
848 2438 1022 2476 singulorum
1044 2438 1104 2467 offi-

252 2486 359 2514 ciorum
380 2486 408 2514 in
430 2486 585 2523 Religione,
607 2488 634 2515 et
655 2486 810 2515 officiorum
840 2488 867 2514 et
888 2488 1046 2522 temporum
1075 2485 1102 2513 in

253 2532 373 2567 silentio,
395 2533 471 2562 victu
492 2536 520 2562 et
547 2533 661 2568 habitu,
684 2533 793 2567 labore,
823 2532 923 2570 vigiliis
948 2535 975 2561 et
1004 2531 1103 2561 ceteris

316 2730 323 2742 ¹
342 2730 412 2758 Epist.
430 2731 444 2752 l.
461 2730 513 2753 Cor.
535 2731 574 2758 13,
592 2731 614 2753 5.

316 2768 324 2781 ²
341 2770 423 2792 Psalm.
443 2769 484 2798 44,
502 2770 523 2792 8.

316 2807 325 2820 ³
342 2808 409 2831 Vers.
428 2808 465 2831 40.

315 2846 325 2859 4
342 2847 366 2869 ld
383 2850 428 2874 est,
451 2847 475 2870 C.
494 2847 619 2871 Canentem
638 2849 729 2871 statuta
750 2848 805 2877 (i.),
827 2848 856 2870 X.
878 2848 912 2870 De
934 2847 1103 2871 Constitutioni-

252 2885 296 2909 bus
314 2886 374 2915 (libr.
392 2887 407 2908 1.
424 2887 457 2909 tit.
475 2887 518 2915 2.);
538 2896 549 2907 (ι
562 2887 681 2910 Canonuni
699 2890 782 2910 statuta
799 2887 958 2910 custodiantur
978 2886 1007 2909 ab
1031 2887 1102 2909 omni-

252 2925 297 2948 bus
308 2934 330 2947 n.
347 2937 379 2942 -
396 2926 453 2948 Infra
473 2926 497 2954 l,
515 2927 528 2948 2
547 2932 669 2954 perperam
688 2926 744 2949 laici
759 2926 807 2949 sive
825 2926 905 2950 clerici
921 2932 964 2955 pro
982 2925 1049 2949 laici-5
1066 2925 1103 2949 vel

252 2964 350 2988 clericis.

314 3003 324 3019 ⁵
341 3004 408 3026 Vers.
425 3004 506 3026 21-23.

710 197 907 226 OPUSCULUM
928 196 992 225 VIII.
1015 197 1058 225 DE
1080 196 1141 225 SEX
1162 197 1232 225 ALIS
1253 197 1421 225 SERAPHIM.
1443 197 1511 226 CAP.
1534 198 1563 226 11.

1162 275 1354 311 spiritualibus
1378 276 1544 312 disciplinis;
1566 276 1594 304 in
1623 275 1726 312 quibus
1748 275 1921 312 singularum
1943 276 2014 304 Reli-

1162 322 1274 358 gionum
1296 322 1487 351 observantiae
1516 322 1676 357 variantur,
1698 322 1769 351 sicut
1791 322 1892 359 cuique
1921 322 2012 351 visum

1162 368 1246 397 fuerit
1268 369 1408 405 expedire.
1431 369 1563 405 Quamvis
1577 373 1670 399 autem
1694 370 1721 398 in
1744 369 1786 398 his
1805 378 1859 398 non
1882 372 1957 398 tanta
1972 370 2014 398 vis

1163 415 1260 444 salutis
1281 416 1398 450 existat,
1421 416 1499 452 quasi
1522 416 1580 445 sine
1609 416 1648 445 eis
1669 425 1723 445 non
1745 416 1780 445 sit
1809 416 1899 450 salus;
1922 419 2013 444 tamen

1164 462 1346 499 transgressio
1378 470 1474 491 eorum
1503 462 1638 491 deformat
1660 463 1806 500 Religionis
1830 463 1958 492 decorem
1988 465 2015 492 et

1164 509 1318 546 profectum
1335 509 1508 546 spiritualem
1531 512 1558 538 et
1573 510 1690 538 aliorum
1712 510 1928 539 aedificationem
1944 510 2013 538 solet

1163 556 1306 593 impedire.
1329 557 1405 585 Sicut
1427 556 1499 585 enim
1521 565 1599 585 amor
1621 557 1741 586 iustitiae
1770 557 1891 586 studiose
1913 557 1964 586 ista
1986 557 2013 585 in

1163 611 1192 631 se
1213 606 1240 632 et
1261 603 1288 631 in
1310 603 1370 632 aliis
1391 607 1536 640 promovet
1556 607 1583 632 et
1604 604 1774 641 congaudet,
1797 604 1843 633 ubi
1859 604 1947 638 videt,
1964 604 2016 633 ista

1164 650 1278 678 sollicite
1299 650 1458 683 observari;
1482 650 1518 679 ita
1540 658 1554 679 e
1576 651 1715 679 contrario
1736 651 1809 680 dolet
1831 655 1858 680 et
1879 651 1972 679 uritur
1988 653 2015 680 et

1163 697 1323 725 accenditur
1355 705 1406 733 pro
1437 698 1657 734 transgressione
1688 698 1815 733 illorum;
1848 698 2013 727 Psalmus⁶z

1164 743 1265 772 Nonne
1286 744 1338 782 qai
1358 744 1481 773 oderunt
1503 748 1528 772 te
1548 747 1599 773 etc.

1243 791 1268 819 8.
1292 790 1415 827 Quodam
1438 799 1504 819 vero
1519 791 1616 819 intimo
1638 799 1736 827 sapore
1750 791 1895 825 discernit,
1914 794 1946 820 ut
1960 799 2014 820 ma-

1164 838 1205 874 gis
1225 837 1316 866 doleat
1337 837 1371 866 de
1392 838 1569 875 gravioribus
1588 838 1856 875 transgressionibus
1876 842 1903 867 et
1924 838 1958 867 de
1980 839 2015 867 le-

1165 885 1289 914 vioribus
1310 886 1410 914 minus.
1434 885 1547 922 Sapiens
1567 885 1640 914 enim
1657 893 1782 922 quasque
1801 894 1846 914 res
1867 886 2014 922 ponderat,

1165 936 1248 969 prout
1270 935 1351 966 sunt,
1374 935 1429 961 tam
1445 932 1531 961 bonas
1552 940 1635 969 quam
1652 932 1750 966 malas,
1772 932 1904 969 insipiens
1922 936 2015 962 autem

1164 979 1332 1016 quandoque
1354 987 1453 1016 magna
1473 987 1525 1016 pro
1546 979 1639 1015 parvis
1661 982 1773 1015 reputat
1794 982 1821 1008 et
1842 979 1913 1008 levia
1936 980 2015 1017 quasi

1165 1026 1286 1054 maxima
1309 1026 1457 1063 ponderat,
1480 1026 1592 1055 trabem
1612 1025 1757 1063 festucam
1785 1026 1912 1061 iudicat,
1934 1035 2016 1055 exco-

1165 1072 1252 1101 lando
1278 1073 1411 1107 culicem,
1434 1073 1615 1110 (Ieylntienclo
1637 1073 1798 1107 camelnm;
1819 1073 1908 1102 Lucae
1929 1073 2016 1103 unde-

1165 1119 1235 1148 cimo
1247 1120 1273 1147 ⁷:
1299 1120 1455 1148 Decimatis
1470 1119 1618 1149 mentham
1635 1123 1660 1148 et
1681 1123 1782 1149 ratam
1804 1123 1829 1148 et
1849 1120 2015 1158 relinquitis

1164 1174 1239 1204 qnae
1258 1166 1403 1203 praviora
1423 1170 1500 1195 sant.
1524 1167 1603 1195 Tales
1624 1167 1682 1196 zelo
1703 1167 1817 1204 proprio
1837 1167 1969 1196 feruntur
1988 1170 2015 1196 et

1164 1221 1219 1241 non
1241 1213 1341 1249 spiritu
1363 1213 1410 1242 Dei
1434 1214 1461 1241 in
1483 1214 1535 1242 hac
1557 1216 1636 1250 parte
1657 1217 1793 1251 aguntur,
1816 1214 1887 1243 sicut
1902 1214 2015 1251 quidam

1165 1268 1215 1296 pro
1237 1268 1293 1288 una
1321 1260 1497 1289 inclinatione
1525 1261 1553 1289 in
1575 1261 1661 1289 choro
1682 1261 1806 1298 neglecta
1835 1261 1898 1298 plus
1919 1269 2015 1290 accen-

1164 1307 1270 1335 duntur
1292 1308 1432 1344 puniendo
1454 1316 1537 1345 quani
1561 1316 1611 1345 pro
1627 1308 1707 1346 longa
1728 1308 1898 1338 detractione
1914 1309 1948 1338 de
1962 1309 2015 1338 alio

1165 1354 1292 1391 religioso
1314 1355 1447 1389 excitata,
1469 1355 1582 1392 gravius
1603 1355 1783 1392 indignantur
1805 1364 1856 1393 pro
1878 1356 2015 1385 versiculo

1164 1404 1191 1430 et
1223 1402 1368 1431 rubricula
1398 1403 1522 1439 neglecta
1550 1411 1634 1440 quam
1660 1411 1711 1440 pro
1739 1411 1840 1440 magna
1867 1403 2014 1440 perturba-

1165 1449 1237 1478 tione
1259 1457 1323 1478 cum
1345 1450 1473 1478 scandalo
1495 1454 1652 1487 procurata.

2117 667 2119 680 r

2117 690 2120 713 1

2117 716 2120 753 i

2027 801 2066 820 Hae
2074 801 2130 822 differ.

2034 824 2070 843 {iae
2083 825 2118 845 dinc

2050 849 2119 869 nendae

2033 1177 2118 1197 Notaudu

1244 1497 1269 1524 9.
1303 1497 1492 1534 Principaliter
1523 1497 1609 1534 igitur
1631 1498 1752 1527 cavenda
1772 1501 1799 1527 et
1830 1498 1947 1527 dolenda
1973 1488 2133 1550 GStAE‘Jffliss‘l

1164 1544 1361 1581 transm-essm
1376 1548 1601 1581 praeceptorum
1616 1545 1685 1577 Dei,·
1700 1544 1798 1573 deinde
1814 1545 2013 1574 inviolabilium

1160 1594 1385 1627 praeceptorum
1400 1595 1519 1619 sanetae
1534 1591 1690 1625 Ecclesiae;
1705 1591 1802 1620 deinde
1817 1591 1928 1620 illorum
1943 1600 2015 1629 quae

1164 1637 1217 1666 snb
1239 1641 1302 1666 voto
1324 1638 1481 1667 voluntario
1496 1638 1607 1667 sibimet
1625 1639 1745 1676 quisque
1759 1638 1823 1667 fecit
1844 1639 2013 1674 necessaria,

1164 1688 1195 1713 ut
1218 1685 1360 1721 regulares
1388 1685 1581 1720 obervantiae,
1609 1686 1732 1714 maxime
1753 1694 1825 1722 quae
1853 1685 1906 1714 sub
1934 1694 2014 1723 prae-

1164 1735 1243 1769 cepto
1265 1735 1331 1760 sunt
1345 1735 1480 1767 statutae3
1502 1732 1601 1762 deinde
1619 1733 1720 1762 omnia
1734 1733 1880 1762 seandala
1894 1733 2014 1770 speciem

1164 1779 1227 1807 mali
1254 1787 1460 1816 quamcumque
1488 1779 1634 1814 habentia,
1664 1788 1762 1816 nempe
1790 1780 1938 1815 avaritiae,
1967 1788 2014 1809 su-

1164 1826 1292 1863 perbiae,
1314 1826 1448 1861 invidiae,
1470 1827 1695 1864 gastrimargiae,
1721 1826 1895 1862 iracundiae,
1918 1835 2014 1864 suspe-

1164 1876 1223 1901 ctae
1254 1872 1460 1907 familiaritatis,
1492 1873 1693 1902 inobedientiae
1723 1876 1750 1902 et
1781 1873 1912 1902 similium
1934 1873 2014 1902 vitio-

1164 1928 1242 1954 rum,
1264 1928 1336 1957 quae
1353 1920 1466 1949 odorem
1481 1920 1569 1949 famae
1590 1920 1797 1957 religiosorum,
1813 1928 1869 1957 quo
1886 1920 1930 1948 alii
1946 1920 2014 1949 fide-

1152 1968 1203 1996 les
1223 1967 1324 1996 debent
1345 1967 1379 1995 ab
1401 1967 1440 1996 eis
1465 1967 1602 1996 aedificari
1631 1970 1659 1996 et
1686 1967 1721 1996 ab
1742 1967 1781 1996 eis
1802 1967 1924 2002 discere,
1946 1967 2014 2004 quid

1163 2022 1261 2044 cavere
1282 2014 1400 2043 debeant
1427 2018 1454 2043 et
1485 2014 1588 2049 facere,
1617 2014 1721 2043 foetere
1748 2014 1868 2049 faciunt,
1897 2017 1928 2043 ut
1955 2022 2014 2043 ma-

1162 2061 1204 2098 gis
1225 2069 1275 2098 per
1306 2069 1353 2090 eos
1384 2061 1544 2090 inficiantur
1573 2061 1713 2095 scandalo,
1735 2069 1818 2098 quam
1851 2061 2014 2090 reficiantur

1163 2108 1275 2137 virtutis
1290 2108 1434 2144 exemplo3
1456 2108 1490 2136 ad
1511 2108 1647 2137 Romanos
1658 2108 1682 2136 ⁸:
1700 2107 1809 2136 Nomen
1826 2108 1877 2136 Dei
1896 2117 1949 2145 per
1962 2117 2014 2137 vos

1164 2154 1384 2192 blasphematur
1405 2155 1480 2183 inter
1503 2159 1608 2192 pentes.
1634 2155 1751 2184 Facilius
1778 2158 1871 2184 autem
1899 2155 2013 2192 gravius

1162 2205 1307 2239 peccatum
1332 2202 1473 2231 occultum
1502 2206 1619 2231 curatur
1647 2210 1730 2239 quam
1753 2202 1806 2231 tale
1834 2202 2012 2237 scandalum,

1162 2250 1228 2287 qnia
1249 2249 1316 2278 illud
1342 2257 1392 2286 per
1413 2252 1547 2278 secretam
1570 2252 1660 2286 potest
1687 2249 1777 2278 sanari
1800 2249 2011 2286 poenitentiam,

1162 2296 1321 2325 scandalum
1343 2300 1436 2325 autem
1457 2296 1506 2325 vix
1528 2296 1657 2325 avellitur
1678 2304 1694 2324 a
1715 2295 1846 2325 cordibus
1871 2295 2010 2330 omnium,

1161 2343 1195 2372 ad
1216 2351 1286 2380 quos
1308 2342 1378 2371 forte
1400 2343 1534 2379 pervenit.

1243 2391 1286 2418 lo.
1310 2390 1413 2418 Deinde
1427 2389 1548 2418 cavenda
1562 2392 1604 2418 est
1615 2389 1800 2427 perturbatio
1820 2389 1915 2418 stadii
1928 2389 2011 2418 devo-

1161 2437 1264 2471 tionis,
1287 2445 1323 2466 ex
1345 2445 1401 2474 qua
1420 2436 1536 2465 fulcitur
1557 2437 1647 2466 omnis
1662 2445 1728 2465 vera
1744 2437 1859 2474 Religio,
1881 2439 1909 2465 et
1930 2444 2011 2465 omne

1160 2483 1272 2512 virtutis
1293 2483 1459 2512 exercitium
1481 2483 1680 2521 impinguatur.
1696 2483 1777 2512 Arida
1795 2486 1837 2512 est
1857 2483 1946 2512 omnis
1960 2483 2011 2512 Re-

1160 2531 1237 2568 ligio,
1258 2539 1330 2568 qnae
1362 2539 1416 2559 non
1441 2531 1501 2560 oleo
1532 2531 1585 2559 isto
1616 2530 1774 2568 saginatum
1807 2530 1942 2559 instabilis
1969 2533 2011 2559 est

1224 2728 1233 2741 ὓ
1251 2730 1333 2752 Psalm.
1352 2730 1409 2757 1138,
1427 2730 1452 2751 21
1465 2737 1470 2752 :
1483 2729 1562 2752 Nonne
1574 2729 1613 2758 qui
1625 2729 1724 2751 oderunt
1737 2731 1769 2757 te,
1782 2728 1891 2755 Domine,
1903 2727 2009 2755 oderam,

1161 2772 1183 2791 et
1199 2775 1271 2797 super
1288 2769 1394 2791 inimicos
1410 2772 1462 2791 tuos
1480 2767 1648 2791 tabescebam?

1223 2806 1231 2819 ⁷
1250 2808 1315 2829 Vers.
1335 2807 1376 2834 42;
1394 2807 1435 2829 sed
1453 2808 1493 2830 csr.
1512 2808 1588 2829 Matth.
1607 2807 1649 2835 23,
1667 2807 1708 2835 23,
1726 2806 1766 2829 ubi
1778 2805 1919 2828 verbotenus
1931 2811 2010 2828 occur-

1159 2850 1213 2869 runt
1229 2846 1358 2876 reliquistis
1376 2852 1436 2876 quae
1454 2846 1569 2876 praviora
1586 2847 1648 2869 sunt.
1667 2845 1779 2874 Superius
1794 2844 1865 2867 verba
1878 2843 1968 2868 trabem
1979 2844 2010 2874 fe-

1159 2888 1252 2909 stucam
1269 2885 1360 2909 iudicat
1376 2886 1501 2914 respiciunt
1513 2886 1590 2908 matth.
1602 2885 1628 2913 7,
1641 2885 1663 2907 3.
1675 2891 1741 2914 seqq.
1752 2884 1788 2907 vel
1800 2885 1855 2907 Luc.
1868 2884 1894 2911 6,
1907 2883 1931 2906 ti
1948 2890 2007 2912 seq.;

1159 2925 1231 2947 verba
1248 2931 1305 2947 vero
1322 2924 1455 2948 excolando
1474 2924 1537 2954 [eddi
1554 2928 1577 2947 et
1593 2924 1645 2947 cod.
1667 2930 1790 2952 perperam
1811 2922 1949 2953 aliquando]
1970 2928 2008 2945 cu-

1159 2963 1226 2987 licem
1243 2963 1357 2985 habentur
1374 2963 1450 2985 Matth.
1468 2963 1511 2990 23,
1529 2963 1566 2985 24.

1221 3001 1230 3014 Β
1247 3002 1302 3031 Cap.
1321 3003 1348 3030 2,
1366 3002 1403 3025 24.

2028 1556 2114 1577 quatuor.

2024 2424 2029 2428 ι
2044 2400 2127 2428 Secundo

2023 2424 2127 2468 ’Ἐέἒιῇἑῗὲἐ

2131 2433 2133 2442 ι
