2133 3317
6 210 10 437 Ι

16 473 103 497 necando

10 501 103 540 ῐηίευξῦω

0 1726 104 1746 infirmatur.

676 198 872 227 OPUSCULUM
895 199 922 227 11.
945 198 1175 235 SOLILOQL'lUM.
1197 198 1265 227 CAP.
1289 199 1306 226 Ι.
1826 199 1861 228 35

120 277 222 314 quietis
243 285 297 305 usu
318 277 487 313 negligentes
508 276 612 305 invenit
627 278 653 304 n!
677 276 755 308 ltem,
777 275 926 312 Gregorius
939 277 960 304 1:

124 335 138 348 α
153 324 227 360 Quos
247 323 320 352 enim
341 324 425 357 Deus,
446 326 478 351 ut
498 325 710 356 convertantur,
726 322 831 350 diutius
853 322 961 356 tolerat,

119 379 172 399 non
195 378 342 399 conversos
362 370 461 398 durius
481 369 592 398 damnat
606 381 633 397 ι).

201 418 243 445 17.
266 416 327 450 Sed,
348 424 364 444 o
385 416 484 449 homo,
506 419 537 444 ut
559 415 606 444 tibi
630 423 705 444 meae
731 415 896 444 infelicitatis
920 415 962 443 hi-

121 463 233 492 storiam
256 462 405 500 perfectius
426 462 614 496 manifestem,
636 462 782 499 profiteor,
798 462 872 499 quod
895 462 963 490 haec

120 510 212 538 omnia
232 517 308 538 meae
329 509 479 538 infelicitati
501 517 554 538 uon
576 509 765 542 sufficiebant,
787 508 832 537 sed
859 508 892 537 ad
914 516 962 537 cu-

120 556 227 584 mulum
248 556 440 589 damnationis,
462 556 530 589 heu,
552 555 653 583 cornis
674 554 828 583 mollities-2
853 557 960 582 taccam

119 611 215 631 meum
227 602 308 631 nimis
319 602 512 631 miserabiliter
527 602 691 638 decipiebat;
705 605 731 629 01
744 601 875 638 ignoravi,
888 600 962 637 quod

120 652 175 678 tam
196 649 298 682 suavis,
319 657 336 677 o
357 649 427 677 bone
449 649 518 682 Iesu,
540 652 613 677 esset
633 648 780 685 amplexus
802 650 883 681 tuus,
906 651 961 676 tam

120 697 254 726 honestus
273 699 392 725 attactus
407 699 482 729 tuus,
499 699 552 724 tam
568 695 716 724 deliciosus
730 695 873 724 convictus
887 697 961 723 tuus.

124 754 138 767 «ι
154 742 223 771 Cum
243 742 315 771 enim
337 745 364 770 te
384 749 529 775 amavero,
560 741 663 770 munda
695 749 773 775 sum;
805 749 869 769 cum
900 740 963 769 teti-

120 797 199 825 gero,
220 792 295 817 casta
308 796 386 822 sum;
402 796 465 817 cum
481 796 622 825 accepero,
638 788 716 824 virgo
731 795 792 816 suin
807 787 817 804 ³
833 799 859 815 ».
876 788 962 821 Τ11115,

119 843 137 864 o
156 835 313 864 dulcissime
334 835 410 864 lesu!
432 835 580 871 amplexus
601 842 653 862 non
676 834 804 867 maculat,
819 834 864 862 sed
882 842 962 862 mun-

119 881 182 915 dat;
204 885 270 910 tuus
297 884 415 910 attactus
437 889 491 910 non
518 881 659 918 inquinat,
680 880 727 909 sed
755 880 914 909 sanctificat.
941 880 963 908 Ο

121 927 196 961 lesu,
218 927 278 956 fons
299 927 444 956 universae
472 927 624 956 dulcedinis
645 930 673 956 et
694 927 853 955 suavitatis!
875 935 963 963 quan-

120 977 180 1002 tum
202 974 287 1003 habes
307 973 493 1002 deliciositatis
513 977 540 1002 et
562 973 712 1002 honestatis
727 976 754 1002 et
770 973 962 1007 iucunditatis,

119 1021 230 1058 quando
251 1020 334 1049 laeva
355 1024 419 1049 tuae
439 1024 567 1049 aeternae
584 1020 733 1056 sapientiae
753 1023 781 1048 et
801 1020 963 1056 cognitionis

119 1071 161 1096 est
181 1067 235 1095 sab
256 1068 364 1104 capite,
386 1067 410 1095 id
433 1070 474 1096 est
496 1067 548 1096 sub
570 1067 688 1100 ratione,
710 1070 735 1094 et
759 1066 877 1095 dextera
900 1070 963 1095 tuae

119 1114 227 1142 divinae
248 1114 408 1142 clementiae
429 1117 456 1142 et
476 1113 629 1142 dilectionis
650 1113 868 1150 amplexabitur
888 1114 962 1147 me4,

120 1161 147 1189 in
169 1161 318 1189 voluntate.
341 1160 397 1189 Heu
425 1168 468 1188 me
498 1160 641 1189 miseram!
664 1160 728 1197 quis
752 1168 875 1196 unquam
908 1163 962 1188 tam

118 1207 214 1241 dulce,
236 1210 291 1235 tam
313 1214 397 1235 suave
413 1210 524 1243 tamque
539 1207 698 1235 deliciosum
718 1207 840 1243 experiri
863 1207 963 1243 poterit

119 1262 203 1291 quam
225 1254 296 1282 inter
317 1253 432 1282 brachia
460 1254 526 1282 tanti
554 1254 645 1290 sponsi
678 1254 868 1290 requiescere,
892 1254 962 1282 inter

118 1301 213 1330 oscula
235 1301 301 1329 tanti
324 1300 396 1337 regis
417 1303 443 1329 et
464 1300 542 1329 amici
565 1300 680 1329 feliciter
696 1300 874 1328 obdormire?
889 1301 962 1329 Hanc

118 1347 290 1376 dulcedinem
312 1350 436 1376 senserat
466 1347 557 1375 anima
585 1346 699 1380 devota,
721 1346 831 1383 quando
852 1346 963 1383 optabat

118 1393 244 1422 dicens⁵:
262 1393 414 1422 Oseulctm·
429 1401 471 1421 me
486 1392 582 1421 osculo
597 1393 658 1421 oris
672 1393 722 1421 sai
735 1397 785 1421 etc.
803 1393 875 1429 Quis
889 1392 964 1421 'milri

118 1439 164 1468 (let
195 1443 218 1468 te
245 1438 371 1476 fratrem
403 1447 516 1472 meum,
551 1442 698 1476 sufflantem
734 1438 825 1467 ubera
855 1438 962 1467 matris

118 1494 214 1520 meae,
236 1489 268 1514 ut
289 1485 437 1514 inveniam
459 1489 483 1513 te
502 1485 597 1513 solum
617 1484 695 1522 foris
715 1489 740 1514 et
760 1485 908 1514 deosculer
926 1489 960 1518 te,

118 1535 143 1560 et
175 1532 234 1561 iam
265 1540 310 1560 me
335 1540 417 1560 nemo
444 1531 603 1568 despiciat?
634 1531 858 1569 Appreliemlam
889 1536 913 1561 te
937 1536 963 1561 et

118 1578 226 1607 ducam
248 1582 272 1606 te
292 1579 324 1607 z'n
351 1578 470 1607 (lonium
496 1578 593 1615 patris
621 1579 677 1606 mei
697 1582 721 1607 et
743 1579 773 1606 in
794 1578 962 1607 cubiculum

116 1625 267 1662 yenitrz'cis
286 1633 374 1653 meae.
396 1625 442 1653 Ibi
460 1634 505 1654 me
525 1624 638 1653 docebis
659 1628 804 1662 praecepta
825 1625 942 1654 Domini.

199 1672 242 1700 18.
265 1671 331 1705 Sed,
353 1680 369 1700 0
396 1672 508 1700 Domine
540 1672 627 1705 Deus,
656 1672 676 1700 si
699 1672 767 1700 haec
790 1674 843 1700 tam
871 1672 963 1701 dulcia

119 1721 185 1746 sunt
204 1718 346 1755 cogitanti,
362 1726 444 1755 quam
466 1718 557 1747 dulcia
578 1726 637 1747 esse
653 1721 769 1755 possunt
782 1718 937 1755 degustanti
951 1722 961 1747 ?

119 1765 144 1793 Si
167 1768 222 1793 tam
244 1765 339 1793 suavia
360 1768 425 1793 sunt
446 1765 557 1802 legenti,
579 1773 662 1802 quam
690 1765 782 1794 dulcia
808 1769 892 1794 eruut
913 1773 962 1802 per

117 1811 246 1840 affectum
268 1811 415 1840 sentienti?
443 1811 650 1848 Augustinusss:
677 1823 690 1836 «
705 1812 755 1840 Fac
780 1820 839 1845 me,
861 1812 963 1840 (1111015-

118 1857 187 1886 sime
203 1858 278 1886 lesu!
293 1858 368 1886 intus
389 1861 501 1895 gustare
516 1865 565 1895 per
579 1865 701 1886 amorem
722 1858 794 1895 quod
816 1861 897 1887 extra
912 1867 962 1895 gu-

1020 279 1062 305 sto
1094 284 1143 313 per
1174 276 1371 313 cognitione1n;
1393 276 1435 305 sac
1466 284 1510 305 me
1541 277 1643 305 sentire
1664 284 1713 313 per
1734 277 1862 305 affectum

1020 323 1093 359 quod
1115 323 1202 352 sentio
1223 331 1272 360 per
1294 324 1462 353 intellectum
1479 336 1505 352 ιι.
1528 324 1587 357 Eia,
1608 324 1766 352 dulcissime
1788 324 1862 352 lesu!

1020 369 1150 405 transfige
1178 369 1362 398 saluberrimo
1393 370 1508 399 vulnere
1536 370 1638 399 amoris
1664 370 1702 398 tui
1729 370 1862 399 medullas

1019 415 1127 444 animae
1148 424 1239 449 meae,
1262 419 1293 444 ut
1315 424 1379 445 vere
1400 417 1510 450 ardeat,
1533 417 1660 454 langueat
1685 420 1712 445 et
1740 417 1864 453 liquefiat

1019 464 1045 489 et
1067 462 1124 489 solo
1146 465 1193 490 tuo
1215 462 1350 491 desiderio
1370 463 1494 497 deficiat,
1516 463 1609 500 cupiat
1631 463 1750 491 dissolui
1764 467 1788 491 et
1803 472 1862 491 esse

1020 511 1111 536 tecum
1124 508 1143 536 ⁷.
1165 509 1202 537 Te
1223 509 1311 537 solum
1334 517 1443 546 semper
1464 510 1581 544 esuriat,
1597 518 1694 546 panem
1711 509 1783 538 vitae
1803 518 1864 538 cae-

1019 554 1109 587 lestis,
1131 554 1178 591 qui
1200 555 1234 583 de
1254 555 1331 583 caelo
1353 556 1531 585 descendisti.
1548 557 1585 585 Te
1599 557 1685 590 sitiat,
1707 556 1808 585 fontem
1824 556 1863 584 vi-

1020 603 1072 634 tae,
1093 600 1195 629 fontem
1227 602 1330 629 aeterni
1360 602 1486 635 luminis,
1509 605 1659 632 torrentem
1681 611 1763 632 verae
1785 603 1862 631 volu-

1019 648 1110 684 ptatis.
1133 648 1169 676 Te
1191 656 1299 684 semper
1320 649 1437 683 ambiat,
1459 652 1485 677 te
1506 653 1621 686 quaerat
1636 653 1718 687 teque
1734 650 1862 684 inveniat,

1020 694 1046 722 iu
1063 697 1089 722 te
1103 694 1221 723 dulciter
1242 695 1397 731 requiescat
1408 695 1427 723 Β.
1444 696 1494 724 Sed
1511 704 1581 733 quae
1602 697 1720 731 vesania,
1736 704 1807 734 quae
1822 696 1863 725 in-

1019 740 1131 769 fernalis
1152 740 1224 769 suria
1245 744 1320 769 tanto
1342 744 1464 778 tempore
1486 750 1501 770 a
1523 750 1566 770 me
1587 743 1730 779 prohibuit
1751 743 1815 771 talia
1835 746 1862 771 et

1021 790 1095 815 tanta
1115 788 1215 816 mentis
1236 795 1312 816 meae
1327 788 1435 822 solatia,
1451 792 1505 817 tam
1526 789 1619 817 divina
1639 790 1738 826 gaudia
1752 793 1780 818 et
1793 790 1860 818 mel-

1022 833 1098 862 liflua
1120 834 1264 862 convivia?
1285 851 1324 855 ——
1350 834 1411 868 Dic,
1434 843 1552 871 quaeso,
1574 844 1590 863 o
1612 836 1709 870 homo,
1731 844 1802 873 quae
1823 839 1864 865 est

1020 881 1087 908 tanti
1110 881 1173 909 mali
1206 888 1288 909 causa
1299 881 1319 914 ⁰,
1341 889 1412 918 quae
1444 882 1509 910 tanti
1543 882 1657 918 periculi
1680 883 1766 916 ratio,
1792 890 1863 920 quae

1023 927 1089 956 tanti
1110 927 1200 956 damni
1224 928 1352 956 occasio?

1102 975 1144 1002 19.
1168 974 1252 1002 Hono.
1276 974 1375 1008 Video,
1396 983 1412 1002 o
1433 974 1536 1008 anima,
1553 975 1625 1011 quod
1641 975 1693 1003 iam
1708 976 1731 992 ¹⁰
1752 975 1863 1012 fatigata

1021 1020 1174 1054 laboribus,
1197 1020 1249 1048 iam
1282 1024 1382 1050 vexata
1412 1021 1569 1055 doloribus,
1597 1021 1719 1050 iuvenire
1740 1030 1794 1050 nou
1817 1030 1863 1050 va-

1020 1067 1091 1101 leas,
1114 1067 1157 1096 cui
1180 1070 1287 1096 tantum
1308 1067 1439 1096 damnum
1463 1068 1568 1096 illatum
1585 1068 1714 1097 ascribas.
1737 1069 1800 1097 Peto
1814 1068 1863 1105 igi-

1020 1116 1079 1147 tur,
1102 1117 1133 1142 111
1153 1121 1215 1142 cum
1237 1113 1377 1150 diligentia
1398 1114 1508 1148 audias,
1530 1114 1551 1143 si
1574 1114 1621 1143 tibi
1638 1115 1703 1143 tanti
1721 1115 1782 1143 mali
1799 1123 1863 1143 cau-

1020 1168 1076 1188 sam
1098 1160 1336 1194 demonstravero,
1358 1161 1379 1189 si
1403 1161 1450 1189 tibi
1483 1161 1549 1189 tanti
1578 1161 1670 1189 damni
1692 1161 1861 1190 occasionem

1019 1206 1172 1235 ostendero.
1188 1207 1288 1241 Habes,
1310 1216 1326 1235 o
1347 1207 1439 1236 anima
1460 1215 1533 1241 mea,
1555 1207 1708 1236 inimicum
1729 1208 1862 1236 domesti-

1019 1262 1102 1287 011111,
1119 1254 1224 1282 hostem
1240 1254 1375 1287 amicum,
1390 1254 1579 1283 adversarium
1596 1254 1798 1291 propinquum,
1814 1254 1861 1291 qui

1020 1300 1067 1329 tibi
1083 1300 1153 1329 mala
1168 1309 1218 1337 pro
1233 1301 1311 1329 bouis
1326 1301 1442 1330 reddidit
1455 1302 1486 1335 ¹¹,
1502 1304 1528 1329 et
1546 1301 1598 1329 sub
1619 1301 1709 1338 specie
1729 1301 1864 1329 amicitiae

1019 1347 1158 1376 crudelior
1179 1347 1301 1376 existens
1322 1347 1465 1381 iuimicus,
1488 1348 1530 1376 his
1545 1347 1673 1376 omnibus
1687 1350 1714 1376 et
1728 1347 1788 1376 aliis
1803 1347 1863 1375 iufi-

1019 1393 1083 1422 nitis
1097 1394 1175 1422 bonis
1191 1396 1216 1421 te
1235 1394 1361 1430 privavit.
1377 1394 1422 1422 Hic
1437 1394 1532 1427 hostis,
1548 1394 1622 1422 salva
1638 1397 1685 1422 tua
1699 1394 1862 1428 reverenda,

1019 1444 1059 1469 est
1074 1448 1138 1469 caro
1154 1443 1199 1468 tua
1216 1440 1310 1468 infelix
1325 1443 1352 1468 et
1367 1440 1479 1473 misera,
1496 1441 1614 1468 multum
1631 1443 1719 1468 tamen
1738 1440 1785 1468 tibi
1801 1440 1863 1468 dul-

1018 1487 1057 1515 cis
1078 1490 1105 1515 et
1125 1487 1223 1515 dilecta
1237 1487 1266 1515 ²².
1290 1487 1361 1515 Hanc
1393 1495 1455 1515 011111
1479 1487 1592 1524 pavisti,
1614 1487 1756 1515 inimicum
1779 1487 1863 1523 pessi-

1020 1542 1096 1562 mum
1118 1537 1214 1563 contra
1236 1536 1261 1562 te
1282 1534 1406 1562 erexisti.
1423 1534 1495 1562 Hanc
1509 1541 1573 1562 cum
1589 1533 1739 1567 honorasti,
1755 1534 1861 1562 hostem

1017 1583 1114 1609 contra
1128 1583 1154 1608 te
1176 1580 1398 1609 crudelissimum
1420 1580 1541 1609 armasti.
1557 1580 1629 1609 Hanc
1644 1588 1706 1608 cum
1729 1580 1796 1609 foris
1816 1589 1863 1608 vau

1017 1627 1067 1656 riis
1088 1630 1115 1655 et
1136 1626 1264 1663 pretiosis
1285 1627 1453 1655 indumentis
1473 1627 1622 1661 decorasti,
1644 1627 1773 1656 omnibus
1793 1627 1862 1656 inte-

1018 1672 1140 1701 rioribus
1161 1672 1331 1701 ornamentis
1353 1676 1378 1701 te
1400 1672 1530 1709 spoliasti,
1552 1673 1676 1701 nesciens
1701 1673 1775 1710 quod
1796 1673 1861 1701 dicit

1018 1719 1115 1748 heatus
1132 1719 1281 1756 Gregorius
1303 1719 1329 1747 in
1352 1719 1472 1747 Homiliis
1485 1719 1523 1747 13;
1550 1730 1563 1744 α
1578 1719 1653 1748 Unde
1668 1727 1731 1747 caro
1746 1719 1779 1747 ad
1794 1722 1863 1748 tem-

1018 1773 1070 1802 pus
1092 1765 1214 1794 suaviter
1236 1765 1318 1799 vivit,
1341 1765 1402 1793 inde
1433 1765 1547 1802 spiritus
1575 1765 1602 1794 in
1632 1769 1776 1794 aeternum
1806 1769 1862 1795 tor-

1017 1811 1149 1849 quebitur
1170 1814 1197 1840 et
1219 1811 1379 1848 ingemiscet
1395 1822 1420 1844 »;
1442 1815 1570 1845 econtra,
1597 1823 1610 1836 «
1625 1820 1681 1849 quo
1712 1812 1775 1849 plus
1796 1820 1860 1841 caro

1018 1858 1171 1895 premitur,
1193 1866 1225 1887 eo
1247 1858 1308 1895 plus
1329 1858 1362 1887 de
1383 1866 1431 1895 spe
1452 1859 1560 1887 caelesti
1582 1859 1691 1888 animus
1706 1859 1861 1888 laetatur».

181 2038 187 2051 ¹
206 2038 268 2061 Libr.
285 2039 300 2061 Ι,
316 2038 398 2061 Hoinil.
415 2039 437 2061 in
454 2039 542 2067 Evang.
560 2039 637 2061 11011111.
659 2040 692 2062 13.
709 2046 733 2062 n.
750 2040 772 2062 5.
784 2039 827 2062 cfr.
840 2040 908 2062 xvii.
921 2040 963 2062 Μο-

117 2077 159 2100 ral.
176 2083 194 2099 0.
214 2078 235 2099 6.
252 2083 275 2099 n.
293 2077 315 2099 8.

180 2114 189 2128 Β
208 2116 257 2138 Vat.
274 2122 327 2138 011111
345 2115 450 2144 pluribus
467 2116 536 2139 codd.
553 2116 676 2139 mundana
693 2116 809 2140 mollities.
824 2117 887 2145 Quae
899 2123 963 2145 prae-

117 2154 202 2177 cedunt
219 2154 277 2182 Sed,
294 2160 307 2177 o
330 2154 424 2178 homo...
447 2155 572 2178 011111111ι11η
593 2155 753 2179 damnationis·
776 2156 912 2178 omittuntur
932 2156 962 2178 ab

117 2194 134 2216 Α
144 2193 161 2217 C
170 2194 186 2216 E
195 2194 211 2216 F
220 2194 245 2216 L.

180 2232 189 2245 ⁸
206 2234 234 2256 Ut
251 2232 348 2255 habetur
365 2234 389 2255 in
405 2233 474 2261 Epist.
496 2234 514 2256 i.
536 2240 562 2256 ex
586 2233 789 2257 Ambrosianarum
813 2235 961 2262 epistolarum

117 2278 215 2295 numero
231 2275 406 2300 segregatarum
424 2272 474 2300 (cfr.
490 2278 561 2300 supra
578 2279 632 2300 pag.
649 2273 673 2295 31
686 2291 691 2301 ,
708 2276 762 2295 nota
780 2273 812 2302 7.)
829 2280 852 2296 n,
869 2274 890 2296 2.

178 2311 188 2323 ⁴
205 2310 270 2333 Cant.
284 2311 310 2338 2,
327 2311 349 2332 6.
360 2324 390 2327 —
403 2311 514 2338 Superius
525 2314 577 2339 post
587 2311 712 2335 suavitatis
725 2312 775 2334 Vnt.
791 2318 845 2335 cum
862 2313 961 2335 nonnul-

117 2351 144 2373 115
160 2350 228 2373 codd.
246 2350 310 2372 addit
326 2349 421 2379 iquosce
437 2349 508 2378 milii,
526 2350 589 2379 quod
605 2351 653 2373 tam
670 2356 723 2374 sero
740 2351 835 2374 mdizlt.

180 2387 190 2400 ⁶
205 2387 270 2411 Cant.
289 2388 314 2415 1,
336 2389 353 2410 t.
371 2391 392 2410 et
410 2389 436 2416 8,
457 2389 475 2410 1.
492 2394 551 2417 seq.:
572 2388 629 2416 Quis
646 2389 706 2412 milii
724 2392 780 2418 etc„
800 2390 836 2412 cui
858 2390 961 2413 nonnulli

116 2427 184 2450 codd.
202 2429 225 2449 et
242 2427 292 2449 Vat.
305 2427 465 2455 praemittunt:
478 2426 593 2456 Numquid
608 2427 651 2450 lias
668 2427 763 2451 delicias
780 2428 861 2452 anima
878 2428 961 2452 devota

117 2467 169 2488 erat
180 2466 286 2495 experta,
298 2464 393 2495 quando
406 2465 489 2488 orabat
506 2465 593 2489 artlens
605 2468 626 2489 et
640 2465 687 2489 iam
701 2473 762 2496 pem·
778 2467 885 2496 deficiens
899 2474 961 2497 prae

117 2503 195 2527 dilecti
210 2503 250 2526 sui
265 2503 466 2533 coucupiscentia,
484 2503 562 2527 :lit-ens
580 2504 604 2526 in
622 2504 732 2528 Canticis.

180 2541 190 2555 ὓ
208 2543 238 2564 lie
254 2542 395 2564 Contritione
412 2543 488 2565 cordis
505 2543 573 2570 (iuter
590 2549 659 2571 opera
677 2543 783 2571 August.)
796 2550 815 2566 0.
829 2545 850 2566 2.
862 2544 906 2566 Cfr.
919 2546 961 2566 An-

117 2582 195 2608 selm.,
213 2581 311 2603 Meditat.
333 2582 368 2604 11.
391 2581 449 2604 circa
469 2583 545 2604 tinem.
563 2582 647 2604 'sextus
664 2582 781 2609 originalis
797 2583 880 2605 omittit
897 2582 960 2606 intas

117 2624 140 2642 et
157 2626 210 2642 011111
227 2620 244 2642 Α
255 2620 340 2642 DElL
357 2621 434 2643 eura.
449 2633 480 2636 —
498 2621 609 2648 Superius
627 2624 678 2648 post
694 2620 723 2644 Si
737 2622 786 2644 tam
803 2621 888 2644 suavia
905 2623 962 2644 sunt

118 2659 162 2681 DE
178 2659 266 2681 addunt
275 2665 319 2688 per
336 2658 488 2686 intellectum,
501 2662 523 2681 et
535 2666 577 2687 pro
595 2666 667 2689 quam
684 2659 765 2683 dulcia
782 2661 852 2683 erunt
866 2666 911 2689 per
928 2660 960 2690 as2

117 2697 204 2727 sectam
221 2697 250 2727 [A
260 2697 277 2720 C
288 2698 330 2721 DE
340 2698 355 2720 l,
372 2697 489 2727 effectum]
503 2698 552 2720 vat.
566 2704 638 2728 qaam
655 2698 815 2722 consolatoria
832 2700 902 2722 erum
916 2705 961 2728 per

117 2736 238 2766 affectum.

181 2773 189 2787 ⁷
207 2775 335 2803 Respicitur
353 2775 408 2797 Phil.
430 2776 453 2802 l,
471 2776 515 2798 23:
542 2776 685 2798 Desideritun
711 2775 799 2798 liabens
823 2776 916 2799 dissolvi
940 2779 962 2799 et

118 2820 168 2837 0550
185 2821 238 2837 011111
256 2814 353 2837 Christe.
371 2815 431 2837 toan.
449 2816 475 2842 ὃ,
492 2814 517 2837 51
532 2822 537 2837 z
555 2815 602 2843 Ego
619 2821 670 2837 suin
694 2815 760 2843 panis
777 2816 857 2843 vivus,
875 2816 913 2844 qui
932 2816 961 2838 de

119 2853 181 2875 racio
198 2853 314 2875 descendi.
332 2853 367 2875 ΡΞ.
385 2853 426 2881 35,
443 2854 464 2874 9.
482 2859 546 2882 seq.:
565 2854 676 2876 Torrente
689 2854 812 2882 voluptatis
830 2857 882 2876 tuae
900 2859 961 2882 poia-

119 2891 154 2914 bis
171 2898 218 2914 eos.
236 2892 349 2920 Quoniam
371 2892 435 2920 apud
456 2895 477 2914 te
499 2895 532 2914 est
550 2893 600 2914 fons
621 2892 681 2915 vitae
701 2897 743 2915 etv.
762 2906 789 2909 —-
809 2893 860 2915 Post
877 2893 962 2923 quide

119 2929 183 2952 caelo
196 2929 334 2953 descendis-ti
349 2931 366 2952 G
383 2930 462 2952 addit:
477 2936 564 2959 panem
576 2930 697 2953 habentem
710 2937 803 2954 omnem
815 2931 961 2955 dulcedinem

118 2969 139 2991 et
151 2974 244 2991 omnem
255 2968 396 2992 snm-itatem
408 2970 429 2992 et
440 2968 602 2992 delectamenti
611 2975 720 2999 saporem
734 2971 782 2999 (cfr.
796 2971 848 2999 Sap.
862 2971 896 2999 ¹6,
906 2971 962 2998 20.).

1082 2038 1091 2051 ⁸
1109 2039 1182 2062 Codd.
1205 2040 1248 2061 BH
1273 2040 1330 2062 hauc
1353 2040 1480 2062 orationem
1505 2039 1561 2067 Eia,
1587 2039 1721 2063 dulcissime
1744 2041 1796 2063 Ιιέιι
1819 2044 1861 2063 etc.

1020 2078 1140 2105 omittunt,
1158 2078 1194 2100 cui
1213 2078 1229 2099 Α
1248 2078 1355 2105 praefigit
1371 2077 1470 2105 Anima,
1493 2077 1535 2100 CF
1557 2077 1644 2100 finiant
1668 2078 1700 2100 ad
1720 2078 1861 2106 Dominum,

1019 2118 1037 2139 G
1055 2123 1110 2139 1010
1128 2117 1157 2139 Et
1175 2116 1325 2143 Rerum-clus,
1342 2116 1381 2145 qui
1399 2116 1467 2138 etiam
1486 2119 1537 2144 post
1552 2116 1685 2146 requiescat
1701 2118 1765 2145 plura
1783 2118 1863 2140 adiuu-

1019 2155 1066 2183 git:
1087 2155 1116 2178 Te
1135 2154 1272 2183 meditetur,
1295 2154 1322 2177 de
1344 2156 1364 2178 te
1387 2154 1499 2184 loquatur
1517 2158 1571 2182 010,
1589 2161 1649 2184 quae
1666 2158 1741 2178 sumta
1763 2160 1816 2178 sunt
1835 2162 1861 2179 ex

1019 2194 1053 2217 illa
1071 2195 1140 2217 liuius
1156 2194 1265 2217 orationis
1282 2195 1367 2222 forma,
1384 2201 1445 2223 quae
1466 2194 1563 2217 nabetur
1588 2195 1647 2217 inter
1671 2195 1786 2218 orationes
1811 2199 1863 2224 post

1018 2233 1109 2255 Missam
1122 2233 1263 2260 recitandas,
1275 2239 1394 2262 quamque
1405 2233 1457 2256 tecit
1468 2236 1547 2256 auctor
1556 2234 1662 2262 opusculi
1670 2233 1788 2257 Sttmulus
1799 2240 1862 2257 (11110-

1018 2271 1052 2295 ris
1066 2272 1187 2301 (prologus
1198 2272 1333 2301 secundus),
1344 2272 1408 2301 quod
1420 2273 1476 2294 falso
1488 2273 1662 2295 Bonaventurae
1674 2272 1809 2295 attributum
1820 2277 1861 2296 est.

1081 2310 1090 2323 ⁵³
1106 2310 1178 2334 Codd.
1197 2312 1294 2333 ADEF
1311 2317 1371 2340 quae
1388 2310 1419 2341 [D
1436 2311 1499 2334 addit
1516 2311 1558 2341 est]
1577 2313 1643 2335 tanta
1660 2311 1765 2340 malitia,
1780 2312 1796 2335 C
1808 2313 1862 2340 legit

1018 2355 1031 2372 o
1048 2349 1132 2378 1101110,
1147 2349 1173 2372 in
1190 2351 1257 2373 11111111
1273 2350 1374 2373 ntalitia.

1081 2388 1100 2401 ¹⁰
1117 2389 1220 2412 Nonnulli
1238 2390 1320 2417 codd„
1337 2392 1361 2412 ut
1378 2389 1433 2418 CL,
1451 2390 1486 2412 liic
1504 2392 1525 2412 et
1542 2390 1611 2418 paulo
1626 2390 1718 2412 iuferius
1735 2392 1802 2418 tam;
1820 2396 1861 2418 pro

1017 2427 1118 2456 satiyata
1136 2429 1154 2450 D
1170 2428 1290 2456 sauciata,
1313 2429 1328 2450 E
1345 2429 1400 2456 legit
1416 2429 1465 2451 tam
1485 2428 1573 2451 acriter
1595 2428 1702 2452 sauciata
1727 2428 1857 2457 laboribus,

1018 2466 1096 2489 taliter
1118 2468 1232 2490 0011011010.
1254 2466 1333 2496 [etiam
1352 2467 1368 2490 C
1378 2468 1393 2489 L
1410 2469 1537 2495 evacuata,
1555 2468 1572 2489 Α
1590 2467 1709 2496 cruciata]
1732 2467 1860 2490 doloribus.

1018 2505 1112 2527 iuferius
1137 2511 1179 2532 pro
1204 2504 1335 2534 diliyenlia‘
1348 2505 1386 2534 (ita
1409 2505 1541 2535 ACDEF)
1559 2506 1610 2528 Vnt.
1632 2505 1759 2535 patientta,
1777 2508 1799 2528 et
1819 2512 1861 2534 pro

1017 2542 1102 2566 damni
1117 2542 1263 2566 occasionem
1281 2544 1319 2573 (ita
1338 2545 1365 2572 Il)
1384 2544 1420 2566 alii
1438 2544 1507 2567 codd.
1523 2547 1546 2566 et
1563 2545 1613 2566 Vnt.
1631 2544 1713 2567 damni
1730 2544 1861 2567 inimicum.

1018 2583 1071 2604 Post
1087 2582 1210 2605 ostendero
1229 2583 1280 2605 Vnt.
1297 2583 1361 2605 addit
1381 2586 1458 2606 eontra
1477 2583 1520 2606 AC
1531 2584 1599 2606 DEF
1608 2584 1637 2606 L:
1654 2584 1706 2606 Iam
1726 2589 1771 2613 pro
1791 2585 1861 2612 parte

1017 2621 1107 2644 hostem
1124 2621 1220 2651 tetigisti
1234 2621 1385 2651 ale'qvaliler,
1407 2624 1486 2645 tamen
1508 2622 1569 2651 sorte
1588 2628 1649 2652 prae
1671 2622 1752 2645 dolore
1776 2622 1860 2646 mentis

1017 2665 1066 2683 non
1083 2660 1212 2684 adverti-sa.

1081 2698 1099 2711 ¹¹
1118 2699 1162 2721 Cfr.
1180 2700 1194 2721 l.
1212 2699 1284 2722 illacli.
1305 2700 1344 2726 16,
1362 2700 1399 2722 17.
1416 2703 1438 2722 et
1454 2700 1522 2722 Prov.
1543 2700 1582 2726 l7,
1603 2700 1636 2722 13.

1082 2737 1100 2750 ¹²
1118 2737 1192 2760 Codd.
1208 2739 1226 2760 Α
1236 2738 1252 2760 C
1263 2739 1279 2760 1)
1289 2739 1305 2760 L
1322 2740 1425 2768 accepta.
1437 2738 1532 2761 inferius
1543 2745 1586 2767 pro
1600 2738 1724 2762 honorasti
1734 2745 1779 2761 non
1792 2739 1859 2767 pauci

1018 2777 1086 2799 codd.
1104 2776 1203 2799 ornasti.

1082 2815 1100 2828 ¹³
1118 2815 1179 2838 Libr.
1197 2816 1225 2838 X.
1242 2816 1319 2838 Moral.
1336 2822 1355 2838 0.
1369 2815 1406 2838 21.
1420 2823 1442 2838 11.
1456 2816 1497 2838 42:
1510 2816 1567 2846 Spes
1581 2817 1657 2845 itaque
1671 2817 1795 2839 carnalium
1808 2816 1860 2839 abo-

1018 2854 1116 2878 minatio
1134 2855 1230 2882 dicitur,
1246 2855 1300 2883 quia
1319 2855 1372 2877 iude
1390 2855 1411 2877 in
1430 2858 1568 2883 perpetuum
1584 2856 1678 2883 spiritus
1695 2856 1781 2883 interit,
1799 2856 1860 2878 uude

1018 2894 1047 2916 ad
1065 2896 1156 2921 tempus
1173 2900 1226 2916 caro
1243 2894 1344 2916 suaviter
1360 2894 1425 2916 vivit.
1443 2894 1498 2917 thid.
1514 2895 1597 2917 ΧΧΧΙ.
1614 2902 1633 2917 c.
1651 2895 1689 2917 38.
1706 2901 1730 2918 11.
1748 2895 1791 2918 77:
1809 2896 1859 2924 Quo

1018 2935 1094 2954 autem
1113 2933 1164 2960 plus
1181 2938 1235 2954 caro
1253 2933 1376 2960 premitur,
1393 2939 1421 2956 eo
1438 2933 1467 2955 do
1484 2934 1574 2956 caelesti
1591 2940 1632 2962 spe
1649 2934 1739 2956 animus
1756 2935 1860 2956 securius

1018 2971 1121 2993 laetatur.
1138 2983 1169 2988 —
1186 2971 1281 2994 iuferius
1297 2978 1340 3000 pro
1354 2978 1399 3001 per
1416 2973 1437 2995 te
1454 2972 1522 2995 illata
1538 2974 1555 2995 Λ
1571 2979 1615 3002 per
1632 2979 1684 2996 eam
1701 2973 1776 2996 illata.

1889 329 1952 347 Oratio
1966 335 1997 348 no-

1911 353 1973 371 tanda.

1880 980 1940 998 Causa
1961 980 2008 998 tanti

1892 1003 1935 1021 mali
1957 1008 2008 1021 mon-

1892 1028 1968 1045 stratur.

1881 1211 1967 1230 iuimicus
1977 1212 2008 1231 do·

1874 1236 1968 1257 mesticus,
1976 1236 2008 1259 qui

1875 1261 1903 1277 est
1916 1264 1965 1277 earo.
