2133 3317
261 210 317 238 ⁹204

261 289 379 313 Amemus
398 289 490 317 Deum,
511 289 552 319 qui
572 287 674 318 prepter
694 294 738 311 nos
757 286 838 311 factus
857 286 895 310 est
909 286 1042 311 secundum
1056 293 1109 311 nos.

260 332 364 357 Oremus
382 332 475 362 ipsum,
495 330 524 355 ut
542 330 675 360 imaginem
695 336 779 357 suam,
806 329 884 353 sicubi
909 329 1047 353 deformata
1072 328 1111 353 est

261 375 286 399 in
305 375 388 399 anima
406 374 508 402 nostra,
527 372 718 397 misericorditer
738 372 872 396 reformare
891 372 1021 403 dignetur;
1046 372 1111 396 nihi-

261 417 368 442 lominus
386 417 411 441 et
429 423 519 447 corpus
537 415 665 445 nostrum,
686 415 750 446 quod
769 415 799 439 ad
819 414 1006 440 similitudinem
1026 415 1050 440 et
1069 422 1110 439 na-

261 460 345 484 turam
363 459 475 484 nostram
500 458 607 488 accepit,
634 458 668 482 sic
692 458 879 483 immaculatum
903 465 1049 483 conservare
1074 458 1111 482 di-

240 510 241 513 *
260 502 360 534 gnetur.
384 501 479 525 Viridia
501 500 574 529 folia,
601 500 626 524 id
651 500 689 524 est
713 500 789 525 verba
811 500 919 525 virtutos
943 500 1109 529 continentia,

150 760 242 779 Hortatio.

132 1453 238 1471 Necessitas

122 1476 248 1495 discretionis.

262 544 430 576 proferamus,
451 544 471 568 si
490 544 605 568 volumus
623 550 676 567 esse
695 550 754 567 vera
772 543 840 572 lilia,
861 543 919 574 quia
941 544 1021 568 lilium
1040 543 1111 567 arida

261 588 333 616 folia,
344 587 369 611 id
379 586 418 611 est
432 586 506 611 verba
519 587 632 610 veterum
645 586 797 611 canticorum
811 593 860 611 non
873 586 950 611 habet
963 588 979 615 1,
994 586 1036 611 sed
1048 593 1110 617 quae

261 637 323 655 novo
342 630 452 658 cantico,
472 629 497 653 id
516 629 554 653 est
572 629 686 658 caritati,
707 629 773 659 spei,
794 629 863 658 fidei,
884 629 1022 653 humilitati
1035 629 1060 654 et
1073 636 1111 654 ce-

260 673 320 697 teris
340 672 476 697 virtutibus
495 672 625 697 convenire
643 672 790 696 noscuntur.

331 715 373 740 87.
387 715 547 740 Proferamus
560 715 622 739 talia
634 715 693 739 folia
706 729 741 732 —
753 715 778 739 et
791 722 834 739 vos
849 716 987 746 praecipue,
1002 716 1111 746 virgines

261 758 368 788 Christi,
382 766 444 790 quae
458 766 472 782 a
485 757 613 782 viriditate
626 765 714 782 nomen
728 757 826 782 habetis
840 772 873 775 —
887 765 949 789 quae
962 758 1072 787 vireant,
1086 757 1111 782 et

259 810 320 833 quae
340 801 538 833 apostematibus
558 800 717 832 superposita
736 800 856 831 rumpant
875 801 919 825 illa
938 801 963 825 et
975 801 1068 825 levient
1087 801 1111 825 et

258 846 361 874 sanent,
376 845 444 869 sanie
457 844 517 869 foris
536 844 626 873 01001ος
641 844 705 875 quod
719 844 762 872 fit,
782 844 879 875 quoties
892 844 1013 868 incestum
1027 844 1058 868 ad
1071 851 1111 868 ca-

258 889 385 919 stitatem,
406 888 540 919 superbum
560 887 591 911 ad
608 887 791 916 humilitatem,
815 887 960 911 iracundum
985 887 1016 911 ad
1041 894 1111 911 man-

259 932 428 960 suetudinem,
442 930 553 955 invidum
564 931 596 955 ad
608 930 751 959 caritatem,
763 930 878 961 gulosum
892 930 923 954 ad
937 929 1110 954 sobrietatem,

258 982 362 999 avarum
382 973 413 998 ad
432 972 590 1004 largitatem,
616 972 763 997 accidiosum
789 972 820 996 ad
843 972 1001 997 alacritatem
1030 972 1111 996 verbis

259 1018 329 1043 bonis
348 1018 373 1042 et
392 1016 493 1041 veritati
512 1016 685 1041 consentaneis
705 1015 870 1046 perducimus.
890 1015 946 1040 Ista
965 1016 1030 1040 enim
1050 1015 1111 1039 vitia

260 1061 330 1092 quasi
349 1060 469 1092 quaedam
488 1060 572 1083 ulcera
590 1059 697 1083 animam
717 1059 841 1090 gravant,
862 1059 1015 1083 continentia
1040 1059 1066 1082 in
1085 1065 1111 1082 se

260 1112 382 1129 venenum
401 1102 572 1127 immunditiae
592 1102 616 1126 ct
636 1109 727 1133 pravae
747 1102 946 1131 consuetudinis,
966 1102 995 1126 de
1021 1101 1111 1132 quibus

260 1147 380 1178 singulis,
400 1147 457 1177 quia
476 1153 521 1170 nos
541 1146 564 1169 in
584 1144 696 1169 tractatu
715 1145 744 1169 de
763 1145 829 1169 foliis
848 1144 907 1169 vitis
930 1144 1042 1175 exempla
1068 1151 1111 1175 po-

260 1191 338 1215 suisse
358 1190 514 1214 meminimus
524 1190 541 1217 2,
562 1195 636 1212 causa
649 1187 782 1212 brevitatis
795 1188 819 1211 in
834 1187 960 1218 praesenti
973 1187 1110 1211 iudicamus

260 1233 448 1265 praetereunda.
468 1233 521 1257 Hoc
539 1234 623 1256 autem
648 1232 751 1256 dicimus
774 1231 887 1260 tantum,
914 1231 978 1262 quod
1001 1231 1112 1255 conside-

260 1277 366 1301 randum
385 1276 455 1301 nobis
475 1276 526 1304 est,
547 1282 594 1306 quo
614 1274 675 1299 vitio
694 1275 864 1305 unusquisque
889 1274 1000 1303 laboret,
1024 1274 1054 1298 ut
1077 1281 1111 1298 se-

260 1320 366 1344 cundum
380 1319 508 1350 languoris
522 1318 560 1342 sui
574 1317 722 1349 qualitatem
736 1317 783 1348 ipsi
797 1317 805 1329 ³
820 1316 951 1341 verborum
966 1316 1111 1341 medicinam

261 1362 441 1391 ministremus,
462 1361 503 1389 ut,
523 1362 542 1385 si
563 1360 638 1385 fuerit
652 1360 782 1391 superbus,
797 1360 909 1391 exempla
928 1360 953 1384 et
972 1360 1047 1384 verba
1061 1360 1111 1384 Sal-

260 1406 355 1430 vatoris
366 1405 445 1430 nostri
455 1405 484 1429 de
494 1404 645 1428 humilitatis
658 1403 752 1428 virtute
767 1403 947 1433 ministremus,
959 1403 984 1427 ct
997 1403 1112 1427 similiter

261 1449 290 1473 de
303 1449 358 1473 aliis
373 1449 451 1477 vitiis,
466 1447 530 1472 sicut
543 1455 620 1478 supra
633 1448 772 1478 expositum
786 1446 832 1471 est.
846 1461 881 1464 —
894 1447 946 1471 Hoc
959 1447 1024 1471 enim
1038 1447 1112 1471 scien-

262 1492 318 1517 dum
339 1492 390 1521 est,
410 1492 467 1522 qnia
485 1498 534 1515 non
554 1498 650 1521 semper
670 1490 769 1515 silentio
789 1490 949 1518 studendum,
976 1490 1034 1514 licet
1057 1497 1111 1514 cum

263 1543 352 1567 magno
372 1535 454 1560 studio
474 1534 601 1559 silentium
621 1534 654 1558 sit
674 1534 822 1558 servandum
836 1532 857 1563 ⁴3
878 1533 920 1558 sed
938 1534 1039 1557 ianuam
1062 1533 1112 1558 oris

262 1579 341 1604 nostri
367 1578 512 1610 quandoque
538 1577 664 1605 claudere,
689 1576 835 1608 quandoque
860 1576 956 1607 aperire
982 1576 1111 1605 debemus,

262 1622 385 1654 quatenus
403 1622 439 1645 ita
458 1620 588 1645 taceantur
608 1620 687 1648 mala,
708 1627 737 1643 110
757 1627 811 1644 00111
832 1619 904 1643 malis
923 1619 997 1643 etiam
1011 1619 1075 1643 bona
1088 1618 1113 1643 01

262 1666 334 1691 utilia
354 1664 492 1689 taceantur.
513 1663 581 1693 Quod
601 1663 676 1687 etiam
696 1663 721 1687 111
740 1663 859 1693 petitione
879 1669 923 1686 sua
949 1662 1032 1686 innuit
1054 1662 1113 1686 Pro-

263 1709 351 1740 pheta,
371 1715 426 1733 cum
446 1707 542 1732 dicebat
555 1705 577 1730 5:
598 1706 682 1737 Pone,
703 1706 827 1736 Domine,
849 1705 993 1730 custodiam
1006 1705 1047 1729 ori
1059 1712 1113 1729 meo

262 1753 286 1776 et
304 1752 396 1776 ostium
416 1750 625 1774 etmszonstfmttcw
644 1748 721 1773 tabiis
740 1749 810 1773 meis.
830 1748 926 1773 Ostium
953 1749 1045 1779 quippe
1070 1755 1113 1772 1100

263 1802 359 1825 semper
379 1794 462 1825 patet,
483 1801 526 1818 nec
545 1800 642 1823 semper
661 1792 800 1821 clauditur;
814 1792 856 1816 3011
870 1792 895 1816 111
908 1791 979 1816 domo
993 1791 1114 1822 sapientis

263 1837 333 1869 patet
352 1836 507 1868 sapientibus
526 1837 551 1860 in
571 1835 666 1860 nuntiis
685 1834 841 1863 emittendis,
861 1834 986 1858 clauditur
998 1840 1056 1858 vero
1070 1840 1114 1864 pro

263 1881 348 1906 stultis
367 1880 518 1904 intrinsecus
537 1878 681 1903 retinendis.
700 1878 738 1902 Sic
757 1878 782 1902 et
801 1885 827 1902 03
847 1877 975 1906 nostrum,
995 1876 1059 1907 quod
1077 1875 1115 1900 est

262 1925 352 1949 ostium
371 1923 451 1948 cordis
470 1923 562 1951 nostri,
584 1930 628 1953 per
647 1921 711 1952 quod
730 1921 806 1945 verba
825 1920 912 1945 nostra
931 1921 1002 1951 quasi
1015 1919 1115 1951 quidam

262 1967 364 1992 11011111ὓ
378 1965 554 1998 egrediuntur,
569 1965 726 1993 nuntiantia,
741 1964 799 1995 quid
812 1964 881 1988 intus
895 1963 980 1995 agitur
989 1963 1014 1987 in
1029 1963 1114 1992 corde,

263 2011 345 2035 verbis
365 2009 530 2041 prudentibus
549 2008 574 2033 et
593 2008 697 2032 utilibus
716 2007 754 2032 est
772 2008 798 2032 in
818 2007 928 2038 tempore
942 2007 1114 2036 reserandum;

264 2054 349 2085 pravis
368 2061 426 2077 vero
446 2052 535 2081 verbis,
557 2045 618 2082 quae
638 2052 666 2075 de
685 2051 758 2075 malis
772 2050 879 2075 motibus
899 2050 979 2075 cordis
993 2050 1114 2081 surgunt,

264 2097 356 2128 iugiter
376 2096 413 2121 est
432 2095 604 2120 claudendum.
626 2095 735 2124 Tempus
748 2094 813 2118 enim
829 2093 962 2124 loquendi,
982 2094 1006 2117 et
1019 2094 1115 2123 tempus

266 2140 367 2164 tacendi
380 2137 397 2162 ⁷.
418 2138 470 2163 Nec
488 2138 570 2162 minus
590 2137 675 2168 peccat
700 2137 721 2161 is
746 2137 788 2167 qui
812 2136 914 2160 verbum
939 2135 1067 2159 subtrahit
1090 2136 1115 2159 in

265 2182 375 2213 tempore
395 2181 547 2212 opportuno,
567 2187 641 2211 quam
660 2180 701 2211 qui
722 2187 800 2210 prava
818 2178 939 2209 loquendo
958 2179 1020 2203 alios
1045 2185 1116 2202 scan-

265 2225 365 2250 dalizat.
385 2224 466 2249 Nimis
487 2224 549 2248 enim
570 2223 669 2247 videtur
687 2222 712 2247 et
730 2229 822 2246 avarus
842 2229 894 2246 esse
914 2221 938 2245 et
957 2221 1055 2245 invidus
1074 2221 1116 2252 qui

266 2268 342 2293 verba
360 2267 441 2299 gratis
460 2266 546 2291 habita
565 2266 596 2290 ad
615 2265 751 2290 utilitatem
772 2265 939 2296 proximorum
952 2263 1058 2295 negligit
1070 2264 1117 2287 mi-

266 2311 383 2336 nistrare.
403 2310 505 2340 Quando
530 2310 594 2334 enim
618 2308 693 2340 putas
717 2316 772 2333 eum
796 2308 963 2332 substantiam
989 2307 1116 2338 propriam

266 2354 387 2385 indigenti
408 2354 517 2385 proximo
536 2352 701 2383 largiturum,
726 2359 787 2382 quae
811 2351 890 2375 divisa
914 2351 1049 2379 minuitur,
1075 2351 1116 2381 qui

700 209 896 237 OPUSCULUM
919 209 948 236 X.
973 208 1057 237 VlTlS
1079 208 1228 236 MYSTICA.
1250 209 1512 239 ADDITAMENTUM
1535 210 1575 238 lv.

1167 287 1243 311 verba
1262 295 1389 319 nunquam
1408 288 1547 313 deficientia
1565 296 1613 314 non
1633 289 1760 320 largitur?
1778 290 1860 314 Ponat
1884 298 1942 322 ergo
1968 290 2017 315 Do-

1168 330 1250 354 minus
1270 330 1412 355 custodiam
1426 331 1466 355 ori
1478 331 1579 360 nostro,
1593 331 1622 356 ut
1635 333 1756 361 sciamuS,
1770 333 1867 364 quando
1881 333 1906 357 et
1919 333 2016 364 qualem

1167 372 1299 397 debeamus
1328 373 1438 404 proferre
1464 382 1614 404 sermonem;
1640 376 1663 399 et
1688 376 1781 400 ostium
1809 376 2017 400 circumstantiae

1168 415 1246 439 labiis
1265 415 1372 445 nostris,
1393 416 1421 440 ut
1439 416 1476 441 ita
1494 424 1543 441 non
1560 417 1639 442 solum
1653 418 1795 448 aperiatur,
1809 418 1851 442 sed
1864 418 1939 443 etiam
1952 419 2016 443 clau-

1168 457 1243 482 datur
1262 459 1287 482 in
1307 458 1431 490 tempore,
1451 460 1480 484 ut
1499 460 1587 485 neutro
1608 461 1773 491 offendamus,
1794 461 1835 486 sed
1858 462 2016 492 superposita

1168 500 1366 531 apostematibus
1385 501 1523 526 animarum
1538 502 1693 527 infirmarum
1707 503 1783 528 verba
1796 504 1883 528 nostra
1896 503 2016 535 tanquam

1168 542 1227 567 folia
1246 543 1355 568 liliorum
1372 544 1465 569 saniem
1485 545 1616 574 vitiorum,
1636 545 1740 571 Domino
1757 546 1904 575 adiuvante,
1918 546 2017 571 eiiciant

1168 585 1193 610 et
1211 586 1335 611 virtutum
1354 587 1419 611 vires
1439 588 1540 612 valeant
1559 588 1666 612 inserere
1685 589 1799 613 cordibus
1817 589 1958 614 auditorum
1972 589 1989 613 Β.

1490 673 1573 697 CAPUT
1593 673 1698 698 XXVII.

1222 758 1262 782 Dc
1280 757 1352 788 foliis
1372 759 1422 783 titii
1441 758 1607 789 inferioribus
1627 761 1651 784 ct
1668 760 1859 791 superioribus,
1878 768 1923 785 seu
1941 761 1970 785 de

1335 801 1481 832 frequentia
1500 803 1523 826 et
1537 803 1669 833 parcitate
1687 803 1821 827 verborum
1834 801 1852 827 ⁹.

1240 887 1282 911 88.
1305 887 1368 916 Quid
1392 888 1431 912 est
1453 887 1550 918 autem,
1577 888 1641 919 quod
1665 889 1721 919 ipsa
1745 888 1805 913 felia
1829 889 1898 913 iuxta
1923 889 2017 914 terram

1168 930 1262 955 maiora
1282 930 1342 954 sunt
1360 931 1385 955 et
1405 931 1488 961 plura,
1510 931 1624 962 superius
1644 939 1701 956 vero
1721 932 1837 962 pauciora
1862 932 1887 957 et
1909 933 2016 962 minora,

1168 973 1216 998 nisi
1235 973 1300 1004 quod
1318 974 1367 998 viri
1385 974 1458 1010 iusti,
1479 974 1504 998 et
1523 975 1654 1005 praecipue
1677 975 1798 1006 virgines,
1825 975 1918 1006 quante
1941 975 2018 1000 altius

1168 1017 1306 1041 ascendunt
1324 1017 1355 1041 ad
1374 1017 1471 1041 culmen
1490 1017 1627 1046 virtutum,
1648 1017 1754 1042 terrenis
1779 1014 1970 1049 cogitatidnibus
1993 1018 2018 1043 et

1167 1060 1347 1091 cupiditatibus
1365 1060 1431 1084 infra
1450 1060 1556 1089 relictis,
1577 1060 1649 1085 tanto
1668 1061 1876 1091 disciplinatiores
1896 1061 1921 1086 et
1946 1061 2017 1086 tanto

1169 1103 1293 1133 parciores
1313 1110 1365 1127 esse
1384 1102 1474 1127 debent
1493 1103 1518 1127 in
1544 1102 1645 1127 verbis?
1670 1103 1718 1127 Per
1741 1103 1928 1128 diminutionem
1954 1104 2019 1128 enim

1168 1145 1283 1170 foliorum
1296 1146 1321 1169 in
1342 1146 1467 1176 superiore
1480 1145 1552 1176 parte
1565 1145 1696 1176 disciplina
1709 1146 1841 1170 verborum
1853 1146 2018 1177 intelligitur,

1168 1188 1226 1219 quia
1245 1188 1396 1219 disciplinati
1423 1189 1512 1219 quique
1537 1189 1608 1219 quasi
1632 1188 1811 1213 circumcidunt
1835 1189 1860 1213 et
1883 1188 2019 1214 extenuant

1168 1231 1244 1255 verba
1264 1238 1320 1260 sua,
1340 1239 1371 1255 ne
1390 1231 1448 1262 quid
1467 1231 1492 1255 in
1512 1231 1546 1255 013
1566 1231 1698 1262 pudicitiae
1711 1231 1751 1256 vel
1763 1231 1907 1262 disciplinae
1920 1232 2020 1256 coutra-

1168 1275 1233 1298 rium
1252 1274 1336 1298 valeat
1355 1275 1474 1304 inveniri,
1495 1282 1557 1305 quae
1576 1274 1755 1305 indisciplinati
1774 1275 1799 1299 et
1818 1275 1905 1306 turpes
1930 1275 2019 1306 quique

1169 1318 1235 1342 omni
1253 1317 1384 1342 honestate
1404 1317 1528 1347 carentia,
1549 1317 1650 1349 turgida
1668 1318 1693 1342 et
1711 1318 1800 1342 inflata
1819 1318 1946 1342 emittunt.
1971 1318 2019 1343 Per

1169 1361 1321 1392 paucitatem
1340 1368 1397 1385 vero
1416 1361 1532 1385 foliorum
1550 1361 1682 1386 verborum
1708 1361 1821 1392 paucitas
1845 1362 2019 1386 convenienter

1169 1405 1304 1435 accipitur;
1330 1405 1367 1429 cui
1393 1412 1477 1429 omnes
1502 1404 1559 1429 boni
1584 1405 1655 1429 tanto
1681 1405 1761 1436 magis
1787 1405 1900 1434 student,
1925 1405 2018 1436 quanto

1169 1447 1294 1471 virtutum
1313 1447 1415 1471 culmini
1428 1445 1447 1458 ¹⁰
1460 1448 1590 1471 viciniores
1609 1447 1727 1472 existunt.
1741 1447 1810 1471 Unde
1824 1447 1852 1472 de
1871 1447 1950 1472 fratre
1962 1455 2019 1479 quo-

1169 1490 1240 1519 dam,
1260 1490 1303 1521 qui
1321 1490 1412 1514 discere
1432 1490 1531 1515 volebat
1544 1490 1569 1514 et
1582 1490 1653 1521 quasi
1666 1490 1691 1514 in
1705 1497 1777 1515 usum
1792 1490 1905 1515 reducere
1918 1491 2018 1522 linguae

1169 1534 1329 1562 coercionem,
1349 1534 1442 1564 legitur
1455 1531 1482 1562 ¹¹,
1497 1533 1561 1564 quod
1574 1533 1696 1564 quendam
1708 1533 1815 1564 lapidem
1829 1541 1873 1564 per
1885 1533 2020 1558 triennium

1170 1576 1288 1607 portabat
1307 1576 1333 1600 in
1352 1583 1407 1605 ore;
1432 1576 1461 1600 de
1479 1576 1528 1600 alio
1551 1583 1623 1605 vero,
1649 1576 1715 1607 quod
1739 1576 1846 1607 triginta
1870 1583 1949 1601 annos
1971 1583 2021 1601 non

1170 1618 1253 1643 fuerat
1277 1618 1376 1643 locutus
1402 1619 1545 1650 quidquam.
1565 1618 1682 1643 Videmus
1701 1618 1783 1643 autem
1803 1619 1947 1650 plerosque,
1967 1619 2020 1650 qui,

1171 1663 1229 1686 dum
1249 1663 1274 1686 in
1295 1662 1415 1693 principio
1435 1662 1491 1687 boni
1511 1662 1631 1693 propositi
1652 1662 1712 1686 sunt
1730 1662 1755 1686 et
1767 1662 1848 1687 adhuc
1861 1663 1932 1693 quasi
1945 1662 2019 1686 vicini

1170 1706 1266 1735 terrae,
1296 1705 1404 1736 pristina
1432 1705 1499 1729 ducti
1525 1705 1715 1734 consuetudine,
1739 1712 1783 1729 nec
1808 1705 1951 1730 modestiam
1977 1712 2021 1729 nec

1171 1748 1322 1779 paucitatem
1342 1748 1473 1773 verborum
1493 1748 1579 1772 valent
1598 1748 1742 1777 observare,
1762 1755 1867 1779 quorum
1885 1748 1961 1772 verba
1980 1748 2022 1772 de-

1171 1792 1305 1823 signantur
1325 1799 1368 1823 per
1387 1791 1446 1816 folia
1464 1792 1511 1816 lilii
1529 1792 1599 1816 iuxta
1612 1791 1718 1821 terram3
1733 1791 1878 1822 procedente
1891 1798 1948 1816 vero
1962 1791 2021 1816 tem-

1172 1840 1243 1866 pore,
1263 1835 1395 1866 gratiaque
1414 1835 1554 1865 accedente,
1575 1835 1707 1859 secundum
1719 1835 1866 1866 —profoctum
1885 1842 1956 1859 suum
1974 1842 2022 1860 mo-

1171 1878 1291 1903 derantur
1310 1878 1386 1902 verba
1399 1878 1549 1909 studentque
1562 1878 1674 1907 silentio,
1688 1877 1724 1902 ita
1737 1877 1766 1902 ut
1779 1885 1827 1902 non
1841 1877 1919 1902 solum
1935 1885 2020 1908 prava,

1172 1921 1214 1945 sed
1233 1921 1308 1945 etiam
1328 1921 1407 1946 otiosa
1426 1921 1545 1945 devitent.

1243 1964 1285 1988 89.
1305 1964 1350 1988 Cui
1367 1964 1450 1988 autem
1469 1964 1589 1989 bonorum
1609 1963 1688 1988 statui
1700 1964 1720 1977 ¹²
1739 1963 1827 1988 melius
1850 1963 1968 1994 competit
1987 1963 2020 1988 di-

1172 2007 1278 2037 sciplina
1296 2007 1322 2031 et
1341 2006 1454 2038 paucitas
1473 2006 1604 2031 verborum
1624 2014 1699 2037 quain
1718 2006 1809 2037 virgini
1823 2006 1935 2035 Christi?
1954 2006 2020 2030 Nam

1172 2050 1193 2074 si
1212 2051 1278 2075 omni
1297 2050 1390 2074 homini
1409 2050 1545 2074 christiano
1563 2049 1728 2080 praecipitur,
1743 2049 1772 2073 ut
1784 2056 1828 2073 nec
1841 2049 2022 2080 turpiloquium

1172 2100 1216 2117 nec
1234 2092 1384 2117 scurrilitas
1404 2092 1520 2123 procedat
1539 2099 1568 2116 ex
1586 2099 1627 2116 ore
1646 2099 1743 2121 eorum,
1764 2092 1809 2116 sest
1825 2092 1909 2123 magis
1920 2092 2022 2123 qratia-

1172 2142 1231 2160 rum
1245 2135 1311 2159 aetio
1325 2133 1358 2165 ¹³,·
1377 2134 1471 2166 quanto
1484 2135 1564 2165 magis
1578 2135 1647 2166 virgo
1662 2142 1732 2158 suam
1752 2134 1857 2159 Domino
1877 2134 2020 2165 pudicitiam

1172 2185 1319 2203 consecrans
1346 2177 1377 2202 ab
1406 2177 1518 2202 omnibus
1543 2177 1616 2202 debet
1643 2177 1760 2208 turpibus
1784 2177 1928 2202 abstinere?
1955 2178 2021 2207 Quae

1174 2229 1244 2246 suam
1264 2221 1349 2252 procul
1368 2220 1441 2245 dubio
1461 2220 1607 2251 pudicitiam
1624 2228 1673 2245 non
1692 2220 1796 2245 violavit
1820 2220 1892 2245 tanto
1917 2221 2022 2246 maiores

1173 2264 1245 2288 debet
1264 2264 1368 2288 Domino
1387 2263 1487 2288 reddere
1507 2263 1647 2295 gratiarum
1661 2262 1783 2292 actiones,
1798 2262 1891 2294 quanto
1905 2264 2022 2288 maiorem

1174 2307 1211 2331 est
1230 2307 1338 2338 gratiam
1358 2306 1497 2331 consecuta.
1517 2306 1599 2331 Bonos
1618 2306 1683 2330 enim
1696 2307 1807 2337 virgines
1820 2313 1884 2336 esse,
1899 2314 2022 2331 summum

1174 2350 1265 2375 bonum
1285 2350 1323 2374 est
1349 2350 1374 2374 et
1398 2357 1495 2373 summa
1519 2349 1616 2380 gratia,
1642 2349 1700 2380 quia
1724 2349 1750 2374 hi
1775 2349 1855 2374 solum
1878 2350 2022 2380 sequuntur

333 2573 339 2586 ⁸
359 2575 388 2596 lta
407 2574 439 2600 A;
457 2574 494 2596 ed.
517 2575 521 2594 1
544 2576 565 2595 et
583 2574 637 2595 Bon.
655 2573 676 2596 si
693 2572 786 2602 quictem.
806 2572 915 2595 volumus
941 2578 990 2595 esse
1012 2578 1069 2595 cera
1092 2571 1115 2594 ti-

269 2605 311 2632 lia,
334 2611 395 2634 qliae
413 2604 482 2627 rerba
500 2606 606 2627 veterum
624 2604 773 2627 canticorum
790 2610 838 2626 71011
855 2603 948 2626 hubent.

332 2636 340 2648 ²
359 2638 433 2664 Supra
452 2637 475 2658 in
492 2636 651 2658 additamento
668 2637 695 2663 ll,
714 2636 742 2658 ad
760 2635 824 2664 quod
845 2635 913 2657 etlam
932 2635 953 2657 iu
971 2635 1015 2657 sine
1034 2641 1117 2663 propo-

269 2668 358 2690 sitionis
375 2674 424 2696 seq.
441 2668 570 2695 respicitur.

332 2699 341 2711 ³
360 2700 388 2721 110
407 2702 423 2721 Α
435 2708 440 2726 ;
459 2700 513 2721 Bon.
531 2705 584 2721 011111
596 2699 633 2721 cd.
647 2699 655 2720 'l
673 2698 762 2721 tuberis
774 2697 814 2720 sui
824 2697 1013 2727 uzugynduclinem
1026 2698 1048 2720 et
1059 2703 1117 2726 qna-

272 2730 373 2758 lztatem,
392 2731 478 2752 omisso
495 2730 593 2753 subinde
612 2731 649 2755 ut.
667 2729 688 2752 si
704 2729 846 2759 superbus...
865 2728 1036 2751 ministremus.

333 2761 342 2773 4
360 2761 406 2785 Csr.
424 2768 493 2790 supra
519 2762 605 2789 Opusc.
631 2762 668 2783 Vi.
693 2761 723 2783 de
749 2761 889 2783 Persectione
914 2761 974 2782 vitae
999 2760 1029 2782 ad
1055 2766 1116 2782 sero-

272 2799 320 2819 res,
338 2799 358 2815 c.
377 2793 398 2815 [1.

335 2823 343 2836 ⁵
362 2825 443 2846 Psalin.
462 2824 518 2851 llio,
536 2824 558 2846 3.

334 2854 344 2867 ⁶
362 2857 390 2878 lta
408 2856 441 2883 A,
459 2856 515 2878 Bon.
532 2862 585 2878 cum
603 2856 640 2877 ed.
659 2855 667 2877 11
689 2854 761 2878 verba
786 2854 856 2883 qzmsz'
879 2854 996 2883 quaedam
1018 2853 1115 2881 nuntia,

272 2887 311 2915 qui
329 2887 397 2909 ctiam
415 2887 510 2909 interius
528 2890 579 2914 post
595 2886 733 2909 nuntiantia
751 2886 915 2914 prosequitur:
938 2885 996 2915 quid
1018 2885 1116 2908 interius

272 2919 361 2947 afflatur
378 2917 403 2940 in
420 2917 502 2944 eorde,
520 2917 583 2947 quod.
599 2917 675 2941 verbis
692 2916 848 2947 prudentibus
866 2920 909 2939 etc.

336 2948 344 2961 ⁷
362 2950 435 2971 Eccle.
453 2950 479 2977 3,
496 2949 519 2971 7.
536 2961 567 2965 —
584 2949 687 2971 Subinde
704 2949 827 2976 respicitur
840 2950 906 2970 Prov.
920 2948 962 2975 15,
975 2948 1018 2970 23:
1036 2948 1116 2970 Sermo

273 2983 419 3008 opportunus
437 2983 471 3002 est
487 2980 595 3008 optimus.

336 3010 344 3023 Β
363 3012 435 3038 1111Α;
454 3012 508 3034 Bon.
525 3018 579 3034 cum
597 3011 633 3033 ed.
655 3012 659 3033 1
683 3010 786 3034 inserere
802 3010 960 3033 auditoribus.

1236 2570 1245 2583 ⁹
1264 2572 1318 2593 Bon.
1337 2571 1420 2593 omittit
1437 2576 1477 2593 seu
1496 2570 1545 2592 ste...
1566 2569 1710 2597 rerborum;
1728 2569 1746 2591 A
1764 2569 1819 2596 legit
1831 2569 1863 2591 De
1874 2568 1937 2598 foliis
1950 2568 2019 2591 aazia

1174 2604 1273 2626 terrum.

1238 2633 1256 2646 ¹⁰
1275 2635 1302 2656 lta
1321 2635 1354 2660 Α;
1372 2633 1410 2655 ed.
1428 2634 1436 2654 1
1459 2636 1481 2655 01
1498 2633 1554 2654 Bon.
1572 2633 1660 2661 quanto
1678 2631 1794 2654 virtutum.
1812 2630 1927 2654 culturae.

1237 2664 1255 2677 ¹¹
1274 2665 1320 2688 Csr.
1336 2671 1406 2692 supra
1424 2671 1479 2692 pag.
1498 2664 1554 2691 1116,
1572 2666 1626 2685 nota
1648 2664 1681 2685 10.
1699 2664 1741 2685 Pro
1766 2662 1793 2685 de
1817 2662 1894 2691 fratre
1917 2661 2021 2691 quodam

1175 2698 1229 2719 Bon.
1242 2696 1269 2719 dt·
1281 2696 1363 2719 abbate
1375 2696 1479 2725 quodam
1491 2695 1639 2723 (Agathone).
1651 2707 1682 2710 —
1696 2695 1727 2716 Dc
1738 2693 1822 2716 abbate
1835 2694 1940 2723 Theona,
1957 2701 1968 2713 α
1980 2694 2020 2722 qui

1173 2731 1279 2756 tempore
1296 2728 1388 2756 triginta
1405 2733 1518 2750 annorum
1536 2726 1650 2748 silentium
1669 2728 1834 2753 exercuerat»,
1852 2725 1906 2747 vide
1919 2725 1972 2746 Vlll.
1991 2725 2020 2747 de

1174 2760 1231 2782 Vitis
1249 2760 1354 2786 Petrum,
1373 2765 1391 2781 c.
1410 2759 1450 2781 50.
1467 2758 1570 2787 (Palladii
1587 2757 1685 2779 Historia
1703 2757 1825 2784 Lausiaca,
1851 2756 1890 2785 qui
1916 2756 2020 2784 sequitur

1173 2791 1296 2817 Rufinum,
1315 2790 1397 2812 Hister.
1415 2791 1517 2812 Monach.
1536 2795 1556 2811 e.
1574 2789 1614 2817 6,),
1630 2800 1661 2805 —-
1678 2788 1790 2816 Superius
1809 2794 1850 2815 pro
1874 2786 2019 2810 coercionem

1175 2822 1214 2851 (ita
1231 2823 1258 2849 Α)
1277 2822 1334 2844 Bon.
1351 2828 1404 2843 ‹Jum
1422 2822 1458 2843 ed.
1481 2822 1485 2842 1
1508 2820 1689 2847 correctionem,
1710 2826 1722 2841 a
1740 2819 1826 2848 quibus
1837 2819 1905 2841 etiam
1924 2818 2019 2841 interius

1174 2860 1217 2881 pro
1241 2853 1348 2876 Videmus
1365 2854 1446 2876 autem
1460 2852 1588 2882 pterosque
1605 2851 1751 2874 substituitur
1773 2850 1882 2873 Videmus
1897 2849 1988 2879 plures.

1237 2884 1256 2897 ¹²
1274 2884 1330 2907 Cod.
1348 2885 1366 2906 Α
1383 2884 1466 2906 omittit
1482 2882 1563 2906 statut.

1237 2915 1256 2927 ¹³
1275 2916 1332 2943 Epli.
1349 2915 1376 2942 5,
1396 2915 1417 2937 [ι.
1435 2927 1466 2931 -
1484 2915 1578 2936 inferius
1595 2913 1667 2936 secuti
1684 2919 1765 2935 sumus
1782 2914 1812 2940 Α,
1826 2913 1880 2935 dum
1894 2913 1950 2934 Bon.
1966 2918 2019 2933 cum

1174 2946 1211 2969 ed.
1233 2947 1237 2968 1
1260 2953 1302 2974 pro
1319 2953 1390 2970 suam
1409 2945 1507 2969 Domino
1526 2945 1643 2968 substituit
1667 2950 1711 2967 suo
1737 2944 1851 2971 Domino,
1874 2942 2019 2972 temporibus

1174 2984 1217 3006 pro
1235 2977 1358 3007 turpibus,
1378 2977 1425 3005 Qui
1439 2983 1510 3000 suam
1528 2983 1571 3004 pro
1590 2976 1656 3004 Quae
1671 2982 1749 2999 suum.

2035 976 2108 996 Notand
2115 993 2119 998 .

2038 1448 2112 1472 Exempl
2121 1462 2127 1468 .

2036 1966 2117 1985 Hor-tatic
2124 1952 2130 1988 1

2053 1989 2117 2013 virgini
2123 1979 2125 2024 1

2124 2027 2125 2037 l

2125 2079 2126 2092 1

2125 2116 2127 2127 l
