<?xml version="1.0" encoding="UTF-8"?>
<!DOCTYPE html PUBLIC "-//W3C//DTD XHTML 1.0 Transitional//EN"
    "http://www.w3.org/TR/xhtml1/DTD/xhtml1-transitional.dtd">
<html xmlns="http://www.w3.org/1999/xhtml" xml:lang="en" lang="en">
 <head>
  <title>
</title>
<meta http-equiv="Content-Type" content="text/html;charset=utf-8" />
  <meta name='ocr-system' content='tesseract 3.04.00' />
  <meta name='ocr-capabilities' content='ocr_page ocr_carea ocr_par ocr_line ocrx_word'/>
</head>
<body>
  <div class='ocr_page' id='page_1' title='image "./doctorisseraphic08bona_0730.png"; bbox 0 0 2133 3317; ppageno 0'>
   <div class='ocr_carea' id='block_1_1' title="bbox 256 230 1578 264">
    <p class='ocr_par' dir='ltr' id='par_1_1' title="bbox 256 230 1578 264">
     <span class='ocr_line' id='line_1_1' title="bbox 256 230 1578 264; baseline -0.005 0"><span class='ocrx_word' id='word_1_1' title='bbox 256 236 312 264; x_wconf 73' lang='lat'>598</span> <span class='ocrx_word' id='word_1_2' title='bbox 686 232 883 261; x_wconf 84' lang='lat' dir='ltr'>OPUSCULUM</span> <span class='ocrx_word' id='word_1_3' title='bbox 905 231 923 259; x_wconf 94' lang='lat' dir='ltr'>I.</span> <span class='ocrx_word' id='word_1_4' title='bbox 946 231 1117 260; x_wconf 83' lang='lat' dir='ltr'>SPECULUM</span> <span class='ocrx_word' id='word_1_5' title='bbox 1138 230 1346 259; x_wconf 73' lang='lat' dir='ltr'>DISCIPLlNAE.</span> <span class='ocrx_word' id='word_1_6' title='bbox 1369 231 1450 259; x_wconf 74' lang='lat' dir='ltr'>PARS</span> <span class='ocrx_word' id='word_1_7' title='bbox 1471 230 1578 259; x_wconf 70' lang='lat' dir='ltr'>PRIMA.</span> 
     </span>
    </p>
   </div>
   <div class='ocr_carea' id='block_1_2' title="bbox 115 309 2130 1121">
    <p class='ocr_par' dir='ltr' id='par_1_2' title="bbox 115 309 2130 1121">
     <span class='ocr_line' id='line_1_2' title="bbox 256 309 2129 345; baseline -0.002 -6"><span class='ocrx_word' id='word_1_8' title='bbox 256 321 302 345; x_wconf 91' lang='lat' dir='ltr'>pro</span> <span class='ocrx_word' id='word_1_9' title='bbox 330 313 481 339; x_wconf 72' lang='lat' dir='ltr'>authenticis</span> <span class='ocrx_word' id='word_1_10' title='bbox 508 320 587 344; x_wconf 79' lang='lat' dir='ltr'>Vaga,</span> <span class='ocrx_word' id='word_1_11' title='bbox 614 319 659 343; x_wconf 88' lang='lat' dir='ltr'>pro</span> <span class='ocrx_word' id='word_1_12' title='bbox 686 312 833 337; x_wconf 86' lang='lat' dir='ltr'>necessariis</span> <span class='ocrx_word' id='word_1_13' title='bbox 860 311 958 336; x_wconf 85' lang='lat' dir='ltr'>curiosa</span> <span class='ocrx_word' id='word_1_14' title='bbox 986 310 1106 335; x_wconf 76' lang='lat' dir='ltr'>inducat?</span> <span class='ocrx_word' id='word_1_15' title='bbox 1233 310 1258 334; x_wconf 87' lang='lat'>2.</span> <span class='ocrx_word' id='word_1_16' title='bbox 1277 310 1456 335; x_wconf 70' lang='lat' dir='ltr'>Reuerentiam</span> <span class='ocrx_word' id='word_1_17' title='bbox 1474 309 1564 334; x_wconf 87' lang='lat' dir='ltr'>debent</span> <span class='ocrx_word' id='word_1_18' title='bbox 1584 309 1693 334; x_wconf 89' lang='lat' dir='ltr'>ministri</span> <span class='ocrx_word' id='word_1_19' title='bbox 1712 309 1801 333; x_wconf 82' lang='lat' dir='ltr'>altaris</span> <span class='ocrx_word' id='word_1_20' title='bbox 1814 309 1866 334; x_wconf 89' lang='lat' dir='ltr'>tam</span> <span class='ocrx_word' id='word_1_21' title='bbox 1880 310 1911 334; x_wconf 85' lang='lat' dir='ltr'>ad</span> <span class='ocrx_word' id='word_1_22' title='bbox 1929 317 2013 335; x_wconf 81' lang='lat' dir='ltr'>sacer·</span> <span class='ocrx_word' id='word_1_23' title='bbox 2032 317 2058 343; x_wconf 75' lang='lat' dir='ltr'>oe</span> <span class='ocrx_word' id='word_1_24' title='bbox 2071 323 2129 338; x_wconf 78' lang='lat' dir='ltr'>rever.</span> 
     </span>
     <span class='ocr_line' id='line_1_3' title="bbox 257 342 2130 388; baseline -0.001 -7"><span class='ocrx_word' id='word_1_25' title='bbox 257 357 313 382; x_wconf 86' lang='lat' dir='ltr'>Sint</span> <span class='ocrx_word' id='word_1_26' title='bbox 331 357 410 388; x_wconf 81' lang='lat' dir='ltr'>igitur</span> <span class='ocrx_word' id='word_1_27' title='bbox 429 355 573 381; x_wconf 87' lang='lat' dir='ltr'>sanctorum</span> <span class='ocrx_word' id='word_1_28' title='bbox 592 355 666 380; x_wconf 86' lang='lat' dir='ltr'>officii</span> <span class='ocrx_word' id='word_1_29' title='bbox 694 354 849 379; x_wconf 87' lang='lat' dir='ltr'>conditorum</span> <span class='ocrx_word' id='word_1_30' title='bbox 868 354 957 379; x_wconf 88' lang='lat' dir='ltr'>devota</span> <span class='ocrx_word' id='word_1_31' title='bbox 976 354 1001 378; x_wconf 87' lang='lat' dir='ltr'>et</span> <span class='ocrx_word' id='word_1_32' title='bbox 1020 354 1105 378; x_wconf 88' lang='lat' dir='ltr'>stabili</span> <span class='ocrx_word' id='word_1_33' title='bbox 1163 352 1245 377; x_wconf 72' lang='lat' dir='ltr'>dotem</span> <span class='ocrx_word' id='word_1_34' title='bbox 1263 360 1338 384; x_wconf 88' lang='lat' dir='ltr'>quam</span> <span class='ocrx_word' id='word_1_35' title='bbox 1357 353 1388 377; x_wconf 91' lang='lat' dir='ltr'>ad</span> <span class='ocrx_word' id='word_1_36' title='bbox 1407 353 1580 378; x_wconf 77' lang='lat' dir='ltr'>ministeriam</span> <span class='ocrx_word' id='word_1_37' title='bbox 1600 353 1625 377; x_wconf 88' lang='lat' dir='ltr'>et</span> <span class='ocrx_word' id='word_1_38' title='bbox 1643 360 1683 377; x_wconf 81' lang='lat' dir='ltr'>res</span> <span class='ocrx_word' id='word_1_39' title='bbox 1703 352 1778 377; x_wconf 86' lang='lat' dir='ltr'>etiam</span> <span class='ocrx_word' id='word_1_40' title='bbox 1798 352 1827 377; x_wconf 76' lang='lat' dir='ltr'>cle</span> <span class='ocrx_word' id='word_1_41' title='bbox 1840 342 2130 385; x_wconf 49' lang='grc' dir='ltr'>111·011ίν1(]1ιι)ῧξιξ,ἕιῐέξῗέζξ]Α</span> 
     </span>
     <span class='ocr_line' id='line_1_4' title="bbox 256 395 2013 428; baseline -0.002 -3"><span class='ocrx_word' id='word_1_42' title='bbox 256 400 411 425; x_wconf 86' lang='lat' dir='ltr'>ordinatione</span> <span class='ocrx_word' id='word_1_43' title='bbox 430 398 553 428; x_wconf 86' lang='lat' dir='ltr'>contenti,</span> <span class='ocrx_word' id='word_1_44' title='bbox 568 398 631 423; x_wconf 82' lang='lat' dir='ltr'>nihil</span> <span class='ocrx_word' id='word_1_45' title='bbox 651 405 735 423; x_wconf 85' lang='lat' dir='ltr'>eorum</span> <span class='ocrx_word' id='word_1_46' title='bbox 753 397 794 422; x_wconf 86' lang='lat' dir='ltr'>vel</span> <span class='ocrx_word' id='word_1_47' title='bbox 807 397 931 422; x_wconf 90' lang='lat' dir='ltr'>communi</span> <span class='ocrx_word' id='word_1_48' title='bbox 949 397 1048 422; x_wconf 80' lang='lat' dir='ltr'>Ordinis</span> <span class='ocrx_word' id='word_1_49' title='bbox 1067 398 1106 421; x_wconf 92' lang='lat' dir='ltr'>in-</span> <span class='ocrx_word' id='word_1_50' title='bbox 1163 395 1198 420; x_wconf 74' lang='lat' dir='ltr'>aa</span> <span class='ocrx_word' id='word_1_51' title='bbox 1217 396 1300 427; x_wconf 73' lang='lat' dir='ltr'>ipsam</span> <span class='ocrx_word' id='word_1_52' title='bbox 1318 396 1494 421; x_wconf 69' lang='lat' dir='ltr'>ministerium</span> <span class='ocrx_word' id='word_1_53' title='bbox 1508 396 1666 426; x_wconf 70' lang='lat' dir='ltr'><em>pertinentes</em></span> <span class='ocrx_word' id='word_1_54' title='bbox 1685 395 1784 420; x_wconf 85' lang='lat' dir='ltr'>habere.</span> <span class='ocrx_word' id='word_1_55' title='bbox 1805 396 1876 420; x_wconf 87' lang='lat' dir='ltr'>Circa</span> <span class='ocrx_word' id='word_1_56' title='bbox 1894 397 2013 422; x_wconf 78' lang='lat' dir='ltr'>sacerdo-</span> 
     </span>
     <span class='ocr_line' id='line_1_5' title="bbox 256 439 2013 473; baseline -0.001 -7"><span class='ocrx_word' id='word_1_57' title='bbox 256 442 383 467; x_wconf 87' lang='lat' dir='ltr'>stitutioni</span> <span class='ocrx_word' id='word_1_58' title='bbox 401 442 572 473; x_wconf 71' lang='lat' dir='ltr'>praeponant,</span> <span class='ocrx_word' id='word_1_59' title='bbox 593 440 777 473; x_wconf 88' lang='lat' dir='ltr'>quantumlibet</span> <span class='ocrx_word' id='word_1_60' title='bbox 805 441 897 465; x_wconf 87' lang='lat' dir='ltr'>serium</span> <span class='ocrx_word' id='word_1_61' title='bbox 925 440 950 465; x_wconf 88' lang='lat' dir='ltr'>et</span> <span class='ocrx_word' id='word_1_62' title='bbox 975 440 1105 470; x_wconf 82' lang='lat' dir='ltr'>devotum,</span> <span class='ocrx_word' id='word_1_63' title='bbox 1164 439 1226 470; x_wconf 69' lang='lat' dir='ltr'>tent,</span> <span class='ocrx_word' id='word_1_64' title='bbox 1247 439 1276 463; x_wconf 89' lang='lat' dir='ltr'>ut</span> <span class='ocrx_word' id='word_1_65' title='bbox 1295 439 1393 470; x_wconf 87' lang='lat' dir='ltr'>quando</span> <span class='ocrx_word' id='word_1_66' title='bbox 1413 446 1495 463; x_wconf 89' lang='lat' dir='ltr'>secum</span> <span class='ocrx_word' id='word_1_67' title='bbox 1515 439 1591 463; x_wconf 85' lang='lat' dir='ltr'>altari</span> <span class='ocrx_word' id='word_1_68' title='bbox 1604 439 1742 468; x_wconf 83' lang='lat' dir='ltr'>assistunt,</span> <span class='ocrx_word' id='word_1_69' title='bbox 1763 446 1808 470; x_wconf 87' lang='lat' dir='ltr'>per</span> <span class='ocrx_word' id='word_1_70' title='bbox 1829 439 2013 471; x_wconf 84' lang='lat' dir='ltr'>aliquantulam</span> 
     </span>
     <span class='ocr_line' id='line_1_6' title="bbox 255 482 2013 517; baseline -0.001 -7"><span class='ocrx_word' id='word_1_71' title='bbox 255 493 299 511; x_wconf 88' lang='lat' dir='ltr'>nec</span> <span class='ocrx_word' id='word_1_72' title='bbox 317 485 492 517; x_wconf 87' lang='lat' dir='ltr'>desipientium</span> <span class='ocrx_word' id='word_1_73' title='bbox 511 492 578 510; x_wconf 88' lang='lat' dir='ltr'>more</span> <span class='ocrx_word' id='word_1_74' title='bbox 597 484 733 510; x_wconf 89' lang='lat' dir='ltr'>stultorum</span> <span class='ocrx_word' id='word_1_75' title='bbox 753 484 861 509; x_wconf 81' lang='lat' dir='ltr'>Graecas</span> <span class='ocrx_word' id='word_1_76' title='bbox 874 484 968 515; x_wconf 79' lang='lat' dir='ltr'>glorias</span> <span class='ocrx_word' id='word_1_77' title='bbox 981 484 1107 509; x_wconf 80' lang='grc'><strong>0011111100-</strong></span> <span class='ocrx_word' id='word_1_78' title='bbox 1162 482 1252 513; x_wconf 85' lang='lat' dir='ltr'>capitis</span> <span class='ocrx_word' id='word_1_79' title='bbox 1280 482 1466 506; x_wconf 74' lang='lat' dir='ltr'>inclinationem</span> <span class='ocrx_word' id='word_1_80' title='bbox 1495 482 1520 506; x_wconf 87' lang='lat' dir='ltr'>et</span> <span class='ocrx_word' id='word_1_81' title='bbox 1546 482 1584 506; x_wconf 89' lang='lat' dir='ltr'>sui</span> <span class='ocrx_word' id='word_1_82' title='bbox 1612 482 1795 513; x_wconf 79' lang='lat' dir='ltr'>elongationem</span> <span class='ocrx_word' id='word_1_83' title='bbox 1823 482 1854 507; x_wconf 87' lang='lat' dir='ltr'>ab</span> <span class='ocrx_word' id='word_1_84' title='bbox 1874 490 1900 508; x_wconf 91' lang='lat' dir='ltr'>eo</span> <span class='ocrx_word' id='word_1_85' title='bbox 1920 490 1949 507; x_wconf 90' lang='lat' dir='ltr'>ac</span> <span class='ocrx_word' id='word_1_86' title='bbox 1968 490 2013 514; x_wconf 90' lang='lat' dir='ltr'>per</span> 
     </span>
     <span class='ocr_line' id='line_1_7' title="bbox 256 525 2124 565; baseline -0.001 -12"><span class='ocrx_word' id='word_1_87' title='bbox 256 528 298 553; x_wconf 86' lang='lat' dir='ltr'>tur</span> <span class='ocrx_word' id='word_1_88' title='bbox 310 528 327 552; x_wconf 89' lang='lat'>¹.</span> <span class='ocrx_word' id='word_1_89' title='bbox 346 529 449 553; x_wconf 85' lang='lat' dir='ltr'>Seneca:</span> <span class='ocrx_word' id='word_1_90' title='bbox 474 538 487 550; x_wconf 84' lang='lat'>‹&lt;</span> <span class='ocrx_word' id='word_1_91' title='bbox 500 528 556 553; x_wconf 87' lang='lat' dir='ltr'>Nisi</span> <span class='ocrx_word' id='word_1_92' title='bbox 576 528 683 559; x_wconf 81' lang='lat' dir='ltr'>sapienti</span> <span class='ocrx_word' id='word_1_93' title='bbox 703 535 748 552; x_wconf 89' lang='lat' dir='ltr'>sua</span> <span class='ocrx_word' id='word_1_94' title='bbox 761 534 811 553; x_wconf 86' lang='lat' dir='ltr'>non</span> <span class='ocrx_word' id='word_1_95' title='bbox 824 527 1032 558; x_wconf 78' lang='lat' dir='ltr'>placent301nnis</span> <span class='ocrx_word' id='word_1_96' title='bbox 1045 527 1106 552; x_wconf 91' lang='lat' dir='ltr'>stul·</span> <span class='ocrx_word' id='word_1_97' title='bbox 1162 526 1281 550; x_wconf 88' lang='lat' dir='ltr'>humilem</span> <span class='ocrx_word' id='word_1_98' title='bbox 1311 525 1389 550; x_wconf 89' lang='lat' dir='ltr'>debiti</span> <span class='ocrx_word' id='word_1_99' title='bbox 1421 525 1597 550; x_wconf 75' lang='lat' dir='ltr'>exhibitionem</span> <span class='ocrx_word' id='word_1_100' title='bbox 1625 525 1698 550; x_wconf 88' lang='lat' dir='ltr'>officii</span> <span class='ocrx_word' id='word_1_101' title='bbox 1730 527 1883 551; x_wconf 83' lang='lat' dir='ltr'>reverentiae</span> <span class='ocrx_word' id='word_1_102' title='bbox 1913 527 2013 558; x_wconf 80' lang='lat' dir='ltr'>signum</span> <span class='ocrx_word' id='word_1_103' title='bbox 2121 534 2124 565; x_wconf 55' lang='grc'>1</span> 
     </span>
     <span class='ocr_line' id='line_1_8' title="bbox 256 568 2013 601; baseline -0.001 -5"><span class='ocrx_word' id='word_1_104' title='bbox 256 572 314 597; x_wconf 89' lang='lat' dir='ltr'>titia</span> <span class='ocrx_word' id='word_1_105' title='bbox 332 572 432 597; x_wconf 89' lang='lat' dir='ltr'>laborat</span> <span class='ocrx_word' id='word_1_106' title='bbox 450 572 551 597; x_wconf 84' lang='lat' dir='ltr'>fastidio</span> <span class='ocrx_word' id='word_1_107' title='bbox 571 572 644 596; x_wconf 80' lang='lat' dir='ltr'>sni».</span> <span class='ocrx_word' id='word_1_108' title='bbox 1163 569 1304 594; x_wconf 78' lang='lat' dir='ltr'>ostendant.</span> <span class='ocrx_word' id='word_1_109' title='bbox 1325 569 1349 593; x_wconf 86' lang='lat' dir='ltr'>Si</span> <span class='ocrx_word' id='word_1_110' title='bbox 1376 576 1435 593; x_wconf 88' lang='lat' dir='ltr'>vero</span> <span class='ocrx_word' id='word_1_111' title='bbox 1461 568 1566 597; x_wconf 83' lang='lat' dir='ltr'>sederit,</span> <span class='ocrx_word' id='word_1_112' title='bbox 1592 569 1617 593; x_wconf 88' lang='lat' dir='ltr'>et</span> <span class='ocrx_word' id='word_1_113' title='bbox 1635 569 1683 599; x_wconf 89' lang='lat' dir='ltr'>ipsi</span> <span class='ocrx_word' id='word_1_114' title='bbox 1704 568 1803 593; x_wconf 84' lang='lat' dir='ltr'>tantum</span> <span class='ocrx_word' id='word_1_115' title='bbox 1822 570 1848 594; x_wconf 90' lang='lat' dir='ltr'>in</span> <span class='ocrx_word' id='word_1_116' title='bbox 1868 570 2013 601; x_wconf 85' lang='lat' dir='ltr'>superpelli-</span> 
     </span>
     <span class='ocr_line' id='line_1_9' title="bbox 329 611 2121 647; baseline -0.002 -7"><span class='ocrx_word' id='word_1_117' title='bbox 329 616 354 640; x_wconf 88' lang='lat'>6.</span> <span class='ocrx_word' id='word_1_118' title='bbox 375 616 485 647; x_wconf 76' lang='lat' dir='ltr'>Tempus</span> <span class='ocrx_word' id='word_1_119' title='bbox 503 622 599 647; x_wconf 86' lang='lat' dir='ltr'>quoque</span> <span class='ocrx_word' id='word_1_120' title='bbox 618 622 755 646; x_wconf 77' lang='lat' dir='ltr'>congruum</span> <span class='ocrx_word' id='word_1_121' title='bbox 775 614 876 639; x_wconf 87' lang='lat' dir='ltr'>servent</span> <span class='ocrx_word' id='word_1_122' title='bbox 895 621 940 639; x_wconf 85' lang='lat' dir='ltr'>nec</span> <span class='ocrx_word' id='word_1_123' title='bbox 953 614 1024 639; x_wconf 80' lang='lat' dir='ltr'>facile</span> <span class='ocrx_word' id='word_1_124' title='bbox 1037 621 1107 645; x_wconf 86' lang='lat' dir='ltr'>prae·</span> <span class='ocrx_word' id='word_1_125' title='bbox 1163 612 1207 636; x_wconf 90' lang='lat' dir='ltr'>ciis</span> <span class='ocrx_word' id='word_1_126' title='bbox 1226 611 1334 641; x_wconf 86' lang='lat' dir='ltr'>fuerint,</span> <span class='ocrx_word' id='word_1_127' title='bbox 1355 619 1511 643; x_wconf 84' lang='lat' dir='ltr'>nequaquam</span> <span class='ocrx_word' id='word_1_128' title='bbox 1531 611 1601 636; x_wconf 84' lang='lat' dir='ltr'>iuxta</span> <span class='ocrx_word' id='word_1_129' title='bbox 1628 612 1711 642; x_wconf 89' lang='lat' dir='ltr'>ipsum</span> <span class='ocrx_word' id='word_1_130' title='bbox 1730 612 1755 636; x_wconf 97' lang='grc'>111</span> <span class='ocrx_word' id='word_1_131' title='bbox 1775 612 1906 642; x_wconf 87' lang='lat' dir='ltr'>sedilibus,</span> <span class='ocrx_word' id='word_1_132' title='bbox 1926 613 2016 637; x_wconf 86' lang='lat' dir='ltr'>videli-</span> <span class='ocrx_word' id='word_1_133' title='bbox 2120 642 2121 647; x_wconf 15' lang='grc' dir='ltr'><strong>Ἰ</strong></span> 
     </span>
     <span class='ocr_line' id='line_1_10' title="bbox 115 652 2121 688; baseline -0.002 -3"><span class='ocrx_word' id='word_1_134' title='bbox 115 662 182 687; x_wconf 77' lang='lat' dir='ltr'>Quoad</span> <span class='ocrx_word' id='word_1_135' title='bbox 197 663 242 680; x_wconf 81' lang='lat' dir='ltr'>tem·</span> <span class='ocrx_word' id='word_1_136' title='bbox 256 659 295 685; x_wconf 87' lang='lat' dir='ltr'>ter</span> <span class='ocrx_word' id='word_1_137' title='bbox 313 659 486 684; x_wconf 86' lang='lat' dir='ltr'>necessitatem</span> <span class='ocrx_word' id='word_1_138' title='bbox 506 659 609 684; x_wconf 87' lang='lat' dir='ltr'>diurnas</span> <span class='ocrx_word' id='word_1_139' title='bbox 622 659 716 688; x_wconf 80' lang='lat' dir='ltr'>Horas,</span> <span class='ocrx_word' id='word_1_140' title='bbox 731 658 783 683; x_wconf 82' lang='lat' dir='ltr'>sive</span> <span class='ocrx_word' id='word_1_141' title='bbox 795 658 906 682; x_wconf 81' lang='lat' dir='ltr'>Primam</span> <span class='ocrx_word' id='word_1_142' title='bbox 926 658 977 683; x_wconf 83' lang='lat' dir='ltr'>sive</span> <span class='ocrx_word' id='word_1_143' title='bbox 997 657 1107 688; x_wconf 68' lang='grc'><strong>(301111110-</strong></span> <span class='ocrx_word' id='word_1_144' title='bbox 1163 655 1202 680; x_wconf 85' lang='lat' dir='ltr'>cet</span> <span class='ocrx_word' id='word_1_145' title='bbox 1221 655 1395 686; x_wconf 74' lang='lat' dir='ltr'>coaequalibus</span> <span class='ocrx_word' id='word_1_146' title='bbox 1416 655 1467 679; x_wconf 85' lang='lat' dir='ltr'>sedi</span> <span class='ocrx_word' id='word_1_147' title='bbox 1486 656 1552 685; x_wconf 88' lang='lat' dir='ltr'>eius,</span> <span class='ocrx_word' id='word_1_148' title='bbox 1573 655 1615 679; x_wconf 89' lang='lat' dir='ltr'>sed</span> <span class='ocrx_word' id='word_1_149' title='bbox 1635 655 1666 680; x_wconf 88' lang='lat' dir='ltr'>ad</span> <span class='ocrx_word' id='word_1_150' title='bbox 1695 655 1829 680; x_wconf 83' lang='lat' dir='ltr'>scabellum</span> <span class='ocrx_word' id='word_1_151' title='bbox 1849 656 1902 680; x_wconf 91' lang='lat' dir='ltr'>eius</span> <span class='ocrx_word' id='word_1_152' title='bbox 1922 655 2013 687; x_wconf 89' lang='lat' dir='ltr'>potius,</span> <span class='ocrx_word' id='word_1_153' title='bbox 2120 652 2121 685; x_wconf 58' lang='lat' dir='ltr'>l</span> 
     </span>
     <span class='ocr_line' id='line_1_11' title="bbox 156 690 2013 731; baseline 0.001 -8"><span class='ocrx_word' id='word_1_154' title='bbox 156 690 200 710; x_wconf 53' lang='grc' dir='ltr'>’Μ’</span> <span class='ocrx_word' id='word_1_155' title='bbox 256 702 347 727; x_wconf 58' lang='lat' dir='ltr'>&#39;florium</span> <span class='ocrx_word' id='word_1_156' title='bbox 368 702 457 727; x_wconf 67' lang='lat' dir='ltr'>saltem</span> <span class='ocrx_word' id='word_1_157' title='bbox 485 702 629 727; x_wconf 73' lang='lat' dir='ltr'>canonicum</span> <span class='ocrx_word' id='word_1_158' title='bbox 653 702 704 726; x_wconf 67' lang='lat' dir='ltr'>sivo</span> <span class='ocrx_word' id='word_1_159' title='bbox 732 701 809 731; x_wconf 71' lang='lat' dir='ltr'>alias,</span> <span class='ocrx_word' id='word_1_160' title='bbox 837 702 862 726; x_wconf 75' lang='lat' dir='ltr'>jn</span> <span class='ocrx_word' id='word_1_161' title='bbox 891 701 1028 726; x_wconf 69' lang='lat' dir='ltr'>nocturnas</span> <span class='ocrx_word' id='word_1_162' title='bbox 1053 708 1107 726; x_wconf 92' lang='lat' dir='ltr'>con-</span> <span class='ocrx_word' id='word_1_163' title='bbox 1164 698 1185 722; x_wconf 88' lang='lat' dir='ltr'>si</span> <span class='ocrx_word' id='word_1_164' title='bbox 1204 698 1280 729; x_wconf 83' lang='lat' dir='ltr'>aptus</span> <span class='ocrx_word' id='word_1_165' title='bbox 1298 698 1373 722; x_wconf 84' lang='lat' dir='ltr'>suerit</span> <span class='ocrx_word' id='word_1_166' title='bbox 1392 698 1475 727; x_wconf 88' lang='lat' dir='ltr'>locus,</span> <span class='ocrx_word' id='word_1_167' title='bbox 1496 698 1536 723; x_wconf 87' lang='lat' dir='ltr'>vel</span> <span class='ocrx_word' id='word_1_168' title='bbox 1563 698 1623 723; x_wconf 89' lang='lat' dir='ltr'>alibi</span> <span class='ocrx_word' id='word_1_169' title='bbox 1651 698 1761 723; x_wconf 81' lang='lat' dir='ltr'>sedeant.</span> <span class='ocrx_word' id='word_1_170' title='bbox 1781 698 1939 724; x_wconf 86' lang='lat' dir='ltr'>Venerentur</span> <span class='ocrx_word' id='word_1_171' title='bbox 1958 707 2013 724; x_wconf 89' lang='lat' dir='ltr'>eum</span> 
     </span>
     <span class='ocr_line' id='line_1_12' title="bbox 256 741 2121 776; baseline 0 -7"><span class='ocrx_word' id='word_1_172' title='bbox 256 744 366 770; x_wconf 80' lang='lat' dir='ltr'>vertant.</span> <span class='ocrx_word' id='word_1_173' title='bbox 386 744 500 769; x_wconf 86' lang='lat' dir='ltr'>Fuerunt</span> <span class='ocrx_word' id='word_1_174' title='bbox 518 745 560 776; x_wconf 89' lang='lat' dir='ltr'>qui</span> <span class='ocrx_word' id='word_1_175' title='bbox 578 744 624 769; x_wconf 90' lang='grc'><strong>1100</strong></span> <span class='ocrx_word' id='word_1_176' title='bbox 642 744 800 776; x_wconf 86' lang='lat' dir='ltr'>quarundam</span> <span class='ocrx_word' id='word_1_177' title='bbox 820 744 923 769; x_wconf 89' lang='lat' dir='ltr'>obtentu</span> <span class='ocrx_word' id='word_1_178' title='bbox 943 744 1107 768; x_wconf 82' lang='lat' dir='ltr'>traditionum</span> <span class='ocrx_word' id='word_1_179' title='bbox 1163 741 1264 771; x_wconf 76' lang='lat' dir='ltr'>decoro,</span> <span class='ocrx_word' id='word_1_180' title='bbox 1284 741 1313 765; x_wconf 65' lang='lat' dir='ltr'>ut</span> <span class='ocrx_word' id='word_1_181' title='bbox 1331 741 1461 771; x_wconf 60' lang='grc' dir='ltr'><strong>ΟΟΙΝΘΠῙἙ,</strong></span> <span class='ocrx_word' id='word_1_182' title='bbox 1480 741 1615 771; x_wconf 70' lang='lat' dir='ltr'>comitam,</span> <span class='ocrx_word' id='word_1_183' title='bbox 1635 742 1660 766; x_wconf 85' lang='lat' dir='ltr'>et</span> <span class='ocrx_word' id='word_1_184' title='bbox 1679 742 1797 771; x_wconf 81' lang='lat' dir='ltr'>maxime,</span> <span class='ocrx_word' id='word_1_185' title='bbox 1813 742 1911 773; x_wconf 87' lang='lat' dir='ltr'>quando</span> <span class='ocrx_word' id='word_1_186' title='bbox 1924 750 1949 767; x_wconf 87' lang='lat' dir='ltr'>se</span> <span class='ocrx_word' id='word_1_187' title='bbox 1963 750 2015 767; x_wconf 89' lang='lat' dir='ltr'>ver·</span> <span class='ocrx_word' id='word_1_188' title='bbox 2120 752 2121 769; x_wconf 80' lang='grc'>1</span> 
     </span>
     <span class='ocr_line' id='line_1_13' title="bbox 257 784 2014 818; baseline 0.001 -6"><span class='ocrx_word' id='word_1_189' title='bbox 257 787 429 818; x_wconf 79' lang='lat' dir='ltr'>defenderent,</span> <span class='ocrx_word' id='word_1_190' title='bbox 459 787 640 813; x_wconf 86' lang='lat' dir='ltr'>ordinationem</span> <span class='ocrx_word' id='word_1_191' title='bbox 659 787 850 812; x_wconf 83' lang='lat' dir='ltr'>ecclesiasticam</span> <span class='ocrx_word' id='word_1_192' title='bbox 870 787 943 812; x_wconf 80' lang='lat' dir='ltr'>officii</span> <span class='ocrx_word' id='word_1_193' title='bbox 965 787 1107 812; x_wconf 81' lang='lat' dir='ltr'>confusione</span> <span class='ocrx_word' id='word_1_194' title='bbox 1163 784 1196 809; x_wconf 83' lang='lat' dir='ltr'>tit</span> <span class='ocrx_word' id='word_1_195' title='bbox 1215 784 1246 808; x_wconf 90' lang='lat' dir='ltr'>ad</span> <span class='ocrx_word' id='word_1_196' title='bbox 1266 785 1400 815; x_wconf 68' lang='lat' dir='ltr'>populum,</span> <span class='ocrx_word' id='word_1_197' title='bbox 1420 785 1442 809; x_wconf 77' lang='grc' dir='ltr'>θῘ</span> <span class='ocrx_word' id='word_1_198' title='bbox 1467 784 1565 814; x_wconf 61' lang='lat' dir='ltr'>adsint,</span> <span class='ocrx_word' id='word_1_199' title='bbox 1585 792 1658 816; x_wconf 67' lang='lat' dir='ltr'>(luem</span> <span class='ocrx_word' id='word_1_200' title='bbox 1686 785 1789 817; x_wconf 57' lang='lat' dir='ltr'>Ubique,</span> <span class='ocrx_word' id='word_1_201' title='bbox 1809 786 1839 810; x_wconf 60' lang='lat' dir='ltr'>Uis</span> <span class='ocrx_word' id='word_1_202' title='bbox 1866 786 1892 811; x_wconf 88' lang='lat' dir='ltr'>in</span> <span class='ocrx_word' id='word_1_203' title='bbox 1921 786 2014 817; x_wconf 74' lang='lat' dir='ltr'>officio⁷</span> 
     </span>
     <span class='ocr_line' id='line_1_14' title="bbox 123 827 2015 877; baseline -0.002 -20"><span class='ocrx_word' id='word_1_204' title='bbox 123 834 241 877; x_wconf 52' lang='lat' dir='ltr'>Quffi’ffnmo-</span> <span class='ocrx_word' id='word_1_205' title='bbox 258 831 378 863; x_wconf 84' lang='lat' dir='ltr'>temporis</span> <span class='ocrx_word' id='word_1_206' title='bbox 406 831 505 856; x_wconf 87' lang='lat' dir='ltr'>irritam</span> <span class='ocrx_word' id='word_1_207' title='bbox 533 831 661 856; x_wconf 73' lang='lat' dir='ltr'>facientes.</span> <span class='ocrx_word' id='word_1_208' title='bbox 680 845 715 848; x_wconf 80' lang='lat'><strong>—</strong></span> <span class='ocrx_word' id='word_1_209' title='bbox 743 831 845 860; x_wconf 74' lang='lat' dir='ltr'>Quando</span> <span class='ocrx_word' id='word_1_210' title='bbox 873 830 967 855; x_wconf 82' lang='lat' dir='ltr'>fuerint</span> <span class='ocrx_word' id='word_1_211' title='bbox 992 830 1040 855; x_wconf 91' lang='lat' dir='ltr'>duo</span> <span class='ocrx_word' id='word_1_212' title='bbox 1067 830 1107 855; x_wconf 82' lang='lat' dir='ltr'>vel</span> <span class='ocrx_word' id='word_1_213' title='bbox 1164 829 1199 852; x_wconf 79' lang='lat' dir='ltr'>sic</span> <span class='ocrx_word' id='word_1_214' title='bbox 1218 828 1255 857; x_wconf 84' lang='lat' dir='ltr'>et,</span> <span class='ocrx_word' id='word_1_215' title='bbox 1276 835 1303 853; x_wconf 89' lang='lat' dir='ltr'>eo</span> <span class='ocrx_word' id='word_1_216' title='bbox 1322 827 1435 859; x_wconf 82' lang='lat' dir='ltr'>expleto,</span> <span class='ocrx_word' id='word_1_217' title='bbox 1456 828 1487 852; x_wconf 88' lang='lat' dir='ltr'>ad</span> <span class='ocrx_word' id='word_1_218' title='bbox 1515 828 1662 853; x_wconf 82' lang='lat' dir='ltr'>vestiarium</span> <span class='ocrx_word' id='word_1_219' title='bbox 1690 828 1858 854; x_wconf 85' lang='lat' dir='ltr'>revertentem</span> <span class='ocrx_word' id='word_1_220' title='bbox 1877 829 2015 860; x_wconf 86' lang='lat' dir='ltr'>deducant,</span> 
     </span>
     <span class='ocr_line' id='line_1_15' title="bbox 203 869 2122 906; baseline -0.001 -7"><span class='ocrx_word' id='word_1_221' title='bbox 203 872 206 876; x_wconf 88' lang='grc'><strong>’</strong></span> <span class='ocrx_word' id='word_1_222' title='bbox 258 875 356 906; x_wconf 87' lang='lat' dir='ltr'>plures,</span> <span class='ocrx_word' id='word_1_223' title='bbox 377 875 449 906; x_wconf 84' lang='lat' dir='ltr'>quasi</span> <span class='ocrx_word' id='word_1_224' title='bbox 467 875 570 900; x_wconf 86' lang='lat' dir='ltr'>chorum</span> <span class='ocrx_word' id='word_1_225' title='bbox 589 874 636 899; x_wconf 89' lang='lat' dir='ltr'>sibi</span> <span class='ocrx_word' id='word_1_226' title='bbox 659 874 815 900; x_wconf 81' lang='lat' dir='ltr'>constituant</span> <span class='ocrx_word' id='word_1_227' title='bbox 843 874 868 899; x_wconf 87' lang='lat' dir='ltr'>et</span> <span class='ocrx_word' id='word_1_228' title='bbox 893 874 1003 905; x_wconf 86' lang='lat' dir='ltr'>psalmos</span> <span class='ocrx_word' id='word_1_229' title='bbox 1032 874 1107 905; x_wconf 83' lang='lat' dir='ltr'>atque</span> <span class='ocrx_word' id='word_1_230' title='bbox 1163 872 1193 895; x_wconf 78' lang='lat' dir='ltr'>ut</span> <span class='ocrx_word' id='word_1_231' title='bbox 1211 871 1276 895; x_wconf 77' lang='lat' dir='ltr'>acics</span> <span class='ocrx_word' id='word_1_232' title='bbox 1295 870 1417 896; x_wconf 75' lang='lat' dir='ltr'>ordinata</span> <span class='ocrx_word' id='word_1_233' title='bbox 1428 869 1446 902; x_wconf 78' lang='lat'>⁹,</span> <span class='ocrx_word' id='word_1_234' title='bbox 1467 871 1499 895; x_wconf 90' lang='lat' dir='ltr'>ad</span> <span class='ocrx_word' id='word_1_235' title='bbox 1517 871 1598 896; x_wconf 85' lang='lat' dir='ltr'>altare</span> <span class='ocrx_word' id='word_1_236' title='bbox 1627 871 1730 903; x_wconf 70' lang='lat' dir='ltr'>demde,</span> <span class='ocrx_word' id='word_1_237' title='bbox 1751 873 1772 896; x_wconf 90' lang='lat' dir='ltr'>si</span> <span class='ocrx_word' id='word_1_238' title='bbox 1791 879 1854 903; x_wconf 89' lang='lat' dir='ltr'>opus</span> <span class='ocrx_word' id='word_1_239' title='bbox 1872 872 1960 903; x_wconf 84' lang='lat' dir='ltr'>fuerit,</span> <span class='ocrx_word' id='word_1_240' title='bbox 1980 880 2016 898; x_wconf 90' lang='lat' dir='ltr'>re·</span> <span class='ocrx_word' id='word_1_241' title='bbox 2119 886 2122 902; x_wconf 82' lang='grc'><strong><em>,</em></strong></span> 
     </span>
     <span class='ocr_line' id='line_1_16' title="bbox 257 912 2122 951; baseline -0.002 -10"><span class='ocrx_word' id='word_1_242' title='bbox 257 917 363 949; x_wconf 83' lang='lat' dir='ltr'>hymnos</span> <span class='ocrx_word' id='word_1_243' title='bbox 385 916 526 949; x_wconf 82' lang='lat' dir='ltr'>incipiant²</span> <span class='ocrx_word' id='word_1_244' title='bbox 555 917 715 947; x_wconf 80' lang='lat' dir='ltr'>alternatim,</span> <span class='ocrx_word' id='word_1_245' title='bbox 744 918 773 942; x_wconf 85' lang='lat' dir='ltr'>ut</span> <span class='ocrx_word' id='word_1_246' title='bbox 801 917 840 942; x_wconf 87' lang='lat' dir='ltr'>est</span> <span class='ocrx_word' id='word_1_247' title='bbox 867 917 1054 942; x_wconf 83' lang='lat' dir='ltr'>consuetudinis</span> <span class='ocrx_word' id='word_1_248' title='bbox 1081 917 1107 941; x_wconf 93' lang='lat' dir='ltr'>in</span> <span class='ocrx_word' id='word_1_249' title='bbox 1164 915 1269 939; x_wconf 89' lang='lat' dir='ltr'>versuri.</span> <span class='ocrx_word' id='word_1_250' title='bbox 2114 912 2122 951; x_wconf 56' lang='lat'><em>2</em></span> 
     </span>
     <span class='ocr_line' id='line_1_17' title="bbox 151 957 2120 992; baseline 0 -6"><span class='ocrx_word' id='word_1_251' title='bbox 151 964 216 991; x_wconf 69' lang='lat' dir='ltr'>anari</span> <span class='ocrx_word' id='word_1_252' title='bbox 257 961 389 986; x_wconf 86' lang='lat' dir='ltr'>conventu.</span> <span class='ocrx_word' id='word_1_253' title='bbox 402 975 438 978; x_wconf 89' lang='lat'>—-</span> <span class='ocrx_word' id='word_1_254' title='bbox 452 960 582 992; x_wconf 82' lang='lat' dir='ltr'>Congruus</span> <span class='ocrx_word' id='word_1_255' title='bbox 596 961 654 986; x_wconf 87' lang='lat' dir='ltr'>ordo</span> <span class='ocrx_word' id='word_1_256' title='bbox 668 961 747 986; x_wconf 78' lang='lat' dir='ltr'>estin</span> <span class='ocrx_word' id='word_1_257' title='bbox 763 960 879 985; x_wconf 77' lang='lat' dir='ltr'>omnibus</span> <span class='ocrx_word' id='word_1_258' title='bbox 897 960 987 991; x_wconf 87' lang='lat' dir='ltr'>ubique</span> <span class='ocrx_word' id='word_1_259' title='bbox 1006 959 1108 991; x_wconf 79' lang='lat' dir='ltr'>provide</span> <span class='ocrx_word' id='word_1_260' title='bbox 1236 957 1259 982; x_wconf 82' lang='lat'>3.</span> <span class='ocrx_word' id='word_1_261' title='bbox 1279 958 1431 983; x_wconf 56' lang='lat' dir='ltr'>Mansio-io</span> <span class='ocrx_word' id='word_1_262' title='bbox 1451 958 1617 983; x_wconf 85' lang='lat' dir='ltr'>reverentiam</span> <span class='ocrx_word' id='word_1_263' title='bbox 1631 959 1760 989; x_wconf 81' lang='lat' dir='ltr'>exhibent,</span> <span class='ocrx_word' id='word_1_264' title='bbox 1779 960 1799 984; x_wconf 94' lang='lat' dir='ltr'>si</span> <span class='ocrx_word' id='word_1_265' title='bbox 1812 960 1883 985; x_wconf 86' lang='lat' dir='ltr'>modo</span> <span class='ocrx_word' id='word_1_266' title='bbox 1894 959 1915 972; x_wconf 90' lang='lat'>¹⁰</span> <span class='ocrx_word' id='word_1_267' title='bbox 1934 960 2016 986; x_wconf 84' lang='lat' dir='ltr'>debito</span> <span class='ocrx_word' id='word_1_268' title='bbox 2035 962 2100 990; x_wconf 65' lang='lat' dir='ltr'>Quoad,</span> <span class='ocrx_word' id='word_1_269' title='bbox 2107 969 2120 982; x_wconf 74' lang='grc'>111</span> 
     </span>
     <span class='ocr_line' id='line_1_18' title="bbox 146 988 2117 1036; baseline 0 -7"><span class='ocrx_word' id='word_1_270' title='bbox 146 993 216 1007; x_wconf 76' lang='lat' dir='ltr'>omma.</span> <span class='ocrx_word' id='word_1_271' title='bbox 258 1004 417 1036; x_wconf 87' lang='lat' dir='ltr'>disciplinato</span> <span class='ocrx_word' id='word_1_272' title='bbox 437 1005 582 1031; x_wconf 86' lang='lat' dir='ltr'>servandus.</span> <span class='ocrx_word' id='word_1_273' title='bbox 603 1004 751 1030; x_wconf 88' lang='lat' dir='ltr'>Ordinatum</span> <span class='ocrx_word' id='word_1_274' title='bbox 779 1005 889 1029; x_wconf 88' lang='lat' dir='ltr'>animum</span> <span class='ocrx_word' id='word_1_275' title='bbox 916 1004 1008 1029; x_wconf 81' lang='lat' dir='ltr'>ordinis</span> <span class='ocrx_word' id='word_1_276' title='bbox 1037 1003 1109 1028; x_wconf 90' lang='lat' dir='ltr'>decor</span> <span class='ocrx_word' id='word_1_277' title='bbox 1165 1001 1290 1026; x_wconf 84' lang='lat' dir='ltr'>ethabitu</span> <span class='ocrx_word' id='word_1_278' title='bbox 1303 1002 1351 1032; x_wconf 88' lang='lat' dir='ltr'>ipsi</span> <span class='ocrx_word' id='word_1_279' title='bbox 1364 1001 1502 1027; x_wconf 85' lang='lat' dir='ltr'>ministerio</span> <span class='ocrx_word' id='word_1_280' title='bbox 1515 1002 1671 1027; x_wconf 85' lang='lat' dir='ltr'>convenienti</span> <span class='ocrx_word' id='word_1_281' title='bbox 1684 1003 1808 1027; x_wconf 83' lang='lat' dir='ltr'>assistant</span> <span class='ocrx_word' id='word_1_282' title='bbox 1826 1003 1851 1028; x_wconf 83' lang='lat' dir='ltr'>et</span> <span class='ocrx_word' id='word_1_283' title='bbox 1864 1004 2016 1029; x_wconf 85' lang='lat' dir='ltr'>ministrent.</span> <span class='ocrx_word' id='word_1_284' title='bbox 2038 988 2117 1006; x_wconf 53' lang='lat' dir='ltr'>mmm*</span> 
     </span>
     <span class='ocr_line' id='line_1_19' title="bbox 258 1044 2017 1076; baseline 0.002 -7"><span class='ocrx_word' id='word_1_285' title='bbox 258 1048 283 1073; x_wconf 69' lang='lat' dir='ltr'>et</span> <span class='ocrx_word' id='word_1_286' title='bbox 302 1048 417 1073; x_wconf 68' lang='lat' dir='ltr'>condecet</span> <span class='ocrx_word' id='word_1_287' title='bbox 436 1048 461 1073; x_wconf 68' lang='lat' dir='ltr'>et</span> <span class='ocrx_word' id='word_1_288' title='bbox 479 1049 640 1074; x_wconf 68' lang='lat' dir='ltr'>condelectat,</span> <span class='ocrx_word' id='word_1_289' title='bbox 660 1048 803 1073; x_wconf 63' lang='grc' dir='ltr'>Ιῃοι-(ῑῑῃῆῂῐ</span> <span class='ocrx_word' id='word_1_290' title='bbox 815 1056 873 1073; x_wconf 79' lang='lat' dir='ltr'>vero</span> <span class='ocrx_word' id='word_1_291' title='bbox 892 1048 931 1073; x_wconf 64' lang='lat' dir='ltr'>est</span> <span class='ocrx_word' id='word_1_292' title='bbox 943 1048 1019 1072; x_wconf 77' lang='lat' dir='ltr'>animi</span> <span class='ocrx_word' id='word_1_293' title='bbox 1033 1047 1107 1072; x_wconf 76' lang='lat' dir='ltr'>etiam</span> <span class='ocrx_word' id='word_1_294' title='bbox 1164 1044 1247 1069; x_wconf 84' lang='lat' dir='ltr'>Aliter</span> <span class='ocrx_word' id='word_1_295' title='bbox 1266 1045 1330 1069; x_wconf 90' lang='lat' dir='ltr'>enim</span> <span class='ocrx_word' id='word_1_296' title='bbox 1349 1052 1399 1069; x_wconf 92' lang='lat' dir='ltr'>non</span> <span class='ocrx_word' id='word_1_297' title='bbox 1418 1045 1471 1069; x_wconf 88' lang='lat' dir='ltr'>sine</span> <span class='ocrx_word' id='word_1_298' title='bbox 1490 1045 1550 1070; x_wconf 87' lang='lat' dir='ltr'>nota</span> <span class='ocrx_word' id='word_1_299' title='bbox 1562 1045 1739 1070; x_wconf 81' lang='lat' dir='ltr'>irreverentiae</span> <span class='ocrx_word' id='word_1_300' title='bbox 1757 1046 1930 1076; x_wconf 85' lang='lat' dir='ltr'>ministratur,</span> <span class='ocrx_word' id='word_1_301' title='bbox 1949 1046 1979 1072; x_wconf 89' lang='lat' dir='ltr'>ut</span> <span class='ocrx_word' id='word_1_302' title='bbox 1996 1048 2017 1073; x_wconf 91' lang='lat' dir='ltr'>si</span> 
     </span>
     <span class='ocr_line' id='line_1_20' title="bbox 258 1088 2017 1121; baseline 0 -5"><span class='ocrx_word' id='word_1_303' title='bbox 258 1091 284 1116; x_wconf 89' lang='lat' dir='ltr'>in</span> <span class='ocrx_word' id='word_1_304' title='bbox 313 1091 476 1117; x_wconf 82' lang='lat' dir='ltr'>exterioribus</span> <span class='ocrx_word' id='word_1_305' title='bbox 496 1092 606 1117; x_wconf 79' lang='lat' dir='ltr'>ordinem</span> <span class='ocrx_word' id='word_1_306' title='bbox 625 1099 674 1117; x_wconf 87' lang='lat' dir='ltr'>non</span> <span class='ocrx_word' id='word_1_307' title='bbox 703 1099 804 1121; x_wconf 77' lang='lat' dir='ltr'>curare3</span> <span class='ocrx_word' id='word_1_308' title='bbox 833 1091 917 1116; x_wconf 87' lang='lat' dir='ltr'>tamen</span> <span class='ocrx_word' id='word_1_309' title='bbox 945 1090 1109 1116; x_wconf 83' lang='lat' dir='ltr'>ordinationis</span> <span class='ocrx_word' id='word_1_310' title='bbox 1166 1088 1233 1119; x_wconf 77' lang='lat' dir='ltr'>quiS,</span> <span class='ocrx_word' id='word_1_311' title='bbox 1254 1089 1367 1120; x_wconf 85' lang='lat' dir='ltr'>quamvis</span> <span class='ocrx_word' id='word_1_312' title='bbox 1397 1088 1526 1118; x_wconf 84' lang='lat' dir='ltr'>diaconus,</span> <span class='ocrx_word' id='word_1_313' title='bbox 1547 1089 1587 1113; x_wconf 84' lang='lat' dir='ltr'>vel</span> <span class='ocrx_word' id='word_1_314' title='bbox 1615 1089 1729 1115; x_wconf 82' lang='lat' dir='ltr'>sacerdos</span> <span class='ocrx_word' id='word_1_315' title='bbox 1748 1090 1774 1114; x_wconf 93' lang='lat' dir='ltr'>in</span> <span class='ocrx_word' id='word_1_316' title='bbox 1793 1091 1966 1121; x_wconf 86' lang='lat' dir='ltr'>superpellicio</span> <span class='ocrx_word' id='word_1_317' title='bbox 1985 1091 2017 1116; x_wconf 87' lang='lat' dir='ltr'>ad</span> 
     </span>
    </p>
   </div>
   <div class='ocr_carea' id='block_1_3' title="bbox 261 1131 2118 1339">
    <p class='ocr_par' dir='ltr' id='par_1_3' title="bbox 261 1131 2118 1250">
     <span class='ocr_line' id='line_1_21' title="bbox 261 1131 2015 1167; baseline 0 -8"><span class='ocrx_word' id='word_1_318' title='bbox 261 1134 390 1160; x_wconf 79' lang='lat' dir='ltr'>exterioris</span> <span class='ocrx_word' id='word_1_319' title='bbox 408 1135 495 1167; x_wconf 81' lang='lat' dir='ltr'>religio</span> <span class='ocrx_word' id='word_1_320' title='bbox 515 1135 679 1160; x_wconf 82' lang='lat' dir='ltr'>attentionem</span> <span class='ocrx_word' id='word_1_321' title='bbox 699 1134 791 1160; x_wconf 78' lang='lat' dir='ltr'>excitat</span> <span class='ocrx_word' id='word_1_322' title='bbox 810 1134 835 1159; x_wconf 88' lang='lat' dir='ltr'>et</span> <span class='ocrx_word' id='word_1_323' title='bbox 854 1134 978 1159; x_wconf 84' lang='lat' dir='ltr'>affectum.</span> <span class='ocrx_word' id='word_1_324' title='bbox 1165 1131 1269 1156; x_wconf 82' lang='lat' dir='ltr'>Missam</span> <span class='ocrx_word' id='word_1_325' title='bbox 1288 1131 1451 1161; x_wconf 87' lang='lat' dir='ltr'>ministrans,</span> <span class='ocrx_word' id='word_1_326' title='bbox 1471 1132 1611 1163; x_wconf 88' lang='lat' dir='ltr'>corporalia</span> <span class='ocrx_word' id='word_1_327' title='bbox 1630 1140 1706 1164; x_wconf 89' lang='lat' dir='ltr'>super</span> <span class='ocrx_word' id='word_1_328' title='bbox 1724 1133 1813 1163; x_wconf 86' lang='lat' dir='ltr'>altare,</span> <span class='ocrx_word' id='word_1_329' title='bbox 1833 1133 1965 1164; x_wconf 88' lang='lat' dir='ltr'>praesente</span> <span class='ocrx_word' id='word_1_330' title='bbox 1979 1141 2015 1159; x_wconf 88' lang='lat' dir='ltr'>sa-</span> 
     </span>
     <span class='ocr_line' id='line_1_22' title="bbox 1167 1174 2118 1208; baseline 0.003 -9"><span class='ocrx_word' id='word_1_331' title='bbox 1167 1174 1264 1200; x_wconf 86' lang='lat' dir='ltr'>cerdote</span> <span class='ocrx_word' id='word_1_332' title='bbox 1283 1175 1396 1200; x_wconf 79' lang='lat' dir='ltr'>vestibus</span> <span class='ocrx_word' id='word_1_333' title='bbox 1416 1175 1494 1200; x_wconf 87' lang='lat' dir='ltr'>sacris</span> <span class='ocrx_word' id='word_1_334' title='bbox 1513 1175 1614 1205; x_wconf 88' lang='lat' dir='ltr'>induto,</span> <span class='ocrx_word' id='word_1_335' title='bbox 1634 1176 1737 1206; x_wconf 83' lang='lat' dir='ltr'>replicet</span> <span class='ocrx_word' id='word_1_336' title='bbox 1765 1176 1811 1201; x_wconf 87' lang='lat' dir='ltr'>aut</span> <span class='ocrx_word' id='word_1_337' title='bbox 1829 1177 1975 1208; x_wconf 79' lang='lat' dir='ltr'>componat3</span> <span class='ocrx_word' id='word_1_338' title='bbox 1996 1178 2017 1202; x_wconf 92' lang='lat' dir='ltr'>si</span> <span class='ocrx_word' id='word_1_339' title='bbox 2117 1176 2118 1187; x_wconf 74' lang='lat'><em>³</em></span> 
     </span>
     <span class='ocr_line' id='line_1_23' title="bbox 558 1216 2118 1250; baseline 0.004 -10"><span class='ocrx_word' id='word_1_340' title='bbox 558 1221 706 1246; x_wconf 63' lang='lat' dir='ltr'>mmmm</span> <span class='ocrx_word' id='word_1_341' title='bbox 724 1221 807 1246; x_wconf 77' lang='lat' dir='ltr'>XVII,</span> <span class='ocrx_word' id='word_1_342' title='bbox 1167 1218 1222 1249; x_wconf 89' lang='lat' dir='ltr'>quis</span> <span class='ocrx_word' id='word_1_343' title='bbox 1241 1225 1292 1243; x_wconf 89' lang='lat' dir='ltr'>non</span> <span class='ocrx_word' id='word_1_344' title='bbox 1310 1218 1405 1243; x_wconf 89' lang='lat' dir='ltr'>habens</span> <span class='ocrx_word' id='word_1_345' title='bbox 1425 1219 1626 1250; x_wconf 84' lang='lat' dir='ltr'>superpellicium</span> <span class='ocrx_word' id='word_1_346' title='bbox 1646 1226 1701 1243; x_wconf 89' lang='lat' dir='ltr'>cum</span> <span class='ocrx_word' id='word_1_347' title='bbox 1721 1219 1816 1244; x_wconf 91' lang='lat' dir='ltr'>strictis</span> <span class='ocrx_word' id='word_1_348' title='bbox 1839 1221 1957 1250; x_wconf 81' lang='lat' dir='ltr'>manicis,</span> <span class='ocrx_word' id='word_1_349' title='bbox 1976 1221 2017 1246; x_wconf 87' lang='lat' dir='ltr'>vel</span> <span class='ocrx_word' id='word_1_350' title='bbox 2117 1216 2118 1250; x_wconf 59' lang='lat' dir='ltr'>i</span> 
     </span>
    </p>

    <p class='ocr_par' dir='ltr' id='par_1_4' title="bbox 1167 1261 2016 1294">
     <span class='ocr_line' id='line_1_24' title="bbox 1167 1261 2016 1294; baseline 0.005 -8"><span class='ocrx_word' id='word_1_351' title='bbox 1167 1261 1235 1286; x_wconf 88' lang='lat' dir='ltr'>aliud</span> <span class='ocrx_word' id='word_1_352' title='bbox 1253 1262 1367 1287; x_wconf 90' lang='lat' dir='ltr'>idoneum</span> <span class='ocrx_word' id='word_1_353' title='bbox 1386 1262 1575 1291; x_wconf 87' lang='lat' dir='ltr'>indumentum,</span> <span class='ocrx_word' id='word_1_354' title='bbox 1595 1263 1734 1294; x_wconf 88' lang='lat' dir='ltr'>corporalia</span> <span class='ocrx_word' id='word_1_355' title='bbox 1748 1263 1773 1287; x_wconf 91' lang='lat' dir='ltr'>et</span> <span class='ocrx_word' id='word_1_356' title='bbox 1791 1264 1891 1289; x_wconf 87' lang='lat' dir='ltr'>calicem</span> <span class='ocrx_word' id='word_1_357' title='bbox 1905 1264 2016 1290; x_wconf 84' lang='lat' dir='ltr'>tractare</span> 
     </span>
    </p>

    <p class='ocr_par' dir='ltr' id='par_1_5' title="bbox 374 1305 2016 1339">
     <span class='ocr_line' id='line_1_25' title="bbox 374 1305 2016 1339; baseline 0 -6"><span class='ocrx_word' id='word_1_358' title='bbox 374 1308 414 1333; x_wconf 83' lang='lat' dir='ltr'>De</span> <span class='ocrx_word' id='word_1_359' title='bbox 434 1308 571 1339; x_wconf 68' lang='lat' dir='ltr'>cttsetptma</span> <span class='ocrx_word' id='word_1_360' title='bbox 590 1309 661 1333; x_wconf 78' lang='lat' dir='ltr'>circa</span> <span class='ocrx_word' id='word_1_361' title='bbox 679 1308 772 1333; x_wconf 76' lang='lat' dir='ltr'>attaris</span> <span class='ocrx_word' id='word_1_362' title='bbox 789 1306 990 1333; x_wconf 38' lang='lat' dir='ltr'>ministerium&amp;</span> <span class='ocrx_word' id='word_1_363' title='bbox 1167 1305 1212 1330; x_wconf 73' lang='lat' dir='ltr'>aut</span> <span class='ocrx_word' id='word_1_364' title='bbox 1231 1312 1321 1336; x_wconf 85' lang='lat' dir='ltr'>panem</span> <span class='ocrx_word' id='word_1_365' title='bbox 1340 1305 1364 1330; x_wconf 88' lang='lat' dir='ltr'>et</span> <span class='ocrx_word' id='word_1_366' title='bbox 1384 1306 1470 1330; x_wconf 89' lang='lat' dir='ltr'>vinum</span> <span class='ocrx_word' id='word_1_367' title='bbox 1489 1306 1515 1330; x_wconf 93' lang='lat' dir='ltr'>in</span> <span class='ocrx_word' id='word_1_368' title='bbox 1534 1306 1658 1331; x_wconf 90' lang='lat' dir='ltr'>communi</span> <span class='ocrx_word' id='word_1_369' title='bbox 1676 1306 1765 1331; x_wconf 88' lang='lat' dir='ltr'>habitu</span> <span class='ocrx_word' id='word_1_370' title='bbox 1784 1307 1928 1332; x_wconf 88' lang='lat' dir='ltr'>ministrare</span> <span class='ocrx_word' id='word_1_371' title='bbox 1947 1316 2016 1339; x_wconf 90' lang='lat' dir='ltr'>prae-</span> 
     </span>
    </p>
   </div>
   <div class='ocr_carea' id='block_1_4' title="bbox 114 1349 2115 2225">
    <p class='ocr_par' dir='ltr' id='par_1_6' title="bbox 114 1349 2122 2225">
     <span class='ocr_line' id='line_1_26' title="bbox 1168 1349 2019 1382; baseline 0.005 -9"><span class='ocrx_word' id='word_1_372' title='bbox 1168 1349 1265 1379; x_wconf 71' lang='lat' dir='ltr'>sumat,</span> <span class='ocrx_word' id='word_1_373' title='bbox 1286 1349 1306 1373; x_wconf 90' lang='lat' dir='ltr'>si</span> <span class='ocrx_word' id='word_1_374' title='bbox 1334 1349 1390 1380; x_wconf 88' lang='lat' dir='ltr'>quis</span> <span class='ocrx_word' id='word_1_375' title='bbox 1417 1349 1525 1374; x_wconf 86' lang='lat' dir='ltr'>hostiam</span> <span class='ocrx_word' id='word_1_376' title='bbox 1554 1350 1580 1374; x_wconf 91' lang='grc'>111</span> <span class='ocrx_word' id='word_1_377' title='bbox 1599 1350 1722 1374; x_wconf 87' lang='lat' dir='ltr'>communi</span> <span class='ocrx_word' id='word_1_378' title='bbox 1746 1350 1824 1382; x_wconf 83' lang='lat' dir='ltr'>eligat</span> <span class='ocrx_word' id='word_1_379' title='bbox 1841 1351 1894 1376; x_wconf 87' lang='lat' dir='ltr'>loco</span> <span class='ocrx_word' id='word_1_380' title='bbox 1914 1352 1953 1376; x_wconf 87' lang='lat' dir='ltr'>vel</span> <span class='ocrx_word' id='word_1_381' title='bbox 1973 1352 2019 1377; x_wconf 83' lang='lat' dir='ltr'>ele-</span> 
     </span>
     <span class='ocr_line' id='line_1_27' title="bbox 332 1392 2018 1426; baseline -0.003 -6"><span class='ocrx_word' id='word_1_382' title='bbox 332 1396 355 1420; x_wconf 89' lang='lat'>1.</span> <span class='ocrx_word' id='word_1_383' title='bbox 376 1396 474 1421; x_wconf 84' lang='lat' dir='ltr'>Altaris</span> <span class='ocrx_word' id='word_1_384' title='bbox 487 1395 654 1420; x_wconf 89' lang='lat' dir='ltr'>ministerium</span> <span class='ocrx_word' id='word_1_385' title='bbox 668 1395 698 1421; x_wconf 89' lang='lat' dir='ltr'>ob</span> <span class='ocrx_word' id='word_1_386' title='bbox 708 1395 873 1420; x_wconf 85' lang='lat' dir='ltr'>reverentiam</span> <span class='ocrx_word' id='word_1_387' title='bbox 888 1395 1025 1426; x_wconf 86' lang='lat' dir='ltr'>corporalis</span> <span class='ocrx_word' id='word_1_388' title='bbox 1039 1402 1112 1426; x_wconf 88' lang='lat' dir='ltr'>prae-</span> <span class='ocrx_word' id='word_1_389' title='bbox 1167 1392 1232 1416; x_wconf 77' lang='lat' dir='ltr'>ctam</span> <span class='ocrx_word' id='word_1_390' title='bbox 1251 1392 1370 1423; x_wconf 86' lang='lat' dir='ltr'>reponat,</span> <span class='ocrx_word' id='word_1_391' title='bbox 1391 1399 1453 1423; x_wconf 91' lang='lat' dir='ltr'>quae</span> <span class='ocrx_word' id='word_1_392' title='bbox 1471 1393 1497 1417; x_wconf 88' lang='lat' dir='ltr'>in</span> <span class='ocrx_word' id='word_1_393' title='bbox 1516 1392 1604 1424; x_wconf 84' lang='lat' dir='ltr'>pyxide</span> <span class='ocrx_word' id='word_1_394' title='bbox 1632 1400 1708 1417; x_wconf 83' lang='lat' dir='ltr'>manu</span> <span class='ocrx_word' id='word_1_395' title='bbox 1733 1400 1778 1418; x_wconf 80' lang='lat' dir='ltr'>sua</span> <span class='ocrx_word' id='word_1_396' title='bbox 1797 1394 1961 1419; x_wconf 71' lang='lat' dir='ltr'>mundissima</span> <span class='ocrx_word' id='word_1_397' title='bbox 1980 1394 2018 1420; x_wconf 62' lang='lat' dir='ltr'>est</span> 
     </span>
     <span class='ocr_line' id='line_1_28' title="bbox 114 1435 2018 1474; baseline -0.001 -9"><span class='ocrx_word' id='word_1_398' title='bbox 114 1447 243 1474; x_wconf 76' lang='lat' dir='ltr'>nequiruntur</span> <span class='ocrx_word' id='word_1_399' title='bbox 260 1439 355 1464; x_wconf 83' lang='lat' dir='ltr'>sentiae</span> <span class='ocrx_word' id='word_1_400' title='bbox 373 1439 512 1464; x_wconf 85' lang='lat' dir='ltr'>Salvatoris</span> <span class='ocrx_word' id='word_1_401' title='bbox 531 1439 688 1471; x_wconf 77' lang='lat' dir='ltr'>munditiae,</span> <span class='ocrx_word' id='word_1_402' title='bbox 708 1439 876 1470; x_wconf 73' lang='lat' dir='ltr'>reverentiae,</span> <span class='ocrx_word' id='word_1_403' title='bbox 897 1438 1055 1470; x_wconf 67' lang='lat' dir='ltr'>clitiyentiae,</span> <span class='ocrx_word' id='word_1_404' title='bbox 1069 1438 1111 1462; x_wconf 58' lang='lat' dir='ltr'>lio&lt;</span> <span class='ocrx_word' id='word_1_405' title='bbox 1168 1435 1251 1466; x_wconf 84' lang='lat' dir='ltr'>potius</span> <span class='ocrx_word' id='word_1_406' title='bbox 1270 1435 1383 1467; x_wconf 80' lang='lat' dir='ltr'>eligenda</span> <span class='ocrx_word' id='word_1_407' title='bbox 1402 1436 1427 1460; x_wconf 86' lang='lat' dir='ltr'>et</span> <span class='ocrx_word' id='word_1_408' title='bbox 1445 1436 1523 1460; x_wconf 85' lang='lat' dir='ltr'>electa</span> <span class='ocrx_word' id='word_1_409' title='bbox 1543 1443 1618 1467; x_wconf 86' lang='lat' dir='ltr'>super</span> <span class='ocrx_word' id='word_1_410' title='bbox 1638 1436 1756 1467; x_wconf 82' lang='lat' dir='ltr'>patenam</span> <span class='ocrx_word' id='word_1_411' title='bbox 1775 1437 1864 1468; x_wconf 81' lang='lat' dir='ltr'>ipsam,</span> <span class='ocrx_word' id='word_1_412' title='bbox 1884 1438 1923 1462; x_wconf 87' lang='lat' dir='ltr'>vel</span> <span class='ocrx_word' id='word_1_413' title='bbox 1943 1445 2018 1470; x_wconf 87' lang='lat' dir='ltr'>super</span> 
     </span>
     <span class='ocr_line' id='line_1_29' title="bbox 133 1476 2019 1513; baseline 0 -7"><span class='ocrx_word' id='word_1_414' title='bbox 133 1476 224 1494; x_wconf 62' lang='lat' dir='ltr'>qumque·</span> <span class='ocrx_word' id='word_1_415' title='bbox 260 1483 366 1507; x_wconf 69' lang='lat' dir='ltr'>aestatis</span> <span class='ocrx_word' id='word_1_416' title='bbox 385 1482 410 1507; x_wconf 85' lang='lat' dir='ltr'>et</span> <span class='ocrx_word' id='word_1_417' title='bbox 430 1482 662 1513; x_wconf 71' lang='lat' dir='ltr'>circumspectionis</span> <span class='ocrx_word' id='word_1_418' title='bbox 689 1482 799 1507; x_wconf 86' lang='lat' dir='ltr'>studium</span> <span class='ocrx_word' id='word_1_419' title='bbox 819 1482 925 1513; x_wconf 86' lang='lat' dir='ltr'>speciale</span> <span class='ocrx_word' id='word_1_420' title='bbox 944 1481 1056 1513; x_wconf 80' lang='lat' dir='ltr'>requirit.</span> <span class='ocrx_word' id='word_1_421' title='bbox 1076 1495 1112 1499; x_wconf 84' lang='lat'>—</span> <span class='ocrx_word' id='word_1_422' title='bbox 1168 1479 1307 1510; x_wconf 84' lang='lat' dir='ltr'>corporalia</span> <span class='ocrx_word' id='word_1_423' title='bbox 1326 1478 1452 1503; x_wconf 80' lang='lat' dir='ltr'>decentius</span> <span class='ocrx_word' id='word_1_424' title='bbox 1470 1479 1620 1510; x_wconf 80' lang='lat' dir='ltr'>reponenda.</span> <span class='ocrx_word' id='word_1_425' title='bbox 1641 1479 1693 1504; x_wconf 87' lang='lat' dir='ltr'>Nec</span> <span class='ocrx_word' id='word_1_426' title='bbox 1712 1480 1827 1505; x_wconf 84' lang='lat' dir='ltr'>audiendi</span> <span class='ocrx_word' id='word_1_427' title='bbox 1846 1481 1906 1505; x_wconf 86' lang='lat' dir='ltr'>sunt</span> <span class='ocrx_word' id='word_1_428' title='bbox 1925 1481 1963 1506; x_wconf 89' lang='lat' dir='ltr'>illi</span> <span class='ocrx_word' id='word_1_429' title='bbox 1976 1482 2019 1513; x_wconf 88' lang='lat' dir='ltr'>qui</span> 
     </span>
     <span class='ocr_line' id='line_1_30' title="bbox 114 1522 2018 1556; baseline 0.001 -8"><span class='ocrx_word' id='word_1_430' title='bbox 114 1529 142 1548; x_wconf 76' lang='lat' dir='ltr'>De</span> <span class='ocrx_word' id='word_1_431' title='bbox 150 1529 248 1548; x_wconf 75' lang='lat' dir='ltr'>munditia.</span> <span class='ocrx_word' id='word_1_432' title='bbox 259 1525 444 1556; x_wconf 62' lang='lat' dir='ltr'>Mmslcmzmi,</span> <span class='ocrx_word' id='word_1_433' title='bbox 473 1525 510 1550; x_wconf 81' lang='lat' dir='ltr'>ait</span> <span class='ocrx_word' id='word_1_434' title='bbox 537 1525 665 1556; x_wconf 87' lang='lat' dir='ltr'>Propheta</span> <span class='ocrx_word' id='word_1_435' title='bbox 679 1524 700 1554; x_wconf 79' lang='lat'>⁴,</span> <span class='ocrx_word' id='word_1_436' title='bbox 731 1526 776 1556; x_wconf 72' lang='lat' dir='ltr'>qui</span> <span class='ocrx_word' id='word_1_437' title='bbox 803 1524 876 1554; x_wconf 76' lang='lat' dir='ltr'>fertis</span> <span class='ocrx_word' id='word_1_438' title='bbox 903 1532 967 1550; x_wconf 72' lang='lat' dir='ltr'>vasa</span> <span class='ocrx_word' id='word_1_439' title='bbox 994 1524 1110 1549; x_wconf 75' lang='lat' dir='ltr'>Domini.</span> <span class='ocrx_word' id='word_1_440' title='bbox 1168 1522 1199 1546; x_wconf 81' lang='lat' dir='ltr'>ad</span> <span class='ocrx_word' id='word_1_441' title='bbox 1217 1529 1327 1547; x_wconf 88' lang='lat' dir='ltr'>mensam</span> <span class='ocrx_word' id='word_1_442' title='bbox 1348 1522 1447 1547; x_wconf 86' lang='lat' dir='ltr'>Domini</span> <span class='ocrx_word' id='word_1_443' title='bbox 1465 1530 1515 1547; x_wconf 89' lang='lat' dir='ltr'>non</span> <span class='ocrx_word' id='word_1_444' title='bbox 1534 1523 1609 1547; x_wconf 85' lang='lat' dir='ltr'>aliam</span> <span class='ocrx_word' id='word_1_445' title='bbox 1635 1530 1709 1554; x_wconf 88' lang='lat' dir='ltr'>quam</span> <span class='ocrx_word' id='word_1_446' title='bbox 1728 1524 1760 1548; x_wconf 87' lang='lat' dir='ltr'>ad</span> <span class='ocrx_word' id='word_1_447' title='bbox 1777 1531 1889 1549; x_wconf 87' lang='lat' dir='ltr'>mensam</span> <span class='ocrx_word' id='word_1_448' title='bbox 1908 1526 2018 1556; x_wconf 88' lang='lat' dir='ltr'>corporis</span> 
     </span>
     <span class='ocr_line' id='line_1_31' title="bbox 260 1566 2018 1598; baseline 0 -5"><span class='ocrx_word' id='word_1_449' title='bbox 260 1568 335 1593; x_wconf 85' lang='lat' dir='ltr'>Haud</span> <span class='ocrx_word' id='word_1_450' title='bbox 354 1569 470 1598; x_wconf 86' lang='lat' dir='ltr'>dubium,</span> <span class='ocrx_word' id='word_1_451' title='bbox 490 1569 536 1594; x_wconf 86' lang='lat' dir='ltr'>hoc</span> <span class='ocrx_word' id='word_1_452' title='bbox 555 1569 583 1593; x_wconf 89' lang='lat' dir='ltr'>de</span> <span class='ocrx_word' id='word_1_453' title='bbox 602 1568 725 1593; x_wconf 87' lang='lat' dir='ltr'>ministris</span> <span class='ocrx_word' id='word_1_454' title='bbox 744 1568 833 1593; x_wconf 85' lang='lat' dir='ltr'>altaris</span> <span class='ocrx_word' id='word_1_455' title='bbox 852 1568 1027 1593; x_wconf 85' lang='lat' dir='ltr'>convenienter</span> <span class='ocrx_word' id='word_1_456' title='bbox 1040 1567 1112 1592; x_wconf 84' lang='lat' dir='ltr'>intel·</span> <span class='ocrx_word' id='word_1_457' title='bbox 1168 1566 1258 1590; x_wconf 87' lang='lat' dir='ltr'>curant</span> <span class='ocrx_word' id='word_1_458' title='bbox 1276 1566 1439 1596; x_wconf 81' lang='lat' dir='ltr'>munditiam,</span> <span class='ocrx_word' id='word_1_459' title='bbox 1459 1573 1534 1597; x_wconf 88' lang='lat' dir='ltr'>super</span> <span class='ocrx_word' id='word_1_460' title='bbox 1554 1573 1662 1597; x_wconf 82' lang='lat' dir='ltr'>pannos,</span> <span class='ocrx_word' id='word_1_461' title='bbox 1676 1567 1719 1598; x_wconf 88' lang='lat' dir='ltr'>qui</span> <span class='ocrx_word' id='word_1_462' title='bbox 1737 1567 1809 1592; x_wconf 87' lang='lat' dir='ltr'>libris</span> <span class='ocrx_word' id='word_1_463' title='bbox 1822 1567 1853 1592; x_wconf 86' lang='lat' dir='ltr'>ad</span> <span class='ocrx_word' id='word_1_464' title='bbox 1867 1567 2018 1593; x_wconf 83' lang='lat' dir='ltr'>secretarum</span> 
     </span>
     <span class='ocr_line' id='line_1_32' title="bbox 259 1608 2019 1643; baseline 0.001 -7"><span class='ocrx_word' id='word_1_465' title='bbox 259 1612 318 1643; x_wconf 78' lang='lat' dir='ltr'>ligi,</span> <span class='ocrx_word' id='word_1_466' title='bbox 338 1612 427 1643; x_wconf 90' lang='lat' dir='ltr'>quibus</span> <span class='ocrx_word' id='word_1_467' title='bbox 440 1612 590 1643; x_wconf 74' lang='lat' dir='ltr'>spiritualis</span> <span class='ocrx_word' id='word_1_468' title='bbox 604 1612 629 1636; x_wconf 91' lang='lat' dir='ltr'>et</span> <span class='ocrx_word' id='word_1_469' title='bbox 641 1612 784 1643; x_wconf 72' lang='lat' dir='ltr'>corporatis</span> <span class='ocrx_word' id='word_1_470' title='bbox 797 1611 921 1636; x_wconf 85' lang='lat' dir='ltr'>munditia</span> <span class='ocrx_word' id='word_1_471' title='bbox 934 1611 972 1636; x_wconf 88' lang='lat' dir='ltr'>est</span> <span class='ocrx_word' id='word_1_472' title='bbox 984 1611 1110 1636; x_wconf 84' lang='lat' dir='ltr'>habenda:</span> <span class='ocrx_word' id='word_1_473' title='bbox 1168 1610 1208 1634; x_wconf 84' lang='lat' dir='ltr'>vel</span> <span class='ocrx_word' id='word_1_474' title='bbox 1220 1608 1239 1621; x_wconf 75' lang='lat'>¹¹</span> <span class='ocrx_word' id='word_1_475' title='bbox 1261 1609 1387 1640; x_wconf 83' lang='lat' dir='ltr'>pallarum</span> <span class='ocrx_word' id='word_1_476' title='bbox 1401 1609 1538 1634; x_wconf 86' lang='lat' dir='ltr'>custodiam</span> <span class='ocrx_word' id='word_1_477' title='bbox 1553 1610 1744 1641; x_wconf 87' lang='lat' dir='ltr'>supponuntur,</span> <span class='ocrx_word' id='word_1_478' title='bbox 1759 1611 1858 1636; x_wconf 86' lang='lat' dir='ltr'>calicem</span> <span class='ocrx_word' id='word_1_479' title='bbox 1872 1612 1966 1643; x_wconf 86' lang='lat' dir='ltr'>passim</span> <span class='ocrx_word' id='word_1_480' title='bbox 1978 1612 2019 1637; x_wconf 81' lang='lat' dir='ltr'>vel</span> 
     </span>
     <span class='ocr_line' id='line_1_33' title="bbox 259 1652 2019 1687; baseline 0.001 -8"><span class='ocrx_word' id='word_1_481' title='bbox 259 1656 422 1687; x_wconf 61' lang='lat' dir='ltr'>spiritualis,</span> <span class='ocrx_word' id='word_1_482' title='bbox 443 1655 472 1680; x_wconf 89' lang='lat' dir='ltr'>ut</span> <span class='ocrx_word' id='word_1_483' title='bbox 489 1656 575 1680; x_wconf 91' lang='lat' dir='ltr'>nullus</span> <span class='ocrx_word' id='word_1_484' title='bbox 594 1656 623 1680; x_wconf 87' lang='lat' dir='ltr'>de</span> <span class='ocrx_word' id='word_1_485' title='bbox 642 1655 742 1687; x_wconf 85' lang='lat' dir='ltr'>peccato</span> <span class='ocrx_word' id='word_1_486' title='bbox 761 1655 936 1680; x_wconf 86' lang='lat' dir='ltr'>conscientiam</span> <span class='ocrx_word' id='word_1_487' title='bbox 956 1655 1051 1679; x_wconf 86' lang='lat' dir='ltr'>habens</span> <span class='ocrx_word' id='word_1_488' title='bbox 1063 1654 1112 1679; x_wconf 84' lang='lat' dir='ltr'>lae-</span> <span class='ocrx_word' id='word_1_489' title='bbox 1168 1653 1360 1678; x_wconf 83' lang='lat' dir='ltr'>consecrandam</span> <span class='ocrx_word' id='word_1_490' title='bbox 1379 1652 1488 1677; x_wconf 89' lang='lat' dir='ltr'>hostiam</span> <span class='ocrx_word' id='word_1_491' title='bbox 1507 1654 1665 1684; x_wconf 84' lang='lat' dir='ltr'>reponentes.</span> <span class='ocrx_word' id='word_1_492' title='bbox 1684 1653 1841 1685; x_wconf 80' lang='lat' dir='ltr'>Singularem</span> <span class='ocrx_word' id='word_1_493' title='bbox 1854 1654 1951 1680; x_wconf 87' lang='lat' dir='ltr'>hostiae</span> <span class='ocrx_word' id='word_1_494' title='bbox 1970 1655 2019 1680; x_wconf 91' lang='lat' dir='ltr'>cul-</span> 
     </span>
     <span class='ocr_line' id='line_1_34' title="bbox 261 1696 2115 1730; baseline -0.001 -7"><span class='ocrx_word' id='word_1_495' title='bbox 261 1706 326 1728; x_wconf 86' lang='lat' dir='ltr'>sam,</span> <span class='ocrx_word' id='word_1_496' title='bbox 346 1699 385 1723; x_wconf 85' lang='lat' dir='ltr'>vel</span> <span class='ocrx_word' id='word_1_497' title='bbox 406 1706 490 1724; x_wconf 91' lang='lat' dir='ltr'>somno</span> <span class='ocrx_word' id='word_1_498' title='bbox 519 1699 632 1730; x_wconf 84' lang='lat' dir='ltr'>pollutus</span> <span class='ocrx_word' id='word_1_499' title='bbox 660 1699 782 1724; x_wconf 86' lang='lat' dir='ltr'>nocturno</span> <span class='ocrx_word' id='word_1_500' title='bbox 807 1699 839 1723; x_wconf 87' lang='lat' dir='ltr'>ad</span> <span class='ocrx_word' id='word_1_501' title='bbox 866 1698 1020 1730; x_wconf 79' lang='lat' dir='ltr'>tangendum</span> <span class='ocrx_word' id='word_1_502' title='bbox 1040 1705 1112 1722; x_wconf 83' lang='lat' dir='ltr'>sacra</span> <span class='ocrx_word' id='word_1_503' title='bbox 1169 1696 1223 1721; x_wconf 86' lang='lat' dir='ltr'>tum</span> <span class='ocrx_word' id='word_1_504' title='bbox 1243 1697 1380 1728; x_wconf 82' lang='lat' dir='ltr'>singularis</span> <span class='ocrx_word' id='word_1_505' title='bbox 1399 1697 1467 1721; x_wconf 85' lang='lat' dir='ltr'>decet</span> <span class='ocrx_word' id='word_1_506' title='bbox 1486 1697 1616 1722; x_wconf 85' lang='lat' dir='ltr'>munditia.</span> <span class='ocrx_word' id='word_1_507' title='bbox 2114 1720 2115 1727; x_wconf 60' lang='grc'><strong>,</strong></span> 
     </span>
     <span class='ocr_line' id='line_1_35' title="bbox 261 1739 2106 1783; baseline -0.001 -16"><span class='ocrx_word' id='word_1_508' title='bbox 261 1750 335 1773; x_wconf 87' lang='lat' dir='ltr'>vasa,</span> <span class='ocrx_word' id='word_1_509' title='bbox 356 1743 396 1768; x_wconf 86' lang='lat' dir='ltr'>vel</span> <span class='ocrx_word' id='word_1_510' title='bbox 422 1743 453 1768; x_wconf 89' lang='lat' dir='ltr'>ad</span> <span class='ocrx_word' id='word_1_511' title='bbox 481 1742 689 1772; x_wconf 86' lang='lat' dir='ltr'>ministrandum,</span> <span class='ocrx_word' id='word_1_512' title='bbox 710 1742 845 1774; x_wconf 85' lang='lat' dir='ltr'>antequam</span> <span class='ocrx_word' id='word_1_513' title='bbox 873 1742 949 1767; x_wconf 86' lang='lat' dir='ltr'>fuerit</span> <span class='ocrx_word' id='word_1_514' title='bbox 971 1741 1111 1771; x_wconf 86' lang='lat' dir='ltr'>confessus,</span> <span class='ocrx_word' id='word_1_515' title='bbox 1239 1740 1264 1764; x_wconf 85' lang='lat'>4.</span> <span class='ocrx_word' id='word_1_516' title='bbox 1284 1739 1324 1764; x_wconf 86' lang='lat' dir='ltr'>Ad</span> <span class='ocrx_word' id='word_1_517' title='bbox 1343 1747 1383 1764; x_wconf 78' lang='lat' dir='ltr'>res</span> <span class='ocrx_word' id='word_1_518' title='bbox 1411 1747 1510 1771; x_wconf 72' lang='lat' dir='ltr'>quoqne</span> <span class='ocrx_word' id='word_1_519' title='bbox 1538 1741 1709 1772; x_wconf 75' lang='lat' dir='ltr'>necessarias,</span> <span class='ocrx_word' id='word_1_520' title='bbox 1737 1740 1767 1766; x_wconf 89' lang='lat' dir='ltr'>nt</span> <span class='ocrx_word' id='word_1_521' title='bbox 1786 1741 1846 1766; x_wconf 90' lang='lat' dir='ltr'>sunt</span> <span class='ocrx_word' id='word_1_522' title='bbox 1864 1743 2018 1773; x_wconf 86' lang='lat' dir='ltr'>corporalia,</span> <span class='ocrx_word' id='word_1_523' title='bbox 2040 1736 2122 1783; x_wconf 43' lang='lat'>(2223)</span> 
     </span>
     <span class='ocr_line' id='line_1_36' title="bbox 260 1776 2115 1817; baseline 0 -6"><span class='ocrx_word' id='word_1_524' title='bbox 260 1787 368 1812; x_wconf 85' lang='lat' dir='ltr'>accedat.</span> <span class='ocrx_word' id='word_1_525' title='bbox 397 1786 449 1811; x_wconf 88' lang='lat' dir='ltr'>Nec</span> <span class='ocrx_word' id='word_1_526' title='bbox 477 1786 549 1811; x_wconf 87' lang='lat' dir='ltr'>debet</span> <span class='ocrx_word' id='word_1_527' title='bbox 577 1786 748 1811; x_wconf 85' lang='lat' dir='ltr'>celebraturus</span> <span class='ocrx_word' id='word_1_528' title='bbox 774 1786 951 1811; x_wconf 83' lang='lat' dir='ltr'>confessionem</span> <span class='ocrx_word' id='word_1_529' title='bbox 971 1785 1112 1817; x_wconf 79' lang='lat' dir='ltr'>privatam,</span> <span class='ocrx_word' id='word_1_530' title='bbox 1169 1783 1247 1814; x_wconf 84' lang='lat' dir='ltr'>panni</span> <span class='ocrx_word' id='word_1_531' title='bbox 1265 1783 1363 1815; x_wconf 80' lang='lat' dir='ltr'>calicis,</span> <span class='ocrx_word' id='word_1_532' title='bbox 1382 1784 1435 1814; x_wconf 85' lang='lat' dir='ltr'>ipse</span> <span class='ocrx_word' id='word_1_533' title='bbox 1455 1784 1520 1808; x_wconf 80' lang='lat' dir='ltr'>calix</span> <span class='ocrx_word' id='word_1_534' title='bbox 1547 1784 1572 1808; x_wconf 87' lang='lat' dir='ltr'>et</span> <span class='ocrx_word' id='word_1_535' title='bbox 1599 1784 1712 1814; x_wconf 84' lang='lat' dir='ltr'>missale,</span> <span class='ocrx_word' id='word_1_536' title='bbox 1732 1784 1771 1809; x_wconf 90' lang='lat' dir='ltr'>est</span> <span class='ocrx_word' id='word_1_537' title='bbox 1790 1785 1930 1810; x_wconf 79' lang='lat' dir='ltr'>reverentia</span> <span class='ocrx_word' id='word_1_538' title='bbox 1948 1786 2020 1811; x_wconf 87' lang='lat' dir='ltr'>adhi-</span> <span class='ocrx_word' id='word_1_539' title='bbox 2099 1776 2115 1799; x_wconf 41' lang='grc' dir='ltr'>υ*</span> 
     </span>
     <span class='ocr_line' id='line_1_37' title="bbox 261 1825 2115 1862; baseline -0.001 -7"><span class='ocrx_word' id='word_1_540' title='bbox 261 1837 323 1862; x_wconf 87' lang='lat' dir='ltr'>quae</span> <span class='ocrx_word' id='word_1_541' title='bbox 343 1830 401 1855; x_wconf 84' lang='lat' dir='ltr'>ante</span> <span class='ocrx_word' id='word_1_542' title='bbox 420 1830 610 1855; x_wconf 86' lang='lat' dir='ltr'>celebrationem</span> <span class='ocrx_word' id='word_1_543' title='bbox 636 1830 665 1855; x_wconf 86' lang='lat' dir='ltr'>de</span> <span class='ocrx_word' id='word_1_544' title='bbox 690 1829 842 1861; x_wconf 90' lang='lat' dir='ltr'>quotidianis</span> <span class='ocrx_word' id='word_1_545' title='bbox 863 1829 962 1855; x_wconf 81' lang='lat' dir='ltr'>offensis</span> <span class='ocrx_word' id='word_1_546' title='bbox 982 1829 1036 1854; x_wconf 86' lang='lat' dir='ltr'>fieri</span> <span class='ocrx_word' id='word_1_547' title='bbox 1055 1836 1113 1854; x_wconf 91' lang='lat' dir='ltr'>con·</span> <span class='ocrx_word' id='word_1_548' title='bbox 1169 1827 1263 1857; x_wconf 84' lang='lat' dir='ltr'>benda,</span> <span class='ocrx_word' id='word_1_549' title='bbox 1289 1834 1364 1858; x_wconf 87' lang='lat' dir='ltr'>quam</span> <span class='ocrx_word' id='word_1_550' title='bbox 1389 1827 1526 1852; x_wconf 86' lang='lat' dir='ltr'>munditiae</span> <span class='ocrx_word' id='word_1_551' title='bbox 1552 1827 1661 1852; x_wconf 88' lang='lat' dir='ltr'>studium</span> <span class='ocrx_word' id='word_1_552' title='bbox 1689 1828 1794 1853; x_wconf 81' lang='lat' dir='ltr'>maxime</span> <span class='ocrx_word' id='word_1_553' title='bbox 1819 1829 1917 1860; x_wconf 85' lang='lat' dir='ltr'>probat.</span> <span class='ocrx_word' id='word_1_554' title='bbox 1936 1829 2019 1855; x_wconf 90' lang='lat' dir='ltr'>Huius</span> <span class='ocrx_word' id='word_1_555' title='bbox 2114 1825 2115 1830; x_wconf 49' lang='lat'>¹</span> 
     </span>
     <span class='ocr_line' id='line_1_38' title="bbox 261 1870 2019 1905; baseline -0.001 -7"><span class='ocrx_word' id='word_1_556' title='bbox 261 1874 357 1903; x_wconf 88' lang='lat' dir='ltr'>suevit,</span> <span class='ocrx_word' id='word_1_557' title='bbox 377 1881 455 1905; x_wconf 86' lang='lat' dir='ltr'>usque</span> <span class='ocrx_word' id='word_1_558' title='bbox 474 1873 506 1898; x_wconf 90' lang='lat' dir='ltr'>ad</span> <span class='ocrx_word' id='word_1_559' title='bbox 524 1873 605 1898; x_wconf 87' lang='lat' dir='ltr'>altare</span> <span class='ocrx_word' id='word_1_560' title='bbox 624 1873 731 1898; x_wconf 84' lang='lat' dir='ltr'>differre.</span> <span class='ocrx_word' id='word_1_561' title='bbox 749 1872 917 1903; x_wconf 75' lang='lat' dir='ltr'>Corporatem</span> <span class='ocrx_word' id='word_1_562' title='bbox 930 1879 1026 1904; x_wconf 84' lang='lat' dir='ltr'>quoque</span> <span class='ocrx_word' id='word_1_563' title='bbox 1040 1879 1113 1897; x_wconf 89' lang='lat' dir='ltr'>mun-</span> <span class='ocrx_word' id='word_1_564' title='bbox 1169 1870 1264 1894; x_wconf 85' lang='lat' dir='ltr'>intuitu</span> <span class='ocrx_word' id='word_1_565' title='bbox 1283 1877 1383 1901; x_wconf 84' lang='lat' dir='ltr'>pannus</span> <span class='ocrx_word' id='word_1_566' title='bbox 1402 1871 1482 1895; x_wconf 90' lang='lat' dir='ltr'>omnis</span> <span class='ocrx_word' id='word_1_567' title='bbox 1502 1870 1646 1901; x_wconf 87' lang='lat' dir='ltr'>suspectus,</span> <span class='ocrx_word' id='word_1_568' title='bbox 1666 1871 1712 1895; x_wconf 88' lang='lat' dir='ltr'>aut</span> <span class='ocrx_word' id='word_1_569' title='bbox 1739 1879 1811 1903; x_wconf 88' lang='lat' dir='ltr'>quem</span> <span class='ocrx_word' id='word_1_570' title='bbox 1831 1872 1898 1897; x_wconf 88' lang='lat' dir='ltr'>color</span> <span class='ocrx_word' id='word_1_571' title='bbox 1915 1872 2019 1904; x_wconf 88' lang='lat' dir='ltr'>impedit</span> 
     </span>
     <span class='ocr_line' id='line_1_39' title="bbox 261 1913 2020 1948; baseline -0.001 -7"><span class='ocrx_word' id='word_1_572' title='bbox 261 1916 356 1947; x_wconf 87' lang='lat' dir='ltr'>ditiam,</span> <span class='ocrx_word' id='word_1_573' title='bbox 376 1915 480 1948; x_wconf 76' lang='lat' dir='ltr'>Moyse¹⁵</span> <span class='ocrx_word' id='word_1_574' title='bbox 494 1916 580 1941; x_wconf 84' lang='lat' dir='ltr'>sancto</span> <span class='ocrx_word' id='word_1_575' title='bbox 594 1916 741 1945; x_wconf 75' lang='lat' dir='ltr'>attestante,</span> <span class='ocrx_word' id='word_1_576' title='bbox 761 1916 844 1947; x_wconf 77' lang='lat' dir='ltr'>diligit</span> <span class='ocrx_word' id='word_1_577' title='bbox 862 1916 938 1940; x_wconf 83' lang='lat' dir='ltr'>Dens.</span> <span class='ocrx_word' id='word_1_578' title='bbox 953 1915 1112 1946; x_wconf 85' lang='lat' dir='ltr'>Corporalem</span> <span class='ocrx_word' id='word_1_579' title='bbox 1169 1913 1251 1943; x_wconf 82' lang='lat' dir='ltr'>ablui,</span> <span class='ocrx_word' id='word_1_580' title='bbox 1272 1920 1286 1938; x_wconf 86' lang='lat' dir='ltr'>a</span> <span class='ocrx_word' id='word_1_581' title='bbox 1305 1913 1476 1945; x_wconf 83' lang='lat' dir='ltr'>corporalibus</span> <span class='ocrx_word' id='word_1_582' title='bbox 1495 1913 1595 1939; x_wconf 87' lang='lat' dir='ltr'>arcetur</span> <span class='ocrx_word' id='word_1_583' title='bbox 1623 1914 1648 1939; x_wconf 91' lang='lat' dir='ltr'>et</span> <span class='ocrx_word' id='word_1_584' title='bbox 1675 1914 1756 1939; x_wconf 83' lang='lat' dir='ltr'>calice.</span> <span class='ocrx_word' id='word_1_585' title='bbox 1777 1915 1809 1939; x_wconf 89' lang='lat' dir='ltr'>In</span> <span class='ocrx_word' id='word_1_586' title='bbox 1828 1915 1959 1947; x_wconf 80' lang='lat' dir='ltr'>pyxidibus</span> <span class='ocrx_word' id='word_1_587' title='bbox 1978 1916 2020 1941; x_wconf 88' lang='lat' dir='ltr'>ho—</span> 
     </span>
     <span class='ocr_line' id='line_1_40' title="bbox 261 1956 2113 2011; baseline -0.001 -26"><span class='ocrx_word' id='word_1_588' title='bbox 261 1960 360 1985; x_wconf 87' lang='lat' dir='ltr'>omnino</span> <span class='ocrx_word' id='word_1_589' title='bbox 379 1960 527 1985; x_wconf 83' lang='lat' dir='ltr'>munditiam</span> <span class='ocrx_word' id='word_1_590' title='bbox 547 1959 653 1991; x_wconf 89' lang='lat' dir='ltr'>requirit</span> <span class='ocrx_word' id='word_1_591' title='bbox 671 1959 808 1990; x_wconf 82' lang='lat' dir='ltr'>corporalis</span> <span class='ocrx_word' id='word_1_592' title='bbox 836 1959 979 1990; x_wconf 88' lang='lat' dir='ltr'>praesentia</span> <span class='ocrx_word' id='word_1_593' title='bbox 1001 1958 1113 1983; x_wconf 82' lang='lat' dir='ltr'>Salvato-</span> <span class='ocrx_word' id='word_1_594' title='bbox 1170 1957 1277 1982; x_wconf 86' lang='lat' dir='ltr'>stiarum</span> <span class='ocrx_word' id='word_1_595' title='bbox 1296 1957 1474 1982; x_wconf 87' lang='lat' dir='ltr'>mundissimus</span> <span class='ocrx_word' id='word_1_596' title='bbox 1493 1958 1607 1982; x_wconf 84' lang='lat' dir='ltr'>sacculus</span> <span class='ocrx_word' id='word_1_597' title='bbox 1619 1956 1638 1969; x_wconf 78' lang='lat'>¹²</span> <span class='ocrx_word' id='word_1_598' title='bbox 1652 1958 1733 1982; x_wconf 90' lang='lat' dir='ltr'>lineus</span> <span class='ocrx_word' id='word_1_599' title='bbox 1746 1957 1843 1983; x_wconf 87' lang='lat' dir='ltr'>hostias</span> <span class='ocrx_word' id='word_1_600' title='bbox 1856 1958 1973 1984; x_wconf 87' lang='lat' dir='ltr'>continet.</span> <span class='ocrx_word' id='word_1_601' title='bbox 1988 1959 2020 1984; x_wconf 89' lang='lat' dir='ltr'>In</span> <span class='ocrx_word' id='word_1_602' title='bbox 2112 1971 2113 2011; x_wconf 37' lang='grc'>1</span> 
     </span>
     <span class='ocr_line' id='line_1_41' title="bbox 260 2000 2020 2034; baseline -0.001 -6"><span class='ocrx_word' id='word_1_603' title='bbox 260 2004 304 2028; x_wconf 87' lang='lat' dir='ltr'>ris.</span> <span class='ocrx_word' id='word_1_604' title='bbox 323 2004 419 2029; x_wconf 84' lang='lat' dir='ltr'>Idcirco</span> <span class='ocrx_word' id='word_1_605' title='bbox 447 2003 557 2028; x_wconf 89' lang='lat' dir='ltr'>ministri</span> <span class='ocrx_word' id='word_1_606' title='bbox 584 2003 674 2028; x_wconf 86' lang='lat' dir='ltr'>altaris</span> <span class='ocrx_word' id='word_1_607' title='bbox 692 2010 742 2028; x_wconf 89' lang='lat' dir='ltr'>non</span> <span class='ocrx_word' id='word_1_608' title='bbox 768 2003 848 2028; x_wconf 88' lang='lat' dir='ltr'>solnm</span> <span class='ocrx_word' id='word_1_609' title='bbox 873 2002 1008 2034; x_wconf 84' lang='lat' dir='ltr'>antequam</span> <span class='ocrx_word' id='word_1_610' title='bbox 1028 2010 1053 2027; x_wconf 86' lang='grc'>50</span> <span class='ocrx_word' id='word_1_611' title='bbox 1081 2002 1113 2026; x_wconf 91' lang='lat' dir='ltr'>ad</span> <span class='ocrx_word' id='word_1_612' title='bbox 1170 2000 1324 2031; x_wconf 79' lang='lat' dir='ltr'>repositoriis</span> <span class='ocrx_word' id='word_1_613' title='bbox 1357 2000 1461 2025; x_wconf 87' lang='lat' dir='ltr'>calicum</span> <span class='ocrx_word' id='word_1_614' title='bbox 1494 2001 1607 2025; x_wconf 90' lang='lat' dir='ltr'>sacculus</span> <span class='ocrx_word' id='word_1_615' title='bbox 1640 2008 1736 2032; x_wconf 88' lang='lat' dir='ltr'>quoque</span> <span class='ocrx_word' id='word_1_616' title='bbox 1766 2001 1905 2032; x_wconf 84' lang='lat' dir='ltr'>operiendis</span> <span class='ocrx_word' id='word_1_617' title='bbox 1936 2002 2020 2027; x_wconf 90' lang='lat' dir='ltr'>calicis</span> 
     </span>
     <span class='ocr_line' id='line_1_42' title="bbox 262 2043 2020 2077; baseline -0.001 -6"><span class='ocrx_word' id='word_1_618' title='bbox 262 2047 456 2071; x_wconf 81' lang='lat' dir='ltr'>ministrandum</span> <span class='ocrx_word' id='word_1_619' title='bbox 484 2047 604 2076; x_wconf 82' lang='lat' dir='ltr'>induant,</span> <span class='ocrx_word' id='word_1_620' title='bbox 632 2054 719 2071; x_wconf 84' lang='lat' dir='ltr'>verum</span> <span class='ocrx_word' id='word_1_621' title='bbox 750 2046 826 2071; x_wconf 85' lang='lat' dir='ltr'>etiam</span> <span class='ocrx_word' id='word_1_622' title='bbox 858 2046 990 2077; x_wconf 81' lang='lat' dir='ltr'>postquam</span> <span class='ocrx_word' id='word_1_623' title='bbox 1019 2045 1113 2070; x_wconf 83' lang='lat' dir='ltr'>fuerint</span> <span class='ocrx_word' id='word_1_624' title='bbox 1169 2044 1296 2075; x_wconf 86' lang='lat' dir='ltr'>mappulis</span> <span class='ocrx_word' id='word_1_625' title='bbox 1315 2043 1456 2069; x_wconf 85' lang='lat' dir='ltr'>adhibetur.</span> <span class='ocrx_word' id='word_1_626' title='bbox 1476 2044 1593 2075; x_wconf 78' lang='lat' dir='ltr'>Quisquis</span> <span class='ocrx_word' id='word_1_627' title='bbox 1612 2051 1670 2075; x_wconf 78' lang='lat' dir='ltr'>ergo</span> <span class='ocrx_word' id='word_1_628' title='bbox 1689 2044 1721 2068; x_wconf 91' lang='lat' dir='ltr'>ad</span> <span class='ocrx_word' id='word_1_629' title='bbox 1739 2044 1829 2069; x_wconf 88' lang='lat' dir='ltr'>altaris</span> <span class='ocrx_word' id='word_1_630' title='bbox 1848 2044 1969 2069; x_wconf 86' lang='lat' dir='ltr'>utensilia</span> <span class='ocrx_word' id='word_1_631' title='bbox 1982 2052 2020 2070; x_wconf 86' lang='lat' dir='ltr'>sa-</span> 
     </span>
     <span class='ocr_line' id='line_1_43' title="bbox 262 2072 2113 2134; baseline -0.001 -20"><span class='ocrx_word' id='word_1_632' title='bbox 262 2090 360 2115; x_wconf 87' lang='lat' dir='ltr'>omnino</span> <span class='ocrx_word' id='word_1_633' title='bbox 380 2090 477 2121; x_wconf 82' lang='lat' dir='ltr'>parati,</span> <span class='ocrx_word' id='word_1_634' title='bbox 497 2090 618 2121; x_wconf 83' lang='lat' dir='ltr'>expeditis</span> <span class='ocrx_word' id='word_1_635' title='bbox 637 2089 822 2119; x_wconf 84' lang='lat' dir='ltr'>communibus,</span> <span class='ocrx_word' id='word_1_636' title='bbox 842 2089 873 2113; x_wconf 90' lang='lat' dir='ltr'>ad</span> <span class='ocrx_word' id='word_1_637' title='bbox 901 2089 985 2113; x_wconf 87' lang='lat' dir='ltr'>calicis</span> <span class='ocrx_word' id='word_1_638' title='bbox 1004 2088 1114 2113; x_wconf 84' lang='lat' dir='ltr'>ministe—</span> <span class='ocrx_word' id='word_1_639' title='bbox 1170 2096 1212 2113; x_wconf 85' lang='lat' dir='ltr'>cra</span> <span class='ocrx_word' id='word_1_640' title='bbox 1231 2088 1397 2113; x_wconf 83' lang='lat' dir='ltr'>reverentiam</span> <span class='ocrx_word' id='word_1_641' title='bbox 1415 2088 1552 2112; x_wconf 84' lang='lat' dir='ltr'>munditiae</span> <span class='ocrx_word' id='word_1_642' title='bbox 1571 2087 1656 2117; x_wconf 84' lang='lat' dir='ltr'>curat,</span> <span class='ocrx_word' id='word_1_643' title='bbox 1676 2088 1741 2112; x_wconf 87' lang='lat' dir='ltr'>circa</span> <span class='ocrx_word' id='word_1_644' title='bbox 1759 2088 1815 2119; x_wconf 87' lang='lat' dir='ltr'>ipsa</span> <span class='ocrx_word' id='word_1_645' title='bbox 1828 2089 1955 2119; x_wconf 86' lang='lat' dir='ltr'>operosius</span> <span class='ocrx_word' id='word_1_646' title='bbox 1969 2088 2020 2113; x_wconf 88' lang='lat' dir='ltr'>stu·</span> <span class='ocrx_word' id='word_1_647' title='bbox 2110 2072 2113 2134; x_wconf 53' lang='lat' dir='ltr'>y</span> 
     </span>
     <span class='ocr_line' id='line_1_44' title="bbox 2110 2149 2111 2163; baseline 0 0"><span class='ocrx_word' id='word_1_648' title='bbox 2110 2149 2111 2163; x_wconf 77' lang='lat' dir='ltr'>l</span> 
     </span>
     <span class='ocr_line' id='line_1_45' title="bbox 2110 2166 2111 2190; baseline 0 0"><span class='ocrx_word' id='word_1_649' title='bbox 2110 2166 2111 2190; x_wconf 80' lang='lat' dir='ltr'>l</span> 
     </span>
     <span class='ocr_line' id='line_1_46' title="bbox 2109 2215 2111 2225; baseline 0 0"><span class='ocrx_word' id='word_1_650' title='bbox 2109 2215 2111 2225; x_wconf 67' lang='lat'>4</span> 
     </span>
    </p>
   </div>
   <div class='ocr_carea' id='block_1_5' title="bbox 1134 784 1142 1849">
    <p class='ocr_par' dir='ltr' id='par_1_7' title="bbox 1134 784 1142 1849">
     <span class='ocr_line' id='line_1_47' title="bbox 1134 784 1142 1849; baseline 0 0"><span class='ocrx_word' id='word_1_651' title='bbox 1134 784 1142 1849; x_wconf 95' lang='lat' dir='ltr'> </span> 
     </span>
    </p>
   </div>
   <div class='ocr_carea' id='block_1_6' title="bbox 261 2131 2109 2467">
    <p class='ocr_par' dir='ltr' id='par_1_8' title="bbox 261 2131 2109 2467">
     <span class='ocr_line' id='line_1_48' title="bbox 262 2131 2019 2164; baseline -0.001 -6"><span class='ocrx_word' id='word_1_652' title='bbox 262 2135 327 2159; x_wconf 88' lang='lat' dir='ltr'>rium</span> <span class='ocrx_word' id='word_1_653' title='bbox 346 2135 483 2164; x_wconf 85' lang='lat' dir='ltr'>accessuri,</span> <span class='ocrx_word' id='word_1_654' title='bbox 504 2141 563 2158; x_wconf 83' lang='lat' dir='ltr'>suas</span> <span class='ocrx_word' id='word_1_655' title='bbox 580 2134 668 2158; x_wconf 86' lang='lat' dir='ltr'>lavent</span> <span class='ocrx_word' id='word_1_656' title='bbox 686 2133 777 2158; x_wconf 91' lang='lat' dir='ltr'>iterum</span> <span class='ocrx_word' id='word_1_657' title='bbox 794 2140 890 2158; x_wconf 88' lang='lat' dir='ltr'>manns.</span> <span class='ocrx_word' id='word_1_658' title='bbox 905 2133 958 2158; x_wconf 92' lang='lat' dir='ltr'>Hoc</span> <span class='ocrx_word' id='word_1_659' title='bbox 971 2133 1035 2157; x_wconf 83' lang='lat' dir='ltr'>enirn</span> <span class='ocrx_word' id='word_1_660' title='bbox 1050 2140 1114 2157; x_wconf 87' lang='lat' dir='ltr'>sem·</span> <span class='ocrx_word' id='word_1_661' title='bbox 1170 2131 1235 2156; x_wconf 88' lang='lat' dir='ltr'>deat.</span> <span class='ocrx_word' id='word_1_662' title='bbox 1264 2131 1300 2156; x_wconf 84' lang='lat' dir='ltr'>De</span> <span class='ocrx_word' id='word_1_663' title='bbox 1328 2131 1499 2156; x_wconf 89' lang='lat' dir='ltr'>communibus</span> <span class='ocrx_word' id='word_1_664' title='bbox 1524 2131 1606 2159; x_wconf 89' lang='lat' dir='ltr'>libris,</span> <span class='ocrx_word' id='word_1_665' title='bbox 1627 2131 1648 2155; x_wconf 87' lang='lat' dir='ltr'>si</span> <span class='ocrx_word' id='word_1_666' title='bbox 1676 2138 1737 2162; x_wconf 89' lang='lat' dir='ltr'>quos</span> <span class='ocrx_word' id='word_1_667' title='bbox 1762 2131 1896 2162; x_wconf 84' lang='lat' dir='ltr'>aliquando</span> <span class='ocrx_word' id='word_1_668' title='bbox 1916 2132 2019 2163; x_wconf 83' lang='lat' dir='ltr'>propter</span> 
     </span>
     <span class='ocr_line' id='line_1_49' title="bbox 262 2173 2021 2209; baseline -0.001 -7"><span class='ocrx_word' id='word_1_669' title='bbox 262 2185 307 2209; x_wconf 82' lang='grc'><strong>1101·</strong></span> <span class='ocrx_word' id='word_1_670' title='bbox 325 2177 415 2202; x_wconf 86' lang='lat' dir='ltr'>debent</span> <span class='ocrx_word' id='word_1_671' title='bbox 442 2184 528 2202; x_wconf 83' lang='lat' dir='ltr'>cavere</span> <span class='ocrx_word' id='word_1_672' title='bbox 552 2177 694 2201; x_wconf 84' lang='lat' dir='ltr'>cautissime</span> <span class='ocrx_word' id='word_1_673' title='bbox 705 2175 722 2206; x_wconf 64' lang='grc' dir='ltr'>ὓ,</span> <span class='ocrx_word' id='word_1_674' title='bbox 742 2184 773 2201; x_wconf 85' lang='grc'>110</span> <span class='ocrx_word' id='word_1_675' title='bbox 798 2176 969 2201; x_wconf 87' lang='lat' dir='ltr'>communibus</span> <span class='ocrx_word' id='word_1_676' title='bbox 997 2175 1113 2200; x_wconf 87' lang='lat' dir='ltr'>manibus</span> <span class='ocrx_word' id='word_1_677' title='bbox 1170 2174 1291 2203; x_wconf 84' lang='lat' dir='ltr'>officium,</span> <span class='ocrx_word' id='word_1_678' title='bbox 1310 2174 1449 2198; x_wconf 86' lang='lat' dir='ltr'>inevitabili</span> <span class='ocrx_word' id='word_1_679' title='bbox 1469 2173 1531 2199; x_wconf 89' lang='lat' dir='ltr'>forte</span> <span class='ocrx_word' id='word_1_680' title='bbox 1559 2174 1707 2198; x_wconf 83' lang='lat' dir='ltr'>necessitate</span> <span class='ocrx_word' id='word_1_681' title='bbox 1727 2174 1842 2206; x_wconf 79' lang='lat' dir='ltr'>cogente,</span> <span class='ocrx_word' id='word_1_682' title='bbox 1864 2175 1922 2206; x_wconf 86' lang='lat' dir='ltr'>poni</span> <span class='ocrx_word' id='word_1_683' title='bbox 1945 2182 2021 2206; x_wconf 89' lang='lat' dir='ltr'>super</span> 
     </span>
     <span class='ocr_line' id='line_1_50' title="bbox 261 2217 2020 2251; baseline -0.001 -6"><span class='ocrx_word' id='word_1_684' title='bbox 261 2220 306 2245; x_wconf 83' lang='lat' dir='ltr'>aut</span> <span class='ocrx_word' id='word_1_685' title='bbox 325 2228 380 2245; x_wconf 89' lang='grc'><strong>011111</strong></span> <span class='ocrx_word' id='word_1_686' title='bbox 400 2221 502 2245; x_wconf 86' lang='lat' dir='ltr'>manicis</span> <span class='ocrx_word' id='word_1_687' title='bbox 522 2220 573 2244; x_wconf 89' lang='lat' dir='ltr'>suis</span> <span class='ocrx_word' id='word_1_688' title='bbox 592 2220 631 2244; x_wconf 82' lang='lat' dir='ltr'>vel</span> <span class='ocrx_word' id='word_1_689' title='bbox 655 2220 712 2251; x_wconf 89' lang='lat' dir='ltr'>post</span> <span class='ocrx_word' id='word_1_690' title='bbox 737 2219 908 2244; x_wconf 85' lang='lat' dir='ltr'>immediatum</span> <span class='ocrx_word' id='word_1_691' title='bbox 928 2226 1011 2244; x_wconf 87' lang='lat' dir='ltr'>rerum</span> <span class='ocrx_word' id='word_1_692' title='bbox 1029 2218 1111 2243; x_wconf 89' lang='lat' dir='ltr'>conta-</span> <span class='ocrx_word' id='word_1_693' title='bbox 1169 2217 1250 2242; x_wconf 83' lang='lat' dir='ltr'>altare</span> <span class='ocrx_word' id='word_1_694' title='bbox 1269 2217 1405 2248; x_wconf 80' lang='lat' dir='ltr'>contingit,</span> <span class='ocrx_word' id='word_1_695' title='bbox 1426 2217 1525 2242; x_wconf 89' lang='lat' dir='ltr'>omnino</span> <span class='ocrx_word' id='word_1_696' title='bbox 1544 2217 1662 2246; x_wconf 80' lang='lat' dir='ltr'>caveant,</span> <span class='ocrx_word' id='word_1_697' title='bbox 1682 2225 1712 2242; x_wconf 86' lang='lat' dir='ltr'>ne</span> <span class='ocrx_word' id='word_1_698' title='bbox 1731 2217 1870 2248; x_wconf 84' lang='lat' dir='ltr'>corporalia</span> <span class='ocrx_word' id='word_1_699' title='bbox 1899 2218 1939 2242; x_wconf 85' lang='lat' dir='ltr'>vel</span> <span class='ocrx_word' id='word_1_700' title='bbox 1961 2225 2020 2249; x_wconf 86' lang='lat' dir='ltr'>pau-</span> 
     </span>
     <span class='ocr_line' id='line_1_51' title="bbox 263 2260 2019 2295; baseline -0.001 -7"><span class='ocrx_word' id='word_1_701' title='bbox 263 2264 331 2289; x_wconf 87' lang='lat' dir='ltr'>ctum</span> <span class='ocrx_word' id='word_1_702' title='bbox 350 2264 462 2295; x_wconf 88' lang='lat' dir='ltr'>calicem,</span> <span class='ocrx_word' id='word_1_703' title='bbox 483 2263 528 2288; x_wconf 89' lang='lat' dir='ltr'>aut</span> <span class='ocrx_word' id='word_1_704' title='bbox 556 2264 598 2295; x_wconf 84' lang='lat' dir='ltr'>qui</span> <span class='ocrx_word' id='word_1_705' title='bbox 626 2263 657 2287; x_wconf 91' lang='lat' dir='ltr'>ad</span> <span class='ocrx_word' id='word_1_706' title='bbox 680 2263 763 2294; x_wconf 88' lang='lat' dir='ltr'>ipsum</span> <span class='ocrx_word' id='word_1_707' title='bbox 792 2262 920 2294; x_wconf 88' lang='lat' dir='ltr'>pertinent</span> <span class='ocrx_word' id='word_1_708' title='bbox 948 2269 1044 2293; x_wconf 82' lang='lat' dir='ltr'>pannos</span> <span class='ocrx_word' id='word_1_709' title='bbox 1072 2261 1112 2286; x_wconf 85' lang='lat' dir='ltr'>vel</span> <span class='ocrx_word' id='word_1_710' title='bbox 1169 2268 1214 2285; x_wconf 89' lang='lat' dir='ltr'>nos</span> <span class='ocrx_word' id='word_1_711' title='bbox 1242 2260 1325 2285; x_wconf 85' lang='lat' dir='ltr'>calicis</span> <span class='ocrx_word' id='word_1_712' title='bbox 1353 2261 1436 2292; x_wconf 86' lang='lat' dir='ltr'>aliquo</span> <span class='ocrx_word' id='word_1_713' title='bbox 1462 2260 1533 2285; x_wconf 91' lang='lat' dir='ltr'>modo</span> <span class='ocrx_word' id='word_1_714' title='bbox 1561 2260 1678 2291; x_wconf 73' lang='lat' dir='ltr'>tangant,</span> <span class='ocrx_word' id='word_1_715' title='bbox 1708 2260 1769 2285; x_wconf 89' lang='lat' dir='ltr'>Cum</span> <span class='ocrx_word' id='word_1_716' title='bbox 1789 2261 1960 2292; x_wconf 86' lang='lat' dir='ltr'>corporalibus</span> <span class='ocrx_word' id='word_1_717' title='bbox 1979 2261 2019 2286; x_wconf 88' lang='lat' dir='ltr'>vel</span> 
     </span>
     <span class='ocr_line' id='line_1_52' title="bbox 263 2304 2019 2338; baseline -0.002 -6"><span class='ocrx_word' id='word_1_718' title='bbox 263 2307 402 2338; x_wconf 87' lang='lat' dir='ltr'>corporalia</span> <span class='ocrx_word' id='word_1_719' title='bbox 421 2306 543 2338; x_wconf 75' lang='lat' dir='ltr'>tangant,</span> <span class='ocrx_word' id='word_1_720' title='bbox 564 2306 606 2331; x_wconf 90' lang='lat' dir='ltr'>sed</span> <span class='ocrx_word' id='word_1_721' title='bbox 626 2306 647 2331; x_wconf 92' lang='lat' dir='ltr'>si</span> <span class='ocrx_word' id='word_1_722' title='bbox 674 2306 766 2330; x_wconf 85' lang='lat' dir='ltr'>lineam</span> <span class='ocrx_word' id='word_1_723' title='bbox 786 2305 908 2334; x_wconf 88' lang='lat' dir='ltr'>tunicam,</span> <span class='ocrx_word' id='word_1_724' title='bbox 936 2312 1010 2336; x_wconf 88' lang='lat' dir='ltr'>quam</span> <span class='ocrx_word' id='word_1_725' title='bbox 1028 2305 1112 2329; x_wconf 77' lang='lat' dir='ltr'>roche·</span> <span class='ocrx_word' id='word_1_726' title='bbox 1170 2304 1253 2329; x_wconf 82' lang='lat' dir='ltr'>calicis</span> <span class='ocrx_word' id='word_1_727' title='bbox 1271 2304 1351 2335; x_wconf 86' lang='lat' dir='ltr'>ipsius</span> <span class='ocrx_word' id='word_1_728' title='bbox 1370 2304 1490 2335; x_wconf 85' lang='lat' dir='ltr'>mappula</span> <span class='ocrx_word' id='word_1_729' title='bbox 1509 2311 1637 2335; x_wconf 86' lang='lat' dir='ltr'>nunquam</span> <span class='ocrx_word' id='word_1_730' title='bbox 1656 2304 1723 2328; x_wconf 89' lang='lat' dir='ltr'>labia</span> <span class='ocrx_word' id='word_1_731' title='bbox 1742 2304 1781 2329; x_wconf 83' lang='lat' dir='ltr'>vel</span> <span class='ocrx_word' id='word_1_732' title='bbox 1800 2304 1883 2329; x_wconf 87' lang='lat' dir='ltr'>oculos</span> <span class='ocrx_word' id='word_1_733' title='bbox 1902 2304 2019 2335; x_wconf 68' lang='lat' dir='ltr'>tangant,</span> 
     </span>
     <span class='ocr_line' id='line_1_53' title="bbox 264 2346 2109 2380; baseline -0.002 -5"><span class='ocrx_word' id='word_1_734' title='bbox 264 2352 318 2375; x_wconf 76' lang='lat' dir='ltr'>tant</span> <span class='ocrx_word' id='word_1_735' title='bbox 337 2350 427 2375; x_wconf 87' lang='lat' dir='ltr'>vocant</span> <span class='ocrx_word' id='word_1_736' title='bbox 446 2350 485 2374; x_wconf 87' lang='lat' dir='ltr'>vel</span> <span class='ocrx_word' id='word_1_737' title='bbox 503 2349 728 2380; x_wconf 57' lang='lat' dir='ltr'>schemaetnetmn,</span> <span class='ocrx_word' id='word_1_738' title='bbox 748 2356 803 2373; x_wconf 89' lang='lat' dir='ltr'>cum</span> <span class='ocrx_word' id='word_1_739' title='bbox 823 2348 919 2373; x_wconf 86' lang='lat' dir='ltr'>strictis</span> <span class='ocrx_word' id='word_1_740' title='bbox 938 2348 1053 2377; x_wconf 89' lang='lat' dir='ltr'>manicis,</span> <span class='ocrx_word' id='word_1_741' title='bbox 1073 2348 1113 2372; x_wconf 89' lang='lat' dir='ltr'>vel</span> <span class='ocrx_word' id='word_1_742' title='bbox 1170 2347 1307 2372; x_wconf 81' lang='lat' dir='ltr'>devotionis</span> <span class='ocrx_word' id='word_1_743' title='bbox 1326 2347 1431 2372; x_wconf 83' lang='lat' dir='ltr'>alicuius</span> <span class='ocrx_word' id='word_1_744' title='bbox 1459 2346 1571 2372; x_wconf 83' lang='lat' dir='ltr'>obtentu.</span> <span class='ocrx_word' id='word_1_745' title='bbox 1596 2347 1665 2372; x_wconf 83' lang='lat' dir='ltr'>Oalix</span> <span class='ocrx_word' id='word_1_746' title='bbox 1693 2354 1749 2372; x_wconf 88' lang='lat' dir='ltr'>cum</span> <span class='ocrx_word' id='word_1_747' title='bbox 1774 2355 1871 2372; x_wconf 84' lang='lat' dir='ltr'>summa</span> <span class='ocrx_word' id='word_1_748' title='bbox 1895 2347 2021 2373; x_wconf 87' lang='lat' dir='ltr'>tractetur</span> <span class='ocrx_word' id='word_1_749' title='bbox 2108 2353 2109 2371; x_wconf 78' lang='grc'>1</span> 
     </span>
     <span class='ocr_line' id='line_1_54' title="bbox 264 2390 2020 2425; baseline -0.001 -7"><span class='ocrx_word' id='word_1_750' title='bbox 264 2393 352 2425; x_wconf 86' lang='lat' dir='ltr'>aptum</span> <span class='ocrx_word' id='word_1_751' title='bbox 372 2393 440 2418; x_wconf 85' lang='lat' dir='ltr'>aliud</span> <span class='ocrx_word' id='word_1_752' title='bbox 458 2400 508 2418; x_wconf 91' lang='lat' dir='ltr'>non</span> <span class='ocrx_word' id='word_1_753' title='bbox 526 2392 661 2417; x_wconf 88' lang='lat' dir='ltr'>habuerint</span> <span class='ocrx_word' id='word_1_754' title='bbox 680 2392 868 2422; x_wconf 87' lang='lat' dir='ltr'>indumentum,</span> <span class='ocrx_word' id='word_1_755' title='bbox 888 2392 988 2417; x_wconf 80' lang='lat' dir='ltr'>calicem</span> <span class='ocrx_word' id='word_1_756' title='bbox 1007 2399 1114 2423; x_wconf 85' lang='lat' dir='ltr'>praepa·</span> <span class='ocrx_word' id='word_1_757' title='bbox 1171 2390 1302 2420; x_wconf 85' lang='lat' dir='ltr'>munditia,</span> <span class='ocrx_word' id='word_1_758' title='bbox 1321 2390 1419 2422; x_wconf 86' lang='lat' dir='ltr'>quando</span> <span class='ocrx_word' id='word_1_759' title='bbox 1439 2390 1468 2415; x_wconf 88' lang='lat' dir='ltr'>de</span> <span class='ocrx_word' id='word_1_760' title='bbox 1493 2390 1545 2416; x_wconf 92' lang='lat' dir='ltr'>loco</span> <span class='ocrx_word' id='word_1_761' title='bbox 1569 2391 1601 2415; x_wconf 88' lang='lat' dir='ltr'>ad</span> <span class='ocrx_word' id='word_1_762' title='bbox 1627 2391 1708 2415; x_wconf 90' lang='lat' dir='ltr'>locum</span> <span class='ocrx_word' id='word_1_763' title='bbox 1727 2391 1851 2421; x_wconf 86' lang='lat' dir='ltr'>defertur,</span> <span class='ocrx_word' id='word_1_764' title='bbox 1870 2398 1919 2416; x_wconf 88' lang='lat' dir='ltr'>non</span> <span class='ocrx_word' id='word_1_765' title='bbox 1945 2399 2020 2423; x_wconf 86' lang='lat' dir='ltr'>super</span> 
     </span>
     <span class='ocr_line' id='line_1_55' title="bbox 262 2433 2019 2467; baseline -0.002 -6"><span class='ocrx_word' id='word_1_766' title='bbox 262 2437 369 2461; x_wconf 88' lang='lat' dir='ltr'>randum</span> <span class='ocrx_word' id='word_1_767' title='bbox 383 2436 407 2462; x_wconf 92' lang='lat' dir='ltr'>et</span> <span class='ocrx_word' id='word_1_768' title='bbox 423 2437 449 2461; x_wconf 89' lang='lat' dir='ltr'>in</span> <span class='ocrx_word' id='word_1_769' title='bbox 462 2436 511 2461; x_wconf 88' lang='lat' dir='ltr'>fine</span> <span class='ocrx_word' id='word_1_770' title='bbox 523 2436 615 2461; x_wconf 81' lang='lat' dir='ltr'>Missae</span> <span class='ocrx_word' id='word_1_771' title='bbox 634 2436 777 2467; x_wconf 88' lang='lat' dir='ltr'>plicandum</span> <span class='ocrx_word' id='word_1_772' title='bbox 792 2434 800 2447; x_wconf 91' lang='lat'>⁷</span> <span class='ocrx_word' id='word_1_773' title='bbox 820 2435 942 2460; x_wconf 87' lang='lat' dir='ltr'>sacerdoti</span> <span class='ocrx_word' id='word_1_774' title='bbox 960 2434 1113 2466; x_wconf 81' lang='lat' dir='ltr'>relinquant.</span> <span class='ocrx_word' id='word_1_775' title='bbox 1170 2434 1263 2459; x_wconf 89' lang='lat' dir='ltr'>librum</span> <span class='ocrx_word' id='word_1_776' title='bbox 1282 2433 1326 2458; x_wconf 91' lang='lat' dir='ltr'>aut</span> <span class='ocrx_word' id='word_1_777' title='bbox 1344 2434 1536 2464; x_wconf 81' lang='lat' dir='ltr'>vestimentum,</span> <span class='ocrx_word' id='word_1_778' title='bbox 1556 2433 1598 2458; x_wconf 88' lang='lat' dir='ltr'>sed</span> <span class='ocrx_word' id='word_1_779' title='bbox 1623 2434 1674 2458; x_wconf 88' lang='lat' dir='ltr'>alte</span> <span class='ocrx_word' id='word_1_780' title='bbox 1702 2434 1727 2458; x_wconf 92' lang='lat' dir='ltr'>in</span> <span class='ocrx_word' id='word_1_781' title='bbox 1747 2441 1822 2459; x_wconf 87' lang='lat' dir='ltr'>mann</span> <span class='ocrx_word' id='word_1_782' title='bbox 1842 2434 2019 2464; x_wconf 81' lang='lat' dir='ltr'>mundissima,</span> 
     </span>
    </p>
   </div>
   <div class='ocr_carea' id='block_1_7' title="bbox 1135 784 1145 2455">
    <p class='ocr_par' dir='ltr' id='par_1_9' title="bbox 1135 784 1145 2455">
     <span class='ocr_line' id='line_1_56' title="bbox 1135 784 1145 2455; baseline 0 0"><span class='ocrx_word' id='word_1_783' title='bbox 1135 784 1145 2455; x_wconf 95' lang='lat' dir='ltr'> </span> 
     </span>
    </p>
   </div>
   <div class='ocr_carea' id='block_1_8' title="bbox 328 2575 2020 2606">
    <p class='ocr_par' dir='ltr' id='par_1_10' title="bbox 328 2575 2020 2606">
     <span class='ocr_line' id='line_1_57' title="bbox 328 2575 2020 2606; baseline -0.002 -5"><span class='ocrx_word' id='word_1_784' title='bbox 328 2579 335 2592; x_wconf 91' lang='lat'>¹</span> <span class='ocrx_word' id='word_1_785' title='bbox 354 2579 415 2602; x_wconf 86' lang='lat' dir='ltr'>Libr.</span> <span class='ocrx_word' id='word_1_786' title='bbox 433 2579 456 2601; x_wconf 81' lang='lat' dir='ltr'>ll.</span> <span class='ocrx_word' id='word_1_787' title='bbox 476 2580 550 2601; x_wconf 78' lang='lat' dir='ltr'>Maeli.</span> <span class='ocrx_word' id='word_1_788' title='bbox 568 2579 592 2606; x_wconf 79' lang='grc' dir='ltr'>ζι,</span> <span class='ocrx_word' id='word_1_789' title='bbox 612 2579 653 2601; x_wconf 62' lang='grc' dir='ltr'>15ς</span> <span class='ocrx_word' id='word_1_790' title='bbox 678 2579 704 2600; x_wconf 88' lang='lat' dir='ltr'>Et</span> <span class='ocrx_word' id='word_1_791' title='bbox 725 2578 812 2606; x_wconf 80' lang='lat' dir='ltr'>patrios</span> <span class='ocrx_word' id='word_1_792' title='bbox 835 2578 930 2606; x_wconf 84' lang='lat' dir='ltr'>quidem</span> <span class='ocrx_word' id='word_1_793' title='bbox 957 2579 1056 2600; x_wconf 73' lang='lat' dir='ltr'>honores</span> <span class='ocrx_word' id='word_1_794' title='bbox 1079 2577 1112 2600; x_wconf 87' lang='lat' dir='ltr'>ni·</span> <span class='ocrx_word' id='word_1_795' title='bbox 1170 2580 1214 2599; x_wconf 83' lang='lat' dir='ltr'>tur.</span> <span class='ocrx_word' id='word_1_796' title='bbox 1232 2577 1287 2599; x_wconf 87' lang='lat' dir='ltr'>Fide</span> <span class='ocrx_word' id='word_1_797' title='bbox 1304 2576 1341 2599; x_wconf 86' lang='lat' dir='ltr'>ed.</span> <span class='ocrx_word' id='word_1_798' title='bbox 1359 2577 1367 2598; x_wconf 62' lang='lat' dir='ltr'>&gt;l</span> <span class='ocrx_word' id='word_1_799' title='bbox 1390 2576 1551 2604; x_wconf 74' lang='lat' dir='ltr'>supplevimus</span> <span class='ocrx_word' id='word_1_800' title='bbox 1568 2576 1655 2605; x_wconf 74' lang='lat' dir='ltr'>Moyse,</span> <span class='ocrx_word' id='word_1_801' title='bbox 1673 2575 1737 2604; x_wconf 84' lang='lat' dir='ltr'>quod</span> <span class='ocrx_word' id='word_1_802' title='bbox 1749 2575 1818 2598; x_wconf 84' lang='lat' dir='ltr'>codd.</span> <span class='ocrx_word' id='word_1_803' title='bbox 1835 2578 1857 2598; x_wconf 82' lang='lat' dir='ltr'>ct</span> <span class='ocrx_word' id='word_1_804' title='bbox 1874 2575 1909 2598; x_wconf 81' lang='lat' dir='ltr'>od.</span> <span class='ocrx_word' id='word_1_805' title='bbox 1925 2576 1938 2598; x_wconf 75' lang='lat'><strong>2</strong></span> <span class='ocrx_word' id='word_1_806' title='bbox 1956 2576 2020 2598; x_wconf 88' lang='lat' dir='ltr'>omit-</span> 
     </span>
    </p>
   </div>
   <div class='ocr_carea' id='block_1_9' title="bbox 261 2518 2108 3047">
    <p class='ocr_par' dir='ltr' id='par_1_11' title="bbox 261 2518 2108 3047">
     <span class='ocr_line' id='line_1_58' title="bbox 2106 2518 2107 2528; baseline 0 0"><span class='ocrx_word' id='word_1_807' title='bbox 2106 2518 2107 2528; x_wconf 73' lang='lat' dir='ltr'>l</span> 
     </span>
     <span class='ocr_line' id='line_1_59' title="bbox 264 2569 2108 2646; baseline -0.003 -13"><span class='ocrx_word' id='word_1_808' title='bbox 264 2611 294 2633; x_wconf 91' lang='lat' dir='ltr'>hil</span> <span class='ocrx_word' id='word_1_809' title='bbox 312 2611 436 2638; x_wconf 77' lang='lat' dir='ltr'>habentes,</span> <span class='ocrx_word' id='word_1_810' title='bbox 453 2612 552 2633; x_wconf 77' lang='lat' dir='ltr'>Graecas</span> <span class='ocrx_word' id='word_1_811' title='bbox 569 2611 654 2639; x_wconf 81' lang='lat' dir='ltr'>glorias</span> <span class='ocrx_word' id='word_1_812' title='bbox 677 2610 777 2638; x_wconf 79' lang='lat' dir='ltr'>optimas</span> <span class='ocrx_word' id='word_1_813' title='bbox 801 2609 978 2632; x_wconf 62' lang='lat' dir='ltr'>arbitrabantur.</span> <span class='ocrx_word' id='word_1_814' title='bbox 1005 2622 1035 2625; x_wconf 78' lang='lat'>——</span> <span class='ocrx_word' id='word_1_815' title='bbox 1061 2609 1113 2631; x_wconf 79' lang='lat' dir='ltr'>Sen-</span> <span class='ocrx_word' id='word_1_816' title='bbox 1171 2612 1232 2636; x_wconf 79' lang='lat' dir='ltr'>tunt,</span> <span class='ocrx_word' id='word_1_817' title='bbox 1250 2609 1271 2630; x_wconf 91' lang='lat' dir='ltr'>in</span> <span class='ocrx_word' id='word_1_818' title='bbox 1290 2608 1342 2630; x_wconf 83' lang='lat' dir='ltr'>Vat.</span> <span class='ocrx_word' id='word_1_819' title='bbox 1360 2611 1404 2630; x_wconf 84' lang='lat' dir='ltr'>tota</span> <span class='ocrx_word' id='word_1_820' title='bbox 1424 2609 1480 2630; x_wconf 82' lang='lat' dir='ltr'>haec</span> <span class='ocrx_word' id='word_1_821' title='bbox 1498 2608 1627 2635; x_wconf 78' lang='lat' dir='ltr'>propositio</span> <span class='ocrx_word' id='word_1_822' title='bbox 1645 2607 1797 2629; x_wconf 81' lang='lat' dir='ltr'>desideratur.</span> <span class='ocrx_word' id='word_1_823' title='bbox 2105 2569 2108 2646; x_wconf 53' lang='lat' dir='ltr'>f</span> 
     </span>
     <span class='ocr_line' id='line_1_60' title="bbox 265 2637 2020 2670; baseline -0.003 -5"><span class='ocrx_word' id='word_1_824' title='bbox 265 2643 334 2665; x_wconf 78' lang='lat' dir='ltr'>tenua</span> <span class='ocrx_word' id='word_1_825' title='bbox 353 2643 452 2665; x_wconf 81' lang='lat' dir='ltr'>Senecae</span> <span class='ocrx_word' id='word_1_826' title='bbox 469 2642 567 2665; x_wconf 83' lang='lat' dir='ltr'>habetur</span> <span class='ocrx_word' id='word_1_827' title='bbox 584 2642 654 2670; x_wconf 85' lang='lat' dir='ltr'>Epist.</span> <span class='ocrx_word' id='word_1_828' title='bbox 673 2642 693 2663; x_wconf 80' lang='lat'>9.</span> <span class='ocrx_word' id='word_1_829' title='bbox 718 2642 739 2663; x_wconf 86' lang='lat' dir='ltr'>in</span> <span class='ocrx_word' id='word_1_830' title='bbox 765 2641 822 2668; x_wconf 87' lang='lat' dir='ltr'>fine,</span> <span class='ocrx_word' id='word_1_831' title='bbox 840 2647 911 2670; x_wconf 83' lang='lat' dir='ltr'>quum</span> <span class='ocrx_word' id='word_1_832' title='bbox 933 2641 1062 2663; x_wconf 85' lang='lat' dir='ltr'>secundum</span> <span class='ocrx_word' id='word_1_833' title='bbox 1081 2644 1114 2663; x_wconf 89' lang='lat' dir='ltr'>te-</span> <span class='ocrx_word' id='word_1_834' title='bbox 1234 2639 1243 2652; x_wconf 57' lang='grc' dir='ltr'><strong><em>Β</em></strong></span> <span class='ocrx_word' id='word_1_835' title='bbox 1260 2639 1317 2663; x_wconf 89' lang='lat' dir='ltr'>Cod.</span> <span class='ocrx_word' id='word_1_836' title='bbox 1333 2641 1352 2662; x_wconf 80' lang='lat' dir='ltr'><strong>A</strong></span> <span class='ocrx_word' id='word_1_837' title='bbox 1370 2643 1391 2662; x_wconf 85' lang='lat' dir='ltr'>et</span> <span class='ocrx_word' id='word_1_838' title='bbox 1408 2639 1445 2662; x_wconf 79' lang='lat' dir='ltr'>ed.</span> <span class='ocrx_word' id='word_1_839' title='bbox 1464 2641 1477 2661; x_wconf 75' lang='lat'>2</span> <span class='ocrx_word' id='word_1_840' title='bbox 1494 2638 1654 2661; x_wconf 71' lang='lat' dir='ltr'>attentissime.</span> <span class='ocrx_word' id='word_1_841' title='bbox 1673 2639 1767 2661; x_wconf 81' lang='lat' dir='ltr'>luserius</span> <span class='ocrx_word' id='word_1_842' title='bbox 1784 2645 1827 2666; x_wconf 84' lang='lat' dir='ltr'>pro</span> <span class='ocrx_word' id='word_1_843' title='bbox 1844 2644 1929 2661; x_wconf 77' lang='lat' dir='ltr'>rerum</span> <span class='ocrx_word' id='word_1_844' title='bbox 1946 2637 1962 2661; x_wconf 93' lang='lat' dir='ltr'>C</span> <span class='ocrx_word' id='word_1_845' title='bbox 1973 2639 1990 2660; x_wconf 90' lang='lat' dir='ltr'>D</span> <span class='ocrx_word' id='word_1_846' title='bbox 2003 2639 2020 2661; x_wconf 87' lang='lat' dir='ltr'>E</span> 
     </span>
     <span class='ocr_line' id='line_1_61' title="bbox 265 2670 2106 2702; baseline -0.003 -6"><span class='ocrx_word' id='word_1_847' title='bbox 265 2678 329 2697; x_wconf 77' lang='lat' dir='ltr'>xtum</span> <span class='ocrx_word' id='word_1_848' title='bbox 347 2674 482 2702; x_wconf 74' lang='lat' dir='ltr'>originalem</span> <span class='ocrx_word' id='word_1_849' title='bbox 506 2674 640 2702; x_wconf 81' lang='lat' dir='ltr'>posuimus,</span> <span class='ocrx_word' id='word_1_850' title='bbox 665 2679 718 2695; x_wconf 86' lang='lat' dir='ltr'>cum</span> <span class='ocrx_word' id='word_1_851' title='bbox 741 2673 807 2695; x_wconf 84' lang='lat' dir='ltr'>lectio</span> <span class='ocrx_word' id='word_1_852' title='bbox 831 2673 899 2695; x_wconf 86' lang='lat' dir='ltr'>codd.</span> <span class='ocrx_word' id='word_1_853' title='bbox 925 2675 947 2694; x_wconf 75' lang='lat' dir='ltr'>ct</span> <span class='ocrx_word' id='word_1_854' title='bbox 964 2673 1018 2695; x_wconf 82' lang='lat' dir='ltr'>edd.</span> <span class='ocrx_word' id='word_1_855' title='bbox 1036 2672 1114 2694; x_wconf 86' lang='lat' dir='ltr'>minus</span> <span class='ocrx_word' id='word_1_856' title='bbox 1171 2674 1192 2693; x_wconf 86' lang='lat' dir='ltr'>et</span> <span class='ocrx_word' id='word_1_857' title='bbox 1210 2672 1246 2694; x_wconf 85' lang='lat' dir='ltr'>cd.</span> <span class='ocrx_word' id='word_1_858' title='bbox 1270 2673 1273 2693; x_wconf 96' lang='grc' dir='ltr'>Ι</span> <span class='ocrx_word' id='word_1_859' title='bbox 1295 2677 1392 2699; x_wconf 78' lang='lat' dir='ltr'>eorum,</span> <span class='ocrx_word' id='word_1_860' title='bbox 1413 2671 1449 2693; x_wconf 83' lang='lat' dir='ltr'>ed.</span> <span class='ocrx_word' id='word_1_861' title='bbox 1468 2672 1481 2692; x_wconf 73' lang='lat'><strong>2</strong></span> <span class='ocrx_word' id='word_1_862' title='bbox 1499 2676 1592 2693; x_wconf 82' lang='lat' dir='ltr'>earum.</span> <span class='ocrx_word' id='word_1_863' title='bbox 2104 2670 2106 2681; x_wconf 81' lang='lat'><strong>⁴</strong></span> 
     </span>
     <span class='ocr_line' id='line_1_62' title="bbox 265 2702 1640 2734; baseline -0.002 -7"><span class='ocrx_word' id='word_1_864' title='bbox 265 2712 369 2734; x_wconf 79' lang='lat' dir='ltr'>congrua</span> <span class='ocrx_word' id='word_1_865' title='bbox 386 2706 516 2733; x_wconf 76' lang='lat' dir='ltr'>videreti1r;</span> <span class='ocrx_word' id='word_1_866' title='bbox 536 2705 569 2727; x_wconf 89' lang='grc'>510</span> <span class='ocrx_word' id='word_1_867' title='bbox 594 2706 611 2728; x_wconf 84' lang='grc' dir='ltr'>Α</span> <span class='ocrx_word' id='word_1_868' title='bbox 637 2707 660 2727; x_wconf 81' lang='lat' dir='ltr'>et</span> <span class='ocrx_word' id='word_1_869' title='bbox 682 2704 735 2727; x_wconf 85' lang='lat' dir='ltr'>edd.</span> <span class='ocrx_word' id='word_1_870' title='bbox 755 2704 779 2731; x_wconf 57' lang='lat'>4,</span> <span class='ocrx_word' id='word_1_871' title='bbox 798 2705 810 2726; x_wconf 74' lang='lat'>‘2</span> <span class='ocrx_word' id='word_1_872' title='bbox 830 2703 933 2727; x_wconf 77' lang='lat' dir='ltr'>Nonnisi</span> <span class='ocrx_word' id='word_1_873' title='bbox 948 2703 1051 2733; x_wconf 72' lang='lat' dir='ltr'>sapienti</span> <span class='ocrx_word' id='word_1_874' title='bbox 1066 2710 1114 2726; x_wconf 78' lang='lat' dir='ltr'>saa</span> <span class='ocrx_word' id='word_1_875' title='bbox 1234 2702 1243 2715; x_wconf 84' lang='lat'>⁷</span> <span class='ocrx_word' id='word_1_876' title='bbox 1261 2702 1305 2725; x_wconf 86' lang='lat' dir='ltr'>Csr.</span> <span class='ocrx_word' id='word_1_877' title='bbox 1324 2703 1379 2725; x_wconf 81' lang='lat' dir='ltr'>inira</span> <span class='ocrx_word' id='word_1_878' title='bbox 1399 2709 1452 2730; x_wconf 80' lang='lat' dir='ltr'>pag.</span> <span class='ocrx_word' id='word_1_879' title='bbox 1471 2702 1530 2728; x_wconf 79' lang='lat'>599,</span> <span class='ocrx_word' id='word_1_880' title='bbox 1548 2705 1600 2724; x_wconf 77' lang='lat' dir='ltr'>nota</span> <span class='ocrx_word' id='word_1_881' title='bbox 1618 2702 1640 2724; x_wconf 91' lang='lat'>7.</span> 
     </span>
     <span class='ocr_line' id='line_1_63' title="bbox 262 2732 1855 2766; baseline -0.003 -7"><span class='ocrx_word' id='word_1_882' title='bbox 262 2736 360 2766; x_wconf 76' lang='lat' dir='ltr'>placent</span> <span class='ocrx_word' id='word_1_883' title='bbox 376 2740 431 2765; x_wconf 80' lang='lat' dir='ltr'>eto.;</span> <span class='ocrx_word' id='word_1_884' title='bbox 449 2737 465 2759; x_wconf 93' lang='lat' dir='ltr'>C</span> <span class='ocrx_word' id='word_1_885' title='bbox 477 2737 519 2759; x_wconf 89' lang='lat' dir='ltr'>DE</span> <span class='ocrx_word' id='word_1_886' title='bbox 537 2736 591 2759; x_wconf 51' lang='lat' dir='ltr'>Non.</span> <span class='ocrx_word' id='word_1_887' title='bbox 607 2736 709 2765; x_wconf 76' lang='lat' dir='ltr'>sapienti</span> <span class='ocrx_word' id='word_1_888' title='bbox 724 2742 769 2759; x_wconf 84' lang='lat' dir='ltr'>sua</span> <span class='ocrx_word' id='word_1_889' title='bbox 792 2735 890 2765; x_wconf 73' lang='lat' dir='ltr'>placent</span> <span class='ocrx_word' id='word_1_890' title='bbox 911 2738 966 2763; x_wconf 77' lang='lat' dir='ltr'>etc.;</span> <span class='ocrx_word' id='word_1_891' title='bbox 986 2736 1036 2758; x_wconf 77' lang='lat' dir='ltr'>Vnt.</span> <span class='ocrx_word' id='word_1_892' title='bbox 1057 2735 1113 2758; x_wconf 72' lang='lat' dir='ltr'>Insi-</span> <span class='ocrx_word' id='word_1_893' title='bbox 1233 2733 1243 2746; x_wconf 73' lang='lat'>⁸</span> <span class='ocrx_word' id='word_1_894' title='bbox 1260 2734 1334 2757; x_wconf 88' lang='lat' dir='ltr'>Codd.</span> <span class='ocrx_word' id='word_1_895' title='bbox 1354 2734 1369 2757; x_wconf 90' lang='lat' dir='ltr'>C</span> <span class='ocrx_word' id='word_1_896' title='bbox 1381 2734 1399 2756; x_wconf 94' lang='lat' dir='ltr'>D</span> <span class='ocrx_word' id='word_1_897' title='bbox 1410 2735 1424 2756; x_wconf 89' lang='grc' dir='ltr'>Ε</span> <span class='ocrx_word' id='word_1_898' title='bbox 1442 2737 1464 2756; x_wconf 84' lang='lat' dir='ltr'>et</span> <span class='ocrx_word' id='word_1_899' title='bbox 1481 2734 1534 2756; x_wconf 85' lang='lat' dir='ltr'>edd.</span> <span class='ocrx_word' id='word_1_900' title='bbox 1557 2734 1579 2760; x_wconf 83' lang='lat' dir='ltr'>l,</span> <span class='ocrx_word' id='word_1_901' title='bbox 1597 2734 1609 2755; x_wconf 81' lang='lat'>2</span> <span class='ocrx_word' id='word_1_902' title='bbox 1627 2732 1698 2756; x_wconf 82' lang='lat' dir='ltr'>eliam</span> <span class='ocrx_word' id='word_1_903' title='bbox 1712 2732 1855 2762; x_wconf 71' lang='lat' dir='ltr'>propinque.</span> 
     </span>
     <span class='ocr_line' id='line_1_64' title="bbox 261 2765 1403 2797; baseline -0.003 -6"><span class='ocrx_word' id='word_1_904' title='bbox 261 2768 338 2797; x_wconf 73' lang='lat' dir='ltr'>pienti</span> <span class='ocrx_word' id='word_1_905' title='bbox 348 2768 410 2791; x_wconf 78' lang='lat' dir='ltr'>enim</span> <span class='ocrx_word' id='word_1_906' title='bbox 427 2774 476 2791; x_wconf 84' lang='lat' dir='ltr'>non</span> <span class='ocrx_word' id='word_1_907' title='bbox 493 2768 540 2791; x_wconf 80' lang='lat' dir='ltr'>nisi</span> <span class='ocrx_word' id='word_1_908' title='bbox 555 2774 600 2791; x_wconf 76' lang='lat' dir='ltr'>sna</span> <span class='ocrx_word' id='word_1_909' title='bbox 616 2767 712 2797; x_wconf 74' lang='lat' dir='ltr'>placent</span> <span class='ocrx_word' id='word_1_910' title='bbox 728 2770 772 2789; x_wconf 86' lang='lat' dir='ltr'>etc.</span> <span class='ocrx_word' id='word_1_911' title='bbox 788 2779 820 2783; x_wconf 97' lang='lat'><strong>—</strong></span> <span class='ocrx_word' id='word_1_912' title='bbox 838 2767 949 2795; x_wconf 81' lang='lat' dir='ltr'>Superius</span> <span class='ocrx_word' id='word_1_913' title='bbox 968 2773 1009 2795; x_wconf 80' lang='lat' dir='ltr'>pro</span> <span class='ocrx_word' id='word_1_914' title='bbox 1022 2766 1113 2789; x_wconf 74' lang='lat' dir='ltr'>seriam</span> <span class='ocrx_word' id='word_1_915' title='bbox 1235 2765 1244 2778; x_wconf 76' lang='lat'><strong>⁰</strong></span> <span class='ocrx_word' id='word_1_916' title='bbox 1261 2766 1324 2789; x_wconf 77' lang='lat' dir='ltr'>Cant.</span> <span class='ocrx_word' id='word_1_917' title='bbox 1342 2766 1363 2793; x_wconf 85' lang='grc'>6,</span> <span class='ocrx_word' id='word_1_918' title='bbox 1382 2766 1403 2787; x_wconf 88' lang='lat'>3.</span> 
     </span>
     <span class='ocr_line' id='line_1_65' title="bbox 265 2795 2016 2826; baseline -0.003 -4"><span class='ocrx_word' id='word_1_919' title='bbox 265 2799 281 2822; x_wconf 92' lang='lat' dir='ltr'>C</span> <span class='ocrx_word' id='word_1_920' title='bbox 294 2800 312 2821; x_wconf 92' lang='lat' dir='ltr'>D</span> <span class='ocrx_word' id='word_1_921' title='bbox 328 2801 452 2826; x_wconf 76' lang='lat' dir='ltr'>sanctum,</span> <span class='ocrx_word' id='word_1_922' title='bbox 470 2800 506 2822; x_wconf 87' lang='lat' dir='ltr'>ed.</span> <span class='ocrx_word' id='word_1_923' title='bbox 525 2801 538 2822; x_wconf 74' lang='lat'>2</span> <span class='ocrx_word' id='word_1_924' title='bbox 556 2799 722 2822; x_wconf 68' lang='lat' dir='ltr'>deliberatione</span> <span class='ocrx_word' id='word_1_925' title='bbox 740 2798 886 2821; x_wconf 81' lang='lat' dir='ltr'>ordinatum.</span> <span class='ocrx_word' id='word_1_926' title='bbox 1234 2796 1254 2809; x_wconf 84' lang='lat'>¹⁰</span> <span class='ocrx_word' id='word_1_927' title='bbox 1272 2798 1322 2819; x_wconf 82' lang='lat' dir='ltr'>Vnt.</span> <span class='ocrx_word' id='word_1_928' title='bbox 1340 2798 1414 2820; x_wconf 75' lang='lat' dir='ltr'>motii.</span> <span class='ocrx_word' id='word_1_929' title='bbox 1841 2795 1859 2808; x_wconf 84' lang='lat'>¹¹</span> <span class='ocrx_word' id='word_1_930' title='bbox 1877 2795 1918 2817; x_wconf 89' lang='lat' dir='ltr'>Ed.</span> <span class='ocrx_word' id='word_1_931' title='bbox 1936 2796 1949 2817; x_wconf 80' lang='lat'>‘2</span> <span class='ocrx_word' id='word_1_932' title='bbox 1966 2801 2016 2818; x_wconf 75' lang='lat' dir='ltr'>seu.</span> 
     </span>
     <span class='ocr_line' id='line_1_66' title="bbox 328 2826 2103 2860; baseline -0.003 -7"><span class='ocrx_word' id='word_1_933' title='bbox 328 2830 337 2843; x_wconf 81' lang='lat'>2</span> <span class='ocrx_word' id='word_1_934' title='bbox 356 2831 406 2853; x_wconf 71' lang='lat' dir='ltr'>Vnt,</span> <span class='ocrx_word' id='word_1_935' title='bbox 423 2837 477 2853; x_wconf 77' lang='lat' dir='ltr'>cum</span> <span class='ocrx_word' id='word_1_936' title='bbox 495 2831 531 2853; x_wconf 84' lang='lat' dir='ltr'>ed.</span> <span class='ocrx_word' id='word_1_937' title='bbox 551 2831 559 2852; x_wconf 49' lang='grc' dir='ltr'>Ἰ</span> <span class='ocrx_word' id='word_1_938' title='bbox 582 2830 700 2860; x_wconf 76' lang='lat' dir='ltr'>accipiant</span> <span class='ocrx_word' id='word_1_939' title='bbox 722 2833 743 2852; x_wconf 80' lang='lat' dir='ltr'>et</span> <span class='ocrx_word' id='word_1_940' title='bbox 764 2830 864 2852; x_wconf 83' lang='lat' dir='ltr'>subinde</span> <span class='ocrx_word' id='word_1_941' title='bbox 881 2829 1007 2853; x_wconf 65' lang='lat' dir='ltr'>conventui·</span> <span class='ocrx_word' id='word_1_942' title='bbox 1028 2836 1071 2857; x_wconf 83' lang='lat' dir='ltr'>pro</span> <span class='ocrx_word' id='word_1_943' title='bbox 1088 2829 1113 2852; x_wconf 80' lang='lat' dir='ltr'>in</span> <span class='ocrx_word' id='word_1_944' title='bbox 1234 2828 1254 2841; x_wconf 72' lang='lat'>¹2</span> <span class='ocrx_word' id='word_1_945' title='bbox 1272 2828 1316 2851; x_wconf 73' lang='lat' dir='ltr'>Cir.</span> <span class='ocrx_word' id='word_1_946' title='bbox 1333 2829 1437 2856; x_wconf 82' lang='lat' dir='ltr'>Gregor.,</span> <span class='ocrx_word' id='word_1_947' title='bbox 1455 2828 1517 2850; x_wconf 85' lang='lat' dir='ltr'>Ordo</span> <span class='ocrx_word' id='word_1_948' title='bbox 1531 2828 1650 2849; x_wconf 82' lang='lat' dir='ltr'>Romanus</span> <span class='ocrx_word' id='word_1_949' title='bbox 1667 2828 1691 2849; x_wconf 81' lang='lat'>11.</span> <span class='ocrx_word' id='word_1_950' title='bbox 1708 2833 1730 2849; x_wconf 91' lang='lat' dir='ltr'>n.</span> <span class='ocrx_word' id='word_1_951' title='bbox 1750 2827 1787 2849; x_wconf 63' lang='lat'>4³.</span> <span class='ocrx_word' id='word_1_952' title='bbox 1804 2829 1826 2849; x_wconf 83' lang='lat' dir='ltr'>et</span> <span class='ocrx_word' id='word_1_953' title='bbox 1843 2827 1897 2849; x_wconf 78' lang='lat' dir='ltr'>vm.</span> <span class='ocrx_word' id='word_1_954' title='bbox 1911 2833 1932 2849; x_wconf 90' lang='lat' dir='ltr'>n.</span> <span class='ocrx_word' id='word_1_955' title='bbox 1949 2827 1965 2853; x_wconf 89' lang='grc' dir='ltr'>Ι,</span> <span class='ocrx_word' id='word_1_956' title='bbox 1979 2826 2018 2849; x_wconf 90' lang='lat' dir='ltr'>ubi</span> <span class='ocrx_word' id='word_1_957' title='bbox 2102 2836 2103 2848; x_wconf 77' lang='lat' dir='ltr'>l</span> 
     </span>
     <span class='ocr_line' id='line_1_67' title="bbox 265 2850 2103 2887; baseline -0.003 -2"><span class='ocrx_word' id='word_1_958' title='bbox 265 2863 387 2885; x_wconf 72' lang='lat' dir='ltr'>conventu.</span> <span class='ocrx_word' id='word_1_959' title='bbox 1171 2860 1291 2887; x_wconf 75' lang='lat' dir='ltr'>acolythus</span> <span class='ocrx_word' id='word_1_960' title='bbox 1308 2860 1425 2882; x_wconf 67' lang='lat' dir='ltr'>sacculum</span> <span class='ocrx_word' id='word_1_961' title='bbox 1444 2863 1519 2887; x_wconf 76' lang='lat' dir='ltr'>portat</span> <span class='ocrx_word' id='word_1_962' title='bbox 1537 2859 1565 2881; x_wconf 85' lang='lat' dir='ltr'>ad</span> <span class='ocrx_word' id='word_1_963' title='bbox 1583 2859 1726 2886; x_wconf 75' lang='lat' dir='ltr'>recipiendas</span> <span class='ocrx_word' id='word_1_964' title='bbox 1752 2858 1880 2881; x_wconf 81' lang='lat' dir='ltr'>oblationes</span> <span class='ocrx_word' id='word_1_965' title='bbox 1900 2864 2019 2880; x_wconf 83' lang='lat' dir='ltr'>consecra-</span> <span class='ocrx_word' id='word_1_966' title='bbox 2102 2850 2103 2875; x_wconf 59' lang='lat' dir='ltr'>l</span> 
     </span>
     <span class='ocr_line' id='line_1_68' title="bbox 328 2889 2016 2921; baseline -0.003 -5"><span class='ocrx_word' id='word_1_967' title='bbox 328 2893 337 2905; x_wconf 76' lang='lat'>&#39;³</span> <span class='ocrx_word' id='word_1_968' title='bbox 355 2894 427 2916; x_wconf 83' lang='lat' dir='ltr'>Codd.</span> <span class='ocrx_word' id='word_1_969' title='bbox 445 2893 486 2916; x_wconf 75' lang='grc' dir='ltr'>ΟΕ</span> <span class='ocrx_word' id='word_1_970' title='bbox 503 2894 592 2916; x_wconf 79' lang='lat' dir='ltr'>addunt</span> <span class='ocrx_word' id='word_1_971' title='bbox 609 2892 730 2921; x_wconf 76' lang='lat' dir='ltr'>curanda,</span> <span class='ocrx_word' id='word_1_972' title='bbox 748 2893 767 2915; x_wconf 95' lang='lat' dir='ltr'><strong>D</strong></span> <span class='ocrx_word' id='word_1_973' title='bbox 784 2892 918 2921; x_wconf 64' lang='lat' dir='ltr'>serrandaf</span> <span class='ocrx_word' id='word_1_974' title='bbox 937 2892 987 2915; x_wconf 73' lang='lat' dir='ltr'>Vnt.</span> <span class='ocrx_word' id='word_1_975' title='bbox 1004 2898 1058 2915; x_wconf 89' lang='lat' dir='ltr'>cum</span> <span class='ocrx_word' id='word_1_976' title='bbox 1076 2892 1113 2914; x_wconf 85' lang='lat' dir='ltr'>ed.</span> <span class='ocrx_word' id='word_1_977' title='bbox 1172 2895 1204 2913; x_wconf 80' lang='lat' dir='ltr'>{as</span> <span class='ocrx_word' id='word_1_978' title='bbox 1221 2895 1243 2914; x_wconf 82' lang='lat' dir='ltr'>ct</span> <span class='ocrx_word' id='word_1_979' title='bbox 1261 2893 1288 2914; x_wconf 82' lang='lat' dir='ltr'>ad</span> <span class='ocrx_word' id='word_1_980' title='bbox 1307 2892 1455 2914; x_wconf 81' lang='lat' dir='ltr'>deserendam</span> <span class='ocrx_word' id='word_1_981' title='bbox 1473 2891 1642 2913; x_wconf 74' lang='lat' dir='ltr'>eucharistiam.</span> <span class='ocrx_word' id='word_1_982' title='bbox 1655 2891 1698 2912; x_wconf 84' lang='lat' dir='ltr'>Pro</span> <span class='ocrx_word' id='word_1_983' title='bbox 1709 2889 1820 2913; x_wconf 71' lang='lat' dir='ltr'>saecutus</span> <span class='ocrx_word' id='word_1_984' title='bbox 1839 2890 1854 2912; x_wconf 92' lang='lat' dir='ltr'>C</span> <span class='ocrx_word' id='word_1_985' title='bbox 1866 2890 1908 2912; x_wconf 87' lang='lat' dir='ltr'>DE</span> <span class='ocrx_word' id='word_1_986' title='bbox 1925 2895 2016 2912; x_wconf 78' lang='lat' dir='ltr'>saccus.</span> 
     </span>
     <span class='ocr_line' id='line_1_69' title="bbox 267 2920 2017 2952; baseline -0.002 -6"><span class='ocrx_word' id='word_1_987' title='bbox 267 2925 275 2946; x_wconf 44' lang='grc' dir='ltr'>Ἰ</span> <span class='ocrx_word' id='word_1_988' title='bbox 297 2925 352 2952; x_wconf 84' lang='lat' dir='ltr'>legit</span> <span class='ocrx_word' id='word_1_989' title='bbox 369 2925 401 2947; x_wconf 73' lang='lat' dir='ltr'>De</span> <span class='ocrx_word' id='word_1_990' title='bbox 418 2924 503 2948; x_wconf 77' lang='lat' dir='ltr'>attaris</span> <span class='ocrx_word' id='word_1_991' title='bbox 521 2924 651 2948; x_wconf 65' lang='lat' dir='ltr'>&#39;inl&#39;nistrrio</span> <span class='ocrx_word' id='word_1_992' title='bbox 670 2923 786 2947; x_wconf 79' lang='lat' dir='ltr'>curando.</span> <span class='ocrx_word' id='word_1_993' title='bbox 1172 2923 1275 2945; x_wconf 81' lang='lat' dir='ltr'>Subinde</span> <span class='ocrx_word' id='word_1_994' title='bbox 1292 2923 1338 2945; x_wconf 85' lang='lat' dir='ltr'>side</span> <span class='ocrx_word' id='word_1_995' title='bbox 1356 2923 1371 2945; x_wconf 90' lang='lat' dir='ltr'>C</span> <span class='ocrx_word' id='word_1_996' title='bbox 1383 2923 1399 2944; x_wconf 80' lang='lat' dir='ltr'>D</span> <span class='ocrx_word' id='word_1_997' title='bbox 1417 2926 1438 2945; x_wconf 85' lang='lat' dir='ltr'>et</span> <span class='ocrx_word' id='word_1_998' title='bbox 1457 2922 1493 2944; x_wconf 86' lang='lat' dir='ltr'>ed.</span> <span class='ocrx_word' id='word_1_999' title='bbox 1511 2924 1524 2944; x_wconf 72' lang='lat'>&lt;2</span> <span class='ocrx_word' id='word_1_1000' title='bbox 1542 2922 1703 2944; x_wconf 76' lang='lat' dir='ltr'>substituimus</span> <span class='ocrx_word' id='word_1_1001' title='bbox 1720 2921 1822 2944; x_wconf 66' lang='lat' dir='ltr'>(tontinet</span> <span class='ocrx_word' id='word_1_1002' title='bbox 1833 2927 1874 2948; x_wconf 75' lang='lat' dir='ltr'>pro</span> <span class='ocrx_word' id='word_1_1003' title='bbox 1892 2920 2017 2943; x_wconf 74' lang='lat' dir='ltr'>contineat.</span> 
     </span>
     <span class='ocr_line' id='line_1_70' title="bbox 328 2952 2018 2982; baseline -0.002 -5"><span class='ocrx_word' id='word_1_1004' title='bbox 328 2955 338 2967; x_wconf 63' lang='lat'>4</span> <span class='ocrx_word' id='word_1_1005' title='bbox 357 2956 404 2978; x_wconf 83' lang='lat' dir='ltr'>lsai.</span> <span class='ocrx_word' id='word_1_1006' title='bbox 423 2956 463 2982; x_wconf 78' lang='lat'>52,</span> <span class='ocrx_word' id='word_1_1007' title='bbox 485 2957 517 2978; x_wconf 78' lang='lat' dir='ltr'>ll.</span> <span class='ocrx_word' id='word_1_1008' title='bbox 1172 2955 1266 2977; x_wconf 80' lang='lat' dir='ltr'>{userius</span> <span class='ocrx_word' id='word_1_1009' title='bbox 1283 2961 1325 2982; x_wconf 83' lang='lat' dir='ltr'>pro</span> <span class='ocrx_word' id='word_1_1010' title='bbox 1342 2953 1453 2977; x_wconf 71' lang='lat' dir='ltr'>sczccutus</span> <span class='ocrx_word' id='word_1_1011' title='bbox 1470 2954 1542 2976; x_wconf 71' lang='grc' dir='ltr'>ΑΒΕ</span> <span class='ocrx_word' id='word_1_1012' title='bbox 1555 2956 1576 2975; x_wconf 81' lang='lat' dir='ltr'>et</span> <span class='ocrx_word' id='word_1_1013' title='bbox 1588 2953 1642 2975; x_wconf 87' lang='lat' dir='ltr'>edd.</span> <span class='ocrx_word' id='word_1_1014' title='bbox 1659 2954 1676 2979; x_wconf 85' lang='lat' dir='ltr'>l,</span> <span class='ocrx_word' id='word_1_1015' title='bbox 1694 2954 1706 2974; x_wconf 73' lang='lat'>2</span> <span class='ocrx_word' id='word_1_1016' title='bbox 1719 2952 1845 2979; x_wconf 64' lang='lat' dir='ltr'>saccellus,</span> <span class='ocrx_word' id='word_1_1017' title='bbox 1862 2952 1924 2981; x_wconf 79' lang='lat' dir='ltr'>quod</span> <span class='ocrx_word' id='word_1_1018' title='bbox 1936 2958 2018 2974; x_wconf 83' lang='lat' dir='ltr'>secun-</span> 
     </span>
     <span class='ocr_line' id='line_1_71' title="bbox 328 2984 2018 3016; baseline -0.002 -7"><span class='ocrx_word' id='word_1_1019' title='bbox 328 2987 338 3001; x_wconf 84' lang='grc'>5</span> <span class='ocrx_word' id='word_1_1020' title='bbox 356 2986 400 3009; x_wconf 76' lang='lat' dir='ltr'>Cir.</span> <span class='ocrx_word' id='word_1_1021' title='bbox 418 2987 488 3009; x_wconf 80' lang='lat' dir='ltr'>Exod.</span> <span class='ocrx_word' id='word_1_1022' title='bbox 506 2987 548 3014; x_wconf 69' lang='lat'>40,</span> <span class='ocrx_word' id='word_1_1023' title='bbox 567 2988 603 3009; x_wconf 61' lang='grc'>11-2.</span> <span class='ocrx_word' id='word_1_1024' title='bbox 629 2993 677 3016; x_wconf 82' lang='lat' dir='ltr'>seq.</span> <span class='ocrx_word' id='word_1_1025' title='bbox 704 2990 726 3009; x_wconf 86' lang='lat' dir='ltr'>et</span> <span class='ocrx_word' id='word_1_1026' title='bbox 748 2987 784 3009; x_wconf 72' lang='lat'>⁴29.</span> <span class='ocrx_word' id='word_1_1027' title='bbox 807 2993 866 3015; x_wconf 73' lang='grc'><strong>50([.;</strong></span> <span class='ocrx_word' id='word_1_1028' title='bbox 893 2987 947 3009; x_wconf 86' lang='lat' dir='ltr'>Lev.</span> <span class='ocrx_word' id='word_1_1029' title='bbox 965 2988 977 3009; x_wconf 78' lang='lat'>8</span> <span class='ocrx_word' id='word_1_1030' title='bbox 989 3004 994 3013; x_wconf 94' lang='lat'><strong><em>‚</em></strong></span> <span class='ocrx_word' id='word_1_1031' title='bbox 1017 2986 1039 3013; x_wconf 83' lang='lat'>6,</span> <span class='ocrx_word' id='word_1_1032' title='bbox 1064 2993 1112 3015; x_wconf 82' lang='lat' dir='ltr'>seq.</span> <span class='ocrx_word' id='word_1_1033' title='bbox 1171 2986 1227 3008; x_wconf 84' lang='lat' dir='ltr'>dum</span> <span class='ocrx_word' id='word_1_1034' title='bbox 1246 2986 1279 3008; x_wconf 89' lang='lat' dir='ltr'>Du</span> <span class='ocrx_word' id='word_1_1035' title='bbox 1297 2985 1374 3014; x_wconf 79' lang='lat' dir='ltr'>Cauge</span> <span class='ocrx_word' id='word_1_1036' title='bbox 1393 2986 1453 3007; x_wconf 87' lang='lat' dir='ltr'>idem</span> <span class='ocrx_word' id='word_1_1037' title='bbox 1471 2988 1505 3008; x_wconf 81' lang='lat' dir='ltr'>est</span> <span class='ocrx_word' id='word_1_1038' title='bbox 1522 2991 1547 3007; x_wconf 81' lang='lat' dir='ltr'>ac</span> <span class='ocrx_word' id='word_1_1039' title='bbox 1564 2984 1682 3008; x_wconf 75' lang='lat' dir='ltr'>saccnlus.</span> <span class='ocrx_word' id='word_1_1040' title='bbox 1707 2984 1757 3006; x_wconf 58' lang='lat' dir='ltr'>Vnt.</span> <span class='ocrx_word' id='word_1_1041' title='bbox 1780 2985 1829 3006; x_wconf 77' lang='lat' dir='ltr'>loc-o</span> <span class='ocrx_word' id='word_1_1042' title='bbox 1849 2984 1913 3006; x_wconf 78' lang='lat' dir='ltr'>istius</span> <span class='ocrx_word' id='word_1_1043' title='bbox 1935 2989 2018 3011; x_wconf 84' lang='lat' dir='ltr'>propo-</span> 
     </span>
     <span class='ocr_line' id='line_1_72' title="bbox 267 3013 2018 3047; baseline -0.002 -8"><span class='ocrx_word' id='word_1_1044' title='bbox 267 3017 316 3046; x_wconf 88' lang='lat' dir='ltr'>(ubi</span> <span class='ocrx_word' id='word_1_1045' title='bbox 332 3018 360 3040; x_wconf 90' lang='lat' dir='ltr'>de</span> <span class='ocrx_word' id='word_1_1046' title='bbox 373 3018 457 3040; x_wconf 86' lang='lat' dir='ltr'>lotione</span> <span class='ocrx_word' id='word_1_1047' title='bbox 469 3019 567 3040; x_wconf 80' lang='lat' dir='ltr'>filiorum</span> <span class='ocrx_word' id='word_1_1048' title='bbox 581 3019 656 3041; x_wconf 75' lang='lat' dir='ltr'>Aaron</span> <span class='ocrx_word' id='word_1_1049' title='bbox 668 3021 720 3040; x_wconf 81' lang='lat' dir='ltr'>onie</span> <span class='ocrx_word' id='word_1_1050' title='bbox 733 3018 849 3040; x_wconf 81' lang='lat' dir='ltr'>introitum</span> <span class='ocrx_word' id='word_1_1051' title='bbox 864 3018 1013 3047; x_wconf 80' lang='lat' dir='ltr'>tabernaculi)</span> <span class='ocrx_word' id='word_1_1052' title='bbox 1027 3022 1049 3040; x_wconf 85' lang='lat' dir='ltr'>et</span> <span class='ocrx_word' id='word_1_1053' title='bbox 1062 3024 1114 3045; x_wconf 80' lang='lat' dir='ltr'>pas-</span> <span class='ocrx_word' id='word_1_1054' title='bbox 1171 3017 1258 3040; x_wconf 81' lang='lat' dir='ltr'>sitionis</span> <span class='ocrx_word' id='word_1_1055' title='bbox 1283 3018 1343 3039; x_wconf 79' lang='lat' dir='ltr'>hane</span> <span class='ocrx_word' id='word_1_1056' title='bbox 1368 3017 1470 3039; x_wconf 77' lang='lat' dir='ltr'>exhibet:</span> <span class='ocrx_word' id='word_1_1057' title='bbox 1489 3016 1603 3040; x_wconf 77' lang='lat' dir='ltr'>Similiter</span> <span class='ocrx_word' id='word_1_1058' title='bbox 1621 3017 1643 3039; x_wconf 79' lang='lat' dir='ltr'>et</span> <span class='ocrx_word' id='word_1_1059' title='bbox 1659 3015 1743 3039; x_wconf 73' lang='lat' dir='ltr'>calices</span> <span class='ocrx_word' id='word_1_1060' title='bbox 1760 3015 1855 3038; x_wconf 79' lang='lat' dir='ltr'>mundis</span> <span class='ocrx_word' id='word_1_1061' title='bbox 1872 3014 1974 3038; x_wconf 80' lang='lat' dir='ltr'>sacculis</span> <span class='ocrx_word' id='word_1_1062' title='bbox 1992 3013 2018 3036; x_wconf 86' lang='lat' dir='ltr'>li-</span> 
     </span>
    </p>
   </div>
   <div class='ocr_carea' id='block_1_10' title="bbox 267 3048 1399 3078">
    <p class='ocr_par' dir='ltr' id='par_1_12' title="bbox 267 3048 1399 3078">
     <span class='ocr_line' id='line_1_73' title="bbox 267 3048 1399 3078; baseline 0 -7"><span class='ocrx_word' id='word_1_1063' title='bbox 267 3050 322 3076; x_wconf 87' lang='lat' dir='ltr'>sim,</span> <span class='ocrx_word' id='word_1_1064' title='bbox 342 3049 382 3071; x_wconf 89' lang='lat' dir='ltr'>ubi</span> <span class='ocrx_word' id='word_1_1065' title='bbox 397 3049 503 3071; x_wconf 71' lang='lat' dir='ltr'>diversae</span> <span class='ocrx_word' id='word_1_1066' title='bbox 520 3049 615 3072; x_wconf 81' lang='lat' dir='ltr'>lotiones</span> <span class='ocrx_word' id='word_1_1067' title='bbox 632 3052 654 3072; x_wconf 83' lang='lat' dir='ltr'>et</span> <span class='ocrx_word' id='word_1_1068' title='bbox 670 3050 843 3078; x_wconf 78' lang='lat' dir='ltr'>purificationes</span> <span class='ocrx_word' id='word_1_1069' title='bbox 860 3056 870 3072; x_wconf 84' lang='lat' dir='ltr'>a</span> <span class='ocrx_word' id='word_1_1070' title='bbox 890 3050 937 3072; x_wconf 87' lang='lat' dir='ltr'>Deo</span> <span class='ocrx_word' id='word_1_1071' title='bbox 954 3049 1114 3078; x_wconf 74' lang='lat' dir='ltr'>praescribam·</span> <span class='ocrx_word' id='word_1_1072' title='bbox 1171 3050 1220 3072; x_wconf 83' lang='lat' dir='ltr'>neis</span> <span class='ocrx_word' id='word_1_1073' title='bbox 1237 3048 1399 3071; x_wconf 68' lang='lat' dir='ltr'>involvantur.</span> 
     </span>
    </p>
   </div>
  </div>
 </body>
</html>
