<?xml version="1.0" encoding="UTF-8"?>
<!DOCTYPE html PUBLIC "-//W3C//DTD XHTML 1.0 Transitional//EN"
    "http://www.w3.org/TR/xhtml1/DTD/xhtml1-transitional.dtd">
<html xmlns="http://www.w3.org/1999/xhtml" xml:lang="en" lang="en">
 <head>
  <title>
</title>
<meta http-equiv="Content-Type" content="text/html;charset=utf-8" />
  <meta name='ocr-system' content='tesseract 3.04.00' />
  <meta name='ocr-capabilities' content='ocr_page ocr_carea ocr_par ocr_line ocrx_word'/>
</head>
<body>
  <div class='ocr_page' id='page_1' title='image "./doctorisseraphic08bona_0101.png"; bbox 0 0 2133 3317; ppageno 0'>
   <div class='ocr_carea' id='block_1_1' title="bbox 772 213 1124 243">
    <p class='ocr_par' dir='ltr' id='par_1_1' title="bbox 772 213 1124 243">
     <span class='ocr_line' id='line_1_1' title="bbox 772 213 1124 243; baseline 0 -1"><span class='ocrx_word' id='word_1_1' title='bbox 772 213 1014 242; x_wconf 74' lang='lat' dir='ltr'>PROLEGOMENA</span> <span class='ocrx_word' id='word_1_2' title='bbox 1034 214 1062 243; x_wconf 93' lang='lat' dir='ltr'>C.</span> <span class='ocrx_word' id='word_1_3' title='bbox 1085 214 1124 242; x_wconf 88' lang='grc' dir='ltr'>ΙΙΙ.</span> 
     </span>
    </p>
   </div>
   <div class='ocr_carea' id='block_1_2' title="bbox 76 290 918 503">
    <p class='ocr_par' dir='ltr' id='par_1_2' title="bbox 76 290 918 503">
     <span class='ocr_line' id='line_1_2' title="bbox 76 290 917 322; baseline -0.005 -5"><span class='ocrx_word' id='word_1_4' title='bbox 76 295 105 318; x_wconf 91' lang='lat' dir='ltr'>de</span> <span class='ocrx_word' id='word_1_5' title='bbox 122 294 156 317; x_wconf 87' lang='lat' dir='ltr'>his</span> <span class='ocrx_word' id='word_1_6' title='bbox 172 300 232 322; x_wconf 87' lang='lat' dir='ltr'>quae</span> <span class='ocrx_word' id='word_1_7' title='bbox 248 293 278 316; x_wconf 86' lang='lat' dir='ltr'>ab</span> <span class='ocrx_word' id='word_1_8' title='bbox 295 293 398 320; x_wconf 84' lang='lat' dir='ltr'>Oudino,</span> <span class='ocrx_word' id='word_1_9' title='bbox 415 291 542 315; x_wconf 75' lang='lat' dir='ltr'>editoribus</span> <span class='ocrx_word' id='word_1_10' title='bbox 559 291 664 318; x_wconf 85' lang='lat' dir='ltr'>Venetis,</span> <span class='ocrx_word' id='word_1_11' title='bbox 690 290 796 313; x_wconf 83' lang='lat' dir='ltr'>Sbaralea</span> <span class='ocrx_word' id='word_1_12' title='bbox 820 293 842 313; x_wconf 89' lang='lat' dir='ltr'>et</span> <span class='ocrx_word' id='word_1_13' title='bbox 866 291 917 319; x_wconf 88' lang='lat' dir='ltr'>ipso</span> 
     </span>
     <span class='ocr_line' id='line_1_3' title="bbox 76 338 918 368; baseline -0.005 -5"><span class='ocrx_word' id='word_1_14' title='bbox 76 341 160 364; x_wconf 89' lang='lat' dir='ltr'>Bonelli</span> <span class='ocrx_word' id='word_1_15' title='bbox 178 340 314 362; x_wconf 90' lang='lat' dir='ltr'>unanimiter</span> <span class='ocrx_word' id='word_1_16' title='bbox 331 343 440 368; x_wconf 86' lang='lat' dir='ltr'>tanquam</span> <span class='ocrx_word' id='word_1_17' title='bbox 457 339 534 367; x_wconf 84' lang='lat' dir='ltr'>spuria</span> <span class='ocrx_word' id='word_1_18' title='bbox 552 338 670 366; x_wconf 85' lang='lat' dir='ltr'>recognita</span> <span class='ocrx_word' id='word_1_19' title='bbox 687 340 750 365; x_wconf 86' lang='lat' dir='ltr'>sunt;</span> <span class='ocrx_word' id='word_1_20' title='bbox 774 338 868 365; x_wconf 82' lang='lat' dir='ltr'>tertius,</span> <span class='ocrx_word' id='word_1_21' title='bbox 888 338 918 360; x_wconf 89' lang='lat' dir='ltr'>de</span> 
     </span>
     <span class='ocr_line' id='line_1_4' title="bbox 76 383 916 416; baseline -0.005 -7"><span class='ocrx_word' id='word_1_22' title='bbox 76 386 215 416; x_wconf 87' lang='lat' dir='ltr'>quibusdam</span> <span class='ocrx_word' id='word_1_23' title='bbox 232 386 281 408; x_wconf 84' lang='lat' dir='ltr'>aliis</span> <span class='ocrx_word' id='word_1_24' title='bbox 298 386 319 408; x_wconf 93' lang='lat' dir='ltr'>in</span> <span class='ocrx_word' id='word_1_25' title='bbox 337 386 374 408; x_wconf 87' lang='lat' dir='ltr'>ed.</span> <span class='ocrx_word' id='word_1_26' title='bbox 394 385 508 408; x_wconf 75' lang='lat' dir='ltr'>Vaticana</span> <span class='ocrx_word' id='word_1_27' title='bbox 530 388 552 407; x_wconf 87' lang='lat' dir='ltr'>et</span> <span class='ocrx_word' id='word_1_28' title='bbox 570 383 662 407; x_wconf 77' lang='lat' dir='ltr'>Bonelli</span> <span class='ocrx_word' id='word_1_29' title='bbox 683 385 849 412; x_wconf 81' lang='lat' dir='ltr'>supplemento</span> <span class='ocrx_word' id='word_1_30' title='bbox 871 384 916 406; x_wconf 91' lang='lat' dir='ltr'>iam</span> 
     </span>
     <span class='ocr_line' id='line_1_5' title="bbox 76 430 917 461; baseline -0.004 -6"><span class='ocrx_word' id='word_1_31' title='bbox 76 433 153 460; x_wconf 78' lang='lat' dir='ltr'>editis,</span> <span class='ocrx_word' id='word_1_32' title='bbox 171 433 199 455; x_wconf 86' lang='lat' dir='ltr'>de</span> <span class='ocrx_word' id='word_1_33' title='bbox 217 431 302 461; x_wconf 87' lang='lat' dir='ltr'>quibus</span> <span class='ocrx_word' id='word_1_34' title='bbox 318 438 366 454; x_wconf 90' lang='lat' dir='ltr'>non</span> <span class='ocrx_word' id='word_1_35' title='bbox 382 431 526 454; x_wconf 86' lang='lat' dir='ltr'>consentiunt</span> <span class='ocrx_word' id='word_1_36' title='bbox 542 431 586 453; x_wconf 88' lang='lat' dir='ltr'>viri</span> <span class='ocrx_word' id='word_1_37' title='bbox 603 431 687 459; x_wconf 82' lang='lat' dir='ltr'>critici;</span> <span class='ocrx_word' id='word_1_38' title='bbox 704 433 813 459; x_wconf 88' lang='lat' dir='ltr'>quartus,</span> <span class='ocrx_word' id='word_1_39' title='bbox 828 430 857 453; x_wconf 87' lang='lat' dir='ltr'>de</span> <span class='ocrx_word' id='word_1_40' title='bbox 869 430 917 452; x_wconf 90' lang='lat' dir='ltr'>aliis</span> 
     </span>
     <span class='ocr_line' id='line_1_6' title="bbox 76 478 503 503; baseline -0.005 -1"><span class='ocrx_word' id='word_1_41' title='bbox 76 481 99 503; x_wconf 90' lang='lat' dir='ltr'>in</span> <span class='ocrx_word' id='word_1_42' title='bbox 115 480 150 502; x_wconf 85' lang='lat' dir='ltr'>his</span> <span class='ocrx_word' id='word_1_43' title='bbox 166 478 305 502; x_wconf 75' lang='lat' dir='ltr'>editionibus</span> <span class='ocrx_word' id='word_1_44' title='bbox 321 485 366 501; x_wconf 90' lang='lat' dir='ltr'>non</span> <span class='ocrx_word' id='word_1_45' title='bbox 383 478 503 501; x_wconf 89' lang='lat' dir='ltr'>contentis.</span> 
     </span>
    </p>
   </div>
   <div class='ocr_carea' id='block_1_3' title="bbox 145 568 844 648">
    <p class='ocr_par' dir='ltr' id='par_1_3' title="bbox 145 568 844 648">
     <span class='ocr_line' id='line_1_7' title="bbox 145 568 844 599; baseline -0.004 -4"><span class='ocrx_word' id='word_1_46' title='bbox 145 573 266 595; x_wconf 69' lang='lat' dir='ltr'>Auricutus</span> <span class='ocrx_word' id='word_1_47' title='bbox 282 572 298 594; x_wconf 90' lang='lat' dir='ltr'>l.</span> <span class='ocrx_word' id='word_1_48' title='bbox 314 570 344 594; x_wconf 83' lang='lat' dir='ltr'>De</span> <span class='ocrx_word' id='word_1_49' title='bbox 361 570 436 594; x_wconf 76' lang='lat' dir='ltr'>dubiis</span> <span class='ocrx_word' id='word_1_50' title='bbox 451 569 488 594; x_wconf 80' lang='lat' dir='ltr'>vel</span> <span class='ocrx_word' id='word_1_51' title='bbox 499 569 630 599; x_wconf 76' lang='lat' dir='ltr'>illegitimis</span> <span class='ocrx_word' id='word_1_52' title='bbox 643 568 770 599; x_wconf 72' lang='lat' dir='ltr'>opusculis,</span> <span class='ocrx_word' id='word_1_53' title='bbox 788 575 844 599; x_wconf 69' lang='lat' dir='ltr'>quae</span> 
     </span>
     <span class='ocr_line' id='line_1_8' title="bbox 215 615 778 648; baseline -0.005 -7"><span class='ocrx_word' id='word_1_54' title='bbox 215 617 361 641; x_wconf 73' lang='lat' dir='ltr'>continentur</span> <span class='ocrx_word' id='word_1_55' title='bbox 378 617 402 640; x_wconf 88' lang='lat' dir='ltr'>in</span> <span class='ocrx_word' id='word_1_56' title='bbox 418 617 544 648; x_wconf 76' lang='lat' dir='ltr'>Appondioe</span> <span class='ocrx_word' id='word_1_57' title='bbox 561 616 631 640; x_wconf 81' lang='lat' dir='ltr'>huius</span> <span class='ocrx_word' id='word_1_58' title='bbox 647 615 778 639; x_wconf 79' lang='lat' dir='ltr'>voluminis.</span> 
     </span>
    </p>
   </div>
   <div class='ocr_carea' id='block_1_4' title="bbox 76 710 922 2984">
    <p class='ocr_par' dir='ltr' id='par_1_4' title="bbox 137 710 801 741">
     <span class='ocr_line' id='line_1_9' title="bbox 137 710 801 741; baseline -0.003 -6"><span class='ocrx_word' id='word_1_59' title='bbox 137 713 151 741; x_wconf 69' lang='lat' dir='ltr'>S</span> <span class='ocrx_word' id='word_1_60' title='bbox 169 713 188 735; x_wconf 51' lang='lat' dir='ltr'>rt.</span> <span class='ocrx_word' id='word_1_61' title='bbox 206 713 239 734; x_wconf 81' lang='lat' dir='ltr'>De</span> <span class='ocrx_word' id='word_1_62' title='bbox 255 711 329 734; x_wconf 84' lang='lat' dir='ltr'>libello</span> <span class='ocrx_word' id='word_1_63' title='bbox 346 711 475 741; x_wconf 75' lang='lat' dir='ltr'><em>Speculum</em></span> <span class='ocrx_word' id='word_1_64' title='bbox 492 710 630 741; x_wconf 69' lang='lat' dir='ltr'>disciplinae</span> <span class='ocrx_word' id='word_1_65' title='bbox 645 710 677 734; x_wconf 82' lang='lat' dir='ltr'>ad</span> <span class='ocrx_word' id='word_1_66' title='bbox 693 710 801 734; x_wconf 75' lang='lat' dir='ltr'>novitios.</span> 
     </span>
    </p>

    <p class='ocr_par' dir='ltr' id='par_1_5' title="bbox 76 757 919 1299">
     <span class='ocr_line' id='line_1_10' title="bbox 137 757 918 787; baseline -0.001 -6"><span class='ocrx_word' id='word_1_67' title='bbox 137 759 248 787; x_wconf 81' lang='lat' dir='ltr'>Prologus</span> <span class='ocrx_word' id='word_1_68' title='bbox 264 759 368 781; x_wconf 88' lang='lat' dir='ltr'>eiusdem</span> <span class='ocrx_word' id='word_1_69' title='bbox 385 758 465 786; x_wconf 81' lang='lat' dir='ltr'>incipit</span> <span class='ocrx_word' id='word_1_70' title='bbox 481 758 572 780; x_wconf 76' lang='lat' dir='ltr'>verbis:</span> <span class='ocrx_word' id='word_1_71' title='bbox 589 757 718 787; x_wconf 77' lang='lat' dir='ltr'><em>Speculum</em></span> <span class='ocrx_word' id='word_1_72' title='bbox 732 757 869 787; x_wconf 76' lang='lat' dir='ltr'>disciplinae</span> <span class='ocrx_word' id='word_1_73' title='bbox 886 757 918 780; x_wconf 84' lang='lat' dir='ltr'>ad</span> 
     </span>
     <span class='ocr_line' id='line_1_11' title="bbox 76 805 917 833; baseline -0.002 -4"><span class='ocrx_word' id='word_1_74' title='bbox 76 806 171 830; x_wconf 76' lang='lat' dir='ltr'>honesta</span> <span class='ocrx_word' id='word_1_75' title='bbox 189 805 317 833; x_wconf 72' lang='lat' dir='ltr'>tendentes,</span> <span class='ocrx_word' id='word_1_76' title='bbox 334 808 357 828; x_wconf 79' lang='lat' dir='ltr'>et</span> <span class='ocrx_word' id='word_1_77' title='bbox 373 805 484 828; x_wconf 83' lang='lat' dir='ltr'>dividitur</span> <span class='ocrx_word' id='word_1_78' title='bbox 502 805 524 827; x_wconf 89' lang='lat' dir='ltr'>in</span> <span class='ocrx_word' id='word_1_79' title='bbox 540 805 599 827; x_wconf 85' lang='lat' dir='ltr'>duas</span> <span class='ocrx_word' id='word_1_80' title='bbox 616 807 700 833; x_wconf 84' lang='lat' dir='ltr'>partes.</span> <span class='ocrx_word' id='word_1_81' title='bbox 723 817 754 821; x_wconf 76' lang='lat'>—</span> <span class='ocrx_word' id='word_1_82' title='bbox 775 805 808 827; x_wconf 88' lang='lat' dir='ltr'>Dc</span> <span class='ocrx_word' id='word_1_83' title='bbox 825 807 917 827; x_wconf 84' lang='lat' dir='ltr'>auctore</span> 
     </span>
     <span class='ocr_line' id='line_1_12' title="bbox 76 851 918 881; baseline -0.001 -6"><span class='ocrx_word' id='word_1_84' title='bbox 76 853 143 876; x_wconf 87' lang='lat' dir='ltr'>huius</span> <span class='ocrx_word' id='word_1_85' title='bbox 159 853 236 881; x_wconf 85' lang='lat' dir='ltr'>operis</span> <span class='ocrx_word' id='word_1_86' title='bbox 252 852 438 874; x_wconf 76' lang='lat' dir='ltr'>controvertitur.</span> <span class='ocrx_word' id='word_1_87' title='bbox 455 851 602 879; x_wconf 80' lang='lat' dir='ltr'>Waddingus</span> <span class='ocrx_word' id='word_1_88' title='bbox 624 851 761 880; x_wconf 79' lang='lat' dir='ltr'>(Scriptores</span> <span class='ocrx_word' id='word_1_89' title='bbox 786 852 842 874; x_wconf 88' lang='lat' dir='ltr'>Ord.</span> <span class='ocrx_word' id='word_1_90' title='bbox 865 852 918 874; x_wconf 77' lang='lat' dir='ltr'>Illin.</span> 
     </span>
     <span class='ocr_line' id='line_1_13' title="bbox 76 898 918 927; baseline -0.002 -5"><span class='ocrx_word' id='word_1_91' title='bbox 76 905 130 927; x_wconf 83' lang='lat' dir='ltr'>pag.</span> <span class='ocrx_word' id='word_1_92' title='bbox 149 899 173 921; x_wconf 70' lang='lat'>4⁴</span> <span class='ocrx_word' id='word_1_93' title='bbox 194 901 217 921; x_wconf 85' lang='lat' dir='ltr'>et</span> <span class='ocrx_word' id='word_1_94' title='bbox 233 899 276 925; x_wconf 73' lang='lat'>52,</span> <span class='ocrx_word' id='word_1_95' title='bbox 293 898 329 921; x_wconf 88' lang='lat' dir='ltr'>ed.</span> <span class='ocrx_word' id='word_1_96' title='bbox 345 899 433 920; x_wconf 83' lang='lat' dir='ltr'>Romae</span> <span class='ocrx_word' id='word_1_97' title='bbox 448 898 531 926; x_wconf 63' lang='lat'>4816),</span> <span class='ocrx_word' id='word_1_98' title='bbox 544 898 650 920; x_wconf 79' lang='lat' dir='ltr'>sedulius</span> <span class='ocrx_word' id='word_1_99' title='bbox 662 898 684 919; x_wconf 94' lang='lat' dir='ltr'>in</span> <span class='ocrx_word' id='word_1_100' title='bbox 697 898 838 920; x_wconf 78' lang='lat' dir='ltr'>Praefatione</span> <span class='ocrx_word' id='word_1_101' title='bbox 849 898 918 920; x_wconf 82' lang='lat' dir='ltr'>liuius</span> 
     </span>
     <span class='ocr_line' id='line_1_14' title="bbox 76 944 917 974; baseline -0.001 -6"><span class='ocrx_word' id='word_1_102' title='bbox 76 945 152 974; x_wconf 90' lang='lat' dir='ltr'>operis</span> <span class='ocrx_word' id='word_1_103' title='bbox 167 944 198 967; x_wconf 88' lang='lat' dir='ltr'>ab</span> <span class='ocrx_word' id='word_1_104' title='bbox 214 945 265 973; x_wconf 87' lang='lat' dir='ltr'>ipso</span> <span class='ocrx_word' id='word_1_105' title='bbox 282 945 337 967; x_wconf 85' lang='lat' dir='ltr'>editi</span> <span class='ocrx_word' id='word_1_106' title='bbox 353 947 376 967; x_wconf 90' lang='lat' dir='ltr'>et</span> <span class='ocrx_word' id='word_1_107' title='bbox 393 945 477 967; x_wconf 89' lang='lat' dir='ltr'>Bonelli</span> <span class='ocrx_word' id='word_1_108' title='bbox 495 944 631 973; x_wconf 79' lang='lat' dir='ltr'>(Prodrom.,</span> <span class='ocrx_word' id='word_1_109' title='bbox 642 945 677 967; x_wconf 93' lang='lat' dir='ltr'>col</span> <span class='ocrx_word' id='word_1_110' title='bbox 689 945 733 966; x_wconf 83' lang='lat' dir='ltr'>6l9</span> <span class='ocrx_word' id='word_1_111' title='bbox 745 945 820 974; x_wconf 82' lang='lat' dir='ltr'>seqq.)</span> <span class='ocrx_word' id='word_1_112' title='bbox 833 944 917 967; x_wconf 87' lang='lat' dir='ltr'>librum</span> 
     </span>
     <span class='ocr_line' id='line_1_15' title="bbox 77 992 919 1020; baseline -0.001 -4"><span class='ocrx_word' id='word_1_113' title='bbox 77 992 203 1016; x_wconf 85' lang='lat' dir='ltr'>attribuunt</span> <span class='ocrx_word' id='word_1_114' title='bbox 219 993 407 1019; x_wconf 83' lang='lat' dir='ltr'>Bonaventurae,</span> <span class='ocrx_word' id='word_1_115' title='bbox 424 992 492 1014; x_wconf 87' lang='lat' dir='ltr'>simul</span> <span class='ocrx_word' id='word_1_116' title='bbox 510 994 586 1014; x_wconf 88' lang='lat' dir='ltr'>tamen</span> <span class='ocrx_word' id='word_1_117' title='bbox 603 993 712 1019; x_wconf 80' lang='lat' dir='ltr'>fatentur,</span> <span class='ocrx_word' id='word_1_118' title='bbox 734 992 838 1014; x_wconf 88' lang='lat' dir='ltr'>ultimam</span> <span class='ocrx_word' id='word_1_119' title='bbox 860 998 919 1020; x_wconf 88' lang='lat' dir='ltr'>opu-</span> 
     </span>
     <span class='ocr_line' id='line_1_16' title="bbox 77 1037 918 1067; baseline -0.002 -5"><span class='ocrx_word' id='word_1_120' title='bbox 77 1039 132 1063; x_wconf 83' lang='lat' dir='ltr'>sculi</span> <span class='ocrx_word' id='word_1_121' title='bbox 149 1039 275 1067; x_wconf 73' lang='lat' dir='ltr'>imperfecti</span> <span class='ocrx_word' id='word_1_122' title='bbox 291 1038 431 1061; x_wconf 87' lang='lat' dir='ltr'>revisionem</span> <span class='ocrx_word' id='word_1_123' title='bbox 447 1039 531 1060; x_wconf 79' lang='lat' dir='ltr'>factam</span> <span class='ocrx_word' id='word_1_124' title='bbox 547 1044 598 1060; x_wconf 87' lang='lat' dir='ltr'>esse</span> <span class='ocrx_word' id='word_1_125' title='bbox 614 1037 644 1060; x_wconf 91' lang='lat' dir='ltr'>ab</span> <span class='ocrx_word' id='word_1_126' title='bbox 661 1038 718 1065; x_wconf 84' lang='lat' dir='ltr'>alio,</span> <span class='ocrx_word' id='word_1_127' title='bbox 734 1038 818 1061; x_wconf 87' lang='lat' dir='ltr'>scilicet</span> <span class='ocrx_word' id='word_1_128' title='bbox 835 1044 848 1060; x_wconf 84' lang='lat' dir='ltr'>a</span> <span class='ocrx_word' id='word_1_129' title='bbox 865 1039 918 1061; x_wconf 86' lang='lat' dir='ltr'>Ber-</span> 
     </span>
     <span class='ocr_line' id='line_1_17' title="bbox 77 1084 918 1114; baseline -0.001 -5"><span class='ocrx_word' id='word_1_130' title='bbox 77 1086 149 1110; x_wconf 89' lang='lat' dir='ltr'>nardo</span> <span class='ocrx_word' id='word_1_131' title='bbox 166 1092 180 1108; x_wconf 87' lang='lat' dir='ltr'>a</span> <span class='ocrx_word' id='word_1_132' title='bbox 197 1086 273 1108; x_wconf 84' lang='lat' dir='ltr'>Bessa.</span> <span class='ocrx_word' id='word_1_133' title='bbox 294 1085 399 1108; x_wconf 91' lang='lat' dir='ltr'>Oudinus</span> <span class='ocrx_word' id='word_1_134' title='bbox 421 1084 559 1113; x_wconf 84' lang='lat' dir='ltr'>(Comment.</span> <span class='ocrx_word' id='word_1_135' title='bbox 580 1085 614 1107; x_wconf 79' lang='grc' dir='ltr'>ΙΙΙ.</span> <span class='ocrx_word' id='word_1_136' title='bbox 639 1085 680 1107; x_wconf 89' lang='lat' dir='ltr'>col.</span> <span class='ocrx_word' id='word_1_137' title='bbox 703 1085 771 1114; x_wconf 65' lang='lat'>434),</span> <span class='ocrx_word' id='word_1_138' title='bbox 788 1091 858 1114; x_wconf 84' lang='lat' dir='ltr'>quem</span> <span class='ocrx_word' id='word_1_139' title='bbox 883 1092 918 1108; x_wconf 86' lang='lat' dir='ltr'>se-</span> 
     </span>
     <span class='ocr_line' id='line_1_18' title="bbox 76 1132 919 1162; baseline -0.001 -6"><span class='ocrx_word' id='word_1_140' title='bbox 76 1135 178 1162; x_wconf 88' lang='lat' dir='ltr'>quuntur</span> <span class='ocrx_word' id='word_1_141' title='bbox 194 1132 294 1155; x_wconf 76' lang='lat' dir='ltr'>editores</span> <span class='ocrx_word' id='word_1_142' title='bbox 311 1132 404 1159; x_wconf 86' lang='lat' dir='ltr'>Veneti,</span> <span class='ocrx_word' id='word_1_143' title='bbox 421 1135 537 1155; x_wconf 77' lang='lat' dir='ltr'>auctorem</span> <span class='ocrx_word' id='word_1_144' title='bbox 554 1132 657 1154; x_wconf 84' lang='lat' dir='ltr'>nominat</span> <span class='ocrx_word' id='word_1_145' title='bbox 680 1132 715 1154; x_wconf 87' lang='lat' dir='ltr'>Fr.</span> <span class='ocrx_word' id='word_1_146' title='bbox 738 1132 851 1154; x_wconf 85' lang='lat' dir='ltr'>Davidem</span> <span class='ocrx_word' id='word_1_147' title='bbox 876 1132 919 1155; x_wconf 81' lang='lat' dir='ltr'>Au-</span> 
     </span>
     <span class='ocr_line' id='line_1_19' title="bbox 77 1177 916 1207; baseline 0 -5"><span class='ocrx_word' id='word_1_148' title='bbox 77 1182 199 1207; x_wconf 78' lang='lat' dir='ltr'>gustanum</span> <span class='ocrx_word' id='word_1_149' title='bbox 216 1178 271 1201; x_wconf 90' lang='lat' dir='ltr'>Ord.</span> <span class='ocrx_word' id='word_1_150' title='bbox 287 1179 353 1206; x_wconf 75' lang='lat' dir='ltr'>lllin.;</span> <span class='ocrx_word' id='word_1_151' title='bbox 370 1177 477 1200; x_wconf 88' lang='lat' dir='ltr'>Sbaralca</span> <span class='ocrx_word' id='word_1_152' title='bbox 495 1178 663 1207; x_wconf 74' lang='lat' dir='ltr'>(supplement.</span> <span class='ocrx_word' id='word_1_153' title='bbox 676 1178 706 1201; x_wconf 91' lang='lat' dir='ltr'>ad</span> <span class='ocrx_word' id='word_1_154' title='bbox 718 1179 845 1206; x_wconf 81' lang='lat' dir='ltr'>Scriptores</span> <span class='ocrx_word' id='word_1_155' title='bbox 861 1179 916 1202; x_wconf 92' lang='lat' dir='ltr'>Ord.</span> 
     </span>
     <span class='ocr_line' id='line_1_20' title="bbox 76 1225 917 1254; baseline -0.001 -6"><span class='ocrx_word' id='word_1_156' title='bbox 76 1225 129 1248; x_wconf 85' lang='lat' dir='ltr'>Min.</span> <span class='ocrx_word' id='word_1_157' title='bbox 145 1231 168 1254; x_wconf 88' lang='lat' dir='ltr'>p.</span> <span class='ocrx_word' id='word_1_158' title='bbox 186 1225 229 1247; x_wconf 68' lang='lat'>⁴6⁴2.</span> <span class='ocrx_word' id='word_1_159' title='bbox 247 1225 290 1247; x_wconf 92' lang='lat' dir='ltr'>col.</span> <span class='ocrx_word' id='word_1_160' title='bbox 307 1225 330 1254; x_wconf 82' lang='lat'>2)</span> <span class='ocrx_word' id='word_1_161' title='bbox 348 1227 419 1247; x_wconf 89' lang='lat' dir='ltr'>certat</span> <span class='ocrx_word' id='word_1_162' title='bbox 435 1231 478 1253; x_wconf 87' lang='lat' dir='ltr'>pro</span> <span class='ocrx_word' id='word_1_163' title='bbox 496 1225 610 1253; x_wconf 88' lang='lat' dir='ltr'>discipulo</span> <span class='ocrx_word' id='word_1_164' title='bbox 633 1225 656 1247; x_wconf 88' lang='lat' dir='ltr'>S.</span> <span class='ocrx_word' id='word_1_165' title='bbox 675 1225 861 1254; x_wconf 85' lang='lat' dir='ltr'>Bonaventurae,</span> <span class='ocrx_word' id='word_1_166' title='bbox 882 1226 917 1248; x_wconf 89' lang='lat' dir='ltr'>Fr.</span> 
     </span>
     <span class='ocr_line' id='line_1_21' title="bbox 77 1271 614 1299; baseline -0.004 -4"><span class='ocrx_word' id='word_1_167' title='bbox 77 1272 159 1295; x_wconf 87' lang='lat' dir='ltr'>loanne</span> <span class='ocrx_word' id='word_1_168' title='bbox 175 1272 313 1299; x_wconf 84' lang='lat' dir='ltr'>Pecchamo,</span> <span class='ocrx_word' id='word_1_169' title='bbox 330 1271 432 1299; x_wconf 82' lang='lat' dir='ltr'>archiep.</span> <span class='ocrx_word' id='word_1_170' title='bbox 448 1271 614 1294; x_wconf 89' lang='lat' dir='ltr'>Cantuariensi.</span> 
     </span>
    </p>

    <p class='ocr_par' dir='ltr' id='par_1_6' title="bbox 76 1318 922 2984">
     <span class='ocr_line' id='line_1_22' title="bbox 137 1318 919 1347; baseline 0 -6"><span class='ocrx_word' id='word_1_171' title='bbox 137 1318 274 1347; x_wconf 83' lang='lat' dir='ltr'>Priusquam</span> <span class='ocrx_word' id='word_1_172' title='bbox 290 1318 428 1346; x_wconf 83' lang='lat' dir='ltr'>incipiamus</span> <span class='ocrx_word' id='word_1_173' title='bbox 439 1318 481 1340; x_wconf 84' lang='lat' dir='ltr'>lias</span> <span class='ocrx_word' id='word_1_174' title='bbox 492 1318 612 1346; x_wconf 85' lang='lat' dir='ltr'>opiniones</span> <span class='ocrx_word' id='word_1_175' title='bbox 628 1318 754 1346; x_wconf 82' lang='lat' dir='ltr'>discutere,</span> <span class='ocrx_word' id='word_1_176' title='bbox 768 1324 853 1346; x_wconf 84' lang='lat' dir='ltr'>operae</span> <span class='ocrx_word' id='word_1_177' title='bbox 867 1325 919 1347; x_wconf 84' lang='lat' dir='ltr'>pre-</span> 
     </span>
     <span class='ocr_line' id='line_1_23' title="bbox 76 1365 918 1394; baseline -0.001 -5"><span class='ocrx_word' id='word_1_178' title='bbox 76 1365 133 1389; x_wconf 86' lang='lat' dir='ltr'>tium</span> <span class='ocrx_word' id='word_1_179' title='bbox 150 1368 184 1388; x_wconf 90' lang='lat' dir='ltr'>est</span> <span class='ocrx_word' id='word_1_180' title='bbox 200 1365 352 1388; x_wconf 75' lang='lat' dir='ltr'>transcribere</span> <span class='ocrx_word' id='word_1_181' title='bbox 368 1371 428 1394; x_wconf 89' lang='lat' dir='ltr'>quae</span> <span class='ocrx_word' id='word_1_182' title='bbox 444 1365 515 1388; x_wconf 85' lang='lat' dir='ltr'>editio</span> <span class='ocrx_word' id='word_1_183' title='bbox 528 1365 637 1388; x_wconf 89' lang='lat' dir='ltr'>Vaticana</span> <span class='ocrx_word' id='word_1_184' title='bbox 649 1366 672 1387; x_wconf 92' lang='lat' dir='ltr'>in</span> <span class='ocrx_word' id='word_1_185' title='bbox 684 1366 836 1394; x_wconf 85' lang='lat' dir='ltr'>praeambulo</span> <span class='ocrx_word' id='word_1_186' title='bbox 850 1365 918 1388; x_wconf 82' lang='lat' dir='ltr'>libelli</span> 
     </span>
     <span class='ocr_line' id='line_1_24' title="bbox 76 1411 918 1442; baseline -0.001 -7"><span class='ocrx_word' id='word_1_187' title='bbox 76 1413 145 1435; x_wconf 71' lang='lat' dir='ltr'>refert</span> <span class='ocrx_word' id='word_1_188' title='bbox 155 1411 182 1435; x_wconf 83' lang='lat' dir='ltr'>de</span> <span class='ocrx_word' id='word_1_189' title='bbox 193 1412 286 1435; x_wconf 84' lang='lat' dir='ltr'>Sedulio</span> <span class='ocrx_word' id='word_1_190' title='bbox 303 1415 324 1435; x_wconf 90' lang='lat' dir='ltr'>et</span> <span class='ocrx_word' id='word_1_191' title='bbox 335 1418 367 1435; x_wconf 65' lang='lat' dir='ltr'>esc</span> <span class='ocrx_word' id='word_1_192' title='bbox 383 1412 489 1435; x_wconf 88' lang='lat' dir='ltr'>Sednlio:</span> <span class='ocrx_word' id='word_1_193' title='bbox 508 1421 520 1432; x_wconf 73' lang='grc' dir='ltr'>ει</span> <span class='ocrx_word' id='word_1_194' title='bbox 531 1413 579 1435; x_wconf 86' lang='lat' dir='ltr'>Hoc</span> <span class='ocrx_word' id='word_1_195' title='bbox 590 1413 734 1440; x_wconf 82' lang='lat' dir='ltr'>opusculum</span> <span class='ocrx_word' id='word_1_196' title='bbox 749 1419 803 1436; x_wconf 89' lang='lat' dir='ltr'>cum</span> <span class='ocrx_word' id='word_1_197' title='bbox 814 1413 918 1442; x_wconf 86' lang='lat' dir='ltr'>sequenti</span> 
     </span>
     <span class='ocr_line' id='line_1_25' title="bbox 78 1459 919 1489; baseline -0.001 -7"><span class='ocrx_word' id='word_1_198' title='bbox 78 1459 116 1489; x_wconf 79' lang='lat' dir='ltr'>[de</span> <span class='ocrx_word' id='word_1_199' title='bbox 131 1460 235 1482; x_wconf 83' lang='lat' dir='ltr'>Prosectu</span> <span class='ocrx_word' id='word_1_200' title='bbox 252 1459 369 1489; x_wconf 74' lang='lat' dir='ltr'>Religios]</span> <span class='ocrx_word' id='word_1_201' title='bbox 386 1459 525 1488; x_wconf 84' lang='lat' dir='ltr'>Antvcrpiae</span> <span class='ocrx_word' id='word_1_202' title='bbox 542 1466 579 1482; x_wconf 84' lang='lat' dir='ltr'>an.</span> <span class='ocrx_word' id='word_1_203' title='bbox 602 1459 658 1481; x_wconf 74' lang='lat'>⁴591</span> <span class='ocrx_word' id='word_1_204' title='bbox 686 1459 773 1487; x_wconf 87' lang='lat' dir='ltr'>prodiit</span> <span class='ocrx_word' id='word_1_205' title='bbox 797 1465 866 1487; x_wconf 87' lang='lat' dir='ltr'>opera</span> <span class='ocrx_word' id='word_1_206' title='bbox 892 1460 919 1482; x_wconf 83' lang='lat' dir='ltr'>R.</span> 
     </span>
     <span class='ocr_line' id='line_1_26' title="bbox 77 1505 919 1533; baseline 0 -5"><span class='ocrx_word' id='word_1_207' title='bbox 77 1506 102 1529; x_wconf 84' lang='lat' dir='ltr'>P.</span> <span class='ocrx_word' id='word_1_208' title='bbox 118 1506 209 1529; x_wconf 83' lang='lat' dir='ltr'>ilenrici</span> <span class='ocrx_word' id='word_1_209' title='bbox 231 1506 317 1529; x_wconf 86' lang='lat' dir='ltr'>Sedulii</span> <span class='ocrx_word' id='word_1_210' title='bbox 339 1506 471 1533; x_wconf 89' lang='lat' dir='ltr'>Cliviensis,</span> <span class='ocrx_word' id='word_1_211' title='bbox 496 1506 622 1528; x_wconf 85' lang='lat' dir='ltr'>Guardiani</span> <span class='ocrx_word' id='word_1_212' title='bbox 643 1506 824 1533; x_wconf 83' lang='lat' dir='ltr'>Antverpiensis.</span> <span class='ocrx_word' id='word_1_213' title='bbox 849 1505 919 1528; x_wconf 85' lang='lat' dir='ltr'>Cuius</span> 
     </span>
     <span class='ocr_line' id='line_1_27' title="bbox 78 1552 918 1585; baseline -0.002 -9"><span class='ocrx_word' id='word_1_214' title='bbox 78 1553 267 1582; x_wconf 83' lang='lat' dir='ltr'>praestantissimi</span> <span class='ocrx_word' id='word_1_215' title='bbox 283 1553 328 1576; x_wconf 84' lang='lat' dir='ltr'>viri</span> <span class='ocrx_word' id='word_1_216' title='bbox 345 1553 462 1581; x_wconf 82' lang='lat' dir='ltr'>diligentia</span> <span class='ocrx_word' id='word_1_217' title='bbox 479 1553 501 1575; x_wconf 90' lang='lat' dir='ltr'>in</span> <span class='ocrx_word' id='word_1_218' title='bbox 518 1553 553 1575; x_wconf 79' lang='lat' dir='ltr'>liis</span> <span class='ocrx_word' id='word_1_219' title='bbox 570 1552 663 1575; x_wconf 89' lang='lat' dir='ltr'>duobus</span> <span class='ocrx_word' id='word_1_220' title='bbox 684 1553 803 1585; x_wconf 76' lang='lat' dir='ltr'>opusculis</span> <span class='ocrx_word' id='word_1_221' title='bbox 823 1553 918 1580; x_wconf 86' lang='lat' dir='ltr'>pristino</span> 
     </span>
     <span class='ocr_line' id='line_1_28' title="bbox 79 1598 919 1623; baseline -0.001 -1"><span class='ocrx_word' id='word_1_222' title='bbox 79 1606 123 1623; x_wconf 89' lang='lat' dir='ltr'>suo</span> <span class='ocrx_word' id='word_1_223' title='bbox 138 1600 206 1622; x_wconf 89' lang='lat' dir='ltr'>nitori</span> <span class='ocrx_word' id='word_1_224' title='bbox 222 1600 370 1623; x_wconf 89' lang='lat' dir='ltr'>restituendis</span> <span class='ocrx_word' id='word_1_225' title='bbox 386 1600 491 1623; x_wconf 90' lang='lat' dir='ltr'>eiusdem</span> <span class='ocrx_word' id='word_1_226' title='bbox 513 1599 664 1622; x_wconf 87' lang='lat' dir='ltr'>eruditionem</span> <span class='ocrx_word' id='word_1_227' title='bbox 681 1601 704 1621; x_wconf 87' lang='lat' dir='ltr'>et</span> <span class='ocrx_word' id='word_1_228' title='bbox 720 1599 848 1621; x_wconf 85' lang='lat' dir='ltr'>doctrinam</span> <span class='ocrx_word' id='word_1_229' title='bbox 865 1598 919 1621; x_wconf 85' lang='lat' dir='ltr'>satis</span> 
     </span>
     <span class='ocr_line' id='line_1_29' title="bbox 78 1645 919 1675; baseline -0.002 -6"><span class='ocrx_word' id='word_1_230' title='bbox 78 1646 174 1675; x_wconf 85' lang='lat' dir='ltr'>probat;</span> <span class='ocrx_word' id='word_1_231' title='bbox 191 1652 219 1669; x_wconf 88' lang='lat' dir='ltr'>ac</span> <span class='ocrx_word' id='word_1_232' title='bbox 236 1647 323 1669; x_wconf 87' lang='lat' dir='ltr'>utinam</span> <span class='ocrx_word' id='word_1_233' title='bbox 340 1647 451 1675; x_wconf 88' lang='lat' dir='ltr'>opuscula</span> <span class='ocrx_word' id='word_1_234' title='bbox 468 1647 511 1668; x_wconf 87' lang='lat' dir='ltr'>alia</span> <span class='ocrx_word' id='word_1_235' title='bbox 528 1646 627 1669; x_wconf 83' lang='lat' dir='ltr'>auctoris</span> <span class='ocrx_word' id='word_1_236' title='bbox 643 1645 716 1668; x_wconf 83' lang='lat' dir='ltr'>nostri</span> <span class='ocrx_word' id='word_1_237' title='bbox 740 1651 820 1674; x_wconf 82' lang='lat' dir='ltr'>parem</span> <span class='ocrx_word' id='word_1_238' title='bbox 842 1645 919 1668; x_wconf 85' lang='lat' dir='ltr'>virum</span> 
     </span>
     <span class='ocr_line' id='line_1_30' title="bbox 79 1693 920 1722; baseline -0.001 -6"><span class='ocrx_word' id='word_1_239' title='bbox 79 1694 234 1717; x_wconf 77' lang='lat' dir='ltr'>invenissent!</span> <span class='ocrx_word' id='word_1_240' title='bbox 251 1694 301 1716; x_wconf 91' lang='lat' dir='ltr'>Non</span> <span class='ocrx_word' id='word_1_241' title='bbox 318 1695 379 1716; x_wconf 89' lang='lat' dir='ltr'>enim</span> <span class='ocrx_word' id='word_1_242' title='bbox 397 1694 419 1716; x_wconf 90' lang='lat' dir='ltr'>in</span> <span class='ocrx_word' id='word_1_243' title='bbox 435 1694 492 1722; x_wconf 88' lang='lat' dir='ltr'>ipsis</span> <span class='ocrx_word' id='word_1_244' title='bbox 508 1693 654 1716; x_wconf 83' lang='lat' dir='ltr'>restituendis</span> <span class='ocrx_word' id='word_1_245' title='bbox 678 1696 768 1716; x_wconf 83' lang='lat' dir='ltr'>tantum</span> <span class='ocrx_word' id='word_1_246' title='bbox 784 1693 869 1716; x_wconf 77' lang='lat' dir='ltr'>laboris</span> <span class='ocrx_word' id='word_1_247' title='bbox 884 1699 920 1715; x_wconf 88' lang='lat' dir='ltr'>su-</span> 
     </span>
     <span class='ocr_line' id='line_1_31' title="bbox 77 1740 920 1769; baseline -0.001 -6"><span class='ocrx_word' id='word_1_248' title='bbox 77 1743 184 1769; x_wconf 86' lang='lat' dir='ltr'>sceptum</span> <span class='ocrx_word' id='word_1_249' title='bbox 210 1743 282 1768; x_wconf 82' lang='lat' dir='ltr'>esset,</span> <span class='ocrx_word' id='word_1_250' title='bbox 305 1747 348 1763; x_wconf 91' lang='lat' dir='ltr'>nec</span> <span class='ocrx_word' id='word_1_251' title='bbox 372 1741 440 1763; x_wconf 83' lang='lat' dir='ltr'>tantis</span> <span class='ocrx_word' id='word_1_252' title='bbox 467 1746 572 1768; x_wconf 81' lang='lat' dir='ltr'>respersa</span> <span class='ocrx_word' id='word_1_253' title='bbox 597 1740 687 1763; x_wconf 85' lang='lat' dir='ltr'>mendis</span> <span class='ocrx_word' id='word_1_254' title='bbox 709 1741 820 1762; x_wconf 78' lang='lat' dir='ltr'>hactenus</span> <span class='ocrx_word' id='word_1_255' title='bbox 843 1741 920 1762; x_wconf 79' lang='lat' dir='ltr'>essent</span> 
     </span>
     <span class='ocr_line' id='line_1_32' title="bbox 79 1787 919 1817; baseline -0.002 -6"><span class='ocrx_word' id='word_1_256' title='bbox 79 1788 172 1811; x_wconf 82' lang='lat' dir='ltr'>emissa.</span> <span class='ocrx_word' id='word_1_257' title='bbox 188 1789 264 1817; x_wconf 85' lang='lat' dir='ltr'>Quare</span> <span class='ocrx_word' id='word_1_258' title='bbox 281 1788 342 1811; x_wconf 84' lang='lat' dir='ltr'>iuxta</span> <span class='ocrx_word' id='word_1_259' title='bbox 358 1788 448 1810; x_wconf 86' lang='lat' dir='ltr'>Henrici</span> <span class='ocrx_word' id='word_1_260' title='bbox 465 1788 576 1816; x_wconf 88' lang='lat' dir='ltr'>praedicti</span> <span class='ocrx_word' id='word_1_261' title='bbox 598 1787 772 1815; x_wconf 78' lang='lat' dir='ltr'>castigationem</span> <span class='ocrx_word' id='word_1_262' title='bbox 794 1788 852 1809; x_wconf 86' lang='lat' dir='ltr'>haec</span> <span class='ocrx_word' id='word_1_263' title='bbox 873 1787 919 1809; x_wconf 93' lang='lat' dir='ltr'>duo</span> 
     </span>
     <span class='ocr_line' id='line_1_33' title="bbox 77 1834 920 1863; baseline -0.002 -6"><span class='ocrx_word' id='word_1_264' title='bbox 77 1835 190 1863; x_wconf 85' lang='lat' dir='ltr'>opuscula</span> <span class='ocrx_word' id='word_1_265' title='bbox 206 1835 330 1857; x_wconf 86' lang='lat' dir='ltr'>Vaticanae</span> <span class='ocrx_word' id='word_1_266' title='bbox 346 1835 399 1857; x_wconf 84' lang='lat' dir='ltr'>huic</span> <span class='ocrx_word' id='word_1_267' title='bbox 416 1834 510 1857; x_wconf 88' lang='lat' dir='ltr'>editioni</span> <span class='ocrx_word' id='word_1_268' title='bbox 526 1834 668 1863; x_wconf 84' lang='lat' dir='ltr'>inseruntur,</span> <span class='ocrx_word' id='word_1_269' title='bbox 684 1840 712 1856; x_wconf 83' lang='lat' dir='ltr'>ac</span> <span class='ocrx_word' id='word_1_270' title='bbox 728 1840 771 1862; x_wconf 89' lang='lat' dir='ltr'>pro</span> <span class='ocrx_word' id='word_1_271' title='bbox 782 1836 920 1861; x_wconf 85' lang='lat' dir='ltr'>argumento</span> 
     </span>
     <span class='ocr_line' id='line_1_34' title="bbox 78 1879 920 1909; baseline -0.001 -6"><span class='ocrx_word' id='word_1_272' title='bbox 78 1881 208 1904; x_wconf 88' lang='lat' dir='ltr'>eorundem</span> <span class='ocrx_word' id='word_1_273' title='bbox 225 1881 275 1904; x_wconf 89' lang='lat' dir='ltr'>eius</span> <span class='ocrx_word' id='word_1_274' title='bbox 298 1881 393 1909; x_wconf 87' lang='lat' dir='ltr'>epistola</span> <span class='ocrx_word' id='word_1_275' title='bbox 415 1882 444 1904; x_wconf 90' lang='lat' dir='ltr'>ad</span> <span class='ocrx_word' id='word_1_276' title='bbox 469 1882 578 1904; x_wconf 88' lang='lat' dir='ltr'>lectorem</span> <span class='ocrx_word' id='word_1_277' title='bbox 602 1881 640 1903; x_wconf 82' lang='lat' dir='ltr'>hic</span> <span class='ocrx_word' id='word_1_278' title='bbox 663 1880 797 1903; x_wconf 80' lang='lat' dir='ltr'>subiicitur:</span> <span class='ocrx_word' id='word_1_279' title='bbox 815 1879 920 1909; x_wconf 85' lang='lat' dir='ltr'>,Habes‚</span> 
     </span>
     <span class='ocr_line' id='line_1_35' title="bbox 79 1927 920 1957; baseline -0.001 -7"><span class='ocrx_word' id='word_1_280' title='bbox 79 1928 153 1950; x_wconf 84' lang='lat' dir='ltr'>amice</span> <span class='ocrx_word' id='word_1_281' title='bbox 169 1928 253 1955; x_wconf 89' lang='lat' dir='ltr'>lector,</span> <span class='ocrx_word' id='word_1_282' title='bbox 274 1927 402 1957; x_wconf 80' lang='lat' dir='ltr'>Speculum</span> <span class='ocrx_word' id='word_1_283' title='bbox 424 1927 561 1957; x_wconf 77' lang='lat' dir='ltr'>disciplinae</span> <span class='ocrx_word' id='word_1_284' title='bbox 586 1928 608 1950; x_wconf 90' lang='lat' dir='ltr'>S.</span> <span class='ocrx_word' id='word_1_285' title='bbox 633 1928 817 1955; x_wconf 81' lang='lat' dir='ltr'>Bonaventurae‚</span> <span class='ocrx_word' id='word_1_286' title='bbox 841 1929 865 1949; x_wconf 89' lang='lat' dir='ltr'>et</span> <span class='ocrx_word' id='word_1_287' title='bbox 887 1927 920 1950; x_wconf 83' lang='lat' dir='ltr'>De</span> 
     </span>
     <span class='ocr_line' id='line_1_36' title="bbox 77 1973 920 2004; baseline -0.001 -7"><span class='ocrx_word' id='word_1_288' title='bbox 77 1974 189 2004; x_wconf 78' lang='lat' dir='ltr'>Profectu</span> <span class='ocrx_word' id='word_1_289' title='bbox 205 1973 389 2004; x_wconf 71' lang='lat' dir='ltr'>Reliqiosorum,</span> <span class='ocrx_word' id='word_1_290' title='bbox 407 1973 494 1997; x_wconf 86' lang='lat' dir='ltr'>libellos</span> <span class='ocrx_word' id='word_1_291' title='bbox 511 1980 607 2002; x_wconf 85' lang='lat' dir='ltr'>prorsus</span> <span class='ocrx_word' id='word_1_292' title='bbox 617 1973 746 2001; x_wconf 81' lang='lat' dir='ltr'>mirabiles,</span> <span class='ocrx_word' id='word_1_293' title='bbox 757 1974 808 1996; x_wconf 87' lang='lat' dir='ltr'>licet</span> <span class='ocrx_word' id='word_1_294' title='bbox 818 1976 920 1996; x_wconf 85' lang='lat' dir='ltr'>comem-</span> 
     </span>
     <span class='ocr_line' id='line_1_37' title="bbox 78 2019 920 2050; baseline -0.001 -7"><span class='ocrx_word' id='word_1_295' title='bbox 78 2021 170 2049; x_wconf 85' lang='lat' dir='ltr'>ptihiles</span> <span class='ocrx_word' id='word_1_296' title='bbox 187 2021 283 2043; x_wconf 91' lang='lat' dir='ltr'>mundo.</span> <span class='ocrx_word' id='word_1_297' title='bbox 298 2020 346 2044; x_wconf 85' lang='lat' dir='ltr'>Sed</span> <span class='ocrx_word' id='word_1_298' title='bbox 361 2026 422 2050; x_wconf 81' lang='lat' dir='ltr'>quae</span> <span class='ocrx_word' id='word_1_299' title='bbox 437 2019 511 2043; x_wconf 71' lang='lat' dir='ltr'>stulta</span> <span class='ocrx_word' id='word_1_300' title='bbox 527 2021 584 2043; x_wconf 77' lang='lat' dir='ltr'>sunt</span> <span class='ocrx_word' id='word_1_301' title='bbox 600 2019 684 2043; x_wconf 75' lang='lat' dir='ltr'>mundi</span> <span class='ocrx_word' id='word_1_302' title='bbox 707 2019 775 2050; x_wconf 73' lang='lat' dir='ltr'>eteyil</span> <span class='ocrx_word' id='word_1_303' title='bbox 791 2020 867 2048; x_wconf 74' lang='lat' dir='ltr'>Deus,</span> <span class='ocrx_word' id='word_1_304' title='bbox 889 2020 920 2042; x_wconf 81' lang='lat' dir='ltr'>ait</span> 
     </span>
     <span class='ocr_line' id='line_1_38' title="bbox 78 2066 920 2097; baseline -0.001 -7"><span class='ocrx_word' id='word_1_305' title='bbox 78 2068 201 2096; x_wconf 76' lang='lat' dir='ltr'>Apostolus</span> <span class='ocrx_word' id='word_1_306' title='bbox 218 2067 244 2096; x_wconf 85' lang='lat' dir='ltr'>(t.</span> <span class='ocrx_word' id='word_1_307' title='bbox 261 2067 314 2090; x_wconf 92' lang='lat' dir='ltr'>Cor.</span> <span class='ocrx_word' id='word_1_308' title='bbox 331 2068 352 2096; x_wconf 78' lang='lat' dir='ltr'>l,</span> <span class='ocrx_word' id='word_1_309' title='bbox 369 2067 429 2095; x_wconf 83' lang='lat'>27.),</span> <span class='ocrx_word' id='word_1_310' title='bbox 445 2068 472 2090; x_wconf 80' lang='lat' dir='ltr'>ut</span> <span class='ocrx_word' id='word_1_311' title='bbox 488 2066 620 2097; x_wconf 75' lang='lat' dir='ltr'>confundat</span> <span class='ocrx_word' id='word_1_312' title='bbox 633 2066 757 2096; x_wconf 74' lang='lat' dir='ltr'>sapientes.</span> <span class='ocrx_word' id='word_1_313' title='bbox 774 2067 861 2089; x_wconf 84' lang='lat' dir='ltr'>Auctor</span> <span class='ocrx_word' id='word_1_314' title='bbox 871 2066 920 2095; x_wconf 89' lang='lat' dir='ltr'>qui-</span> 
     </span>
     <span class='ocr_line' id='line_1_39' title="bbox 80 2113 920 2142; baseline -0.001 -5"><span class='ocrx_word' id='word_1_315' title='bbox 80 2115 133 2137; x_wconf 90' lang='lat' dir='ltr'>dem</span> <span class='ocrx_word' id='word_1_316' title='bbox 150 2120 196 2137; x_wconf 90' lang='lat' dir='ltr'>non</span> <span class='ocrx_word' id='word_1_317' title='bbox 215 2115 341 2137; x_wconf 84' lang='lat' dir='ltr'>admodum</span> <span class='ocrx_word' id='word_1_318' title='bbox 359 2115 464 2137; x_wconf 87' lang='lat' dir='ltr'>curiosus</span> <span class='ocrx_word' id='word_1_319' title='bbox 480 2116 514 2137; x_wconf 90' lang='lat' dir='ltr'>est</span> <span class='ocrx_word' id='word_1_320' title='bbox 530 2114 645 2136; x_wconf 88' lang='lat' dir='ltr'>latinitatis</span> <span class='ocrx_word' id='word_1_321' title='bbox 662 2116 684 2136; x_wconf 89' lang='lat' dir='ltr'>et</span> <span class='ocrx_word' id='word_1_322' title='bbox 695 2113 832 2141; x_wconf 73' lang='lat' dir='ltr'>elegantiae,</span> <span class='ocrx_word' id='word_1_323' title='bbox 844 2113 920 2142; x_wconf 82' lang='lat' dir='ltr'>utqui</span> 
     </span>
     <span class='ocr_line' id='line_1_40' title="bbox 79 2159 920 2190; baseline -0.002 -6"><span class='ocrx_word' id='word_1_324' title='bbox 79 2162 180 2189; x_wconf 80' lang='lat' dir='ltr'>noverit,</span> <span class='ocrx_word' id='word_1_325' title='bbox 198 2161 288 2184; x_wconf 76' lang='lat' dir='ltr'>nonin</span> <span class='ocrx_word' id='word_1_326' title='bbox 311 2166 421 2184; x_wconf 68' lang='lat' dir='ltr'>semno‘ne</span> <span class='ocrx_word' id='word_1_327' title='bbox 441 2166 491 2184; x_wconf 78' lang='lat' dir='ltr'>esse</span> <span class='ocrx_word' id='word_1_328' title='bbox 512 2166 614 2190; x_wconf 73' lang='lat' dir='ltr'>reynum</span> <span class='ocrx_word' id='word_1_329' title='bbox 638 2159 693 2188; x_wconf 79' lang='lat' dir='ltr'>Dei,</span> <span class='ocrx_word' id='word_1_330' title='bbox 718 2159 761 2183; x_wconf 77' lang='lat' dir='ltr'>sed</span> <span class='ocrx_word' id='word_1_331' title='bbox 784 2159 810 2182; x_wconf 74' lang='lat' dir='ltr'>in</span> <span class='ocrx_word' id='word_1_332' title='bbox 833 2159 920 2183; x_wconf 76' lang='lat' dir='ltr'>virtute</span> 
     </span>
     <span class='ocr_line' id='line_1_41' title="bbox 81 2206 920 2237; baseline -0.002 -7"><span class='ocrx_word' id='word_1_333' title='bbox 81 2207 121 2236; x_wconf 79' lang='lat' dir='ltr'>(ib.</span> <span class='ocrx_word' id='word_1_334' title='bbox 139 2208 166 2235; x_wconf 72' lang='lat'>4,</span> <span class='ocrx_word' id='word_1_335' title='bbox 183 2208 239 2237; x_wconf 78' lang='lat'>20.).</span> <span class='ocrx_word' id='word_1_336' title='bbox 251 2208 274 2230; x_wconf 88' lang='lat' dir='ltr'>Si</span> <span class='ocrx_word' id='word_1_337' title='bbox 291 2208 344 2236; x_wconf 91' lang='lat' dir='ltr'>pius</span> <span class='ocrx_word' id='word_1_338' title='bbox 359 2214 410 2230; x_wconf 84' lang='lat' dir='ltr'>esse</span> <span class='ocrx_word' id='word_1_339' title='bbox 426 2208 495 2236; x_wconf 78' lang='lat' dir='ltr'>velis,</span> <span class='ocrx_word' id='word_1_340' title='bbox 512 2208 563 2235; x_wconf 79' lang='lat' dir='ltr'>lege</span> <span class='ocrx_word' id='word_1_341' title='bbox 580 2210 602 2229; x_wconf 87' lang='lat' dir='ltr'>et</span> <span class='ocrx_word' id='word_1_342' title='bbox 617 2207 697 2235; x_wconf 80' lang='lat' dir='ltr'>relege</span> <span class='ocrx_word' id='word_1_343' title='bbox 711 2206 855 2235; x_wconf 46' lang='lat' dir='ltr'>diligentium</span> <span class='ocrx_word' id='word_1_344' title='bbox 871 2207 920 2234; x_wconf 84' lang='lat' dir='ltr'>pla-</span> 
     </span>
     <span class='ocr_line' id='line_1_42' title="bbox 79 2253 920 2282; baseline -0.001 -5"><span class='ocrx_word' id='word_1_345' title='bbox 79 2253 175 2282; x_wconf 84' lang='lat' dir='ltr'>cebunt;</span> <span class='ocrx_word' id='word_1_346' title='bbox 191 2254 226 2277; x_wconf 91' lang='lat' dir='ltr'>sin</span> <span class='ocrx_word' id='word_1_347' title='bbox 242 2257 333 2282; x_wconf 85' lang='lat' dir='ltr'>autem,</span> <span class='ocrx_word' id='word_1_348' title='bbox 343 2260 374 2276; x_wconf 86' lang='lat' dir='ltr'>ne</span> <span class='ocrx_word' id='word_1_349' title='bbox 387 2255 462 2282; x_wconf 82' lang='lat' dir='ltr'>legas.</span> <span class='ocrx_word' id='word_1_350' title='bbox 479 2260 508 2276; x_wconf 87' lang='lat' dir='ltr'>ne</span> <span class='ocrx_word' id='word_1_351' title='bbox 524 2255 634 2277; x_wconf 75' lang='lat' dir='ltr'>sanctum</span> <span class='ocrx_word' id='word_1_352' title='bbox 646 2253 744 2277; x_wconf 72' lang='lat' dir='ltr'>canibus</span> <span class='ocrx_word' id='word_1_353' title='bbox 760 2256 783 2276; x_wconf 89' lang='lat' dir='ltr'>et</span> <span class='ocrx_word' id='word_1_354' title='bbox 793 2253 920 2276; x_wconf 72' lang='lat' dir='ltr'>mittoentw·</span> 
     </span>
     <span class='ocr_line' id='line_1_43' title="bbox 79 2300 920 2331; baseline -0.002 -7"><span class='ocrx_word' id='word_1_355' title='bbox 79 2300 227 2331; x_wconf 62' lang='lat' dir='ltr'>margaritae</span> <span class='ocrx_word' id='word_1_356' title='bbox 243 2302 297 2324; x_wconf 79' lang='lat' dir='ltr'>ame</span> <span class='ocrx_word' id='word_1_357' title='bbox 305 2306 394 2331; x_wconf 77' lang='lat' dir='ltr'>porcos</span> <span class='ocrx_word' id='word_1_358' title='bbox 406 2301 493 2330; x_wconf 80' lang='lat' dir='ltr'>(Matth.</span> <span class='ocrx_word' id='word_1_359' title='bbox 503 2301 530 2327; x_wconf 86' lang='lat'>7,</span> <span class='ocrx_word' id='word_1_360' title='bbox 542 2300 582 2330; x_wconf 88' lang='lat'>6.).</span> <span class='ocrx_word' id='word_1_361' title='bbox 597 2301 661 2329; x_wconf 84' lang='lat' dir='ltr'>Quos</span> <span class='ocrx_word' id='word_1_362' title='bbox 676 2300 714 2323; x_wconf 81' lang='lat' dir='ltr'>vir</span> <span class='ocrx_word' id='word_1_363' title='bbox 723 2300 791 2328; x_wconf 80' lang='lat' dir='ltr'>longe</span> <span class='ocrx_word' id='word_1_364' title='bbox 802 2300 920 2328; x_wconf 79' lang='lat' dir='ltr'>piissimus</span> 
     </span>
     <span class='ocr_line' id='line_1_44' title="bbox 80 2347 921 2375; baseline -0.004 -4"><span class='ocrx_word' id='word_1_365' title='bbox 80 2348 189 2371; x_wconf 80' lang='lat' dir='ltr'>dominus</span> <span class='ocrx_word' id='word_1_366' title='bbox 205 2348 299 2375; x_wconf 64' lang='lat' dir='ltr'>Hosius,</span> <span class='ocrx_word' id='word_1_367' title='bbox 316 2348 463 2370; x_wconf 78' lang='lat' dir='ltr'>venerandae</span> <span class='ocrx_word' id='word_1_368' title='bbox 479 2347 606 2370; x_wconf 78' lang='lat' dir='ltr'>memoriae</span> <span class='ocrx_word' id='word_1_369' title='bbox 621 2347 685 2375; x_wconf 88' lang='lat' dir='ltr'>apud</span> <span class='ocrx_word' id='word_1_370' title='bbox 701 2347 839 2369; x_wconf 85' lang='lat' dir='ltr'>Leodienses</span> <span class='ocrx_word' id='word_1_371' title='bbox 855 2352 921 2369; x_wconf 86' lang='lat' dir='ltr'>cano·</span> 
     </span>
     <span class='ocr_line' id='line_1_45' title="bbox 79 2393 920 2423; baseline -0.004 -5"><span class='ocrx_word' id='word_1_372' title='bbox 79 2395 156 2422; x_wconf 80' lang='lat' dir='ltr'>nicus,</span> <span class='ocrx_word' id='word_1_373' title='bbox 172 2397 195 2418; x_wconf 87' lang='lat' dir='ltr'>et</span> <span class='ocrx_word' id='word_1_374' title='bbox 206 2395 229 2418; x_wconf 92' lang='grc' dir='ltr'>Ρ.</span> <span class='ocrx_word' id='word_1_375' title='bbox 241 2396 338 2423; x_wconf 70' lang='lat' dir='ltr'>namus,</span> <span class='ocrx_word' id='word_1_376' title='bbox 357 2395 569 2417; x_wconf 83' lang='lat' dir='ltr'>iurisconsultorum</span> <span class='ocrx_word' id='word_1_377' title='bbox 588 2394 707 2423; x_wconf 82' lang='lat' dir='ltr'>quondam</span> <span class='ocrx_word' id='word_1_378' title='bbox 724 2393 819 2416; x_wconf 77' lang='lat' dir='ltr'>Lovanii</span> <span class='ocrx_word' id='word_1_379' title='bbox 835 2393 920 2420; x_wconf 79' lang='lat' dir='ltr'>decus,</span> 
     </span>
     <span class='ocr_line' id='line_1_46' title="bbox 80 2440 921 2471; baseline -0.002 -7"><span class='ocrx_word' id='word_1_380' title='bbox 80 2444 103 2464; x_wconf 83' lang='lat' dir='ltr'>et</span> <span class='ocrx_word' id='word_1_381' title='bbox 118 2442 221 2471; x_wconf 88' lang='lat' dir='ltr'>plerique</span> <span class='ocrx_word' id='word_1_382' title='bbox 237 2442 273 2465; x_wconf 88' lang='lat' dir='ltr'>alii</span> <span class='ocrx_word' id='word_1_383' title='bbox 291 2442 321 2470; x_wconf 88' lang='lat' dir='ltr'>pii</span> <span class='ocrx_word' id='word_1_384' title='bbox 338 2442 382 2464; x_wconf 91' lang='lat' dir='ltr'>viri</span> <span class='ocrx_word' id='word_1_385' title='bbox 403 2442 463 2464; x_wconf 84' lang='lat' dir='ltr'>iuxta</span> <span class='ocrx_word' id='word_1_386' title='bbox 487 2447 515 2463; x_wconf 82' lang='lat' dir='ltr'>ae</span> <span class='ocrx_word' id='word_1_387' title='bbox 536 2441 598 2464; x_wconf 81' lang='lat' dir='ltr'>docti</span> <span class='ocrx_word' id='word_1_388' title='bbox 622 2440 798 2469; x_wconf 69' lang='lat' dir='ltr'>diligentissime</span> <span class='ocrx_word' id='word_1_389' title='bbox 821 2440 921 2462; x_wconf 84' lang='lat' dir='ltr'>lectitare</span> 
     </span>
     <span class='ocr_line' id='line_1_47' title="bbox 81 2486 919 2515; baseline -0.005 -4"><span class='ocrx_word' id='word_1_390' title='bbox 81 2487 194 2515; x_wconf 86' lang='lat' dir='ltr'>solebant,</span> <span class='ocrx_word' id='word_1_391' title='bbox 211 2488 279 2511; x_wconf 82' lang='lat' dir='ltr'>etiam</span> <span class='ocrx_word' id='word_1_392' title='bbox 296 2488 326 2511; x_wconf 84' lang='lat' dir='ltr'>ad</span> <span class='ocrx_word' id='word_1_393' title='bbox 343 2493 463 2514; x_wconf 84' lang='lat' dir='ltr'>mensam,</span> <span class='ocrx_word' id='word_1_394' title='bbox 481 2493 526 2515; x_wconf 89' lang='lat' dir='ltr'>pro</span> <span class='ocrx_word' id='word_1_395' title='bbox 548 2486 668 2509; x_wconf 85' lang='lat' dir='ltr'>excitando</span> <span class='ocrx_word' id='word_1_396' title='bbox 688 2486 711 2508; x_wconf 86' lang='lat' dir='ltr'>in</span> <span class='ocrx_word' id='word_1_397' title='bbox 731 2486 805 2508; x_wconf 85' lang='lat' dir='ltr'>Deum</span> <span class='ocrx_word' id='word_1_398' title='bbox 826 2486 919 2514; x_wconf 82' lang='lat' dir='ltr'>spiritu,</span> 
     </span>
     <span class='ocr_line' id='line_1_48' title="bbox 82 2531 920 2557; baseline -0.004 0"><span class='ocrx_word' id='word_1_399' title='bbox 82 2540 151 2557; x_wconf 78' lang='lat' dir='ltr'>nemo</span> <span class='ocrx_word' id='word_1_400' title='bbox 167 2534 236 2557; x_wconf 89' lang='lat' dir='ltr'>dehet</span> <span class='ocrx_word' id='word_1_401' title='bbox 254 2535 318 2557; x_wconf 81' lang='lat' dir='ltr'>facile</span> <span class='ocrx_word' id='word_1_402' title='bbox 329 2537 484 2557; x_wconf 81' lang='lat' dir='ltr'>contemnere.</span> <span class='ocrx_word' id='word_1_403' title='bbox 494 2546 526 2551; x_wconf 87' lang='lat'>-</span> <span class='ocrx_word' id='word_1_404' title='bbox 537 2533 611 2556; x_wconf 84' lang='lat' dir='ltr'>Huius</span> <span class='ocrx_word' id='word_1_405' title='bbox 621 2533 764 2555; x_wconf 88' lang='lat' dir='ltr'>admonitum</span> <span class='ocrx_word' id='word_1_406' title='bbox 777 2535 798 2555; x_wconf 90' lang='lat' dir='ltr'>te</span> <span class='ocrx_word' id='word_1_407' title='bbox 810 2531 920 2555; x_wconf 86' lang='lat' dir='ltr'>brevibus</span> 
     </span>
     <span class='ocr_line' id='line_1_49' title="bbox 81 2582 919 2610; baseline -0.004 -5"><span class='ocrx_word' id='word_1_408' title='bbox 81 2582 161 2610; x_wconf 82' lang='lat' dir='ltr'>cupi0‚</span> <span class='ocrx_word' id='word_1_409' title='bbox 178 2583 301 2605; x_wconf 72' lang='lat' dir='ltr'>nonnullos</span> <span class='ocrx_word' id='word_1_410' title='bbox 316 2582 420 2610; x_wconf 85' lang='lat' dir='ltr'>opinari,</span> <span class='ocrx_word' id='word_1_411' title='bbox 437 2582 460 2604; x_wconf 87' lang='lat' dir='ltr'>S.</span> <span class='ocrx_word' id='word_1_412' title='bbox 476 2582 661 2603; x_wconf 81' lang='lat' dir='ltr'>Bonaventuram</span> <span class='ocrx_word' id='word_1_413' title='bbox 678 2586 723 2603; x_wconf 85' lang='lat' dir='ltr'>non</span> <span class='ocrx_word' id='word_1_414' title='bbox 740 2586 791 2603; x_wconf 87' lang='lat' dir='ltr'>esse</span> <span class='ocrx_word' id='word_1_415' title='bbox 802 2582 919 2602; x_wconf 82' lang='lat' dir='ltr'>auctorem</span> 
     </span>
     <span class='ocr_line' id='line_1_50' title="bbox 82 2627 921 2659; baseline -0.006 -6"><span class='ocrx_word' id='word_1_416' title='bbox 82 2629 177 2659; x_wconf 77' lang='lat' dir='ltr'>Speculi</span> <span class='ocrx_word' id='word_1_417' title='bbox 193 2629 336 2659; x_wconf 73' lang='lat' dir='ltr'>disciptinae.</span> <span class='ocrx_word' id='word_1_418' title='bbox 355 2630 401 2652; x_wconf 87' lang='lat' dir='ltr'>Sed</span> <span class='ocrx_word' id='word_1_419' title='bbox 418 2631 462 2652; x_wconf 85' lang='lat' dir='ltr'>hoc</span> <span class='ocrx_word' id='word_1_420' title='bbox 478 2628 576 2652; x_wconf 84' lang='lat' dir='ltr'>dubium</span> <span class='ocrx_word' id='word_1_421' title='bbox 594 2627 660 2650; x_wconf 83' lang='lat' dir='ltr'>nobis</span> <span class='ocrx_word' id='word_1_422' title='bbox 677 2627 754 2650; x_wconf 84' lang='lat' dir='ltr'>eximit</span> <span class='ocrx_word' id='word_1_423' title='bbox 778 2627 829 2655; x_wconf 82' lang='lat' dir='ltr'>ipse</span> <span class='ocrx_word' id='word_1_424' title='bbox 848 2627 921 2649; x_wconf 88' lang='lat' dir='ltr'>Bona-</span> 
     </span>
     <span class='ocr_line' id='line_1_51' title="bbox 83 2673 921 2705; baseline -0.005 -6"><span class='ocrx_word' id='word_1_425' title='bbox 83 2679 191 2704; x_wconf 77' lang='lat' dir='ltr'>ventura,</span> <span class='ocrx_word' id='word_1_426' title='bbox 208 2676 249 2705; x_wconf 84' lang='lat' dir='ltr'>qui</span> <span class='ocrx_word' id='word_1_427' title='bbox 265 2677 361 2704; x_wconf 81' lang='lat' dir='ltr'>Prologo</span> <span class='ocrx_word' id='word_1_428' title='bbox 387 2679 486 2705; x_wconf 84' lang='lat' dir='ltr'>utroque</span> <span class='ocrx_word' id='word_1_429' title='bbox 509 2676 533 2698; x_wconf 93' lang='lat' dir='ltr'>in</span> <span class='ocrx_word' id='word_1_430' title='bbox 561 2676 591 2698; x_wconf 88' lang='lat' dir='ltr'>De</span> <span class='ocrx_word' id='word_1_431' title='bbox 618 2674 728 2704; x_wconf 77' lang='lat' dir='ltr'>Prosectu</span> <span class='ocrx_word' id='word_1_432' title='bbox 749 2673 921 2703; x_wconf 71' lang='lat' dir='ltr'>Reliyiosornm</span> 
     </span>
     <span class='ocr_line' id='line_1_52' title="bbox 85 2719 921 2751; baseline -0.005 -6"><span class='ocrx_word' id='word_1_433' title='bbox 85 2722 152 2751; x_wconf 76' lang='lat' dir='ltr'>plane</span> <span class='ocrx_word' id='word_1_434' title='bbox 169 2725 276 2751; x_wconf 81' lang='lat' dir='ltr'>testatur,</span> <span class='ocrx_word' id='word_1_435' title='bbox 292 2729 318 2745; x_wconf 82' lang='lat' dir='ltr'>se</span> <span class='ocrx_word' id='word_1_436' title='bbox 333 2723 496 2751; x_wconf 77' lang='lat' dir='ltr'>conscripsisse</span> <span class='ocrx_word' id='word_1_437' title='bbox 513 2722 634 2744; x_wconf 77' lang='lat' dir='ltr'>formulam</span> <span class='ocrx_word' id='word_1_438' title='bbox 651 2721 752 2749; x_wconf 83' lang='lat' dir='ltr'>priorem</span> <span class='ocrx_word' id='word_1_439' title='bbox 764 2720 794 2742; x_wconf 91' lang='lat' dir='ltr'>de</span> <span class='ocrx_word' id='word_1_440' title='bbox 805 2719 921 2743; x_wconf 79' lang='lat' dir='ltr'>exterioris</span> 
     </span>
     <span class='ocr_line' id='line_1_53' title="bbox 83 2766 921 2798; baseline -0.007 -5"><span class='ocrx_word' id='word_1_441' title='bbox 83 2770 182 2793; x_wconf 78' lang='lat' dir='ltr'>nominis</span> <span class='ocrx_word' id='word_1_442' title='bbox 198 2770 372 2798; x_wconf 77' lang='lat' dir='ltr'>compositione.</span> <span class='ocrx_word' id='word_1_443' title='bbox 389 2769 478 2798; x_wconf 87' lang='lat' dir='ltr'>Quibus</span> <span class='ocrx_word' id='word_1_444' title='bbox 496 2768 573 2790; x_wconf 75' lang='lat' dir='ltr'>verbis</span> <span class='ocrx_word' id='word_1_445' title='bbox 589 2767 718 2797; x_wconf 77' lang='lat' dir='ltr'>Speculum</span> <span class='ocrx_word' id='word_1_446' title='bbox 734 2766 871 2796; x_wconf 61' lang='lat' dir='ltr'>disciplinae</span> <span class='ocrx_word' id='word_1_447' title='bbox 888 2766 921 2788; x_wconf 83' lang='lat' dir='ltr'>in-</span> 
     </span>
     <span class='ocr_line' id='line_1_54' title="bbox 85 2815 921 2845; baseline -0.005 -6"><span class='ocrx_word' id='word_1_448' title='bbox 85 2816 169 2845; x_wconf 82' lang='lat' dir='ltr'>telligit.</span> <span class='ocrx_word' id='word_1_449' title='bbox 187 2817 261 2839; x_wconf 80' lang='lat' dir='ltr'>Potuit</span> <span class='ocrx_word' id='word_1_450' title='bbox 277 2819 354 2839; x_wconf 84' lang='lat' dir='ltr'>autem</span> <span class='ocrx_word' id='word_1_451' title='bbox 372 2816 433 2844; x_wconf 73' lang='lat' dir='ltr'>fieri,</span> <span class='ocrx_word' id='word_1_452' title='bbox 450 2819 475 2838; x_wconf 89' lang='lat' dir='ltr'>ut</span> <span class='ocrx_word' id='word_1_453' title='bbox 491 2816 616 2844; x_wconf 81' lang='lat' dir='ltr'>Speculum</span> <span class='ocrx_word' id='word_1_454' title='bbox 634 2816 677 2837; x_wconf 86' lang='lat' dir='ltr'>noc</span> <span class='ocrx_word' id='word_1_455' title='bbox 693 2820 739 2836; x_wconf 91' lang='lat' dir='ltr'>non</span> <span class='ocrx_word' id='word_1_456' title='bbox 757 2816 803 2836; x_wconf 90' lang='lat' dir='ltr'>tam</span> <span class='ocrx_word' id='word_1_457' title='bbox 816 2815 921 2836; x_wconf 87' lang='lat' dir='ltr'>accurate</span> 
     </span>
     <span class='ocr_line' id='line_1_55' title="bbox 82 2860 922 2892; baseline -0.004 -7"><span class='ocrx_word' id='word_1_458' title='bbox 82 2863 237 2891; x_wconf 88' lang='lat' dir='ltr'>conscriptum</span> <span class='ocrx_word' id='word_1_459' title='bbox 254 2863 371 2892; x_wconf 88' lang='lat' dir='ltr'>reliquerit</span> <span class='ocrx_word' id='word_1_460' title='bbox 377 2872 383 2890; x_wconf 89' lang='lat'>;</span> <span class='ocrx_word' id='word_1_461' title='bbox 400 2863 463 2892; x_wconf 90' lang='lat' dir='ltr'>quod</span> <span class='ocrx_word' id='word_1_462' title='bbox 480 2862 556 2890; x_wconf 86' lang='lat' dir='ltr'>ipsum</span> <span class='ocrx_word' id='word_1_463' title='bbox 574 2867 669 2891; x_wconf 87' lang='lat' dir='ltr'>quoque</span> <span class='ocrx_word' id='word_1_464' title='bbox 689 2860 743 2884; x_wconf 88' lang='lat' dir='ltr'>satis</span> <span class='ocrx_word' id='word_1_465' title='bbox 768 2860 841 2882; x_wconf 84' lang='lat' dir='ltr'>innuit</span> <span class='ocrx_word' id='word_1_466' title='bbox 864 2860 922 2882; x_wconf 83' lang='lat' dir='ltr'>anti-</span> 
     </span>
     <span class='ocr_line' id='line_1_56' title="bbox 83 2906 920 2938; baseline -0.004 -6"><span class='ocrx_word' id='word_1_467' title='bbox 83 2909 220 2938; x_wconf 84' lang='lat' dir='ltr'>quissimum</span> <span class='ocrx_word' id='word_1_468' title='bbox 243 2910 359 2938; x_wconf 82' lang='lat' dir='ltr'>exemplar</span> <span class='ocrx_word' id='word_1_469' title='bbox 380 2909 468 2932; x_wconf 85' lang='lat' dir='ltr'>editum</span> <span class='ocrx_word' id='word_1_470' title='bbox 491 2909 628 2936; x_wconf 79' lang='lat' dir='ltr'>Argentinae</span> <span class='ocrx_word' id='word_1_471' title='bbox 649 2914 687 2930; x_wconf 89' lang='lat' dir='ltr'>an.</span> <span class='ocrx_word' id='word_1_472' title='bbox 715 2907 779 2929; x_wconf 71' lang='lat'>1⁴95.</span> <span class='ocrx_word' id='word_1_473' title='bbox 801 2906 868 2935; x_wconf 89' lang='lat' dir='ltr'>Quod</span> <span class='ocrx_word' id='word_1_474' title='bbox 891 2907 920 2929; x_wconf 88' lang='lat' dir='ltr'>ita</span> 
     </span>
     <span class='ocr_line' id='line_1_57' title="bbox 83 2954 922 2984; baseline -0.004 -5"><span class='ocrx_word' id='word_1_475' title='bbox 83 2956 150 2979; x_wconf 86' lang='lat' dir='ltr'>habet</span> <span class='ocrx_word' id='word_1_476' title='bbox 167 2957 189 2979; x_wconf 89' lang='lat' dir='ltr'>in</span> <span class='ocrx_word' id='word_1_477' title='bbox 206 2957 255 2979; x_wconf 90' lang='lat' dir='ltr'>libri</span> <span class='ocrx_word' id='word_1_478' title='bbox 275 2957 427 2984; x_wconf 74' lang='lat' dir='ltr'>frontispicio:</span> <span class='ocrx_word' id='word_1_479' title='bbox 446 2974 451 2984; x_wconf 93' lang='lat'>,</span> <span class='ocrx_word' id='word_1_480' title='bbox 463 2956 586 2984; x_wconf 82' lang='lat' dir='ltr'>Speculum</span> <span class='ocrx_word' id='word_1_481' title='bbox 604 2954 741 2984; x_wconf 76' lang='lat' dir='ltr'>disciplinae</span> <span class='ocrx_word' id='word_1_482' title='bbox 757 2954 781 2976; x_wconf 92' lang='lat' dir='ltr'>in</span> <span class='ocrx_word' id='word_1_483' title='bbox 799 2955 857 2977; x_wconf 78' lang='lat' dir='ltr'>lianc</span> <span class='ocrx_word' id='word_1_484' title='bbox 880 2955 922 2977; x_wconf 82' lang='lat' dir='ltr'>ror·</span> 
     </span>
    </p>
   </div>
   <div class='ocr_carea' id='block_1_5' title="bbox 945 1176 950 1825">
    <p class='ocr_par' dir='ltr' id='par_1_7' title="bbox 945 1176 950 1825">
     <span class='ocr_line' id='line_1_58' title="bbox 945 1176 950 1825; baseline 0 0"><span class='ocrx_word' id='word_1_485' title='bbox 945 1176 950 1825; x_wconf 95' lang='lat' dir='ltr'> </span> 
     </span>
    </p>
   </div>
   <div class='ocr_carea' id='block_1_6' title="bbox 1749 212 1815 241">
    <p class='ocr_par' dir='ltr' id='par_1_8' title="bbox 1749 212 1815 241">
     <span class='ocr_line' id='line_1_59' title="bbox 1749 212 1815 241; baseline 0.015 -1"><span class='ocrx_word' id='word_1_486' title='bbox 1749 212 1815 241; x_wconf 86' lang='lat' dir='ltr'>XCV</span> 
     </span>
    </p>
   </div>
   <div class='ocr_carea' id='block_1_7' title="bbox 973 290 1818 2983">
    <p class='ocr_par' dir='ltr' id='par_1_9' title="bbox 973 290 1817 1161">
     <span class='ocr_line' id='line_1_60' title="bbox 973 290 1814 319; baseline -0.002 -5"><span class='ocrx_word' id='word_1_487' title='bbox 973 297 1036 313; x_wconf 88' lang='lat' dir='ltr'>mam</span> <span class='ocrx_word' id='word_1_488' title='bbox 1053 292 1173 314; x_wconf 84' lang='lat' dir='ltr'>redactum</span> <span class='ocrx_word' id='word_1_489' title='bbox 1190 295 1224 314; x_wconf 85' lang='lat' dir='ltr'>est</span> <span class='ocrx_word' id='word_1_490' title='bbox 1241 298 1253 313; x_wconf 88' lang='lat' dir='ltr'>a</span> <span class='ocrx_word' id='word_1_491' title='bbox 1270 292 1306 314; x_wconf 86' lang='lat' dir='ltr'>Fr.</span> <span class='ocrx_word' id='word_1_492' title='bbox 1327 291 1442 314; x_wconf 83' lang='lat' dir='ltr'>Bernardo</span> <span class='ocrx_word' id='word_1_493' title='bbox 1464 297 1477 313; x_wconf 87' lang='lat' dir='ltr'>a</span> <span class='ocrx_word' id='word_1_494' title='bbox 1502 291 1583 317; x_wconf 82' lang='lat' dir='ltr'>Bessa,</span> <span class='ocrx_word' id='word_1_495' title='bbox 1608 290 1649 319; x_wconf 89' lang='lat' dir='ltr'>qui</span> <span class='ocrx_word' id='word_1_496' title='bbox 1673 290 1714 312; x_wconf 83' lang='lat' dir='ltr'>suit</span> <span class='ocrx_word' id='word_1_497' title='bbox 1739 290 1814 312; x_wconf 86' lang='lat' dir='ltr'>socius</span> 
     </span>
     <span class='ocr_line' id='line_1_61' title="bbox 974 337 1814 364; baseline -0.001 -4"><span class='ocrx_word' id='word_1_498' title='bbox 974 338 998 360; x_wconf 88' lang='lat' dir='ltr'>S.</span> <span class='ocrx_word' id='word_1_499' title='bbox 1014 339 1197 361; x_wconf 80' lang='lat' dir='ltr'>Bonaventurae.</span> <span class='ocrx_word' id='word_1_500' title='bbox 1215 339 1270 361; x_wconf 82' lang='lat' dir='ltr'>Nam</span> <span class='ocrx_word' id='word_1_501' title='bbox 1287 338 1317 360; x_wconf 87' lang='lat' dir='ltr'>ab</span> <span class='ocrx_word' id='word_1_502' title='bbox 1334 344 1374 361; x_wconf 90' lang='lat' dir='ltr'>ore</span> <span class='ocrx_word' id='word_1_503' title='bbox 1394 339 1417 360; x_wconf 84' lang='lat' dir='ltr'>S.</span> <span class='ocrx_word' id='word_1_504' title='bbox 1442 338 1618 360; x_wconf 87' lang='lat' dir='ltr'>Bonaventurae</span> <span class='ocrx_word' id='word_1_505' title='bbox 1641 337 1682 359; x_wconf 88' lang='lat' dir='ltr'>suit</span> <span class='ocrx_word' id='word_1_506' title='bbox 1703 337 1814 364; x_wconf 86' lang='lat' dir='ltr'>scriptum</span> 
     </span>
     <span class='ocr_line' id='line_1_62' title="bbox 973 383 1815 413; baseline -0.001 -7"><span class='ocrx_word' id='word_1_507' title='bbox 973 386 996 406; x_wconf 89' lang='lat' dir='ltr'>et</span> <span class='ocrx_word' id='word_1_508' title='bbox 1013 384 1140 406; x_wconf 87' lang='lat' dir='ltr'>inordinate</span> <span class='ocrx_word' id='word_1_509' title='bbox 1155 385 1259 407; x_wconf 87' lang='lat' dir='ltr'>relictum</span> <span class='ocrx_word' id='word_1_510' title='bbox 1267 402 1272 412; x_wconf 83' lang='lat'>,</span> <span class='ocrx_word' id='word_1_511' title='bbox 1284 390 1297 406; x_wconf 92' lang='lat' dir='ltr'>e</span> <span class='ocrx_word' id='word_1_512' title='bbox 1308 390 1355 413; x_wconf 92' lang='lat' dir='ltr'>quo</span> <span class='ocrx_word' id='word_1_513' title='bbox 1367 384 1472 407; x_wconf 84' lang='lat' dir='ltr'>homines</span> <span class='ocrx_word' id='word_1_514' title='bbox 1483 384 1597 406; x_wconf 88' lang='lat' dir='ltr'>discerent</span> <span class='ocrx_word' id='word_1_515' title='bbox 1608 383 1717 406; x_wconf 87' lang='lat' dir='ltr'>caelestes</span> <span class='ocrx_word' id='word_1_516' title='bbox 1731 389 1815 405; x_wconf 89' lang='lat' dir='ltr'>mores.</span> 
     </span>
     <span class='ocr_line' id='line_1_63' title="bbox 973 429 1816 459; baseline -0.001 -7"><span class='ocrx_word' id='word_1_517' title='bbox 973 443 1004 447; x_wconf 97' lang='lat'><strong>—</strong></span> <span class='ocrx_word' id='word_1_518' title='bbox 1016 431 1083 453; x_wconf 85' lang='lat' dir='ltr'>Miror</span> <span class='ocrx_word' id='word_1_519' title='bbox 1099 434 1175 454; x_wconf 84' lang='lat' dir='ltr'>autem</span> <span class='ocrx_word' id='word_1_520' title='bbox 1193 431 1274 459; x_wconf 83' lang='lat' dir='ltr'>valde,</span> <span class='ocrx_word' id='word_1_521' title='bbox 1290 431 1349 454; x_wconf 88' lang='lat' dir='ltr'>duos</span> <span class='ocrx_word' id='word_1_522' title='bbox 1366 432 1434 453; x_wconf 89' lang='lat' dir='ltr'>hosce</span> <span class='ocrx_word' id='word_1_523' title='bbox 1446 430 1534 453; x_wconf 87' lang='lat' dir='ltr'>libellos</span> <span class='ocrx_word' id='word_1_524' title='bbox 1544 436 1636 458; x_wconf 84' lang='lat' dir='ltr'>semper</span> <span class='ocrx_word' id='word_1_525' title='bbox 1648 430 1716 452; x_wconf 80' lang='lat' dir='ltr'>fuisse</span> <span class='ocrx_word' id='word_1_526' title='bbox 1733 429 1816 452; x_wconf 83' lang='lat' dir='ltr'>disiun-</span> 
     </span>
     <span class='ocr_line' id='line_1_64' title="bbox 973 475 1814 506; baseline -0.002 -7"><span class='ocrx_word' id='word_1_527' title='bbox 973 480 1035 504; x_wconf 85' lang='lat' dir='ltr'>ctos,</span> <span class='ocrx_word' id='word_1_528' title='bbox 1051 477 1242 506; x_wconf 86' lang='lat' dir='ltr'>quandoquidem</span> <span class='ocrx_word' id='word_1_529' title='bbox 1259 478 1310 505; x_wconf 88' lang='lat' dir='ltr'>ipsa</span> <span class='ocrx_word' id='word_1_530' title='bbox 1327 477 1421 500; x_wconf 85' lang='lat' dir='ltr'>materia</span> <span class='ocrx_word' id='word_1_531' title='bbox 1438 477 1550 500; x_wconf 90' lang='lat' dir='ltr'>librorum</span> <span class='ocrx_word' id='word_1_532' title='bbox 1567 476 1678 504; x_wconf 83' lang='lat' dir='ltr'>postulat,</span> <span class='ocrx_word' id='word_1_533' title='bbox 1690 481 1719 498; x_wconf 82' lang='lat' dir='ltr'>no</span> <span class='ocrx_word' id='word_1_534' title='bbox 1731 475 1814 497; x_wconf 90' lang='lat' dir='ltr'>disiun-</span> 
     </span>
     <span class='ocr_line' id='line_1_65' title="bbox 974 524 1816 553; baseline -0.002 -7"><span class='ocrx_word' id='word_1_535' title='bbox 974 527 1066 552; x_wconf 82' lang='lat' dir='ltr'>gantur.</span> <span class='ocrx_word' id='word_1_536' title='bbox 1085 525 1145 553; x_wconf 88' lang='lat' dir='ltr'>Quid</span> <span class='ocrx_word' id='word_1_537' title='bbox 1162 525 1223 547; x_wconf 87' lang='lat' dir='ltr'>enim</span> <span class='ocrx_word' id='word_1_538' title='bbox 1240 525 1384 547; x_wconf 85' lang='lat' dir='ltr'>coniunctius</span> <span class='ocrx_word' id='word_1_539' title='bbox 1406 531 1456 547; x_wconf 83' lang='lat' dir='ltr'>esse</span> <span class='ocrx_word' id='word_1_540' title='bbox 1480 527 1555 552; x_wconf 89' lang='lat' dir='ltr'>potest</span> <span class='ocrx_word' id='word_1_541' title='bbox 1575 529 1645 552; x_wconf 87' lang='lat' dir='ltr'>quam</span> <span class='ocrx_word' id='word_1_542' title='bbox 1666 524 1737 545; x_wconf 86' lang='lat' dir='ltr'>homo</span> <span class='ocrx_word' id='word_1_543' title='bbox 1759 525 1816 545; x_wconf 83' lang='lat' dir='ltr'>exte-</span> 
     </span>
     <span class='ocr_line' id='line_1_66' title="bbox 974 569 1815 600; baseline -0.001 -7"><span class='ocrx_word' id='word_1_544' title='bbox 974 572 1020 593; x_wconf 89' lang='lat' dir='ltr'>rior</span> <span class='ocrx_word' id='word_1_545' title='bbox 1037 574 1059 594; x_wconf 85' lang='lat' dir='ltr'>ct</span> <span class='ocrx_word' id='word_1_546' title='bbox 1075 571 1181 600; x_wconf 75' lang='lat' dir='ltr'>interior,</span> <span class='ocrx_word' id='word_1_547' title='bbox 1194 572 1237 594; x_wconf 85' lang='lat' dir='ltr'>noc</span> <span class='ocrx_word' id='word_1_548' title='bbox 1249 574 1283 594; x_wconf 88' lang='lat' dir='ltr'>est</span> <span class='ocrx_word' id='word_1_549' title='bbox 1294 578 1379 600; x_wconf 84' lang='lat' dir='ltr'>corpus</span> <span class='ocrx_word' id='word_1_550' title='bbox 1390 574 1410 594; x_wconf 88' lang='lat' dir='ltr'>et</span> <span class='ocrx_word' id='word_1_551' title='bbox 1423 571 1519 594; x_wconf 80' lang='lat' dir='ltr'>anima?</span> <span class='ocrx_word' id='word_1_552' title='bbox 1531 572 1554 594; x_wconf 82' lang='lat' dir='ltr'>ln</span> <span class='ocrx_word' id='word_1_553' title='bbox 1566 570 1666 600; x_wconf 80' lang='lat' dir='ltr'>Speculo</span> <span class='ocrx_word' id='word_1_554' title='bbox 1678 569 1815 599; x_wconf 69' lang='lat' dir='ltr'>disciplinae</span> 
     </span>
     <span class='ocr_line' id='line_1_67' title="bbox 974 616 1816 645; baseline -0.002 -5"><span class='ocrx_word' id='word_1_555' title='bbox 974 617 1003 639; x_wconf 89' lang='lat' dir='ltr'>de</span> <span class='ocrx_word' id='word_1_556' title='bbox 1020 618 1181 645; x_wconf 86' lang='lat' dir='ltr'>componendo</span> <span class='ocrx_word' id='word_1_557' title='bbox 1199 618 1291 640; x_wconf 86' lang='lat' dir='ltr'>homine</span> <span class='ocrx_word' id='word_1_558' title='bbox 1308 618 1431 645; x_wconf 77' lang='lat' dir='ltr'>exteriore,</span> <span class='ocrx_word' id='word_1_559' title='bbox 1455 618 1484 640; x_wconf 92' lang='lat' dir='ltr'>de</span> <span class='ocrx_word' id='word_1_560' title='bbox 1509 617 1629 640; x_wconf 75' lang='lat' dir='ltr'>formando</span> <span class='ocrx_word' id='word_1_561' title='bbox 1647 616 1753 639; x_wconf 88' lang='lat' dir='ltr'>interiore</span> <span class='ocrx_word' id='word_1_562' title='bbox 1779 617 1816 638; x_wconf 85' lang='lat' dir='ltr'>ho-</span> 
     </span>
     <span class='ocr_line' id='line_1_68' title="bbox 974 663 1816 695; baseline -0.001 -8"><span class='ocrx_word' id='word_1_563' title='bbox 974 665 1037 687; x_wconf 87' lang='lat' dir='ltr'>mine</span> <span class='ocrx_word' id='word_1_564' title='bbox 1053 665 1144 688; x_wconf 87' lang='lat' dir='ltr'>disserit</span> <span class='ocrx_word' id='word_1_565' title='bbox 1161 666 1182 687; x_wconf 89' lang='lat' dir='ltr'>in</span> <span class='ocrx_word' id='word_1_566' title='bbox 1201 666 1233 688; x_wconf 81' lang='lat' dir='ltr'>De</span> <span class='ocrx_word' id='word_1_567' title='bbox 1251 665 1361 695; x_wconf 74' lang='lat' dir='ltr'>Profeclu</span> <span class='ocrx_word' id='word_1_568' title='bbox 1376 664 1556 695; x_wconf 74' lang='lat' dir='ltr'>Reliyiosorum.</span> <span class='ocrx_word' id='word_1_569' title='bbox 1573 665 1615 687; x_wconf 81' lang='lat' dir='ltr'>Hic</span> <span class='ocrx_word' id='word_1_570' title='bbox 1626 663 1683 686; x_wconf 90' lang='lat' dir='ltr'>liber</span> <span class='ocrx_word' id='word_1_571' title='bbox 1694 664 1765 686; x_wconf 91' lang='lat' dir='ltr'>variis</span> <span class='ocrx_word' id='word_1_572' title='bbox 1776 670 1816 686; x_wconf 87' lang='lat' dir='ltr'>no-</span> 
     </span>
     <span class='ocr_line' id='line_1_69' title="bbox 974 712 1815 740; baseline -0.004 -5"><span class='ocrx_word' id='word_1_573' title='bbox 974 712 1076 735; x_wconf 89' lang='lat' dir='ltr'>minibus</span> <span class='ocrx_word' id='word_1_574' title='bbox 1092 713 1223 740; x_wconf 83' lang='lat' dir='ltr'>insignitur.</span> <span class='ocrx_word' id='word_1_575' title='bbox 1240 713 1381 740; x_wconf 81' lang='lat' dir='ltr'>Exemplaria</span> <span class='ocrx_word' id='word_1_576' title='bbox 1397 712 1551 734; x_wconf 83' lang='lat' dir='ltr'>vetustissima</span> <span class='ocrx_word' id='word_1_577' title='bbox 1578 713 1707 733; x_wconf 86' lang='lat' dir='ltr'>constanter</span> <span class='ocrx_word' id='word_1_578' title='bbox 1731 712 1815 732; x_wconf 87' lang='lat' dir='ltr'>vocant</span> 
     </span>
     <span class='ocr_line' id='line_1_70' title="bbox 974 756 1815 789; baseline -0.005 -7"><span class='ocrx_word' id='word_1_579' title='bbox 974 760 1006 782; x_wconf 80' lang='lat' dir='ltr'>De</span> <span class='ocrx_word' id='word_1_580' title='bbox 1023 760 1133 789; x_wconf 73' lang='lat' dir='ltr'>Profectu</span> <span class='ocrx_word' id='word_1_581' title='bbox 1145 759 1329 788; x_wconf 72' lang='lat' dir='ltr'>Reliyiosorum,</span> <span class='ocrx_word' id='word_1_582' title='bbox 1341 759 1383 781; x_wconf 82' lang='lat' dir='ltr'>sed</span> <span class='ocrx_word' id='word_1_583' title='bbox 1395 759 1521 786; x_wconf 70' lang='lat' dir='ltr'>Venetum,</span> <span class='ocrx_word' id='word_1_584' title='bbox 1533 758 1597 786; x_wconf 90' lang='lat' dir='ltr'>quod</span> <span class='ocrx_word' id='word_1_585' title='bbox 1609 757 1695 785; x_wconf 87' lang='lat' dir='ltr'>prodiit</span> <span class='ocrx_word' id='word_1_586' title='bbox 1706 763 1743 779; x_wconf 83' lang='lat' dir='ltr'>an.</span> <span class='ocrx_word' id='word_1_587' title='bbox 1755 756 1815 779; x_wconf 59' lang='lat'>1534</span> 
     </span>
     <span class='ocr_line' id='line_1_71' title="bbox 973 803 1815 834; baseline -0.005 -6"><span class='ocrx_word' id='word_1_588' title='bbox 973 806 1072 833; x_wconf 82' lang='lat' dir='ltr'>appellat</span> <span class='ocrx_word' id='word_1_589' title='bbox 1088 806 1121 828; x_wconf 86' lang='lat' dir='ltr'>De</span> <span class='ocrx_word' id='word_1_590' title='bbox 1136 805 1310 834; x_wconf 77' lang='lat' dir='ltr'>Reformatione</span> <span class='ocrx_word' id='word_1_591' title='bbox 1326 804 1410 828; x_wconf 79' lang='lat' dir='ltr'>mentis</span> <span class='ocrx_word' id='word_1_592' title='bbox 1426 804 1510 827; x_wconf 90' lang='lat' dir='ltr'>librum</span> <span class='ocrx_word' id='word_1_593' title='bbox 1528 804 1642 832; x_wconf 85' lang='lat' dir='ltr'>prlorem‚</span> <span class='ocrx_word' id='word_1_594' title='bbox 1664 803 1815 831; x_wconf 87' lang='lat' dir='ltr'>posteriorem</span> 
     </span>
     <span class='ocr_line' id='line_1_72' title="bbox 975 850 1815 881; baseline -0.004 -7"><span class='ocrx_word' id='word_1_595' title='bbox 975 858 1030 874; x_wconf 78' lang='lat' dir='ltr'>vero</span> <span class='ocrx_word' id='word_1_596' title='bbox 1048 852 1081 874; x_wconf 90' lang='lat' dir='ltr'>De</span> <span class='ocrx_word' id='word_1_597' title='bbox 1098 852 1212 875; x_wconf 76' lang='lat' dir='ltr'>Processu</span> <span class='ocrx_word' id='word_1_598' title='bbox 1229 851 1363 881; x_wconf 66' lang='lat' dir='ltr'>Religionis.</span> <span class='ocrx_word' id='word_1_599' title='bbox 1380 851 1462 874; x_wconf 82' lang='lat' dir='ltr'>Mirum</span> <span class='ocrx_word' id='word_1_600' title='bbox 1479 851 1503 874; x_wconf 91' lang='lat' dir='ltr'>in</span> <span class='ocrx_word' id='word_1_601' title='bbox 1518 851 1615 874; x_wconf 86' lang='lat' dir='ltr'>modum</span> <span class='ocrx_word' id='word_1_602' title='bbox 1633 850 1722 872; x_wconf 89' lang='lat' dir='ltr'>variant</span> <span class='ocrx_word' id='word_1_603' title='bbox 1739 855 1815 872; x_wconf 81' lang='lat' dir='ltr'>exem-</span> 
     </span>
     <span class='ocr_line' id='line_1_73' title="bbox 975 896 1815 928; baseline -0.004 -7"><span class='ocrx_word' id='word_1_604' title='bbox 975 899 1046 927; x_wconf 83' lang='lat' dir='ltr'>plaria</span> <span class='ocrx_word' id='word_1_605' title='bbox 1063 899 1157 928; x_wconf 83' lang='lat' dir='ltr'>antiqua</span> <span class='ocrx_word' id='word_1_606' title='bbox 1175 900 1197 921; x_wconf 90' lang='lat' dir='ltr'>in</span> <span class='ocrx_word' id='word_1_607' title='bbox 1214 898 1412 927; x_wconf 85' lang='lat' dir='ltr'>inscriptionibus,</span> <span class='ocrx_word' id='word_1_608' title='bbox 1430 898 1525 921; x_wconf 90' lang='lat' dir='ltr'>lectione</span> <span class='ocrx_word' id='word_1_609' title='bbox 1541 900 1564 920; x_wconf 88' lang='lat' dir='ltr'>et</span> <span class='ocrx_word' id='word_1_610' title='bbox 1588 897 1731 920; x_wconf 85' lang='lat' dir='ltr'>distinctione</span> <span class='ocrx_word' id='word_1_611' title='bbox 1756 896 1815 924; x_wconf 87' lang='lat' dir='ltr'>capi-</span> 
     </span>
     <span class='ocr_line' id='line_1_74' title="bbox 974 943 1817 974; baseline -0.004 -6"><span class='ocrx_word' id='word_1_612' title='bbox 974 949 1032 968; x_wconf 91' lang='lat' dir='ltr'>tum.</span> <span class='ocrx_word' id='word_1_613' title='bbox 1049 946 1135 974; x_wconf 86' lang='lat' dir='ltr'>Quare,</span> <span class='ocrx_word' id='word_1_614' title='bbox 1154 947 1211 968; x_wconf 82' lang='lat' dir='ltr'>sacta</span> <span class='ocrx_word' id='word_1_615' title='bbox 1228 946 1330 973; x_wconf 83' lang='lat' dir='ltr'>diligenti</span> <span class='ocrx_word' id='word_1_616' title='bbox 1347 945 1466 968; x_wconf 81' lang='lat' dir='ltr'>collatione</span> <span class='ocrx_word' id='word_1_617' title='bbox 1482 945 1606 967; x_wconf 88' lang='lat' dir='ltr'>multarum</span> <span class='ocrx_word' id='word_1_618' title='bbox 1624 944 1758 970; x_wconf 85' lang='lat' dir='ltr'>editionum,</span> <span class='ocrx_word' id='word_1_619' title='bbox 1772 943 1817 965; x_wconf 85' lang='lat' dir='ltr'>ele—</span> 
     </span>
     <span class='ocr_line' id='line_1_75' title="bbox 975 990 1815 1021; baseline -0.005 -6"><span class='ocrx_word' id='word_1_620' title='bbox 975 993 1066 1021; x_wconf 83' lang='lat' dir='ltr'>gantius</span> <span class='ocrx_word' id='word_1_621' title='bbox 1084 993 1107 1015; x_wconf 86' lang='lat' dir='ltr'>hi</span> <span class='ocrx_word' id='word_1_622' title='bbox 1124 993 1175 1015; x_wconf 83' lang='lat' dir='ltr'>libri</span> <span class='ocrx_word' id='word_1_623' title='bbox 1193 993 1320 1021; x_wconf 79' lang='lat' dir='ltr'>prodeunt,</span> <span class='ocrx_word' id='word_1_624' title='bbox 1336 998 1453 1015; x_wconf 87' lang='lat' dir='ltr'>summam</span> <span class='ocrx_word' id='word_1_625' title='bbox 1475 991 1602 1014; x_wconf 85' lang='lat' dir='ltr'>doctrinam</span> <span class='ocrx_word' id='word_1_626' title='bbox 1627 990 1717 1019; x_wconf 84' lang='lat' dir='ltr'>pietatis</span> <span class='ocrx_word' id='word_1_627' title='bbox 1742 990 1766 1012; x_wconf 87' lang='lat' dir='ltr'>in</span> <span class='ocrx_word' id='word_1_628' title='bbox 1790 995 1815 1012; x_wconf 91' lang='lat' dir='ltr'>se</span> 
     </span>
     <span class='ocr_line' id='line_1_76' title="bbox 974 1036 1816 1067; baseline -0.007 -4"><span class='ocrx_word' id='word_1_629' title='bbox 974 1041 1115 1063; x_wconf 87' lang='lat' dir='ltr'>continentes</span> <span class='ocrx_word' id='word_1_630' title='bbox 1132 1042 1154 1062; x_wconf 87' lang='lat' dir='ltr'>et</span> <span class='ocrx_word' id='word_1_631' title='bbox 1169 1040 1199 1062; x_wconf 88' lang='lat' dir='ltr'>ad</span> <span class='ocrx_word' id='word_1_632' title='bbox 1216 1039 1287 1062; x_wconf 91' lang='lat' dir='ltr'>vitam</span> <span class='ocrx_word' id='word_1_633' title='bbox 1304 1039 1363 1061; x_wconf 87' lang='lat' dir='ltr'>bene</span> <span class='ocrx_word' id='word_1_634' title='bbox 1380 1038 1492 1067; x_wconf 83' lang='lat' dir='ltr'>beateque</span> <span class='ocrx_word' id='word_1_635' title='bbox 1511 1037 1676 1060; x_wconf 84' lang='lat' dir='ltr'>instituendam</span> <span class='ocrx_word' id='word_1_636' title='bbox 1696 1036 1758 1059; x_wconf 88' lang='lat' dir='ltr'>omni</span> <span class='ocrx_word' id='word_1_637' title='bbox 1775 1036 1816 1058; x_wconf 84' lang='lat' dir='ltr'>Re-</span> 
     </span>
     <span class='ocr_line' id='line_1_77' title="bbox 976 1083 1814 1115; baseline -0.006 -6"><span class='ocrx_word' id='word_1_638' title='bbox 976 1088 1058 1115; x_wconf 82' lang='lat' dir='ltr'>ligioso</span> <span class='ocrx_word' id='word_1_639' title='bbox 1084 1087 1224 1115; x_wconf 82' lang='lat' dir='ltr'>divinaeque</span> <span class='ocrx_word' id='word_1_640' title='bbox 1248 1086 1372 1114; x_wconf 83' lang='lat' dir='ltr'>sapientiae</span> <span class='ocrx_word' id='word_1_641' title='bbox 1402 1084 1558 1107; x_wconf 86' lang='lat' dir='ltr'>amantissimo</span> <span class='ocrx_word' id='word_1_642' title='bbox 1583 1083 1682 1106; x_wconf 84' lang='lat' dir='ltr'>maxime</span> <span class='ocrx_word' id='word_1_643' title='bbox 1710 1088 1814 1105; x_wconf 84' lang='lat' dir='ltr'>necessa-</span> 
     </span>
     <span class='ocr_line' id='line_1_78' title="bbox 974 1132 1378 1161; baseline -0.007 -4"><span class='ocrx_word' id='word_1_644' title='bbox 974 1134 1003 1157; x_wconf 87' lang='lat' dir='ltr'>rii</span> <span class='ocrx_word' id='word_1_645' title='bbox 1014 1138 1056 1156; x_wconf 87' lang='lat' dir='ltr'>etc.</span> <span class='ocrx_word' id='word_1_646' title='bbox 1066 1136 1071 1145; x_wconf 77' lang='lat'><strong><em>⁴</em></strong></span> <span class='ocrx_word' id='word_1_647' title='bbox 1084 1142 1107 1156; x_wconf 69' lang='lat' dir='ltr'>n.</span> <span class='ocrx_word' id='word_1_648' title='bbox 1123 1134 1248 1161; x_wconf 83' lang='lat' dir='ltr'>Hucusque</span> <span class='ocrx_word' id='word_1_649' title='bbox 1264 1132 1378 1154; x_wconf 74' lang='lat' dir='ltr'>sedulius.</span> 
     </span>
    </p>

    <p class='ocr_par' dir='ltr' id='par_1_10' title="bbox 974 1175 1817 2322">
     <span class='ocr_line' id='line_1_79' title="bbox 1039 1175 1815 1208; baseline -0.006 -6"><span class='ocrx_word' id='word_1_650' title='bbox 1039 1182 1062 1203; x_wconf 90' lang='lat' dir='ltr'>ln</span> <span class='ocrx_word' id='word_1_651' title='bbox 1086 1180 1219 1208; x_wconf 86' lang='lat' dir='ltr'>praemissis</span> <span class='ocrx_word' id='word_1_652' title='bbox 1244 1179 1350 1202; x_wconf 82' lang='lat' dir='ltr'>Sedulius</span> <span class='ocrx_word' id='word_1_653' title='bbox 1371 1178 1491 1206; x_wconf 85' lang='lat' dir='ltr'>dupliciter</span> <span class='ocrx_word' id='word_1_654' title='bbox 1512 1180 1580 1200; x_wconf 82' lang='lat' dir='ltr'>errat.</span> <span class='ocrx_word' id='word_1_655' title='bbox 1604 1177 1669 1199; x_wconf 85' lang='lat' dir='ltr'>Falso</span> <span class='ocrx_word' id='word_1_656' title='bbox 1693 1175 1815 1204; x_wconf 80' lang='lat' dir='ltr'>supponit,</span> 
     </span>
     <span class='ocr_line' id='line_1_80' title="bbox 975 1223 1815 1256; baseline -0.008 -6"><span class='ocrx_word' id='word_1_657' title='bbox 975 1227 1060 1250; x_wconf 87' lang='lat' dir='ltr'>librum</span> <span class='ocrx_word' id='word_1_658' title='bbox 1079 1227 1109 1250; x_wconf 83' lang='lat' dir='ltr'>De</span> <span class='ocrx_word' id='word_1_659' title='bbox 1125 1226 1236 1256; x_wconf 83' lang='lat' dir='ltr'>Profectu</span> <span class='ocrx_word' id='word_1_660' title='bbox 1252 1225 1425 1255; x_wconf 74' lang='lat' dir='ltr'>Reliqz&#39;osorum</span> <span class='ocrx_word' id='word_1_661' title='bbox 1441 1230 1491 1247; x_wconf 86' lang='lat' dir='ltr'>esse</span> <span class='ocrx_word' id='word_1_662' title='bbox 1503 1223 1631 1251; x_wconf 79' lang='lat' dir='ltr'>genuinum</span> <span class='ocrx_word' id='word_1_663' title='bbox 1642 1223 1815 1245; x_wconf 85' lang='lat' dir='ltr'>Bonaventurae</span> 
     </span>
     <span class='ocr_line' id='line_1_81' title="bbox 976 1270 1816 1303; baseline -0.007 -6"><span class='ocrx_word' id='word_1_664' title='bbox 976 1276 1060 1303; x_wconf 80' lang='lat' dir='ltr'>tetum,</span> <span class='ocrx_word' id='word_1_665' title='bbox 1077 1280 1131 1297; x_wconf 91' lang='lat' dir='ltr'>cum</span> <span class='ocrx_word' id='word_1_666' title='bbox 1148 1272 1240 1296; x_wconf 86' lang='lat' dir='ltr'>attribui</span> <span class='ocrx_word' id='word_1_667' title='bbox 1257 1272 1340 1295; x_wconf 86' lang='lat' dir='ltr'>debeat</span> <span class='ocrx_word' id='word_1_668' title='bbox 1365 1273 1401 1294; x_wconf 87' lang='lat' dir='ltr'>Fr.</span> <span class='ocrx_word' id='word_1_669' title='bbox 1422 1271 1503 1294; x_wconf 88' lang='lat' dir='ltr'>Davidi</span> <span class='ocrx_word' id='word_1_670' title='bbox 1528 1271 1669 1298; x_wconf 77' lang='lat' dir='ltr'>Augustano.</span> <span class='ocrx_word' id='word_1_671' title='bbox 1694 1270 1757 1291; x_wconf 88' lang='lat' dir='ltr'>Falsa</span> <span class='ocrx_word' id='word_1_672' title='bbox 1783 1272 1816 1291; x_wconf 89' lang='lat' dir='ltr'>est</span> 
     </span>
     <span class='ocr_line' id='line_1_82' title="bbox 974 1314 1815 1348; baseline -0.008 -5"><span class='ocrx_word' id='word_1_673' title='bbox 974 1321 1043 1344; x_wconf 89' lang='lat' dir='ltr'>etiam</span> <span class='ocrx_word' id='word_1_674' title='bbox 1061 1320 1228 1348; x_wconf 85' lang='lat' dir='ltr'>argumentatio</span> <span class='ocrx_word' id='word_1_675' title='bbox 1245 1319 1363 1345; x_wconf 87' lang='lat' dir='ltr'>eiusdem,</span> <span class='ocrx_word' id='word_1_676' title='bbox 1379 1318 1443 1347; x_wconf 90' lang='lat' dir='ltr'>quod</span> <span class='ocrx_word' id='word_1_677' title='bbox 1468 1317 1509 1340; x_wconf 86' lang='lat' dir='ltr'>ista</span> <span class='ocrx_word' id='word_1_678' title='bbox 1532 1317 1578 1340; x_wconf 84' lang='lat' dir='ltr'>duo</span> <span class='ocrx_word' id='word_1_679' title='bbox 1599 1316 1708 1345; x_wconf 87' lang='lat' dir='ltr'>opuscula</span> <span class='ocrx_word' id='word_1_680' title='bbox 1734 1315 1764 1337; x_wconf 86' lang='lat' dir='ltr'>ita</span> <span class='ocrx_word' id='word_1_681' title='bbox 1785 1314 1815 1337; x_wconf 85' lang='lat' dir='ltr'>ad</span> 
     </span>
     <span class='ocr_line' id='line_1_83' title="bbox 975 1361 1815 1399; baseline -0.008 -9"><span class='ocrx_word' id='word_1_682' title='bbox 975 1368 1074 1390; x_wconf 89' lang='lat' dir='ltr'>invicem</span> <span class='ocrx_word' id='word_1_683' title='bbox 1091 1367 1237 1399; x_wconf 79' lang='lat' dir='ltr'>ordinentur,</span> <span class='ocrx_word' id='word_1_684' title='bbox 1254 1368 1279 1388; x_wconf 91' lang='lat' dir='ltr'>ut</span> <span class='ocrx_word' id='word_1_685' title='bbox 1295 1371 1322 1387; x_wconf 86' lang='lat' dir='ltr'>ex</span> <span class='ocrx_word' id='word_1_686' title='bbox 1339 1365 1479 1393; x_wconf 86' lang='lat' dir='ltr'>genuinitate</span> <span class='ocrx_word' id='word_1_687' title='bbox 1497 1363 1594 1386; x_wconf 87' lang='lat' dir='ltr'>secundi</span> <span class='ocrx_word' id='word_1_688' title='bbox 1610 1362 1714 1386; x_wconf 89' lang='lat' dir='ltr'>concludi</span> <span class='ocrx_word' id='word_1_689' title='bbox 1731 1361 1815 1390; x_wconf 86' lang='lat' dir='ltr'>possit,</span> 
     </span>
     <span class='ocr_line' id='line_1_84' title="bbox 975 1409 1815 1443; baseline -0.008 -6"><span class='ocrx_word' id='word_1_690' title='bbox 975 1414 1043 1437; x_wconf 78' lang='lat' dir='ltr'>etiam</span> <span class='ocrx_word' id='word_1_691' title='bbox 1061 1413 1189 1443; x_wconf 79' lang='lat' dir='ltr'>Speculum</span> <span class='ocrx_word' id='word_1_692' title='bbox 1205 1411 1343 1442; x_wconf 68' lang='lat' dir='ltr'>disciplinae</span> <span class='ocrx_word' id='word_1_693' title='bbox 1359 1412 1470 1439; x_wconf 82' lang='lat' dir='ltr'>seriptum</span> <span class='ocrx_word' id='word_1_694' title='bbox 1491 1416 1542 1432; x_wconf 89' lang='lat' dir='ltr'>esse</span> <span class='ocrx_word' id='word_1_695' title='bbox 1558 1409 1588 1432; x_wconf 85' lang='lat' dir='ltr'>ab</span> <span class='ocrx_word' id='word_1_696' title='bbox 1610 1409 1692 1431; x_wconf 87' lang='lat' dir='ltr'>eodem</span> <span class='ocrx_word' id='word_1_697' title='bbox 1715 1411 1815 1431; x_wconf 89' lang='lat' dir='ltr'>auctore.</span> 
     </span>
     <span class='ocr_line' id='line_1_85' title="bbox 976 1455 1815 1488; baseline -0.008 -5"><span class='ocrx_word' id='word_1_698' title='bbox 976 1461 1061 1483; x_wconf 90' lang='lat' dir='ltr'>Eadem</span> <span class='ocrx_word' id='word_1_699' title='bbox 1077 1459 1276 1488; x_wconf 78' lang='lat' dir='ltr'>argumentatione</span> <span class='ocrx_word' id='word_1_700' title='bbox 1292 1459 1345 1481; x_wconf 77' lang='lat' dir='ltr'>falsa</span> <span class='ocrx_word' id='word_1_701' title='bbox 1364 1463 1419 1480; x_wconf 93' lang='lat' dir='ltr'>usus</span> <span class='ocrx_word' id='word_1_702' title='bbox 1430 1460 1464 1480; x_wconf 90' lang='lat' dir='ltr'>est</span> <span class='ocrx_word' id='word_1_703' title='bbox 1479 1457 1548 1479; x_wconf 85' lang='lat' dir='ltr'>etiam</span> <span class='ocrx_word' id='word_1_704' title='bbox 1560 1456 1676 1482; x_wconf 83' lang='lat' dir='ltr'>Oudinus,</span> <span class='ocrx_word' id='word_1_705' title='bbox 1687 1455 1728 1483; x_wconf 93' lang='lat' dir='ltr'>qui</span> <span class='ocrx_word' id='word_1_706' title='bbox 1739 1457 1815 1477; x_wconf 86' lang='lat' dir='ltr'>tamen</span> 
     </span>
     <span class='ocr_line' id='line_1_86' title="bbox 975 1501 1815 1534; baseline -0.008 -4"><span class='ocrx_word' id='word_1_707' title='bbox 975 1510 1036 1530; x_wconf 84' lang='lat' dir='ltr'>recte</span> <span class='ocrx_word' id='word_1_708' title='bbox 1053 1506 1190 1534; x_wconf 85' lang='lat' dir='ltr'>affirmavit,</span> <span class='ocrx_word' id='word_1_709' title='bbox 1207 1508 1323 1528; x_wconf 82' lang='lat' dir='ltr'>auctorem</span> <span class='ocrx_word' id='word_1_710' title='bbox 1341 1504 1392 1527; x_wconf 87' lang='lat' dir='ltr'>libri</span> <span class='ocrx_word' id='word_1_711' title='bbox 1409 1504 1442 1527; x_wconf 79' lang='lat' dir='ltr'>De</span> <span class='ocrx_word' id='word_1_712' title='bbox 1455 1503 1566 1533; x_wconf 73' lang='lat' dir='ltr'>Profectu</span> <span class='ocrx_word' id='word_1_713' title='bbox 1577 1501 1749 1532; x_wconf 77' lang='lat' dir='ltr'>Reliyiosorum</span> <span class='ocrx_word' id='word_1_714' title='bbox 1766 1506 1815 1523; x_wconf 82' lang='lat' dir='ltr'>esse</span> 
     </span>
     <span class='ocr_line' id='line_1_87' title="bbox 975 1549 1815 1580; baseline -0.008 -4"><span class='ocrx_word' id='word_1_715' title='bbox 975 1553 1088 1576; x_wconf 84' lang='lat' dir='ltr'>Davidem</span> <span class='ocrx_word' id='word_1_716' title='bbox 1104 1553 1273 1580; x_wconf 81' lang='lat' dir='ltr'>Augustanum.</span> <span class='ocrx_word' id='word_1_717' title='bbox 1284 1552 1316 1574; x_wconf 84' lang='lat' dir='ltr'>lta</span> <span class='ocrx_word' id='word_1_718' title='bbox 1327 1551 1388 1573; x_wconf 87' lang='lat' dir='ltr'>enim</span> <span class='ocrx_word' id='word_1_719' title='bbox 1404 1549 1495 1573; x_wconf 87' lang='lat' dir='ltr'>scribit:</span> <span class='ocrx_word' id='word_1_720' title='bbox 1515 1558 1527 1570; x_wconf 76' lang='grc' dir='ltr'>ιι</span> <span class='ocrx_word' id='word_1_721' title='bbox 1538 1550 1586 1577; x_wconf 80' lang='lat' dir='ltr'>Ego</span> <span class='ocrx_word' id='word_1_722' title='bbox 1603 1551 1669 1571; x_wconf 86' lang='lat' dir='ltr'>utens</span> <span class='ocrx_word' id='word_1_723' title='bbox 1679 1549 1815 1576; x_wconf 78' lang='lat' dir='ltr'>argumento</span> 
     </span>
     <span class='ocr_line' id='line_1_88' title="bbox 975 1595 1815 1628; baseline -0.008 -5"><span class='ocrx_word' id='word_1_724' title='bbox 975 1601 1045 1623; x_wconf 80' lang='lat' dir='ltr'>altero</span> <span class='ocrx_word' id='word_1_725' title='bbox 1061 1606 1155 1628; x_wconf 84' lang='lat' dir='ltr'>censeo,</span> <span class='ocrx_word' id='word_1_726' title='bbox 1172 1605 1248 1628; x_wconf 88' lang='lat' dir='ltr'>neque</span> <span class='ocrx_word' id='word_1_727' title='bbox 1264 1597 1392 1628; x_wconf 74' lang='lat' dir='ltr'>Speculum</span> <span class='ocrx_word' id='word_1_728' title='bbox 1408 1596 1545 1626; x_wconf 60' lang='lat' dir='ltr'>disciptinae</span> <span class='ocrx_word' id='word_1_729' title='bbox 1561 1602 1612 1619; x_wconf 86' lang='lat' dir='ltr'>esse</span> <span class='ocrx_word' id='word_1_730' title='bbox 1632 1595 1681 1618; x_wconf 88' lang='lat' dir='ltr'>divi</span> <span class='ocrx_word' id='word_1_731' title='bbox 1697 1595 1815 1617; x_wconf 87' lang='lat' dir='ltr'>Bonaven-</span> 
     </span>
     <span class='ocr_line' id='line_1_89' title="bbox 976 1642 1817 1675; baseline -0.008 -5"><span class='ocrx_word' id='word_1_732' title='bbox 976 1650 1041 1670; x_wconf 90' lang='lat' dir='ltr'>turae</span> <span class='ocrx_word' id='word_1_733' title='bbox 1057 1652 1132 1675; x_wconf 86' lang='lat' dir='ltr'>neque</span> <span class='ocrx_word' id='word_1_734' title='bbox 1149 1645 1259 1668; x_wconf 87' lang='lat' dir='ltr'>Bernardi</span> <span class='ocrx_word' id='word_1_735' title='bbox 1276 1645 1306 1668; x_wconf 88' lang='lat' dir='ltr'>de</span> <span class='ocrx_word' id='word_1_736' title='bbox 1321 1645 1403 1672; x_wconf 82' lang='lat' dir='ltr'>Bessa,</span> <span class='ocrx_word' id='word_1_737' title='bbox 1420 1644 1463 1666; x_wconf 89' lang='lat' dir='ltr'>sed</span> <span class='ocrx_word' id='word_1_738' title='bbox 1478 1643 1572 1665; x_wconf 88' lang='lat' dir='ltr'>Davidis</span> <span class='ocrx_word' id='word_1_739' title='bbox 1589 1642 1618 1665; x_wconf 85' lang='lat' dir='ltr'>de</span> <span class='ocrx_word' id='word_1_740' title='bbox 1634 1643 1737 1670; x_wconf 82' lang='lat' dir='ltr'>Augusta</span> <span class='ocrx_word' id='word_1_741' title='bbox 1747 1642 1817 1664; x_wconf 86' lang='lat' dir='ltr'>Fran·</span> 
     </span>
     <span class='ocr_line' id='line_1_90' title="bbox 976 1688 1816 1722; baseline -0.008 -5"><span class='ocrx_word' id='word_1_742' title='bbox 976 1694 1073 1720; x_wconf 86' lang='lat' dir='ltr'>ciscani,</span> <span class='ocrx_word' id='word_1_743' title='bbox 1090 1693 1130 1722; x_wconf 87' lang='lat' dir='ltr'>qui</span> <span class='ocrx_word' id='word_1_744' title='bbox 1147 1693 1232 1715; x_wconf 86' lang='lat' dir='ltr'>multos</span> <span class='ocrx_word' id='word_1_745' title='bbox 1247 1691 1358 1715; x_wconf 85' lang='lat' dir='ltr'>asceticos</span> <span class='ocrx_word' id='word_1_746' title='bbox 1375 1691 1446 1713; x_wconf 86' lang='lat' dir='ltr'>libros</span> <span class='ocrx_word' id='word_1_747' title='bbox 1462 1690 1492 1712; x_wconf 88' lang='lat' dir='ltr'>ad</span> <span class='ocrx_word' id='word_1_748' title='bbox 1515 1689 1686 1712; x_wconf 86' lang='lat' dir='ltr'>instructionem</span> <span class='ocrx_word' id='word_1_749' title='bbox 1711 1688 1816 1710; x_wconf 87' lang='lat' dir='ltr'>Fratrum</span> 
     </span>
     <span class='ocr_line' id='line_1_91' title="bbox 975 1735 1816 1767; baseline -0.008 -4"><span class='ocrx_word' id='word_1_750' title='bbox 975 1741 1131 1763; x_wconf 81' lang='lat' dir='ltr'>Minoritarnm</span> <span class='ocrx_word' id='word_1_751' title='bbox 1147 1739 1245 1767; x_wconf 84' lang='lat' dir='ltr'>scripsit.</span> <span class='ocrx_word' id='word_1_752' title='bbox 1262 1737 1336 1761; x_wconf 86' lang='lat' dir='ltr'>Probo</span> <span class='ocrx_word' id='word_1_753' title='bbox 1353 1741 1432 1760; x_wconf 88' lang='lat' dir='ltr'>contra</span> <span class='ocrx_word' id='word_1_754' title='bbox 1449 1736 1568 1759; x_wconf 79' lang='lat' dir='ltr'>sedulium</span> <span class='ocrx_word' id='word_1_755' title='bbox 1579 1738 1601 1758; x_wconf 90' lang='lat' dir='ltr'>et</span> <span class='ocrx_word' id='word_1_756' title='bbox 1618 1735 1776 1763; x_wconf 81' lang='lat' dir='ltr'>Waddingum</span> <span class='ocrx_word' id='word_1_757' title='bbox 1789 1740 1816 1757; x_wconf 84' lang='lat' dir='ltr'>ex</span> 
     </span>
     <span class='ocr_line' id='line_1_92' title="bbox 976 1781 1816 1816; baseline -0.01 -5"><span class='ocrx_word' id='word_1_758' title='bbox 976 1788 1032 1816; x_wconf 89' lang='lat' dir='ltr'>ipsis</span> <span class='ocrx_word' id='word_1_759' title='bbox 1048 1793 1130 1810; x_wconf 88' lang='lat' dir='ltr'>eorum</span> <span class='ocrx_word' id='word_1_760' title='bbox 1146 1785 1300 1814; x_wconf 80' lang='lat' dir='ltr'>argumentis,</span> <span class='ocrx_word' id='word_1_761' title='bbox 1317 1785 1378 1807; x_wconf 87' lang='lat' dir='ltr'>nulla</span> <span class='ocrx_word' id='word_1_762' title='bbox 1395 1783 1474 1806; x_wconf 76' lang='lat' dir='ltr'>habita</span> <span class='ocrx_word' id='word_1_763' title='bbox 1495 1783 1583 1806; x_wconf 86' lang='lat' dir='ltr'>ratione</span> <span class='ocrx_word' id='word_1_764' title='bbox 1605 1781 1710 1805; x_wconf 87' lang='lat' dir='ltr'>editionis</span> <span class='ocrx_word' id='word_1_765' title='bbox 1731 1781 1816 1808; x_wconf 78' lang='lat' dir='ltr'>Argen-</span> 
     </span>
     <span class='ocr_line' id='line_1_93' title="bbox 976 1822 1814 1861; baseline -0.008 -4"><span class='ocrx_word' id='word_1_766' title='bbox 976 1834 1069 1857; x_wconf 88' lang='lat' dir='ltr'>tinensis</span> <span class='ocrx_word' id='word_1_767' title='bbox 1085 1840 1122 1856; x_wconf 87' lang='lat' dir='ltr'>an.</span> <span class='ocrx_word' id='word_1_768' title='bbox 1140 1833 1213 1860; x_wconf 64' lang='lat'>4495,</span> <span class='ocrx_word' id='word_1_769' title='bbox 1229 1838 1289 1861; x_wconf 88' lang='lat' dir='ltr'>quae</span> <span class='ocrx_word' id='word_1_770' title='bbox 1306 1830 1504 1859; x_wconf 79' lang='lat' dir='ltr'>imperfectissima</span> <span class='ocrx_word' id='word_1_771' title='bbox 1519 1822 1561 1853; x_wconf 76' lang='lat' dir='ltr'>est.</span> <span class='ocrx_word' id='word_1_772' title='bbox 1577 1829 1685 1853; x_wconf 87' lang='lat' dir='ltr'>Eiusdem</span> <span class='ocrx_word' id='word_1_773' title='bbox 1699 1831 1760 1851; x_wconf 88' lang='lat' dir='ltr'>certe</span> <span class='ocrx_word' id='word_1_774' title='bbox 1777 1834 1814 1851; x_wconf 92' lang='lat' dir='ltr'>au-</span> 
     </span>
     <span class='ocr_line' id='line_1_94' title="bbox 975 1874 1815 1910; baseline -0.008 -6"><span class='ocrx_word' id='word_1_775' title='bbox 975 1881 1044 1904; x_wconf 89' lang='lat' dir='ltr'>ctoris</span> <span class='ocrx_word' id='word_1_776' title='bbox 1060 1879 1189 1910; x_wconf 76' lang='lat' dir='ltr'>Speculum</span> <span class='ocrx_word' id='word_1_777' title='bbox 1205 1878 1353 1908; x_wconf 58' lang='lat' dir='ltr'>dampnum,</span> <span class='ocrx_word' id='word_1_778' title='bbox 1373 1877 1438 1900; x_wconf 84' lang='lat' dir='ltr'>cuius</span> <span class='ocrx_word' id='word_1_779' title='bbox 1454 1879 1489 1899; x_wconf 83' lang='lat' dir='ltr'>est</span> <span class='ocrx_word' id='word_1_780' title='bbox 1504 1876 1643 1904; x_wconf 84' lang='lat' dir='ltr'>opusculum</span> <span class='ocrx_word' id='word_1_781' title='bbox 1658 1875 1692 1898; x_wconf 87' lang='lat' dir='ltr'>De</span> <span class='ocrx_word' id='word_1_782' title='bbox 1706 1874 1815 1904; x_wconf 78' lang='lat' dir='ltr'>Profectu</span> 
     </span>
     <span class='ocr_line' id='line_1_95' title="bbox 976 1921 1817 1957; baseline -0.007 -7"><span class='ocrx_word' id='word_1_783' title='bbox 976 1926 1161 1957; x_wconf 69' lang='lat' dir='ltr'>Relz&#39;qiosmum,</span> <span class='ocrx_word' id='word_1_784' title='bbox 1178 1925 1242 1954; x_wconf 85' lang='lat' dir='ltr'>quod</span> <span class='ocrx_word' id='word_1_785' title='bbox 1258 1925 1388 1947; x_wconf 86' lang='lat' dir='ltr'>concedunt</span> <span class='ocrx_word' id='word_1_786' title='bbox 1406 1926 1429 1947; x_wconf 75' lang='lat' dir='ltr'>et</span> <span class='ocrx_word' id='word_1_787' title='bbox 1449 1923 1555 1946; x_wconf 87' lang='lat' dir='ltr'>Sedulius</span> <span class='ocrx_word' id='word_1_788' title='bbox 1576 1925 1646 1951; x_wconf 86' lang='lat' dir='ltr'>atque</span> <span class='ocrx_word' id='word_1_789' title='bbox 1670 1921 1817 1949; x_wconf 76' lang='lat' dir='ltr'>Waddingus</span> 
     </span>
     <span class='ocr_line' id='line_1_96' title="bbox 975 1967 1816 2003; baseline -0.007 -6"><span class='ocrx_word' id='word_1_790' title='bbox 975 1980 1052 2003; x_wconf 85' lang='lat' dir='ltr'>neque</span> <span class='ocrx_word' id='word_1_791' title='bbox 1068 1973 1147 2001; x_wconf 83' lang='lat' dir='ltr'>negari</span> <span class='ocrx_word' id='word_1_792' title='bbox 1164 1975 1252 2001; x_wconf 85' lang='lat' dir='ltr'>potest,</span> <span class='ocrx_word' id='word_1_793' title='bbox 1267 1978 1321 1994; x_wconf 87' lang='lat' dir='ltr'>cum</span> <span class='ocrx_word' id='word_1_794' title='bbox 1338 1973 1417 1994; x_wconf 76' lang='lat' dir='ltr'>auctor</span> <span class='ocrx_word' id='word_1_795' title='bbox 1433 1970 1537 1998; x_wconf 84' lang='lat' dir='ltr'>opusculi</span> <span class='ocrx_word' id='word_1_796' title='bbox 1553 1969 1587 1992; x_wconf 85' lang='lat' dir='ltr'>De</span> <span class='ocrx_word' id='word_1_797' title='bbox 1597 1968 1707 1997; x_wconf 71' lang='lat' dir='ltr'>Profeclu</span> <span class='ocrx_word' id='word_1_798' title='bbox 1719 1967 1816 1998; x_wconf 71' lang='lat' dir='ltr'>Reliqio-</span> 
     </span>
     <span class='ocr_line' id='line_1_97' title="bbox 975 2015 1816 2047; baseline -0.008 -3"><span class='ocrx_word' id='word_1_799' title='bbox 975 2026 1060 2044; x_wconf 76' lang='lat' dir='ltr'>sorum</span> <span class='ocrx_word' id='word_1_800' title='bbox 1076 2021 1098 2043; x_wconf 93' lang='lat' dir='ltr'>in</span> <span class='ocrx_word' id='word_1_801' title='bbox 1114 2020 1212 2047; x_wconf 82' lang='lat' dir='ltr'>Prologo</span> <span class='ocrx_word' id='word_1_802' title='bbox 1228 2018 1306 2046; x_wconf 88' lang='lat' dir='ltr'>operis</span> <span class='ocrx_word' id='word_1_803' title='bbox 1322 2018 1357 2040; x_wconf 90' lang='lat' dir='ltr'>sui</span> <span class='ocrx_word' id='word_1_804' title='bbox 1373 2023 1481 2045; x_wconf 84' lang='lat' dir='ltr'>expresse</span> <span class='ocrx_word' id='word_1_805' title='bbox 1496 2017 1570 2044; x_wconf 87' lang='lat' dir='ltr'>dicat,</span> <span class='ocrx_word' id='word_1_806' title='bbox 1585 2022 1610 2038; x_wconf 87' lang='lat' dir='ltr'>se</span> <span class='ocrx_word' id='word_1_807' title='bbox 1626 2015 1745 2043; x_wconf 81' lang='lat' dir='ltr'>scripsisse</span> <span class='ocrx_word' id='word_1_808' title='bbox 1756 2021 1816 2043; x_wconf 89' lang='lat' dir='ltr'>opus</span> 
     </span>
     <span class='ocr_line' id='line_1_98' title="bbox 977 2061 1816 2095; baseline -0.008 -4"><span class='ocrx_word' id='word_1_809' title='bbox 977 2068 1006 2091; x_wconf 76' lang='lat' dir='ltr'>(le</span> <span class='ocrx_word' id='word_1_810' title='bbox 1023 2067 1191 2095; x_wconf 87' lang='lat' dir='ltr'>compositione</span> <span class='ocrx_word' id='word_1_811' title='bbox 1208 2065 1308 2088; x_wconf 84' lang='lat' dir='ltr'>nominis</span> <span class='ocrx_word' id='word_1_812' title='bbox 1323 2064 1453 2091; x_wconf 80' lang='lat' dir='ltr'>exterioris,</span> <span class='ocrx_word' id='word_1_813' title='bbox 1470 2063 1534 2092; x_wconf 83' lang='lat' dir='ltr'>quod</span> <span class='ocrx_word' id='word_1_814' title='bbox 1555 2063 1578 2086; x_wconf 84' lang='lat' dir='ltr'>iu</span> <span class='ocrx_word' id='word_1_815' title='bbox 1594 2062 1694 2092; x_wconf 81' lang='lat' dir='ltr'>Speculo</span> <span class='ocrx_word' id='word_1_816' title='bbox 1716 2061 1816 2091; x_wconf 78' lang='lat' dir='ltr'>discipli-</span> 
     </span>
     <span class='ocr_line' id='line_1_99' title="bbox 976 2108 1816 2142; baseline -0.008 -5"><span class='ocrx_word' id='word_1_817' title='bbox 976 2120 1021 2137; x_wconf 76' lang='lat' dir='ltr'>uae</span> <span class='ocrx_word' id='word_1_818' title='bbox 1037 2113 1128 2142; x_wconf 85' lang='lat' dir='ltr'>legitur.</span> <span class='ocrx_word' id='word_1_819' title='bbox 1144 2113 1213 2142; x_wconf 86' lang='lat' dir='ltr'>Atqui</span> <span class='ocrx_word' id='word_1_820' title='bbox 1230 2112 1367 2140; x_wconf 86' lang='lat' dir='ltr'>opusculum</span> <span class='ocrx_word' id='word_1_821' title='bbox 1380 2111 1413 2133; x_wconf 86' lang='lat' dir='ltr'>De</span> <span class='ocrx_word' id='word_1_822' title='bbox 1424 2110 1534 2139; x_wconf 82' lang='lat' dir='ltr'>Profectu</span> <span class='ocrx_word' id='word_1_823' title='bbox 1546 2108 1717 2138; x_wconf 70' lang='lat' dir='ltr'>Retiqiosorum</span> <span class='ocrx_word' id='word_1_824' title='bbox 1728 2110 1816 2136; x_wconf 83' lang='lat' dir='ltr'>spectat</span> 
     </span>
     <span class='ocr_line' id='line_1_100' title="bbox 977 2153 1817 2186; baseline -0.007 -3"><span class='ocrx_word' id='word_1_825' title='bbox 977 2161 1006 2183; x_wconf 86' lang='lat' dir='ltr'>ad</span> <span class='ocrx_word' id='word_1_826' title='bbox 1027 2159 1140 2182; x_wconf 83' lang='lat' dir='ltr'>Davidem</span> <span class='ocrx_word' id='word_1_827' title='bbox 1165 2159 1195 2181; x_wconf 85' lang='lat' dir='ltr'>de</span> <span class='ocrx_word' id='word_1_828' title='bbox 1220 2158 1340 2186; x_wconf 74' lang='lat' dir='ltr'>Augusta:</span> <span class='ocrx_word' id='word_1_829' title='bbox 1358 2163 1416 2185; x_wconf 76' lang='lat' dir='ltr'>ergo</span> <span class='ocrx_word' id='word_1_830' title='bbox 1437 2159 1460 2179; x_wconf 81' lang='lat' dir='ltr'>et</span> <span class='ocrx_word' id='word_1_831' title='bbox 1479 2155 1607 2185; x_wconf 75' lang='lat' dir='ltr'>Speculum</span> <span class='ocrx_word' id='word_1_832' title='bbox 1628 2154 1764 2184; x_wconf 73' lang='lat' dir='ltr'>disciplinae</span> <span class='ocrx_word' id='word_1_833' title='bbox 1785 2153 1817 2177; x_wconf 83' lang='lat' dir='ltr'>ad</span> 
     </span>
     <span class='ocr_line' id='line_1_101' title="bbox 975 2200 1816 2234; baseline -0.008 -5"><span class='ocrx_word' id='word_1_834' title='bbox 975 2205 1085 2229; x_wconf 66' lang='lat' dir='ltr'>iwoilios.</span> <span class='ocrx_word' id='word_1_835' title='bbox 1099 2206 1178 2234; x_wconf 82' lang='lat' dir='ltr'>itaque</span> <span class='ocrx_word' id='word_1_836' title='bbox 1195 2211 1221 2227; x_wconf 77' lang='lat' dir='ltr'>ex</span> <span class='ocrx_word' id='word_1_837' title='bbox 1237 2204 1320 2227; x_wconf 81' lang='lat' dir='ltr'>eodem</span> <span class='ocrx_word' id='word_1_838' title='bbox 1337 2202 1462 2231; x_wconf 83' lang='lat' dir='ltr'>principio,</span> <span class='ocrx_word' id='word_1_839' title='bbox 1478 2207 1526 2231; x_wconf 86' lang='lat' dir='ltr'>quo</span> <span class='ocrx_word' id='word_1_840' title='bbox 1543 2201 1649 2224; x_wconf 79' lang='lat' dir='ltr'>sedulius</span> <span class='ocrx_word' id='word_1_841' title='bbox 1665 2203 1688 2223; x_wconf 88' lang='lat' dir='ltr'>et</span> <span class='ocrx_word' id='word_1_842' title='bbox 1704 2200 1816 2223; x_wconf 86' lang='lat' dir='ltr'>Waddin-</span> 
     </span>
     <span class='ocr_line' id='line_1_102' title="bbox 977 2248 1816 2280; baseline -0.006 -5"><span class='ocrx_word' id='word_1_843' title='bbox 977 2259 1022 2280; x_wconf 80' lang='lat' dir='ltr'>gns</span> <span class='ocrx_word' id='word_1_844' title='bbox 1038 2254 1147 2280; x_wconf 81' lang='lat' dir='ltr'>utuntur,</span> <span class='ocrx_word' id='word_1_845' title='bbox 1163 2252 1232 2274; x_wconf 72' lang='lat' dir='ltr'>aliam</span> <span class='ocrx_word' id='word_1_846' title='bbox 1257 2251 1350 2274; x_wconf 80' lang='lat' dir='ltr'>omnino</span> <span class='ocrx_word' id='word_1_847' title='bbox 1371 2249 1542 2273; x_wconf 85' lang='lat' dir='ltr'>conclusionem</span> <span class='ocrx_word' id='word_1_848' title='bbox 1566 2248 1638 2272; x_wconf 81' lang='lat' dir='ltr'>iniero</span> <span class='ocrx_word' id='word_1_849' title='bbox 1663 2254 1690 2271; x_wconf 85' lang='lat' dir='ltr'>ex</span> <span class='ocrx_word' id='word_1_850' title='bbox 1714 2250 1816 2270; x_wconf 88' lang='lat' dir='ltr'>assumto</span> 
     </span>
     <span class='ocr_line' id='line_1_103' title="bbox 976 2298 1208 2322; baseline -0.004 0"><span class='ocrx_word' id='word_1_851' title='bbox 976 2299 1112 2322; x_wconf 77' lang='lat' dir='ltr'>omnimodo</span> <span class='ocrx_word' id='word_1_852' title='bbox 1129 2298 1173 2321; x_wconf 76' lang='lat' dir='ltr'>alio</span> <span class='ocrx_word' id='word_1_853' title='bbox 1184 2307 1208 2321; x_wconf 66' lang='lat'>1&gt;-</span> 
     </span>
    </p>

    <p class='ocr_par' dir='ltr' id='par_1_11' title="bbox 976 2340 1818 2983">
     <span class='ocr_line' id='line_1_104' title="bbox 1040 2340 1818 2373; baseline -0.006 -5"><span class='ocrx_word' id='word_1_854' title='bbox 1040 2345 1086 2368; x_wconf 83' lang='lat' dir='ltr'>Sed</span> <span class='ocrx_word' id='word_1_855' title='bbox 1102 2351 1183 2368; x_wconf 79' lang='lat' dir='ltr'>revera</span> <span class='ocrx_word' id='word_1_856' title='bbox 1200 2347 1297 2373; x_wconf 84' lang='lat' dir='ltr'>uterque</span> <span class='ocrx_word' id='word_1_857' title='bbox 1318 2344 1399 2367; x_wconf 79' lang='lat' dir='ltr'>eadem</span> <span class='ocrx_word' id='word_1_858' title='bbox 1425 2344 1480 2366; x_wconf 65' lang='lat' dir='ltr'>salsa</span> <span class='ocrx_word' id='word_1_859' title='bbox 1504 2342 1703 2371; x_wconf 74' lang='lat' dir='ltr'>argumentatione</span> <span class='ocrx_word' id='word_1_860' title='bbox 1727 2340 1818 2364; x_wconf 84' lang='lat' dir='ltr'>halluci-</span> 
     </span>
     <span class='ocr_line' id='line_1_105' title="bbox 977 2388 1817 2422; baseline -0.008 -5"><span class='ocrx_word' id='word_1_861' title='bbox 977 2396 1044 2417; x_wconf 83' lang='lat' dir='ltr'>natus</span> <span class='ocrx_word' id='word_1_862' title='bbox 1061 2396 1107 2421; x_wconf 66' lang='lat' dir='ltr'>aet3</span> <span class='ocrx_word' id='word_1_863' title='bbox 1123 2393 1178 2422; x_wconf 90' lang='lat' dir='ltr'>quia</span> <span class='ocrx_word' id='word_1_864' title='bbox 1202 2399 1230 2415; x_wconf 80' lang='lat' dir='ltr'>ex</span> <span class='ocrx_word' id='word_1_865' title='bbox 1250 2398 1309 2420; x_wconf 82' lang='lat' dir='ltr'>pure</span> <span class='ocrx_word' id='word_1_866' title='bbox 1333 2390 1468 2414; x_wconf 77' lang='lat' dir='ltr'>accidentali</span> <span class='ocrx_word' id='word_1_867' title='bbox 1490 2389 1576 2412; x_wconf 84' lang='lat' dir='ltr'>unione</span> <span class='ocrx_word' id='word_1_868' title='bbox 1598 2389 1699 2412; x_wconf 83' lang='lat' dir='ltr'>duorum</span> <span class='ocrx_word' id='word_1_869' title='bbox 1721 2388 1817 2411; x_wconf 88' lang='lat' dir='ltr'>istorum</span> 
     </span>
     <span class='ocr_line' id='line_1_106' title="bbox 976 2434 1817 2469; baseline -0.008 -5"><span class='ocrx_word' id='word_1_870' title='bbox 976 2441 1141 2469; x_wconf 77' lang='lat' dir='ltr'>opusculorum</span> <span class='ocrx_word' id='word_1_871' title='bbox 1158 2445 1254 2462; x_wconf 81' lang='lat' dir='ltr'>erronee</span> <span class='ocrx_word' id='word_1_872' title='bbox 1270 2439 1406 2466; x_wconf 75' lang='lat' dir='ltr'>intulerunt,</span> <span class='ocrx_word' id='word_1_873' title='bbox 1426 2437 1481 2460; x_wconf 85' lang='lat' dir='ltr'>illud</span> <span class='ocrx_word' id='word_1_874' title='bbox 1505 2436 1633 2466; x_wconf 77' lang='lat' dir='ltr'>Speculum</span> <span class='ocrx_word' id='word_1_875' title='bbox 1658 2441 1708 2458; x_wconf 85' lang='lat' dir='ltr'>esse</span> <span class='ocrx_word' id='word_1_876' title='bbox 1733 2434 1817 2457; x_wconf 87' lang='lat' dir='ltr'>librum</span> 
     </span>
     <span class='ocr_line' id='line_1_107' title="bbox 977 2481 1817 2515; baseline -0.007 -5"><span class='ocrx_word' id='word_1_877' title='bbox 977 2488 1006 2510; x_wconf 86' lang='lat' dir='ltr'>de</span> <span class='ocrx_word' id='word_1_878' title='bbox 1023 2487 1191 2515; x_wconf 81' lang='lat' dir='ltr'>compositione</span> <span class='ocrx_word' id='word_1_879' title='bbox 1208 2486 1307 2508; x_wconf 83' lang='lat' dir='ltr'>nominis</span> <span class='ocrx_word' id='word_1_880' title='bbox 1323 2484 1450 2512; x_wconf 77' lang='lat' dir='ltr'>exterioris,</span> <span class='ocrx_word' id='word_1_881' title='bbox 1467 2484 1534 2513; x_wconf 91' lang='lat' dir='ltr'>quasi</span> <span class='ocrx_word' id='word_1_882' title='bbox 1550 2484 1626 2506; x_wconf 84' lang='lat' dir='ltr'>nullus</span> <span class='ocrx_word' id='word_1_883' title='bbox 1643 2482 1706 2506; x_wconf 75' lang='lat' dir='ltr'>alius</span> <span class='ocrx_word' id='word_1_884' title='bbox 1719 2481 1777 2504; x_wconf 87' lang='lat' dir='ltr'>liber</span> <span class='ocrx_word' id='word_1_885' title='bbox 1789 2481 1817 2504; x_wconf 91' lang='lat' dir='ltr'>de</span> 
     </span>
     <span class='ocr_line' id='line_1_108' title="bbox 977 2529 1818 2560; baseline -0.008 -3"><span class='ocrx_word' id='word_1_886' title='bbox 977 2535 1019 2557; x_wconf 82' lang='lat' dir='ltr'>hac</span> <span class='ocrx_word' id='word_1_887' title='bbox 1037 2533 1119 2556; x_wconf 86' lang='lat' dir='ltr'>eadem</span> <span class='ocrx_word' id='word_1_888' title='bbox 1135 2533 1230 2555; x_wconf 84' lang='lat' dir='ltr'>materia</span> <span class='ocrx_word' id='word_1_889' title='bbox 1247 2531 1318 2555; x_wconf 83' lang='lat' dir='ltr'>scribi</span> <span class='ocrx_word' id='word_1_890' title='bbox 1334 2531 1454 2560; x_wconf 77' lang='lat' dir='ltr'>potuisset.</span> <span class='ocrx_word' id='word_1_891' title='bbox 1474 2531 1533 2553; x_wconf 81' lang='lat' dir='ltr'>Nam</span> <span class='ocrx_word' id='word_1_892' title='bbox 1553 2530 1618 2559; x_wconf 90' lang='lat' dir='ltr'>quod</span> <span class='ocrx_word' id='word_1_893' title='bbox 1641 2530 1688 2552; x_wconf 89' lang='lat' dir='ltr'>iam</span> <span class='ocrx_word' id='word_1_894' title='bbox 1712 2529 1818 2552; x_wconf 79' lang='lat' dir='ltr'>sedulius</span> 
     </span>
     <span class='ocr_line' id='line_1_109' title="bbox 976 2576 1817 2609; baseline -0.007 -5"><span class='ocrx_word' id='word_1_895' title='bbox 976 2587 1046 2609; x_wconf 79' lang='lat' dir='ltr'>supra</span> <span class='ocrx_word' id='word_1_896' title='bbox 1064 2580 1132 2607; x_wconf 85' lang='lat' dir='ltr'>dixit,</span> <span class='ocrx_word' id='word_1_897' title='bbox 1147 2586 1173 2602; x_wconf 85' lang='lat' dir='ltr'>se</span> <span class='ocrx_word' id='word_1_898' title='bbox 1195 2579 1286 2606; x_wconf 83' lang='lat' dir='ltr'>mirari,</span> <span class='ocrx_word' id='word_1_899' title='bbox 1312 2579 1355 2601; x_wconf 72' lang='lat' dir='ltr'>lios</span> <span class='ocrx_word' id='word_1_900' title='bbox 1379 2579 1439 2601; x_wconf 84' lang='lat' dir='ltr'>duos</span> <span class='ocrx_word' id='word_1_901' title='bbox 1463 2577 1552 2600; x_wconf 84' lang='lat' dir='ltr'>libellos</span> <span class='ocrx_word' id='word_1_902' title='bbox 1574 2583 1668 2605; x_wconf 84' lang='lat' dir='ltr'>semper</span> <span class='ocrx_word' id='word_1_903' title='bbox 1691 2576 1817 2599; x_wconf 89' lang='lat' dir='ltr'>disiunctos</span> 
     </span>
     <span class='ocr_line' id='line_1_110' title="bbox 977 2622 1818 2656; baseline -0.007 -6"><span class='ocrx_word' id='word_1_904' title='bbox 977 2628 1058 2656; x_wconf 81' lang='lat' dir='ltr'>tuisse,</span> <span class='ocrx_word' id='word_1_905' title='bbox 1075 2633 1158 2649; x_wconf 83' lang='lat' dir='ltr'>verum</span> <span class='ocrx_word' id='word_1_906' title='bbox 1174 2628 1215 2649; x_wconf 80' lang='lat' dir='ltr'>est.</span> <span class='ocrx_word' id='word_1_907' title='bbox 1234 2626 1313 2648; x_wconf 82' lang='lat' dir='ltr'>Talem</span> <span class='ocrx_word' id='word_1_908' title='bbox 1330 2625 1391 2647; x_wconf 84' lang='lat' dir='ltr'>enim</span> <span class='ocrx_word' id='word_1_909' title='bbox 1408 2624 1513 2647; x_wconf 79' lang='lat' dir='ltr'>ordinem</span> <span class='ocrx_word' id='word_1_910' title='bbox 1529 2629 1676 2652; x_wconf 83' lang='lat' dir='ltr'>nequaquam</span> <span class='ocrx_word' id='word_1_911' title='bbox 1693 2622 1780 2645; x_wconf 85' lang='lat' dir='ltr'>habent</span> <span class='ocrx_word' id='word_1_912' title='bbox 1796 2622 1818 2644; x_wconf 88' lang='lat' dir='ltr'>in</span> 
     </span>
     <span class='ocr_line' id='line_1_111' title="bbox 977 2669 1817 2702; baseline -0.006 -5"><span class='ocrx_word' id='word_1_913' title='bbox 977 2675 1076 2697; x_wconf 81' lang='lat' dir='ltr'>editione</span> <span class='ocrx_word' id='word_1_914' title='bbox 1092 2679 1218 2702; x_wconf 79' lang='lat' dir='ltr'>parvorum</span> <span class='ocrx_word' id='word_1_915' title='bbox 1236 2673 1401 2700; x_wconf 81' lang='lat' dir='ltr'>opusculorum</span> <span class='ocrx_word' id='word_1_916' title='bbox 1419 2671 1528 2694; x_wconf 85' lang='lat' dir='ltr'>Brixiensi</span> <span class='ocrx_word' id='word_1_917' title='bbox 1552 2677 1589 2693; x_wconf 81' lang='lat' dir='ltr'>an.</span> <span class='ocrx_word' id='word_1_918' title='bbox 1616 2670 1677 2693; x_wconf 65' lang='lat' dir='ltr'>v¹495</span> <span class='ocrx_word' id='word_1_919' title='bbox 1698 2676 1774 2699; x_wconf 86' lang='lat' dir='ltr'>neque</span> <span class='ocrx_word' id='word_1_920' title='bbox 1795 2669 1817 2692; x_wconf 92' lang='lat' dir='ltr'>in</span> 
     </span>
     <span class='ocr_line' id='line_1_112' title="bbox 977 2716 1818 2748; baseline -0.006 -5"><span class='ocrx_word' id='word_1_921' title='bbox 977 2721 1043 2743; x_wconf 85' lang='lat' dir='ltr'>citata</span> <span class='ocrx_word' id='word_1_922' title='bbox 1061 2720 1183 2747; x_wconf 74' lang='lat' dir='ltr'>Argentina</span> <span class='ocrx_word' id='word_1_923' title='bbox 1201 2725 1277 2748; x_wconf 82' lang='lat' dir='ltr'>neque</span> <span class='ocrx_word' id='word_1_924' title='bbox 1294 2718 1317 2741; x_wconf 88' lang='lat' dir='ltr'>iu</span> <span class='ocrx_word' id='word_1_925' title='bbox 1334 2718 1441 2746; x_wconf 73' lang='lat' dir='ltr'>plurimis</span> <span class='ocrx_word' id='word_1_926' title='bbox 1455 2717 1582 2740; x_wconf 84' lang='lat' dir='ltr'>codicibus.</span> <span class='ocrx_word' id='word_1_927' title='bbox 1599 2716 1656 2739; x_wconf 83' lang='lat' dir='ltr'>Hinc</span> <span class='ocrx_word' id='word_1_928' title='bbox 1671 2722 1759 2739; x_wconf 86' lang='lat' dir='ltr'>vanum</span> <span class='ocrx_word' id='word_1_929' title='bbox 1784 2719 1818 2739; x_wconf 84' lang='lat' dir='ltr'>est</span> 
     </span>
     <span class='ocr_line' id='line_1_113' title="bbox 977 2763 1818 2795; baseline -0.005 -6"><span class='ocrx_word' id='word_1_930' title='bbox 977 2769 1151 2795; x_wconf 75' lang='lat' dir='ltr'>argumentum,</span> <span class='ocrx_word' id='word_1_931' title='bbox 1168 2772 1215 2794; x_wconf 87' lang='lat' dir='ltr'>qno</span> <span class='ocrx_word' id='word_1_932' title='bbox 1240 2765 1346 2787; x_wconf 90' lang='lat' dir='ltr'>Oudinus</span> <span class='ocrx_word' id='word_1_933' title='bbox 1369 2767 1392 2787; x_wconf 78' lang='lat' dir='ltr'>et</span> <span class='ocrx_word' id='word_1_934' title='bbox 1416 2764 1522 2786; x_wconf 81' lang='lat' dir='ltr'>sedulius</span> <span class='ocrx_word' id='word_1_935' title='bbox 1542 2763 1693 2790; x_wconf 83' lang='lat' dir='ltr'>concludunt,</span> <span class='ocrx_word' id='word_1_936' title='bbox 1717 2763 1818 2786; x_wconf 90' lang='lat' dir='ltr'>eundem</span> 
     </span>
     <span class='ocr_line' id='line_1_114' title="bbox 977 2809 1818 2840; baseline -0.006 -4"><span class='ocrx_word' id='word_1_937' title='bbox 977 2817 1094 2837; x_wconf 89' lang='lat' dir='ltr'>auctorem</span> <span class='ocrx_word' id='word_1_938' title='bbox 1112 2812 1231 2840; x_wconf 85' lang='lat' dir='ltr'>scripsisse</span> <span class='ocrx_word' id='word_1_939' title='bbox 1248 2812 1307 2834; x_wconf 86' lang='lat' dir='ltr'>dicta</span> <span class='ocrx_word' id='word_1_940' title='bbox 1325 2817 1403 2840; x_wconf 86' lang='lat' dir='ltr'>opera.</span> <span class='ocrx_word' id='word_1_941' title='bbox 1421 2811 1486 2833; x_wconf 88' lang='lat' dir='ltr'>Unde</span> <span class='ocrx_word' id='word_1_942' title='bbox 1502 2809 1562 2833; x_wconf 85' lang='lat' dir='ltr'>bene</span> <span class='ocrx_word' id='word_1_943' title='bbox 1579 2810 1634 2832; x_wconf 91' lang='lat' dir='ltr'>dicit</span> <span class='ocrx_word' id='word_1_944' title='bbox 1650 2810 1735 2832; x_wconf 86' lang='lat' dir='ltr'>Bonelli</span> <span class='ocrx_word' id='word_1_945' title='bbox 1758 2810 1818 2838; x_wconf 79' lang='lat' dir='ltr'>(Pro-</span> 
     </span>
     <span class='ocr_line' id='line_1_115' title="bbox 978 2857 1818 2888; baseline -0.006 -4"><span class='ocrx_word' id='word_1_946' title='bbox 978 2862 1052 2884; x_wconf 86' lang='lat' dir='ltr'>drom.</span> <span class='ocrx_word' id='word_1_947' title='bbox 1070 2861 1112 2883; x_wconf 66' lang='lat' dir='ltr'>col.</span> <span class='ocrx_word' id='word_1_948' title='bbox 1130 2860 1170 2882; x_wconf 81' lang='grc'>621</span> <span class='ocrx_word' id='word_1_949' title='bbox 1191 2866 1213 2882; x_wconf 93' lang='lat' dir='ltr'>n.</span> <span class='ocrx_word' id='word_1_950' title='bbox 1232 2859 1292 2888; x_wconf 78' lang='lat' dir='ltr'>ts.):</span> <span class='ocrx_word' id='word_1_951' title='bbox 1313 2859 1420 2881; x_wconf 74' lang='lat' dir='ltr'>«Etenim</span> <span class='ocrx_word' id='word_1_952' title='bbox 1446 2858 1519 2881; x_wconf 86' lang='lat' dir='ltr'>maior</span> <span class='ocrx_word' id='word_1_953' title='bbox 1540 2858 1608 2880; x_wconf 82' lang='lat' dir='ltr'>buius</span> <span class='ocrx_word' id='word_1_954' title='bbox 1633 2857 1762 2885; x_wconf 81' lang='lat' dir='ltr'>argumenti</span> <span class='ocrx_word' id='word_1_955' title='bbox 1787 2857 1818 2879; x_wconf 89' lang='lat' dir='ltr'>la-</span> 
     </span>
     <span class='ocr_line' id='line_1_116' title="bbox 978 2903 1817 2934; baseline -0.004 -5"><span class='ocrx_word' id='word_1_956' title='bbox 978 2907 1044 2929; x_wconf 85' lang='lat' dir='ltr'>borat</span> <span class='ocrx_word' id='word_1_957' title='bbox 1061 2907 1116 2929; x_wconf 80' lang='lat' dir='ltr'>falso</span> <span class='ocrx_word' id='word_1_958' title='bbox 1134 2906 1265 2934; x_wconf 82' lang='lat' dir='ltr'>supposito,</span> <span class='ocrx_word' id='word_1_959' title='bbox 1282 2905 1345 2934; x_wconf 87' lang='lat' dir='ltr'>quod</span> <span class='ocrx_word' id='word_1_960' title='bbox 1362 2905 1451 2927; x_wconf 87' lang='lat' dir='ltr'>initium</span> <span class='ocrx_word' id='word_1_961' title='bbox 1468 2905 1525 2927; x_wconf 86' lang='lat' dir='ltr'>illud</span> <span class='ocrx_word' id='word_1_962' title='bbox 1542 2904 1646 2932; x_wconf 86' lang='lat' dir='ltr'>opusculi</span> <span class='ocrx_word' id='word_1_963' title='bbox 1662 2904 1696 2927; x_wconf 89' lang='lat' dir='ltr'>De</span> <span class='ocrx_word' id='word_1_964' title='bbox 1706 2903 1817 2933; x_wconf 81' lang='lat' dir='ltr'>Profeclu</span> 
     </span>
     <span class='ocr_line' id='line_1_117' title="bbox 978 2949 1818 2983; baseline -0.004 -7"><span class='ocrx_word' id='word_1_965' title='bbox 978 2953 1161 2983; x_wconf 67' lang='lat' dir='ltr'>Reliqz‘osorum:</span> <span class='ocrx_word' id='word_1_966' title='bbox 1179 2953 1206 2975; x_wconf 85' lang='lat' dir='ltr'>ln</span> <span class='ocrx_word' id='word_1_967' title='bbox 1221 2951 1300 2981; x_wconf 79' lang='lat' dir='ltr'>priori</span> <span class='ocrx_word' id='word_1_968' title='bbox 1314 2951 1420 2981; x_wconf 73' lang='lat' dir='ltr'>sot-mula</span> <span class='ocrx_word' id='word_1_969' title='bbox 1436 2950 1591 2979; x_wconf 74' lang='lat' dir='ltr'>novitiorum,</span> <span class='ocrx_word' id='word_1_970' title='bbox 1604 2957 1676 2981; x_wconf 78' lang='lat' dir='ltr'>quam</span> <span class='ocrx_word' id='word_1_971' title='bbox 1687 2950 1774 2977; x_wconf 72' lang='lat' dir='ltr'>scripsi</span> <span class='ocrx_word' id='word_1_972' title='bbox 1790 2949 1818 2973; x_wconf 80' lang='lat' dir='ltr'>de</span> 
     </span>
    </p>
   </div>
  </div>
 </body>
</html>
