2133 3317
36 1892 80 1912 1130.

24 2063 81 2098 ῇῐεῐ.

538 228 734 258 OPUSCULUM
755 227 784 256 Π,
807 227 976 256 SPECULUM
998 227 1240 256 CONSCIENTIAE.
1262 227 1330 256 CAP.
1353 228 1371 256 Ι.

84 318 112 335 ex
129 308 235 337 invidia,
254 308 294 333 vel
318 307 450 332 indiscreto
475 307 526 332 zelo
549 306 668 331 iustitiae.
685 306 836 337 Quandoque
860 305 924 330 enim

83 352 221 383 contingit,
249 351 316 376 mala
343 351 448 376 aliorum
472 349 539 374 facta
568 356 597 374 ex
620 349 727 380 quadam
755 348 925 380 indignatione

83 396 122 421 vel
151 394 254 419 levitate
284 393 400 425 loquendi
426 399 471 417 nec
501 391 639 417 intentione
668 391 812 416 diffamandi
839 391 926 416 contra

83 438 188 469 aliquem
208 437 301 461 malum
323 436 434 465 recitari,
453 435 492 460 vel
514 435 589 459 etiam
608 435 756 466 aggravari,
777 434 842 466 quod
861 434 927 459 esset

56 501 61 506 .
85 481 173 505 durum
203 480 310 504 iudicare
340 478 453 504 mortale.
480 478 534 503 Hoc
561 478 644 502 tamen
675 485 690 502 a
718 477 842 508 plerisque
874 484 927 501 ma-

83 524 122 555 gis
140 522 241 552 dicitur,
260 521 325 553 quod
343 522 435 546 crimen
459 520 564 545 alterius
582 520 656 545 etiam
675 527 761 545 verum
786 519 856 544 extra
878 526 927 544 cor-

83 565 199 591 rectionis
217 564 324 590 ordinem
351 563 463 588 revelare
489 563 595 588 mortale
613 563 660 588 est.
679 562 743 588 Ordo
770 562 928 588 correctionis

84 608 208 634 fraternae
233 606 271 632 est
296 614 311 631 a
336 606 452 635 Domino,
477 606 600 630 Matthaei
627 606 718 631 decimo
746 605 832 630 octavo
847 604 869 629 ¹:
899 605 929 630 Si

79 651 222 683 peccaverit
249 650 276 674 in
304 651 326 674 te
353 648 436 679 frater
459 650 533 680 tuus,
552 649 581 673 in
606 650 646 678 te,
666 648 690 673 id
718 648 756 673 est
774 648 798 673 te
822 648 929 677 sciente,

84 693 146 719 vade
164 694 188 718 et
204 693 305 723 corripe
323 699 379 717 eum
399 692 444 717 etc.
467 692 515 716 Hic
533 692 607 716 etiam
626 691 690 716 circa
709 691 783 716 istam
800 690 929 715 materiam

88 735 127 761 est
144 735 294 764 notandum,
309 735 373 766 quod
386 736 478 759 crimen
491 735 595 759 alterius
608 734 735 766 detegere,
754 734 796 758 ubi
809 741 858 759 non
876 733 932 764 pot-

88 778 126 803 est
144 778 260 809 prodesse
284 778 333 802 nisi
357 777 388 801 ad
416 776 623 805 diffamationem,
648 776 687 801 est
710 776 797 801 contra
822 775 931 801 ordinem

88 821 245 846 correctionis
264 820 398 845 fraternae.

158 863 200 888 26.
219 863 296 892 Item,
310 871 338 888 011
351 862 433 887 medio
452 863 556 887 duorum
574 870 699 887 ramorum
718 862 824 886 invidiae
843 862 934 886 descri—

89 907 188 939 ptorum
209 906 319 938 procedit
336 913 425 930 ramus
450 905 578 930 rancoris.
598 905 658 930 Cum
685 906 749 930 enim
768 905 866 929 invidus
891 905 934 930 bo-

89 957 148 975 num
167 950 272 981 proximi
290 956 339 974 non
359 948 442 980 potest
460 949 595 973 diminuere
613 955 658 972 nec
679 948 756 972 eidem
781 948 874 972 malum
899 948 933 971 in-

89 992 166 1021 ferre,
185 992 326 1023 prorumpit
343 992 369 1016 in
393 990 477 1016 cordis
501 998 643 1015 rancorem.
668 990 715 1015 Est
734 990 817 1014 autem
839 997 934 1014 rancor

89 1034 172 1060 motus
190 1034 269 1060 cordis
288 1034 373 1065 gravis
393 1041 422 1058 ex
443 1033 509 1057 mala
528 1032 656 1058 affectione
675 1033 808 1064 procedens
832 1033 858 1057 in
878 1039 935 1063 pro-

89 1078 181 1103 ximum
200 1078 225 1102 et
249 1077 324 1102 habet
348 1077 469 1101 rationem
488 1076 615 1105 mortalis,
641 1076 661 1100 si
681 1083 710 1100 ex
733 1075 826 1100 invidia
851 1082 935 1106 proce-

90 1121 134 1146 dat
146 1119 165 1152 '‚
192 1121 231 1145 vel
258 1120 338 1145 libera
362 1119 500 1144 voluntate.
528 1119 566 1143 Ex
590 1118 669 1143 libera
693 1118 776 1143 autem
804 1118 935 1142 voluntate

90 1164 156 1193 dico,
175 1163 234 1195 quia
252 1162 374 1194 contingit
392 1162 531 1191 interdum,
551 1162 615 1193 quod
634 1162 724 1192 aliquis
740 1161 812 1186 homo
833 1161 935 1192 propter

91 1214 160 1232 suam
179 1206 383 1237 ineptitudinem,
410 1205 449 1230 vol
473 1204 571 1229 illatam
589 1205 706 1229 iniuriam
731 1205 782 1229 sine
801 1204 870 1229 motu
888 1204 935 1228 dis-

91 1249 222 1282 plicentiae
239 1248 317 1274 videri
342 1255 392 1273 non
418 1247 514 1278 potest3
534 1247 598 1278 quod
616 1247 714 1278 quidem
733 1247 758 1271 111
777 1246 864 1271 11101115
886 1253 935 1271 1113-

91 1293 130 1325 gis
148 1292 224 1317 habet
242 1292 363 1316 rationem
372 1291 505 1322 passionis
523 1297 597 1322 quam
606 1290 719 1321 peccati,
738 1290 795 1314 dum
817 1289 935 1315 voluntas

70 1354 75 1359 .
91 1336 170 1361 libera
187 1342 237 1360 11011
249 1334 380 1360 consentit.
393 1348 429 1352 —
440 1334 478 1358 Ex
495 1333 541 1359 hoc
554 1334 637 1358 autem
656 1340 730 1358 ramo
746 1333 863 1358 rancoris
882 1340 936 1364 pro-

92 1379 156 1404 cedit
172 1385 263 1403 ramus
281 1378 348 1408 odii,
368 1378 410 1409 (101
429 1377 558 1401 manifeste
577 1376 652 1401 habet
670 1377 790 1401 rationem
810 1376 935 1405 mortalis,

92 1423 150 1454 quia
169 1421 249 1446 rectae
268 1420 368 1446 caritati
381 1419 527 1451 opponitur,
545 1420 570 1444 in
584 1427 633 1451 qua
654 1419 707 1444 vita
723 1419 820 1444 animae
838 1426 936 1444 conser—

92 1465 174 1490 vatur.
193 1464 246 1489 Hoc
264 1464 339 1488 etiam
364 1462 542 1487 adverte-ndum
561 1462 612 1492 est,
637 1462 701 1493 quod
723 1469 772 1486 non
797 1462 875 1487 solum
899 1469 936 1486 se-

92 1507 199 1533 cundum
222 1506 380 1538 praeceptum
405 1505 519 1530 tenemur
543 1505 644 1536 diligere
667 1505 775 1535 amicos,
795 1505 837 1529 sed
861 1505 936 1529 etiam

93 1550 211 1575 inimicos
229 1549 255 1574 et
271 1549 370 1580 malos,
389 1548 481 1573 vitiam
499 1548 582 1572 tamen
601 1548 627 1572 in
646 1548 728 1579 aliquo
752 1555 801 1572 non
824 1547 937 1572 tenemur

93 1592 202 1624 diligere.
222 1591 292 1616 Unde
317 1591 342 1616 et
361 1591 382 1615 si
400 1591 455 1622 quis
481 1590 568 1615 contra
587 1591 663 1614 alium
682 1591 811 1615 moveatur
836 1590 938 1621 propter

94 1636 146 1660 eius
164 1635 270 1666 vitium,
289 1634 434 1666 quandoque
453 1641 502 1659 non
522 1634 561 1658 est
579 1634 681 1662 vitium,
701 1633 742 1658 sed
767 1634 862 1663 virtus,
881 1633 939 1658 licet

95 1678 240 1710 quandoque
259 1678 326 1702 zelus
338 1676 487 1702 indiscretus
506 1677 570 1701 circa
582 1676 628 1702 hoc
647 1676 726 1708 possit
745 1676 901 1707 contingere3
915 1676 940 1700 et

95 1721 130 1746 sic
141 1721 224 1746 oditur
235 1720 336 1750 vitium,
350 1720 414 1751 quod
426 1720 559 1751 aliquando
572 1719 695 1744 redundat
706 1720 732 1744 in
746 1726 884 1750 personam.
895 1719 940 1744 De-

93 1764 154 1789 bent
166 1764 259 1793 autem,
271 1763 404 1788 secuudum
417 1763 586 1794 Augustinum
597 1763 622 1787 in
635 1763 737 1794 Speculo
748 1761 765 1791 ³.
779 1763 869 1794 corrigi
879 1762 941 1787 vitia

94 1806 221 1832 hominum
240 1816 253 1829 κ
266 1813 321 1831 cum
335 1806 464 1831 dilectione
482 1813 643 1837 personarum
666 1805 691 1830 et
712 1805 765 1830 odio
786 1806 903 1830 vitiorum
916 1815 940 1830 »-

166 1849 208 1874 27.
234 1850 271 1874 Ex
295 1856 364 1874 ramo
388 1849 472 1873 autem
500 1848 553 1874 odii
580 1848 659 1873 oritur
687 1855 776 1873 ramus
806 1848 867 1873 irae.
895 1848 943 1872 Est

97 1892 180 1917 autem
198 1893 250 1922 ira,
270 1891 345 1923 prout
366 1891 406 1916 hic
425 1891 560 1922 accipitur,
585 1890 742 1915 inordinatus
766 1891 840 1915 animi
860 1890 942 1915 motus

98 1935 130 1960 ad
147 1935 283 1960 nocendum
302 1935 412 1966 proximo
431 1934 483 1958 sine
502 1941 590 1963 03053,
610 1933 636 1958 01
653 1941 708 1958 cum
727 1933 760 1958 sit
779 1933 865 1959 contra
884 1934 943 1958 cari-

98 1978 187 2007 tatem,
207 1977 283 2002 habet
300 1976 430 2002 manifeste
450 1977 571 2001 rationem
590 1976 711 2001 mortalis.
729 1976 782 2001 Hoc
801 1976 884 2001 tamen
903 1983 945 2001 no-

98 2020 202 2046 tandum
222 2020 269 2050 est,
291 2020 355 2051 quod
374 2019 499 2051 quaelibet
516 2020 554 2044 ira
574 2026 623 2044 non
642 2018 713 2044 debet
731 2019 832 2043 iudicari
851 2019 945 2044 morta-

98 2064 138 2089 lis.
158 2063 294 2088 Secundum
313 2063 376 2087 enim
396 2062 541 2094 Gregorium
553 2061 562 2074 ⁴
582 2062 620 2086 est
638 2062 681 2086 ira
694 2069 742 2093 por
760 2061 842 2086 zelam
861 2062 886 2086 et
904 2062 945 2086 ira

94 2114 144 2138 per
162 2106 261 2131 vitium.
279 2105 327 2130 Est
345 2105 427 2130 autem
447 2105 488 2129 ira
501 2112 550 2135 per
569 2105 664 2135 zelum,
684 2112 739 2129 cum
764 2105 819 2136 quis
838 2104 945 2129 multum

99 2149 195 2174 intense
217 2148 305 2174 contra
324 2148 417 2173 malum
441 2148 555 2173 movetur
579 2148 604 2172 et
628 2148 654 2172 in
673 2146 826 2178 punitionem
851 2147 944 2177 tendit,

99 2192 165 2225 quod
182 2192 279 2224 quidem
298 2192 400 2216 virtutis
419 2191 471 2220 est,
491 2191 539 2215 nisi
558 2191 603 2216 zeli
621 2191 762 2215 indiscretio
783 2190 945 2220 interveniat,

101 2236 166 2261 sicut
183 2235 212 2260 de
237 2235 290 2260 odio
316 2234 455 2259 immediate
483 2234 522 2259 est
546 2234 647 2258 dictum.
666 2233 716 2258 Ira
738 2234 821 2258 autem
835 2240 884 2264 per
909 2234 947 2258 vi-

102 2279 166 2303 tium
185 2278 237 2307 est,
255 2285 310 2303 cum
332 2277 387 2309 quis
407 2277 494 2302 contra
518 2277 657 2307 proximum
675 2276 789 2302 movetur
806 2276 898 2301 iniuste
922 2276 947 2301 et

101 2321 133 2346 ad
151 2322 203 2346 eius
222 2328 325 2352 poenam
344 2320 464 2350 intendit;
485 2320 509 2344 et
528 2320 686 2351 quandoque,
706 2320 770 2344 sicut
788 2320 817 2344 de
839 2320 895 2344 aliis
913 2320 947 2344 vi-

102 2364 144 2389 tiis
163 2364 202 2389 est
219 2364 325 2393 dictum,
345 2364 405 2388 talis
427 2363 508 2388 motus
527 2362 656 2393 praevenit
668 2362 783 2387 iudicium
802 2362 907 2387 rationis
919 2369 948 2386 ex

102 2407 281 2438 complexione,
300 2406 340 2431 vel
359 2413 387 2431 ex
406 2413 481 2430 causa
499 2405 564 2435 alia,
583 2405 608 2430 et
624 2405 684 2429 tunc
705 2412 754 2430 non
779 2405 854 2429 habet
875 2404 948 2429 ratio-

102 2456 158 2474 nem
176 2449 298 2474 mortalis.

175 2491 217 2516 28.
236 2492 273 2516 Ex
291 2492 336 2517 hoc
354 2491 438 2516 autem
453 2499 527 2516 ramo
546 2491 602 2515 irae
615 2490 726 2521 procedit
743 2497 833 2514 ramus
852 2490 950 2521 appea-

81 2539 93 2567 ζ
106 2535 147 2560 ms
167 2535 294 2560 vindictae
323 2534 348 2559 et
375 2533 474 2564 fructus
502 2533 661 2558 crudelitatis
686 2533 711 2557 et
737 2532 830 2562 folium
858 2532 950 2557 discor-

107 2578 178 2610 diae,
197 2585 259 2609 quae
278 2577 393 2603 consistit
411 2578 437 2602 111
455 2577 547 2602 verbis.
565 2590 601 2594 —
619 2576 689 2601 Circa
708 2576 848 2607 appetitum
867 2575 951 2600 vindi-

78 2636 83 2641 ·
107 2621 161 2646 ctae
179 2620 302 2652 intellige,
322 2620 386 2652 quod
405 2620 495 2651 aliquis
515 2618 648 2644 vindictam
668 2619 697 2643 de
719 2618 801 2649 aliquo
820 2617 951 2649 dupliciter

1769 227 1823 255 6⁶29

982 305 1065 337 potest
1083 305 1216 337 appetere:
1236 306 1281 330 aut
1304 306 1330 330 in
1350 305 1470 337 quantum
1498 305 1537 330 est
1555 306 1582 330 in
1607 305 1722 337 proximi
1749 311 1827 329 nocu-

981 349 1092 373 mentum
1112 348 1137 372 et
1155 348 1265 379 procedit
1286 356 1315 373 ex
1333 348 1401 378 odio;
1420 348 1465 373 aut
1477 349 1503 373 in
1522 348 1644 380 quantum
1661 355 1705 379 per
1724 354 1827 379 poenam

983 390 1065 421 potest
1082 391 1180 421 corripi
1193 391 1345 422 promimus,
1363 399 1394 416 ne
1410 391 1442 416 de
1460 392 1540 416 cetero
1559 391 1590 415 ad
1613 390 1739 422 peccatum
1758 390 1828 415 decli-

983 433 1039 463 net3
1058 433 1083 458 et
1101 433 1147 458 hoc
1174 433 1244 458 modo
1271 433 1406 458 vindictam
1425 434 1541 465 appetere
1568 441 1617 458 11011
1637 433 1675 458 est
1703 433 1796 458 malum
1809 432 1828 457 ⁵.

983 475 1037 501 Hoc
1055 476 1137 500 autem
1151 483 1207 500 vere
1227 477 1332 507 puniens
1351 476 1423 501 debet
1441 476 1580 506 advertere,
1600 476 1664 508 quod
1683 476 1829 507 quandoque

984 518 1083 543 sibimet
1101 526 1170 543 mens
1189 519 1309 543 mentitur
1334 519 1359 544 et
1378 519 1441 550 quod
1459 519 1519 544 facit
1537 527 1566 544 ex
1586 519 1640 544 odio
1658 526 1686 543 ex
1705 519 1769 544 bona
1792 519 1830 543 in-

985 561 1094 586 tentione
1114 560 1166 585 fieri
1194 561 1240 585 sibi
1262 561 1309 592 ipsi
1338 561 1454 591 simulat,
1477 561 1502 586 et
1529 562 1554 586 in
1582 561 1627 586 hoc
1655 561 1828 586 conscientiam

985 611 1055 629 suam
1074 604 1224 629 mendaciter
1242 604 1368 629 informat.

1057 647 1099 671 29.
1118 647 1155 671 Ex
1173 655 1246 672 ramo
1260 647 1388 678 appetitus
1400 647 1526 672 vindictae
1545 647 1659 672 oriuntur
1677 647 1702 671 hi
1715 646 1830 677 fructus.-
1842 647 1976 667 'tressi-uetus.

987 690 1130 721 calumnia,
1150 690 1249 714 vexatio
1269 690 1294 714 et
1312 690 1495 720 damnificatio.
1508 704 1543 708 —
1560 689 1697 715 Oaiamnia
1716 690 1755 714 est
1767 689 1831 714 falsa
1847 689 1953 708 Calumnia.

987 733 1097 757 criminis
1116 733 1240 763 impositio
1258 733 1283 757 et
1302 733 1340 757 est
1361 733 1491 757 manifeste
1510 732 1626 762 mortale,
1645 733 1702 764 quia
1722 732 1760 757 est
1780 740 1832 764 per-

988 777 1106 801 niciosum
1126 776 1293 805 mendacium,
1313 777 1370 807 quia
1392 776 1502 807 procedit
1520 784 1548 801 ex
1567 776 1632 805 odio,
1652 776 1677 800 et
1696 776 1753 807 quia
1772 776 1832 800 iniu-

989 819 1059 843 stitia
1078 818 1204 843 invenitur
1222 818 1319 843 ibidem.

1059 861 1106 885 Est
1124 861 1207 886 autem
1225 862 1336 892 vexatio,
1360 868 1414 886 cum
1437 862 1492 892 quis
1517 862 1593 886 alium
1618 861 1698 886 trahit
1717 861 1747 886 ad
1772 861 1832 886 iudi·
1849 860 1936 879 me-

989 904 1053 928 cium
1073 904 1125 928 sine
1153 911 1227 928 causa
1250 904 1275 928 et
1303 904 1384 935 ipsum
1403 905 1429 928 in
1457 911 1562 935 persona
1581 912 1627 929 sua
1654 904 1727 929 vexat
1755 905 1780 929 et
1807 904 1832 928 in

990 947 1103 978 expensis
1116 946 1272 975 damnificat,
1292 947 1357 978 quod
1370 946 1400 971 fit
1415 947 1560 978 quandoque
1575 954 1618 978 per
1630 947 1707 971 falsas
1719 947 1832 977 litteras,

990 990 1029 1014 vel
1048 989 1111 1014 falso
1130 989 1291 1020 impetrataS,
1311 990 1349 1014 vel
1363 997 1411 1014 non
1431 997 1501 1019 suas,
1521 990 1563 1014 sed
1582 990 1700 1018 alterius,
1720 990 1758 1014 vel
1772 990 1833 1014 iuris

990 1031 1074 1056 ordine
1094 1031 1281 1062 praetermisso,
1300 1032 1340 1056 vel
1359 1032 1389 1056 ad
1408 1032 1571 1062 impossibilia
1593 1032 1738 1063 obligando,
1757 1032 1786 1056 ut
1805 1032 1835 1056 ci-

990 1074 1066 1099 tando
1085 1081 1167 1099 coram
1180 1074 1284 1098 diversis
1297 1074 1418 1099 iudicibus
1436 1075 1468 1098 ad
1486 1075 1539 1099 loca
1552 1074 1672 1099 distantia
1686 1075 1789 1103 iniuste,
1810 1075 1835 1099 in

991 1117 1080 1148 quibus
1099 1117 1196 1141 casibus
1210 1115 1219 1128 ⁶
1238 1124 1287 1142 non
1307 1117 1385 1142 solum
1399 1118 1454 1148 quis
1473 1117 1558 1148 peccat
1577 1117 1729 1148 mortaliter,
1750 1125 1835 1142 verum

992 1161 1067 1185 etiam
1086 1160 1117 1184 ad
1136 1160 1319 1185 restitutionem
1339 1161 1447 1185 omnium
1463 1161 1609 1185 damnorum
1628 1161 1653 1185 et
1671 1168 1835 1192 expensarum

992 1203 1100 1228 tenetur.

1062 1246 1140 1275 Item,
1161 1245 1336 1276 damnificatio
1350 1246 1399 1275 est,
1413 1253 1468 1271 cum
1487 1247 1542 1277 quis
1558 1246 1582 1270 in
1602 1246 1781 1277 temporalibus
1796 1246 1836 1271 bo·
1852 1246 1982 1293 Dagnffiffieffl

991 1289 1031 1314 nis
1050 1288 1206 1317 damnificat,
1227 1288 1292 1319 quod
1310 1288 1384 1313 etiam
1403 1289 1441 1313 est
1453 1287 1461 1301 ⁷
1474 1289 1587 1314 mortale.
1601 1289 1654 1314 Hoc
1666 1289 1740 1314 etiam
1754 1289 1837 1320 potest

992 1332 1045 1357 fieri
1064 1332 1209 1363 dupliciter:
1230 1331 1275 1356 aut
1293 1331 1451 1362 impediendo
1473 1332 1567 1356 bonam
1589 1332 1716 1361 habitum,
1736 1332 1775 1356 vel
1793 1332 1839 1356 ha-

992 1375 1110 1405 bendum,
1124 1375 1169 1400 aut
1186 1375 1286 1399 malum
1298 1374 1445 1405 inferendo;
1457 1375 1522 1406 quod
1534 1375 1609 1400 etiam
1622 1375 1652 1399 fit
1665 1375 1778 1406 pluribus
1790 1382 1839 1400 mo-

992 1419 1043 1447 dis,
1063 1419 1104 1450 qui
1124 1425 1167 1449 per
1186 1418 1284 1443 modum
1303 1417 1401 1447 fructus
1419 1419 1445 1442 in
1463 1418 1550 1443 arbore
1569 1418 1751 1443 describuntur.
1769 1418 1838 1443 Unde

992 1463 1056 1487 circa
1074 1461 1120 1486 hoc
1138 1461 1176 1486 est
1188 1461 1339 1489 notandum,
1359 1461 1423 1492 quod
1441 1461 1548 1492 quinque
1561 1461 1639 1486 modis
1658 1462 1696 1485 est
1714 1468 1771 1485 reus
1784 1461 1839 1492 quis
1851 1459 1984 1501 (ffliffiffnffi‘f

992 1505 1018 1529 in
1037 1503 1235 1528 damnificatione
1254 1504 1371 1534 proximi,
1392 1503 1484 1528 scilicet
1497 1502 1612 1533 faciendo
1619 1523 1625 1535 ‚
1642 1503 1823 1534 praecipiendo
1830 1523 1836 1535 ,
1887 1506 1949 1524 caudi-

993 1547 1119 1578 iuvando,
1139 1546 1290 1571 consulendo
1309 1547 1335 1571 et
1353 1546 1556 1578 dissimulando,
1576 1554 1630 1571 0001
1651 1546 1775 1578 prohiberi
1788 1546 1840 1578 pot-

994 1590 1033 1614 est
1052 1590 1090 1614 vel
1103 1589 1216 1620 impediri
1229 1589 1347 1614 damnum
1364 1590 1468 1620 proximi
1487 1590 1512 1614 et
1524 1590 1665 1615 voluntarie
1684 1590 1839 1619 sustinetur3

995 1633 1020 1658 et
1039 1633 1146 1664 quatuor
1164 1632 1262 1657 casibus
1280 1633 1359 1663 primo
1378 1632 1450 1657 dictis
1469 1633 1511 1664 qui
1530 1633 1564 1657 sic
1583 1640 1639 1658 reus
1658 1633 1696 1657 est
1714 1633 1745 1657 ad
1768 1632 1841 1657 resti-

996 1675 1117 1700 tutionem
1136 1674 1250 1705 tenetur,
1269 1675 1294 1700 et
1312 1675 1338 1700 in
1361 1675 1475 1700 omnibus
1494 1675 1550 1700 istis
1569 1675 1608 1700 est
1631 1676 1757 1706 peccatum
1776 1682 1841 1700 mor—

996 1718 1061 1748 tale,
1081 1718 1196 1749 quoniam
1215 1718 1275 1743 haec
1300 1718 1382 1743 omnia
1407 1718 1497 1743 directe
1516 1718 1616 1743 caritati
1641 1719 1745 1749 proximi
1768 1725 1841 1749 oppo-

997 1762 1101 1786 nuntur.
1120 1761 1174 1786 Hoc
1192 1761 1275 1785 autem
1294 1761 1359 1786 circa
1382 1760 1612 1786 dissimulationem
1630 1761 1714 1786 damni
1737 1761 1841 1786 alterius

998 1805 1036 1830 est
1055 1804 1247 1833 advertendum,
1266 1804 1330 1835 quod
1349 1803 1453 1828 alterius
1476 1804 1593 1828 damnum
1618 1804 1774 1829 dissimulare
1792 1812 1842 1830 non

999 1854 1095 1878 semper
1107 1847 1146 1871 est
1164 1846 1321 1871 iudicandum
1335 1846 1451 1877 mortale,
1472 1846 1547 1878 puta,
1567 1854 1622 1871 cum
1635 1847 1690 1878 quis
1709 1855 1738 1871 ex
1754 1847 1842 1872 timore

999 1890 1079 1921 magis
1098 1897 1170 1921 quam
1191 1897 1219 1914 ex
1237 1890 1275 1914 ira
1297 1890 1337 1914 vel
1356 1889 1409 1915 odio
1433 1889 1588 1921 dissimulat,
1608 1890 1709 1919 timens,
1730 1898 1759 1915 110
1779 1890 1842 1915 forte

1000 1932 1170 1957 malefactores
1188 1932 1275 1957 contra
1294 1932 1375 1963 ipsum
1394 1932 1554 1962 moveantur,
1574 1932 1600 1957 et
1617 1933 1642 1957 in
1656 1932 1773 1957 damnum
1786 1939 1844 1964 pro-

1000 1976 1082 2007 prium
1101 1975 1180 2007 possit
1207 1975 1349 2007 aliqualiter
1377 1976 1527 2006 redundare,
1557 1975 1631 2000 etiam
1656 1976 1681 2000 in
1708 1983 1781 2005 casu,
1801 1976 1843 2001 ubi

1001 2018 1163 2050 probabiliter
1175 2017 1265 2047 credit,
1280 2018 1344 2049 quod
1362 2025 1407 2043 sua
1426 2018 1543 2044 correctio
1556 2026 1605 2044 non
1626 2018 1760 2050 prodesset.
1774 2018 1843 2043 Unde

1002 2061 1160 2093 Augustinus
1179 2062 1258 2093 primo
1272 2062 1301 2086 de
1315 2061 1421 2086 Civitate
1435 2062 1479 2086 Dei
1490 2060 1513 2086 ⁸:
1538 2072 1550 2084 ⁶<
1560 2062 1584 2086 Si
1597 2063 1699 2093 quisque
1712 2062 1844 2093 propterca

1002 2104 1161 2136 obiurgandis
1180 2104 1205 2129 et
1223 2104 1385 2135 corripiendis
1403 2105 1469 2129 mala
1488 2104 1620 2136 agentibus
1639 2105 1733 2136 parcit,
1758 2112 1788 2130 ne
1806 2105 1844 2129 de-

1002 2147 1105 2172 teriores
1123 2147 1275 2177 efficiantur,
1301 2155 1350 2173 non
1368 2148 1467 2172 videtur
1489 2155 1542 2173 esse
1569 2148 1713 2180 cupiditatis
1737 2149 1845 2180 occasio,

1002 2191 1044 2216 sed
1063 2191 1192 2215 consilium
1210 2190 1325 2215 caritatis
1337 2201 1361 2216 ιι.

1074 2233 1116 2258 30.
1145 2233 1270 2258 Secundus
1297 2241 1386 2259 ramas
1413 2234 1468 2258 irae
1499 2233 1538 2258 est
1566 2233 1716 2265 crudelitas,
1742 2241 1770 2258 ex
1798 2241 1847 2265 qua
1860 2233 1993 2275 cffidssfflffugt

1003 2276 1118 2301 oriuntur
1136 2276 1162 2301 hi
1180 2275 1297 2306 fractas:
1321 2277 1505 2308 incaroeratio,
1526 2277 1670 2308 percussio,
1689 2276 1845 2308 verberatio,
1860 2262 1877 2276 ω
1986 2269 1993 2274 “

1004 2319 1132 2351 ducllum,
1153 2319 1261 2350 bellum,
1278 2319 1422 2350 mutilatio,
1441 2320 1544 2350 occisio,
1558 2320 1587 2344 de
1606 2320 1696 2351 quibus
1708 2319 1801 2350 aliquid
1815 2320 1848 2344 vi-

1004 2362 1114 2386 deamus.
1135 2376 1170 2379 —
1191 2362 1238 2386 Est
1260 2362 1344 2386 autem
1372 2362 1524 2391 crudelitas,
1544 2362 1676 2387 secundum
1701 2362 1816 2387 Senecam
1828 2360 1846 2392 ⁹,

1009 2413 1022 2425 ιι
1035 2403 1154 2429 atrocitas
1172 2404 1248 2428 animi
1266 2404 1292 2428 in
1311 2404 1436 2435 exigendis
1454 2405 1539 2435 poenis
1551 2414 1576 2428 n.
1595 2404 1632 2429 Ex
1644 2404 1690 2429 hoc
1714 2404 1789 2429 etiam
1806 2412 1848 2429 ra-

1005 2453 1062 2471 mus
1083 2446 1195 2476 feritatis
1213 2446 1332 2477 procedit.
1350 2446 1398 2471 Est
1416 2446 1499 2472 autem
1518 2446 1624 2478 feritas,
1643 2454 1696 2472 cum
1721 2448 1776 2478 quis
1798 2454 1848 2472 sae-

1006 2489 1043 2513 vit
1061 2489 1086 2513 in
1105 2490 1243 2520 proximum
1262 2489 1354 2521 absque
1372 2489 1456 2520 aliqua
1475 2490 1548 2521 culpa
1562 2489 1721 2521 praecedente
1739 2490 1765 2514 111
1783 2490 1848 2521 ipso,

1006 2531 1032 2556 et
1049 2532 1074 2556 in
1093 2531 1139 2556 hoc
1156 2539 1171 2556 a
1190 2531 1340 2557 crudelitate
1358 2531 1452 2562 differt,
1478 2533 1535 2563 quia
1553 2532 1692 2557 crudelitas
1716 2532 1755 2557 est
1773 2540 1850 2557 exces-

1007 2581 1050 2599 sus
1068 2575 1093 2598 in
1121 2574 1253 2606 infligendo
1274 2582 1378 2605 poenam
1406 2582 1451 2606 pro
1479 2574 1578 2606 peccato
1604 2575 1742 2600 commisso.
1767 2574 1850 2600 Habet

1007 2617 1090 2641 autem
1103 2617 1236 2648 utrumque
1248 2617 1369 2642 rationem
1383 2618 1507 2647 mortalis,
1525 2618 1582 2649 quia
1595 2617 1729 2649 opponitur
1741 2617 1850 2642 caritati.

1865 2361 1988 2380 Definitiuues

1897 2385 1952 2403 duae.

172 2794 179 2808 ¹
198 2796 264 2818 Veis.
286 2796 319 2817 15.
336 2795 382 2818 Cir.
400 2798 455 2817 tom.
473 2795 518 2817 vn.
536 2801 589 2822 pag.
608 2794 664 2821 428,
681 2797 732 2816 nota
751 2795 773 2817 5.

171 2826 180 2839 ²
198 2827 220 2848 111
238 2827 289 2849 coil.
313 2826 471 2849 desiderantur
493 2826 577 2848 verba:
600 2827 621 2848 ei
644 2825 711 2848 habea
736 2825 853 2848 rollonem
879 2832 953 2854 11511110

111 2857 253 2911 ΡΓοοξαίέέκε
271 2889 356 2928 {tegula
375 2888 402 2910 ad
421 2889 505 2937 Selrx-os
525 2888 580 2930 Dei,
600 2894 622 2922 n.
644 2887 665 2909 7.
683 2890 705 2923 et
722 2887 792 2915 Epist.
815 2887 868 2929 ²¹2¹!
890 2887 953 2913 (alias

114 2919 259 2973 ⁴⁰9')⁶ni7‹i‹t.·
272 2920 432 2978 ῐιιὲὓφιιῖιτξῖῗτῗι
444 2920 511 2972 1131101
529 2918 952 2979 ρι’(ἐιιιῖιιιξιὲι,Χάὶἒξὲᾛιίιῖἷιὲἰ111(ῗυέ

113 2981 310 3035 Ιῧὲἑῑιοῐίιιῖιὲῗῗιήά
329 2982 439 3004 excidisse
465 2984 533 3009 patet.
557 2981 644 3003 Deinde
669 2986 711 3008 pro
734 2980 782 3003 Hoc
802 2981 882 3003 aulem
900 2980 952 3003 Vat.

1071 2793 1081 2805 ⁶
1099 2794 1149 2816 Vnt.
1166 2799 1288 2822 perperam
1313 2792 1392 2816 causis
1417 2800 1459 2821 pro
1480 2792 1585 2821 casibus,
1606 2796 1628 2815 et
1652 2799 1721 2821 supra
1739 2793 1803 2815 addit
1830 2794 1852 2816 et

1009 2827 1060 2847 ante
1078 2824 1168 2847 iniuste.

1072 2855 1080 2868 ⁷
1100 2856 1150 2878 Vnt.
1167 2856 1189 2878 et
1204 2856 1236 2878 est
1254 2862 1295 2883 pro
1318 2854 1380 2885 quod
1405 2855 1475 2878 etiam
1494 2856 1540 2883 esi,
1558 2858 1580 2877 et
1597 2855 1691 2878 inferius
1709 2858 1759 2882 post
1776 2854 1851 2878 modis

1010 2893 1130 2915 perperam
1149 2892 1208 2915 quae
1226 2893 1268 2914 pro
1289 2886 1341 2916 qni,
1364 2887 1471 2908 omittens
1496 2886 1520 2908 in
1542 2890 1595 2908 anie
1619 2885 1808 2916 damnificaliom‘
1830 2888 1852 2908 et

1010 2918 1094 2961 rleincge
1111 2918 1181 2940 verba
1199 2916 1287 2940 scilicet
1301 2916 1419 2947 siwienclo,
1434 2916 1608 2947 praecipiendo.

1098 2949 1153 2976 Cap.
1170 2949 1192 2971 9.
1211 2955 1232 2970 n.
1251 2949 1272 2970 2.

1072 2978 1082 2992 ⁹
1099 2980 1160 3002 Libr.
1180 2980 1204 3001 ΙΙ,
1219 2979 1249 3002 de
1266 2979 1402 3007 Clementia,
1419 2985 1439 3001 (·.
1458 2979 1480 3001 4.
