2133 3317
131 356 257 383 Minister-irim

127 382 213 399 versatur
223 385 259 399 cu·-

127 409 150 422 ca
162 405 242 428 septem.

152 1059 204 1080 Item,
218 1059 262 1077 obe-

145 1083 217 1102 dientia
230 1087 262 1106 po-

144 1107 190 1130 puli.

174 1813 211 1831 Pro
223 1817 267 1831 eon·

136 1836 219 1855 sessione
235 1840 267 1859 pa·

137 1860 197 1879 actuali
210 1859 267 1878 ratio-

137 1888 171 1902 nes
180 1888 219 1902 sex.
227 1883 267 1901 Pri·

137 1912 174 1926 ma.

173 2000 266 2020 Secunda.

274 224 330 254 376

354 303 379 330 ὃ.
402 300 582 330 Ministerium
605 302 698 328 autem
713 298 796 327 officii
818 298 963 335 pastoralis
977 298 1051 327 circa
1072 298 1123 326 ista

275 352 379 386 septem
396 347 544 385 praecipue
559 349 702 379 versatur,
719 345 840 374 maxime
861 345 1059 381 plebanorum,
1074 344 1123 373 sci-

275 396 338 425 licet
359 395 458 423 docere
473 395 482 410 ¹
506 393 656 430 populum,
678 392 745 429 quid
774 392 900 426 credere,
923 391 991 428 quid
1016 391 1122 425 facere,

275 442 342 479 quid
363 448 477 474 cavere,
499 440 566 477 quid
587 447 700 476 sperare
721 442 748 467 et
769 439 835 476 quid
864 438 961 467 timere
989 438 1121 473 debeant;

274 489 355 522 item,
377 489 521 524 peccantes
543 486 683 523 corrigere
704 489 731 515 et
752 486 889 520 iudicare,
912 485 939 514 in
955 486 1124 514 consessione

274 535 381 564 solvere
402 537 429 562 et
450 533 536 570 ligare
556 541 608 570 pro
630 533 762 570 qualitate
777 533 957 567 meritorum;
980 533 1122 562 ecclesiam

274 581 411 615 officiare,
432 580 525 609 divina
539 580 680 609 celebrare
694 582 721 608 et
736 579 857 609 indicere
872 582 975 609 statuta
989 580 1124 609 Ecclesiae

275 628 309 656 de
339 627 415 656 feriis
443 629 470 655 et
490 627 523 655 de
544 627 619 661 aliis;
642 626 813 655 intercedere
841 635 892 663 pro
920 627 1022 663 populo
1050 626 1124 663 apud

274 675 363 703 Deum
384 674 488 703 orando
509 677 536 703 et
557 674 674 711 gratiam
696 674 735 702 eis
756 673 945 710 impetrando,
966 673 1045 710 quasi
1067 681 1124 702 me-

275 722 364 750 diator
385 721 457 749 inter
478 721 566 749 Deum
587 723 615 749 et
639 721 773 758 populum
789 720 815 755 2;
838 721 1014 749 Sacramenta
1039 721 1125 749 eccle-

276 769 384 798 siastica
405 771 432 797 et
453 769 627 805 sepulturam
648 768 687 796 eis
716 767 875 804 impendere
900 770 927 796 et
954 768 1007 796 alia
1034 776 1125 796 sacra-

275 816 419 849 mentalia3
442 815 628 852 indigentibus
650 815 677 843 in
692 815 824 852 parochia
845 823 896 851 pro
914 815 1041 851 possein
1064 822 1124 843 cor-

276 863 369 900 poreis
389 863 600 891 necessitatibus
627 862 661 891 de
689 862 773 891 rebus
801 862 932 891 ecclesiae
960 862 1124 897 subvenire;

277 911 436 947 exemplum
450 910 519 939 bene
533 910 640 938 vivendi
658 910 684 938 in
700 909 829 938 omnibus
844 917 873 938 se
885 909 975 946 ipsum
991 910 1125 946 praebere

278 956 429 985 secundum
453 956 623 985 honestatem
647 956 719 984 vitae
741 955 875 984 clericalis
890 955 910 983 ³.

358 1004 383 1031 6.
406 1003 567 1032 Obedientia
589 1011 653 1031 vero
674 1003 768 1039 populi
791 1002 825 1031 ad
846 1003 977 1039 plebanos
1007 1003 1035 1031 in
1057 1002 1100 1031 his
1115 1002 1127 1018 4

279 1050 401 1078 maxime
423 1050 562 1084 consistit,
584 1052 616 1078 ut
636 1050 789 1078 doctrinam
811 1057 909 1078 eorum
930 1053 957 1078 et
987 1049 1127 1086 praedica-

279 1097 381 1125 tionem
408 1100 511 1125 statuto
542 1100 667 1134 tempore
694 1099 721 1125 et
748 1097 808 1125 loco
833 1096 1005 1130 auscultent3
1032 1099 1064 1124 ut
1094 1096 1127 1125 de

279 1144 398 1181 peccatis
420 1144 477 1173 suis
499 1152 596 1173 eorum
618 1144 781 1172 correctioni
801 1143 961 1172 subiaceant
983 1143 1063 1171 iuxta
1084 1151 1128 1171 ca-

278 1199 383 1220 nonum
405 1191 542 1225 instituta;
565 1194 596 1219 ut
618 1191 703 1219 semel
724 1191 751 1219 in
773 1199 845 1219 anno
866 1190 900 1218 ad
926 1190 1018 1218 minus
1037 1190 1130 1218 omnia

278 1241 391 1275 peccata
413 1246 478 1272 sua,
500 1246 572 1275 quae
593 1241 660 1266 tunc
683 1238 800 1272 habent,
816 1237 855 1266 eis
874 1237 1075 1272 confiteantur;
1098 1241 1130 1266 ut

278 1285 306 1314 in
328 1285 486 1322 praecipuis
506 1285 582 1314 festis
604 1284 756 1314 secundum
779 1284 842 1313 iura
856 1284 889 1313 ad
905 1284 1050 1321 parochias
1065 1292 1129 1313 con-

280 1333 406 1365 veniant,
437 1332 547 1361 Missam
575 1332 715 1366 audituri;
742 1335 773 1360 ut
796 1333 975 1360 Sacramenta
1002 1331 1130 1359 ecclesia-

280 1379 348 1408 stica
369 1379 403 1408 ab
425 1379 464 1408 eis
485 1379 620 1415 recipiant
648 1382 674 1407 et
699 1379 873 1415 sepulturam
902 1382 929 1407 et
953 1378 1129 1412 huiusmodi,

280 1429 313 1454 ut
333 1426 434 1454 indicta
455 1426 603 1460 feriarum,
626 1426 794 1454 ieiuniorum
816 1428 843 1454 et
864 1425 916 1453 alia
944 1425 1131 1454 denuntianda

280 1472 315 1501 ab
336 1473 375 1501 eis
396 1475 522 1506 servent;
545 1476 577 1501 ut
597 1472 732 1506 decimas,
753 1472 904 1501 oblationes
925 1476 952 1501 et
967 1473 1020 1501 alia
1040 1472 1132 1501 debita

281 1519 321 1548 eis
341 1520 501 1556 persolvant
521 1519 675 1549 secundum
703 1528 840 1548 canonum
869 1520 996 1548 instituta
1010 1519 1030 1547 ⁵.
1058 1520 1132 1547 Nova

281 1574 348 1595 vero
370 1569 471 1595 statuta
487 1567 590 1603 populo
611 1567 797 1603 superaddere
820 1567 927 1603 plebani
951 1575 1005 1595 non
1020 1566 1130 1601 debent,

281 1621 316 1642 ne
337 1613 385 1642 fiat
405 1613 560 1642 obedIentia
580 1622 705 1643 onerosa.
722 1614 791 1642 Haec
805 1614 906 1642 debent
921 1613 1023 1642 subditi
1039 1613 1131 1650 pleba-

281 1661 324 1689 nis
342 1660 412 1693 suis‚
429 1663 519 1689 tamen
534 1669 598 1690 cum
613 1661 824 1697 exceptionibus
838 1661 908 1689 iuris
922 1661 1131 1697 privilegiorum

282 1711 309 1737 et
330 1708 538 1737 consuetudinis
558 1708 726 1745 approbatae
751 1711 778 1736 et
807 1708 916 1737 licentia
943 1707 1130 1744 superiorum.

363 1757 388 1783 7.
411 1755 489 1792 Quod
511 1763 577 1784 vero
598 1755 683 1784 semel
704 1755 732 1783 in
750 1763 822 1783 anno
836 1755 952 1792 quilibet
967 1754 1132 1783 confiteatur

283 1803 397 1840 proprio
418 1802 552 1831 sacerdoti
578 1802 670 1831 omnia
696 1805 808 1839 peccata
833 1802 919 1836 sua⁶,
949 1802 992 1830 his
1020 1809 1070 1830 sex
1099 1802 1133 1830 de

284 1850 374 1879 causis
395 1853 530 1879 statutum
552 1852 605 1879 est:
628 1849 735 1886 primo,
757 1852 789 1878 ut
807 1852 901 1886 pastor
922 1852 1081 1886 cognoscat,
1103 1848 1131 1877 in

284 1906 340 1935 quo
361 1901 435 1927 statu
456 1897 573 1934 quilibet
593 1897 806 1925 commissorum
828 1896 878 1925 sibi
901 1896 953 1930 sit,
975 1898 1007 1925 ut
1035 1904 1134 1925 secun-

283 1944 349 1973 dum
371 1945 424 1973 hoc
445 1944 512 1973 sciat
533 1944 558 1973 ei
579 1944 742 1973 medicinam
764 1946 966 1980 competentem
997 1943 1133 1972 exhibere

284 1991 483 2026 instructionis,
499 1991 687 2025 correctionis,
702 1991 896 2020 consolationis
908 1990 927 2018 ⁷.
942 2007 982 2011 —
997 1990 1133 2024 Secundo,

450 222 647 252 OPUSCULUM
669 221 735 250 XlV.
758 220 865 257 QUARE
886 220 1033 248 FRATRES
1054 220 1121 249 MlN.
1143 220 1348 249 PRAEDICENT
1371 220 1411 248 ET
1433 219 1674 248 CONFESSIONES
1695 218 1847 248 AUDIANT.

1179 301 1211 327 ut
1231 301 1341 333 noscat,
1357 298 1460 335 quibus
1474 298 1561 334 possit
1575 297 1675 326 Christi
1691 305 1793 334 corpus
1807 297 1966 334 indulgere,
1982 299 2025 328 vel

1180 353 1250 382 quos
1271 354 1287 373 a
1303 345 1486 373 Sacramentis
1500 352 1604 373 arcere.
1621 360 1658 365 —
1680 344 1787 379 Tertio,
1803 352 1837 373 ne
1852 352 1902 381 per
1916 345 2025 382 longam
2042 352 2107 373 rema.

1180 392 1316 421 incuriam
1337 392 1489 420 multorum
1512 391 1694 419 conscientiae
1715 391 1742 419 in
1765 394 1877 427 peccato
1897 391 2026 428 despera-

1180 439 1273 467 biliter
1294 438 1466 472 sordescant,
1488 437 1613 474 expedit,
1635 440 1667 466 ut
1694 438 1841 474 aliquando
1862 446 1891 467 se
1919 446 2025 475 expur-

1180 488 1253 522 gent.
1276 485 1335 521 Ipse
1355 484 1429 513 enim
1450 484 1540 521 pudor
1562 484 1708 513 confitendi
1730 485 1879 522 plerosque
1893 484 1904 501 ⁸
1928 493 1944 513 a
1964 493 2027 522 pec-

1181 535 1241 561 cato
1262 531 1397 565 deterret,
1419 534 1446 559 et
1467 531 1621 559 confitendo
1642 539 1723 568 saepe
1744 530 1869 566 discunt,
1891 531 1944 560 hoc
1969 539 2028 560 esse

1181 581 1337 615 peccatum,
1359 578 1434 615 quod
1455 586 1484 606 se
1506 578 1640 615 putabant
1662 578 1774 607 innoxie
1796 581 1966 615 perpetrare.
1991 595 2027 599 —

1181 626 1299 662 Quarto,
1320 628 1353 653 ut
1372 625 1566 654 discernantur
1581 625 1740 654 obedientes
1754 625 1788 653 ab
1807 625 2028 654 inobedientibus
2044 636 2120 659 Quat-tas

1181 673 1224 702 vel
1236 672 1383 701 haereticis
1397 680 1447 709 per
1461 672 1665 701 observantiam
1680 672 1742 701 talis
1757 672 1861 701 statuti.
1872 673 2027 709 —Quinto,
2045 682 2115 706 Quinta.

1182 722 1213 748 ut
1234 722 1354 756 purgent
1376 727 1404 747 se
1419 718 1453 747 ad
1474 726 1576 755 corpus
1590 718 1758 747 dominicum
1773 719 1854 756 digne
1875 719 2029 756 percipien-

1181 766 1248 795 dum
1269 766 1364 794 fideles
1385 774 1434 802 per
1449 765 1627 794 consessionis
1648 766 1790 794 medelam.
1807 783 1844 786 —
1859 767 1957 801 Sexto,
1979 774 2030 803 pro
2046 776 2105 796 saxia.

1181 813 1281 842 merito
1302 813 1420 850 gloriae,
1442 815 1474 841 ut
1492 821 1528 841 ex
1544 813 1700 841 humilitate
1715 813 1892 842 confessionis
1906 821 2031 842 merean-

1182 863 1229 889 tur
1251 860 1279 888 in
1301 860 1376 889 caelo
1391 860 1401 876 ⁹
1423 859 1540 888 exaltari
1556 863 1613 888 eta
1628 859 1745 896 peccatis
1767 860 1848 889 citius
1869 860 2030 897 expurgari.

1262 907 1288 935 8.
1311 906 1461 943 Proprius
1481 906 1618 935 sacerdos
1633 906 1748 941 dicitur,
1770 907 1815 935 cui
1837 907 1956 944 quisque
1971 915 2032 944 spe-
2044 906 2133 944 Quinti„

1183 954 1289 982 cialiter
1310 953 1508 990 gubernandus
1529 956 1570 982 est
1591 953 1756 982 commissus
1777 954 1811 982 ab
1832 954 1952 983 Ecclesia
1972 954 2031 983 vice
2051 946 2133 983 &saiwi

1183 1000 1232 1029 Dei
1249 1001 1278 1028 ¹⁰.
1302 1000 1504 1029 Praetermissis
1536 1000 1620 1037 igitur
1648 1000 1765 1029 diversis
1795 1001 2032 1036 distinctionibus,
2122 989 2124 1002 ι

1184 1050 1304 1084 quatuor
1326 1050 1392 1075 sunt
1407 1047 1543 1084 cuiusque
1558 1047 1646 1084 plebis
1661 1047 1827 1084 parochialis
1844 1048 1965 1085 proprii
1984 1057 2033 1077 sa-

1184 1095 1318 1123 cerdotes.
1337 1095 1444 1123 Primus
1465 1097 1491 1123 et
1506 1095 1674 1131 praecipuus
1692 1098 1733 1123 est
1748 1096 1879 1124 Summus
1894 1096 2032 1131 Pontifex,
2050 1104 2119 1124 Primus

1185 1141 1229 1170 cui
1252 1144 1308 1169 tota
1329 1141 1503 1170 ecclesiastici
1526 1142 1618 1178 gregis
1633 1150 1701 1170 cura
1721 1142 1940 1179 singularissime
1961 1151 2035 1172 com-

1186 1188 1270 1217 missa
1290 1191 1344 1223 est,
1366 1188 1405 1216 ita
1425 1188 1500 1225 quod
1521 1197 1617 1217 omnes
1632 1189 1777 1218 inferiores
1799 1189 1934 1218 Ecclesiae
1949 1193 2036 1219 recto-

1186 1243 1231 1264 res
1252 1243 1349 1263 curam
1371 1238 1398 1263 et
1419 1237 1503 1263 totam
1522 1238 1697 1272 potestatem,
1719 1244 1803 1273 quam
1825 1236 1928 1265 habent
1950 1244 2035 1274 super

1187 1281 1324 1315 subditos,
1339 1282 1374 1310 ab
1388 1282 1448 1318 ipso
1462 1282 1613 1318 accipiunt,
1628 1282 1746 1311 mediate
1760 1283 1804 1311 vel
1818 1283 1982 1312 immediate.
1997 1301 2037 1305 —

1188 1328 1331 1357 Secundus
1352 1332 1393 1357 est
1413 1328 1593 1358 dioecesanus
1614 1329 1772 1366 episcopus,
1794 1330 1842 1367 qui
1864 1333 1906 1359 est
1925 1331 2036 1360 ordina-
2053 1339 2120 1363 secund

1188 1376 1248 1404 rius
1269 1379 1363 1413 pastor
1378 1376 1501 1404 omnium
1522 1376 1701 1405 ecclesiarum
1724 1377 1777 1405 sub
1792 1377 1852 1414 ipso
1873 1378 2036 1407 constituta-

1188 1431 1264 1456 rum,
1288 1426 1314 1451 et
1335 1423 1377 1451 sui
1400 1423 1544 1452 inferiores
1565 1424 1679 1460 praelati
1705 1432 1802 1452 curam
1830 1425 1987 1454 animarum
2010 1428 2037 1454 et
2124 1427 2125 1463 l

1187 1470 1380 1499 auctoritatem
1397 1470 1508 1507 regendi
1527 1471 1630 1499 habent
1643 1471 1678 1500 ab
1693 1471 1752 1508 ipso
1764 1472 1796 1500 ¹¹.
1813 1489 1849 1493 -—
1865 1472 1975 1501 Tertius
1996 1476 2037 1502 est
2053 1481 2119 1500 ‘rerum

1188 1517 1315 1553 specialis
1337 1520 1430 1554 pastor
1451 1518 1588 1555 cuiusque
1609 1518 1740 1547 ecclesiae
1761 1518 1798 1547 ibi
1814 1519 1944 1548 canonice
1958 1519 2037 1548 insti-

1188 1568 1275 1594 tutus.
1290 1581 1329 1585 ——
1347 1565 1470 1601 Quartus
1491 1569 1532 1594 est
1553 1565 1597 1593 cui
1619 1566 1738 1602 quisque
1759 1566 1964 1603 praedictorum
1986 1575 2037 1604 pro
2053 1575 2119 1600 Quarta

1188 1615 1313 1648 tempore
1336 1612 1422 1640 vicem
1441 1619 1520 1640 suam
1542 1620 1627 1649 super
1647 1613 1808 1642 commissos
1823 1613 1876 1642 sibi
1896 1614 1930 1642 ad
1951 1614 2038 1651 ligan-

1188 1659 1255 1688 dum
1277 1661 1305 1687 et
1329 1659 1491 1687 solvendum
1520 1667 1557 1688 ex
1578 1667 1661 1688 causa
1689 1660 1845 1689 rationabili
1874 1661 2036 1696 committit,

1189 1706 1233 1735 cui
1256 1709 1347 1735 tamen
1369 1706 1542 1735 committere
1563 1710 1653 1743 potest
1664 1707 1696 1735 1².
1719 1707 1882 1744 Superiores
1896 1711 1990 1737 autem
2005 1707 2038 1737 li-

1189 1753 1285 1782 berius
1300 1757 1327 1782 et
1344 1754 1449 1790 largius
1463 1757 1579 1790 possunt
1593 1754 1666 1783 vices
1681 1762 1746 1783 suas
1767 1755 1939 1784 committere
1953 1763 2037 1792 quam

1189 1801 1342 1830 inferiores.
1365 1801 1441 1830 Unde
1456 1809 1520 1830 cum
1541 1801 1676 1838 plebanus
1698 1801 1782 1838 possit
1803 1802 1943 1839 aliquibus
1964 1810 2040 1831 com-

1190 1849 1313 1882 mittere,
1335 1851 1368 1877 ut
1388 1848 1447 1877 vice
1468 1848 1510 1877 sui
1532 1848 1605 1885 plebi
1627 1856 1693 1877 suae
1713 1848 1872 1885 praedicent
1893 1851 1921 1878 et
1941 1857 2038 1878 eorum

1190 1895 1375 1925 confessiones
1395 1895 1510 1924 audiant
1530 1898 1557 1924 et
1578 1896 1721 1924 absolvant
1748 1899 1775 1925 et
1795 1897 1977 1933 poenitentias
1997 1896 2041 1925 in-

1190 1942 1322 1979 iungant,
1354 1942 1392 1970 ita
1413 1942 1487 1979 quod
1517 1942 1556 1971 sic
1577 1942 1718 1972 absolutos
1750 1951 1804 1972 non
1836 1946 1962 1980 oporteat
1989 1944 2036 1973 illo

1190 1997 1262 2018 anno
1291 1989 1414 2026 plebanis
1442 1989 1500 2018 suis
1525 1989 1627 2018 iterum
1655 1987 1871 2025 confiteri‚'nisi
1892 1990 1977 2020 velint
1996 1991 2040 2025 18;

349 2125 355 2138 ¹
374 2125 438 2153 Edu„
456 2126 586 2152 refragante
602 2125 628 2151 A,
645 2124 733 2147 addunt
747 2123 917 2153 praedicando.
930 2125 1025 2147 Inferius
1043 2125 1058 2147 A
1077 2124 1132 2147 sub-

285 2164 356 2186 stituit
370 2165 506 2193 peccatores
524 2169 566 2191 pro
579 2164 704 2192 peccantes
722 2166 744 2185 et
761 2162 859 2185 vocibus
870 2162 896 2185 in
908 2162 1052 2192 consessione
1069 2169 1133 2191 prae-

285 2203 335 2231 figit
353 2202 413 2225 item.

348 2241 357 2254 2
375 2242 419 2264 Csr.
438 2241 506 2264 Hebr.
523 2241 544 2269 ὃ,
566 2242 584 2264 1.
603 2254 634 2258 -
652 2242 694 2263 Pro
709 2240 826 2270 populum
844 2241 882 2267 (ita
901 2241 928 2270 A)
945 2241 998 2263 edd.
1022 2247 1067 2264 eos.
1091 2242 1133 2263 Su-

285 2281 363 2308 perius
381 2287 423 2308 pro
440 2280 506 2310 apud
522 2281 597 2303 Detmz
613 2279 706 2303 orando
723 2280 740 2302 A
758 2279 789 2302 ad
806 2280 881 2302 Deam
893 2281 914 2303 et
925 2279 1017 2309 yratias
1033 2280 1133 2309 ayeudo.

285 2320 379 2342 Inferius
396 2326 438 2348 pro
456 2319 576 2349 corporeis
595 2320 634 2348 (ita
652 2320 679 2348 A)
696 2319 751 2342 edd.
770 2319 886 2348 corporis.

348 2358 357 2371 ⁸
369 2360 412 2382 Tit.
426 2360 446 2387 2,
459 2360 485 2381 7:
496 2360 519 2381 ln
531 2359 641 2381 omnibus
653 2362 675 2381 te
686 2359 763 2387 ipsum
776 2358 863 2386 praebe
874 2359 1005 2386 exemplum
1020 2359 1133 2381 bonorum

285 2405 383 2427 operum
401 2401 443 2421 etc.
463 2399 476 2421 l.
494 2398 553 2421 Tim.
574 2398 593 2427 4,
616 2399 653 2420 12:
674 2398 809 2425 Exemplum
827 2401 875 2420 esto
893 2398 995 2420 fidelium
1012 2398 1035 2420 in
1053 2397 1133 2426 verbo,

284 2439 307 2460 in
325 2438 501 2460 conversatione
513 2440 555 2460 etc.
568 2437 611 2460 Csr.
624 2444 694 2465 supra
707 2437 791 2465 Opusc.
810 2438 848 2459 Xl.
864 2437 977 2465 Apologia
994 2443 1136 2466 pauperum,

285 2483 305 2499 c.
324 2478 360 2499 12.
378 2483 401 2499 n.
419 2477 440 2499 3.

347 2515 357 2528 4
374 2516 431 2538 Edd.
449 2519 527 2538 eontra
544 2516 562 2538 A
580 2516 669 2538 addunt
683 2522 695 2538 e
711 2521 831 2539 converso.
845 2516 939 2538 inferius
951 2516 969 2538 A
982 2515 1065 2538 omittit
1077 2517 1134 2539 tunc

286 2558 307 2578 et
324 2562 366 2583 pro
384 2555 530 2583 conueniant,
548 2555 645 2578 Missam
664 2554 775 2578 audituri
790 2554 908 2577 substituit
925 2554 1027 2582 veniant,
1044 2554 1132 2578 Missas

285 2594 400 2617 audituri.

349 2633 357 2645 ⁵
375 2633 421 2656 Csr.
438 2640 457 2656 c.
475 2633 627 2656 Reum-timim·
643 2633 699 2662 (65.)
718 2640 782 2662 seqq.
807 2633 880 2656 Causa
909 2634 942 2656 16.
965 2640 987 2662 q.
1016 2634 1033 2655 1.
1057 2636 1079 2655 et
1101 2633 1133 2655 ΙΙΙ.

286 2673 374 2695 Decret.
392 2673 487 2701 Gregor.
506 2673 543 2695 lx,
561 2673 594 2695 tit.
612 2673 650 2695 30.
666 2673 695 2695 de
708 2673 814 2699 Decimis,
828 2673 934 2701 primitiis
946 2675 968 2695 et
979 2672 1134 2696 oblationibus

285 2717 327 2739 per
345 2714 425 2734 totum.
442 2724 473 2728 —
490 2712 545 2735 Cod.
558 2713 575 2734 A
589 2712 750 2741 prosequitur:
768 2713 831 2735 Nova
842 2719 897 2735 vero
911 2713 932 2734 in
945 2715 1029 2735 statuta
1041 2712 1133 2740 plebani

286 2751 413 2773 concedere
429 2757 475 2773 non
493 2751 584 2779 debent,
601 2758 630 2773 ne
647 2752 686 2773 fiat
703 2751 833 2774 obedientia
851 2758 956 2774 onerosa.
974 2752 1034 2774 Haec
1056 2754 1132 2774 autem

288 2789 333 2819 [ed.
352 2790 360 2811 'l
381 2790 444 2813 Haec
459 2790 524 2820 vero]
542 2790 648 2818 plebanis
664 2791 712 2813 suis
728 2790 814 2813 subditi
833 2793 944 2818 tenentur,
962 2791 1032 2813 salvis
1057 2793 1132 2813 tamen

286 2828 459 2856 exceptionibus
476 2829 532 2852 iuris
549 2832 591 2851 etc.

349 2866 359 2879 ⁶
376 2867 432 2895 Cap.
450 2868 532 2891 Omnis
549 2868 674 2898 utriusque
690 2875 763 2892 semus
779 2868 862 2899 fidelis,
875 2872 999 2898 postquam
1014 2869 1044 2891 ad
1061 2875 1133 2891 annos

286 2906 430 2929 discretionis
446 2908 585 2935 pervenerit,
603 2908 681 2930 onmia
698 2914 740 2931 sua
757 2909 820 2931 solus
842 2911 936 2936 peccata
959 2909 1040 2931 saltem
1062 2908 1133 2930 semel

287 2945 311 2967 in
327 2951 389 2967 anno
407 2946 502 2968 fideliter
518 2947 653 2969 confiteatur
671 2948 765 2975 proprio
782 2948 895 2970 sacerdoti
914 2951 956 2970 etc.
975 2948 1031 2976 (12.)
1054 2948 1084 2969 X.
1104 2947 1134 2969 de

287 2984 432 3007 Poenitentiis
449 2988 471 3007 et
487 2985 662 3008 remissionibus
681 2987 717 3015 (V.
735 2987 822 3009 Decret.
846 2987 943 3014 Gregor.
965 2986 1002 3008 [X.
1026 2986 1059 3008 tit.
1076 2986 1134 3015 38).

287 3023 332 3046 Csr.
350 3024 444 3051 Bonav„
462 3024 498 3046 lv.
516 3025 577 3046 Sent.
594 3025 617 3047 d.
639 3024 673 3047 17,
690 3031 712 3052 p.
731 3025 763 3047 ΙΙΙ.
780 3031 801 3047 a.
822 3026 839 3047 l.
857 3032 880 3053 q.
898 3026 920 3047 2.

1254 2123 1262 2136 ⁷
1279 2125 1345 2146 Prov.
1372 2124 1409 2151 27,
1435 2124 1477 2146 23;
1501 2123 1625 2151 Diligenter
1649 2130 1750 2151 agnosce
1775 2124 1864 2146 vultum
1890 2125 1981 2152 pecoris
2006 2125 2039 2147 tui

1190 2165 1289 2192 tuosque
1306 2169 1390 2191 greges
1407 2163 1534 2185 considera.
1552 2162 1594 2185 Csr.
1613 2169 1632 2185 c.
1652 2162 1734 2186 Omnis
1761 2163 1884 2193 utriusque
1901 2164 1923 2186 in
1950 2170 2041 2192 praece-

1191 2202 1259 2224 dente
1276 2204 1328 2224 nota
1346 2202 1477 2230 allegatum.
1501 2214 1531 2218 —
1554 2202 1666 2229 Superius
1689 2208 1731 2230 pro
1754 2204 1881 2231 coynoscat
1901 2205 1923 2225 et
1945 2202 2040 2232 quilibet

1190 2241 1209 2263 Α
1226 2242 1340 2270 aqiioscat
1357 2244 1379 2263 et
1396 2241 1502 2270 quisque,
1520 2241 1560 2269 qui
1577 2241 1645 2263 edam
1668 2241 1762 2263 inferius
1786 2248 1829 2269 pro
1850 2243 1934 2265 noscat
1955 2244 1977 2264 et
1998 2241 2041 2265 Sa-

1191 2280 1319 2303 crameutis
1336 2279 1454 2302 substituit
1469 2280 1562 2303 noverit
1578 2283 1600 2302 et
1617 2280 1780 2303 Sacramenta.

1254 2317 1263 2330 Β
1280 2318 1337 2342 Cod.
1349 2320 1366 2341 Α
1378 2319 1468 2348 plures.
1481 2319 1577 2342 inferius
1590 2326 1632 2347 pro
1649 2318 1678 2342 ab
1691 2319 1874 2343 inobedientibus
1888 2320 1931 2349 (ita
1944 2320 1971 2349 A)
1984 2320 2039 2344 edd.

1192 2365 1207 2382 a
1223 2358 1402 2388 ueffliqentffius,
1419 2361 1441 2381 et
1458 2365 1500 2386 pro
1518 2358 1694 2381 observantiam
1711 2359 1729 2381 A
1747 2358 1942 2382 observationem.

1255 2396 1264 2409 ⁹
1281 2397 1337 2420 Cod.
1355 2398 1371 2419 Α
1390 2397 1414 2420 iu
1431 2396 1524 2420 caelum
1536 2397 1627 2426 primo.

1255 2436 1275 2448 ¹⁰
1292 2436 1336 2459 Csr.
1354 2437 1453 2463 Bonav.,
1471 2437 1508 2458 lV.
1531 2437 1592 2458 Sent.
1611 2437 1634 2459 d.
1658 2437 1694 2459 117.
1714 2443 1738 2465 p.
1757 2437 1788 2460 lll.
1805 2444 1827 2466 q.
1846 2438 1867 2459 2.
1887 2437 1910 2460 in
1927 2444 1991 2466 corp.
2008 2451 2040 2454 --

1193 2476 1303 2504 Superius
1320 2475 1372 2498 cod.
1389 2476 1407 2498 Α
1425 2475 1520 2505 quilibet
1532 2481 1574 2504 pro
1592 2475 1690 2505 quisque
1707 2478 1730 2498 et
1742 2476 1837 2499 inferius
1855 2475 1980 2500 cuiuslibet
1995 2483 2039 2505 pro

1192 2514 1312 2544 cuiusque..

1255 2553 1273 2566 ¹¹
1292 2554 1348 2577 Cod.
1366 2554 1384 2576 A
1402 2560 1487 2577 carum
1504 2554 1644 2577 animarum
1661 2556 1682 2577 et
1695 2556 1835 2583 potestatem
1851 2553 1881 2577 ab
1898 2554 1948 2584 ipso
1968 2554 2040 2578 susci·
2128 2560 2130 2587 Ι

1188 2593 1272 2623 piant,
1290 2597 1312 2616 et
1329 2593 1422 2616 inferius
1439 2593 1553 2623 caiusque
1567 2593 1697 2622 parochiae
1714 2600 1757 2621 pro
1774 2593 1888 2623 cuiusque
1905 2593 2024 2617 ecclesiae.

1255 2632 1275 2645 ¹²
1293 2634 1335 2655 Pro
1352 2633 1421 2655 huius
1437 2633 1611 2655 confirmatione
1628 2632 1657 2654 ab
1675 2633 1712 2655 ed.
1727 2634 1740 2655 2
1759 2633 1781 2655 in
1798 2636 1851 2655 nota
1868 2633 1958 2656 adiecta
1975 2640 2039 2662 prae-

1192 2674 1225 2694 ter
1243 2672 1284 2694 alia
1302 2673 1394 2694 affertur
1412 2678 1438 2694 ex
1455 2672 1544 2694 statutis
1561 2672 1671 2694 ecclesiae
1691 2672 1884 2695 claromontensis
1902 2678 1939 2695 an.
1962 2673 2038 2695 1268:

1193 2712 1313 2740 Proprium
1330 2714 1407 2734 autem
1419 2712 1563 2734 sacerdotem
1580 2711 1680 2733 dicimus
1696 2710 1789 2734 duobus
1800 2712 1888 2734 modis:
1904 2718 1936 2734 ew
1952 2710 2039 2742 officio,

1192 2754 1271 2779 utpote
1289 2751 1386 2779 Papam,
1404 2751 1550 2779 episcopum,
1568 2753 1671 2777 curatos;
1689 2751 1725 2773 vel
1741 2756 1773 2773 eac
1785 2750 1961 2779 commissione,
1979 2750 2039 2773 sicut
2128 2752 2129 2768 l

1191 2791 1281 2812 Fratres
1299 2790 1470 2812 Praedicatores
1487 2792 1509 2812 et
1525 2790 1635 2817 Minores,
1653 2792 1675 2812 et
1691 2789 1778 2818 quibus
1799 2790 1923 2818 episcopus
1943 2789 2039 2812 commi-

1192 2829 1220 2852 sit
1236 2830 1300 2851 vices
1316 2835 1377 2851 suns.

1255 2867 1274 2880 ¹³
1290 2869 1353 2891 Licet
1370 2870 1426 2890 haec
1443 2868 1563 2896 disciplina
1585 2868 1607 2890 in
1627 2868 1726 2890 Ecclesia
1744 2871 1848 2896 tempore
1865 2870 1887 2890 S.
1905 2869 1990 2890 Bonav.
2006 2867 2040 2890 vi-

1192 2908 1280 2935 guerit,
1292 2908 1414 2930 concilium
1428 2910 1504 2930 tamen
1517 2908 1675 2930 Tridentinum
1694 2907 1759 2936 (sess.
1777 2907 1798 2929 5.
1811 2907 1841 2929 de
1852 2907 2038 2935 ReformationQ

1192 2952 1211 2969 c.
1229 2948 1250 2969 2.
1268 2949 1290 2969 et
1307 2953 1364 2969 sess.
1389 2948 1426 2969 23.
1452 2947 1482 2969 de
1498 2947 1683 2975 Reformatione,
1708 2952 1728 2968 e.
1751 2946 1793 2976 15.)
1811 2947 1879 2968 aliam
1896 2946 2035 2969 servandam

1192 2986 1314 3009 constituit.
1331 2999 1363 3002 —
1380 2986 1436 3008 Cod.
1453 2987 1471 3008 A
1488 2985 1528 3009 itIo
1545 2992 1610 3009 anno
1626 2985 1726 3015 plebano
1742 2992 1786 3009 suo
1804 2985 1922 3016 confiteri,
1941 2984 1989 3008 nisi
1999 2991 2037 3008 ve-

1192 3024 1244 3048 tint.
1259 3025 1354 3047 inferius
1372 3024 1425 3046 edd.
1442 3026 1520 3046 contra
1537 3025 1555 3046 A
1573 3024 1681 3046 omittunt
1696 3030 1712 3046 α
1728 3023 1837 3047 Domino.
