2133 3317
293 214 349 242 508

292 301 346 321 non
370 293 476 321 modica
496 292 549 320 fuit
564 292 590 320 in
613 292 717 320 orando
749 292 864 328 spiritus
886 292 1071 321 consolatione
1100 299 1143 320 16-

293 340 392 377 pletus.
415 340 541 376 Cumque
564 339 724 375 lacrymosis
745 339 832 367 oculis
861 339 1016 367 intenderet
1041 339 1067 367 in
1095 339 1143 367 do-

294 386 421 415 minicam
445 393 573 420 crucem,
596 393 690 414 vocem
712 385 746 414 de
768 386 827 422 ipsa
848 394 931 414 cruce
952 385 1085 422 dilapsam
1110 385 1143 414 ad

156 445 280 472 Praeceptum
293 442 357 463 611111
380 433 521 469 corporeis
542 432 648 461 audivit
661 433 791 466 auribus,
809 436 850 461 ter
864 432 1015 461 dicentem:
1036 444 1049 457 «
1060 433 1143 461 Fran-

178 469 254 487 Christi.

293 481 380 514 61566,
402 480 471 508 vade
492 482 519 508 et
541 488 641 516 repara
660 479 773 508 domum
797 487 901 513 meam,
924 488 1011 516 quae,
1033 483 1064 508 ut
1083 488 1143 508 cer—

293 528 350 561 nis,
374 530 430 555 tota
448 527 604 555 destruitur
620 538 645 554 n.
668 526 858 555 Tremefactus
879 526 1056 560 Franciscus,
1079 534 1143 555 cum

292 578 364 603 esset
386 574 412 602 in
435 574 550 602 ecclesia
571 574 662 607 solus,
685 576 778 610 stupet
792 573 826 601 ad
842 576 896 601 tam
912 573 1054 602 mirandae
1069 573 1144 602 vocis

292 621 433 655 auditum,
456 620 595 657 cordeque
617 620 772 657 percipiens
793 620 878 649 divini
901 620 1033 649 virtutem
1051 620 1058 633 ¹
1088 620 1143 649 elo-

292 668 364 705 quii,
381 667 480 696 mentis
494 667 630 696 alienatur
646 675 772 696 excessu.
786 667 813 695 ln
830 675 859 696 se
873 667 983 696 tandem
1000 675 1143 702 reversus,

292 715 326 743 ad
348 715 532 743 obediendum
554 723 583 743 se
604 718 698 751 parat;
721 717 809 743 totum
825 722 854 743 se
870 714 1004 751 recolligit
1018 714 1051 742 ad
1068 722 1144 742 0160-

292 763 389 791 datum
411 762 444 790 de
466 761 600 790 materiali
623 761 738 790 66616516
760 760 929 797 reparanda,
952 761 1015 789 licet
1042 760 1144 797 princi-

292 809 381 847 palior
403 809 518 837 intentio
539 808 616 837 verbi
632 808 666 836 ad
681 815 742 836 eam
756 807 891 841 ferretur,
907 815 991 844 quam
1010 806 1145 836 Clzrz'stus

293 865 347 885 suo
369 856 515 893 sanquine
536 855 693 893 aequisivit
708 855 729 888 ²,
751 855 824 883 sicut
844 862 909 883 eum
936 854 1055 891 Spiritus
1083 862 1144 883 560-

293 907 355 933 ctus
376 903 502 937 edocuit,
524 906 550 931 et
571 902 630 939 ipse
651 902 825 939 postmodum
841 901 984 930 Fratribus
1003 901 1144 930 revelavit.

295 951 426 980 Surrexit
447 950 563 987 proinde
584 950 662 987 signo
680 950 772 978 crucis
794 957 823 978 se
839 949 982 983 muniens,
998 951 1145 978 61655001-

155 1005 283 1032 Profipiscitur
298 999 330 1027 tis
358 998 456 1035 pannis
478 997 637 1031 venalibus,
659 996 693 1025 ad
714 997 869 1030 civitatem,
897 1004 969 1033 quae
990 995 1144 1032 Fulginium

159 1029 271 1052 Fulginium.

159 1381 242 1400 Moratur
254 1381 278 1399 ad

169 1405 189 1423 S.
205 1405 279 1423 Damia-

170 1433 221 1446 num.

169 1452 271 1470 Pecuniam

167 1475 274 1499 vilipendit.

171 1663 200 1682 Ira
213 1663 278 1687 patris.

166 1805 197 1823 Fr.
211 1809 231 1823 se
244 1805 275 1823 ab·

180 1828 261 1847 scondit.

162 2227 220 2254 Redit
231 2227 282 2246 Assi-

196 2257 252 2270 1111110.

295 1046 413 1079 dicitur,
435 1045 552 1074 festinus
572 1044 702 1078 accessit,
725 1043 819 1080 ibique
841 1043 958 1072 venditis
986 1051 1057 1079 quae
1083 1051 1146 1079 por-

297 1096 420 1126 taverat,
442 1100 563 1129 equum,
585 1092 628 1120 cui
652 1095 719 1120 tunc
740 1090 894 1125 insederat,
913 1090 981 1119 felix
995 1092 1146 1123 mercator,

295 1144 419 1169 assumto
454 1139 559 1176 pretio,
590 1139 754 1175 dereliquit,
794 1138 960 1174 rediensque
998 1137 1146 1170 Assisium,

295 1187 452 1220 6661651610,
475 1187 508 1215 de
534 1186 615 1215 cuius
646 1185 821 1222 reparatione
849 1185 1009 1213 mandatum
1035 1192 1146 1220 accepe-

297 1237 341 1262 161
356 1234 376 1268 ³,
409 1236 570 1262 reverenter
597 1233 711 1261 intravit
738 1236 765 1261 et
791 1233 903 1261 invento
932 1232 986 1260 illic
1012 1231 1147 1260 sacerdoti

297 1281 467 1318 pauperculo
490 1280 673 1309 reverentiam
689 1280 831 1308 decentem
854 1278 998 1312 exhibuit,
1020 1278 1053 1306 ad
1068 1286 1147 1315 repa—

296 1329 431 1357 rationem
453 1328 584 1356 ecclesiae
605 1330 632 1355 et
646 1334 802 1364 pauperum
824 1334 907 1355 usum
929 1325 1074 1362 pecuniam
1099 1325 1147 1353 ob-

298 1376 373 1409 tulit,
397 1378 424 1403 et
445 1378 476 1403 ut
499 1382 592 1403 secum
614 1382 643 1403 se
669 1374 773 1402 morari
802 1376 945 1410 pateretur
967 1373 999 1401 ad
1022 1376 1146 1409 tempus,

296 1423 441 1452 humiliter
453 1422 606 1459 requisivit.
619 1421 763 1458 Acquievit
774 1420 902 1449 sacerdos
916 1420 950 1448 de
963 1428 1040 1448 mora
1050 1420 1147 1456 ipsius,

296 1470 344 1499 sed
373 1470 471 1498 timore
503 1472 650 1506 parentum
679 1468 824 1505 pecuniam
856 1467 1034 1501 recusavit4;
1063 1475 1146 1504 quam

297 1525 381 1546 verus
403 1516 585 1554 pecuniarum
601 1518 775 1552 contemptor
790 1515 816 1543 in
839 1514 978 1551 quandam
998 1514 1147 1543 fenestram

296 1564 460 1601 proiiciens,
482 1564 617 1592 abiectam
638 1563 715 1592 velut
735 1563 879 1599 pulverem
902 1561 1053 1598 vilipendit.

375 1613 401 1640 Ξ),
424 1612 527 1639 Moram
550 1614 643 1639 autem
665 1610 782 1638 faciente
803 1617 886 1638 servo
907 1609 954 1637 Dei
971 1616 1033 1637 cum
1056 1616 1147 1637 sacer-

296 1658 359 1687 dote
381 1658 537 1695 praedicto,
560 1666 623 1686 60111
649 1657 701 1686 1106
733 1656 916 1685 intellexisset
946 1658 1024 1692 pater
1051 1655 1147 1692 ipsius,

296 1705 479 1742 perturbatus
500 1704 608 1738 animo,
630 1703 758 1732 cucurrit
778 1703 811 1731 ad
828 1703 927 1731 locum.
944 1703 975 1730 At
990 1702 1063 1739 ipse,
1083 1701 1149 1739 quia

296 1760 386 1781 novus
407 1752 509 1780 Christi
531 1754 591 1780 erat
612 1751 730 1784 athleta,
752 1758 815 1778 cum
838 1750 948 1778 audiret
979 1757 1149 1786 persequen-

296 1800 366 1828 tium
389 1799 478 1828 minas
499 1802 526 1827 et
551 1806 648 1827 eorum
680 1798 864 1834 praesentiret
885 1797 1051 1831 adventum,
1082 1796 1149 1825 dare

297 1847 392 1876 locam
413 1846 478 1875 irae
510 1846 604 1874 volens
618 1846 639 1879 ⁵,
671 1845 698 1873 in
731 1845 849 1882 quadam
875 1844 983 1873 occulta
1014 1844 1093 1873 fovea
1120 1851 1149 1872 se

299 1893 458 1927 abscondit;
480 1893 507 1921 in
523 1901 579 1930 qua
593 1892 691 1921 diebus
706 1892 847 1929 aliquibus
866 1891 1013 1925 latitando,
1035 1891 1150 1928 rogabat

297 1941 447 1969 Dominum
469 1940 655 1973 incessanter,
677 1939 864 1976 lacrymarum
887 1938 977 1967 imbre
1002 1938 1149 1975 perfusus,

296 1991 329 2017 ut
340 1988 471 2016 liberaret
485 1987 519 2016 de
533 1987 661 2016 manibus
676 1986 904 2024 persequentium
920 1986 1040 2014 animam
1057 1993 1149 2019 suam,

297 2039 324 2064 et
346 2035 390 2072 pia
412 2042 484 2072 quae
504 2035 689 2071 inspiraverat
721 2037 783 2062 vota
803 2033 923 2070 benigno
950 2033 1045 2062 favore
1076 2041 1150 2061 60111-

298 2082 394 2118 pleret.
418 2081 504 2118 Igitur
525 2081 669 2109 excessiva
700 2080 819 2118 quadam
846 2080 1000 2117 completus
1032 2080 1149 2113 laetitia,

299 2128 388 2165 coepit
402 2128 436 2156 de
451 2128 685 2165 pusillanimitatis
700 2128 808 2164 ignavia
822 2127 1001 2164 semetipsum
1014 2135 1150 2164 arguere,

299 2175 452 2212 relictaque
473 2175 551 2203 fovea
566 2178 593 2203 et
606 2175 713 2203 abiecto
728 2182 842 2211 pavore,
865 2182 964 2203 versus
978 2174 989 2190 ‘³
1011 2174 1150 2202 civitatem

299 2222 392 2251 Assisii
413 2222 485 2251 viam
501 2230 649 2259 aggressus
663 2225 713 2250 est.
729 2222 816 2258 Quem
832 2229 895 2249 cum
911 2221 985 2249 cives
1004 2223 1151 2249 cernerent

299 2270 368 2299 facie
389 2269 547 2306 squalidum
569 2272 596 2297 et
618 2271 709 2297 mente
731 2271 886 2301 mutatum,
908 2276 940 2297 66
954 2276 1004 2305 per
1019 2268 1071 2296 hoc
1085 2267 1151 2296 alie-

300 2319 396 2345 natum
419 2319 550 2353 putarent
571 2324 587 2344 6
608 2323 707 2350 560511,
723 2316 782 2344 luto
797 2315 951 2352 platearum
967 2318 995 2344 et
1014 2315 1151 2352 lapidibus

300 2363 470 2400 impetebant
491 2366 519 2392 et
539 2366 670 2400 tanquam
687 2362 784 2391 insano
804 2364 832 2391 et
852 2362 971 2391 dementi
991 2361 1151 2390 clamorosis

300 2410 415 2439 vocibus
436 2410 615 2439 insultabant.
638 2410 769 2438 Famulus
796 2411 888 2438 autem
919 2409 1043 2443 Domini,
1075 2408 1152 2437 nulla

300 2458 406 2486 fractus
427 2460 477 2486 aut
497 2460 622 2486 mutatus
644 2457 761 2491 iniuria,
783 2460 815 2485 ut
836 2456 939 2485 surdus
967 2456 994 2484 in
1022 2456 1152 2484 omnibus

299 2504 494 2541 pertransibat.
517 2504 643 2541 Cumque
664 2504 813 2532 clamorem
834 2503 993 2532 huiusmodi
1009 2505 1087 2540 pater
1102 2511 1151 2531 60-

693 213 891 242 OPUSCULUM
914 213 1001 241 XXlll.
1024 212 1173 242 LEGENDA
1196 214 1311 243 SANCTI
1333 214 1506 243 FRANCISCI.
1529 214 1597 243 CAP.
1621 214 1648 242 11.

1199 292 1299 327 disset,
1321 293 1413 321 statim
1434 301 1600 327 accurrens,
1622 301 1676 321 non
1698 293 1732 321 ad
1764 293 1938 322 liberandum
1966 303 2044 330 eum,

1200 339 1246 367 sed
1269 340 1361 376 potius
1381 339 1414 368 ad
1436 340 1624 376 perdenduni;
1646 340 1720 368 omni
1737 340 1747 357 ⁷
1779 340 1954 369 miseratione
1981 342 2045 371 sub·
2061 349 2133 379 ratri-⁵1„

1200 389 1303 418 tracta,
1326 389 1496 423 pertractum
1520 387 1592 415 domi
1614 387 1705 423 primo
1726 387 1834 421 verbis,
1860 387 1957 416 deinde
1986 397 2046 417 ver·
2079 374 2119 394 Μ

1200 433 1314 461 1161111115
1335 436 1362 461 61
1382 433 1500 461 vinculis
1521 434 1605 470 angit.
1628 434 1687 470 lpse
1707 437 1800 462 autem
1831 434 1865 462 ad
1893 442 2047 472 exsequen-

1200 480 1266 508 dum
1288 480 1363 516 quod
1384 483 1513 516 coeperat
1542 481 1697 517 promptior
1725 489 1761 509 ex
1793 482 1845 510 1106
1876 484 1903 510 61
1934 482 2047 512 validior

1200 526 1384 560 reddebatur,
1400 527 1524 555 recolens
1539 527 1607 555 illud
1623 528 1759 564 Evangelii
1777 528 1893 557 verbum
1909 528 1935 556 ⁸:
1952 529 2047 564 Beati,

1200 573 1252 611 qai
1264 573 1492 610 persecutionem
1500 573 1661 610 patiantur
1671 578 1792 611 propter
1804 575 1948 603 iustitiam
1957 598 1966 609 ,
1980 584 2048 613 qao-

1200 620 1282 648 m'am
1304 620 1439 657 ipsoram
1460 625 1501 648 esc
1521 628 1645 657 requam
1667 621 1825 649 caelorum.

1280 667 1306 696 3.
1329 668 1392 695 Post
1414 667 1551 695 modicum
1574 675 1641 696 vero
1662 671 1788 704 tempus,
1810 671 1888 705 patre
1918 677 1934 697 a
1961 670 2049 706 patria

1201 714 1374 748 discedente,
1396 717 1484 742 mater
1506 714 1566 742 eius
1581 714 1683 743 factum
1705 715 1797 744 mariti
1819 724 1873 744 non
1894 716 2049 753 approbans

1201 764 1228 790 et
1249 761 1429 790 inflexibilem
1459 761 1506 789 filii
1534 762 1713 790 constantiam
1742 763 1859 791 emolliri
1888 771 1968 799 posse
1995 772 2049 792 non

1202 816 1332 845 sperans,
1353 816 1368 836 a
1390 808 1508 836 vinculis
1522 808 1680 837 absolutum
1696 809 1773 837 abire
1787 809 1921 846 permisit.
1937 811 1968 838 At
1983 810 2049 847 ipse,
2070 816 2133 838 Solvit:

1202 855 1305 892 gratias
1325 855 1506 892 omnipotenti
1528 855 1643 884 Domino
1665 856 1803 890 referens,
1824 856 1859 885 ad
1886 857 1994 892 locum,
2022 858 2050 886 10
2088 842 2124 880 Μ’·

1202 910 1258 939 quo
1280 902 1358 939 prius
1381 901 1485 936 fuerat,
1507 905 1549 930 est
1570 910 1708 931 reversus.
1732 903 1847 932 Rediens
1864 907 1957 932 6016111
1973 907 2050 941 pater

1203 952 1231 978 et
1251 957 1315 978 eum
1337 957 1391 977 non
1414 949 1556 977 inveniens
1577 949 1666 983 domi,
1688 950 1814 979 convitiis
1836 950 1918 979 illatis
1950 951 2049 986 uxori,

1203 996 1324 1025 fremens
1345 995 1472 1024 cucurrit
1486 995 1520 1023 ad
1542 996 1648 1030 locum,
1670 1000 1717 1030 ut,
1733 997 1754 1025 si
1770 1005 1833 1025 eum
1851 1005 1983 1026 revocare
1997 1006 2050 1027 non

1203 1045 1307 1080 posset,
1324 1043 1419 1071 saltem
1435 1042 1469 1071 de
1480 1043 1623 1079 provincia
1637 1044 1780 1080 effugaret.
1796 1044 1958 1073 Franciscus
1972 1053 2050 1080 vero,

1203 1090 1376 1118 confortatus
1396 1098 1412 1117 a
1433 1090 1505 1124 Deo,
1520 1090 1633 1119 obvium
1656 1091 1731 1119 ultro
1752 1099 1781 1119 se
1802 1091 1903 1120 obtulit
1924 1092 1994 1128 patri
2009 1092 2051 1121 fu·
2065 1096 2133 1117 Fusci

1204 1137 1292 1171 renti,
1315 1136 1402 1165 libera
1422 1145 1489 1165 voce
1504 1137 1642 1171 clamans,
1665 1145 1694 1166 se
1709 1146 1760 1174 pro
1775 1138 1861 1167 nihilo
1875 1138 1978 1168 ducere
1993 1139 2052 1168 vin·
2099 1126 2120 1145 ¹³³

1205 1184 1268 1212 cula
1289 1186 1316 1212 et
1338 1184 1455 1212 verbera
1476 1184 1551 1218 eius,
1574 1184 1689 1221 insuper
1710 1188 1737 1213 et
1758 1188 1930 1220 contestans,
1953 1194 1982 1215 se
2003 1194 2053 1223 pro

1205 1231 1306 1259 Christi
1330 1231 1440 1259 nomine
1461 1231 1614 1267 gaudenter
1636 1232 1707 1260 mala
1734 1232 1829 1260 omnia
1856 1232 2016 1261 subiturum
2031 1233 2051 1262 ⁹.

1205 1278 1307 1307 Videris
1328 1278 1422 1315 itaque
1444 1281 1537 1315 pater,
1559 1279 1634 1316 quod
1649 1287 1713 1308 eum
1730 1287 1861 1308 revocare
1876 1288 1930 1308 non
1945 1284 2052 1317 posset,

1205 1325 1239 1354 ad
1260 1325 1481 1362 extorquendam
1498 1325 1642 1362 pecuniam
1659 1333 1688 1354 se
1702 1326 1854 1360 convertit;
1869 1334 1925 1363 qua
1943 1326 2052 1355 tandem

1204 1371 1316 1400 inventa
1338 1372 1364 1399 in
1394 1372 1546 1400 fenestrula
1574 1372 1709 1408 quadam,
1734 1373 1938 1409 aliquantulum
1966 1373 2053 1410 ipsius

1205 1419 1347 1455 mitigatus
1368 1422 1409 1447 est
1430 1419 1524 1453 furor,
1547 1419 1679 1447 avaritiae
1693 1419 1736 1447 siti
1752 1422 1907 1456 utcumque
1921 1427 1970 1456 per
1985 1420 2053 1448 11611-

1205 1469 1278 1494 stum
1301 1466 1434 1502 pecuniae
1456 1469 1617 1502 temperata.

1283 1513 1310 1541 [1.
1333 1513 1467 1541 Tentabat
1486 1513 1584 1541 deinde
1606 1516 1684 1549 pater
1712 1513 1803 1542 carnis
1834 1513 1922 1542 filium
1951 1513 2054 1550 gratiae
2070 1513 2133 1560 Dffllg

1205 1560 1323 1596 pecunia
1344 1560 1398 1588 iam
1420 1560 1555 1588 nudatum
1576 1560 1680 1589 ducere
1711 1568 1804 1589 coram
1832 1561 1961 1598 episcopo
1989 1561 2054 1590 civi·
2127 1551 2128 1557 ἵ

1205 1607 1284 1641 16115,
1306 1610 1338 1635 ut
1359 1607 1387 1635 in
1409 1607 1496 1643 ipsius
1518 1607 1645 1636 manibus
1676 1607 1854 1636 facultatibus
1882 1608 2054 1637 renuntiaret

1205 1654 1329 1690 paternis
1349 1656 1376 1682 et
1397 1654 1489 1682 omnia
1510 1654 1654 1689 redderet,
1676 1662 1748 1691 quae
1769 1654 1896 1683 habebat.
1919 1654 1956 1683 Ad
1981 1655 2054 1692 quod
2124 1647 2126 1697 1

1204 1701 1361 1730 faciendum
1386 1709 1415 1729 56
1437 1704 1598 1738 promptum
1629 1701 1758 1730 exhibuit
1780 1710 1864 1731 verus
1884 1702 2055 1739 paupertatis

1205 1751 1326 1781 amator,
1339 1748 1559 1784 perveniensque
1571 1756 1663 1777 6016111
1679 1748 1822 1785 episcopo,
1837 1757 1888 1778 nec
1903 1757 1995 1778 moras
2008 1757 2054 1786 pa-

1206 1795 1276 1823 titur
1296 1802 1347 1823 nec
1369 1798 1518 1823 cunctatur
1533 1795 1557 1812 1⁰
1578 1795 1611 1824 de
1632 1796 1726 1832 aliquo
1740 1804 1791 1825 066
1806 1796 1891 1825 verba
1912 1799 2055 1834 exspectat

1206 1850 1257 1871 066
1271 1842 1350 1877 facit,
1367 1842 1413 1871 sed
1429 1842 1560 1871 continuo
1574 1842 1705 1879 depositis
1719 1843 1849 1872 omnibus
1867 1844 2054 1878 vestimentis,

1207 1890 1330 1918 restituit
1351 1898 1383 1918 ea
1404 1890 1484 1926 patri.
1508 1890 1638 1919 Inventus
1666 1893 1708 1919 est
1735 1893 1828 1919 autem
1856 1894 1922 1919 tunc
1943 1891 1986 1919 vir
2007 1890 2055 1920 Dei

1206 1936 1327 1965 cilicium
1350 1936 1453 1965 habere
1473 1936 1507 1965 ad
1528 1945 1640 1965 carnem
1661 1937 1714 1965 sub
1729 1937 1853 1966 vestibus
1867 1937 1998 1967 delicatis.
2014 1938 2055 1966 ln-

1207 1991 1292 2020 super
1314 1991 1351 2012 ex
1372 1983 1533 2012 admirando
1554 1983 1664 2012 fervore
1685 1984 1786 2020 spiritu
1808 1984 1918 2019 ebrius,
1947 1984 2055 2013 reiectis

1206 2031 1289 2060 etiam
1310 2031 1505 2065 femoralibus,
1527 2034 1603 2060 totus
1624 2039 1717 2060 coram
1739 2031 1868 2060 omnibus
1884 2031 2054 2066 denudatur,

1206 2078 1301 2107 dicens
1322 2078 1355 2106 ad
1376 2081 1499 2115 patrem:
1527 2089 1540 2103 «
1553 2078 1644 2115 Usque
1665 2086 1740 2107 nunc
1756 2079 1849 2107 vocavi
1866 2082 1891 2107 te
1905 2081 2012 2116 patrem
2027 2079 2055 2107 in

1208 2126 1307 2160 terris,
1328 2125 1426 2154 amodo
1447 2128 1540 2154 autem
1562 2133 1661 2154 secure
1688 2125 1780 2154 dicere
1806 2134 1935 2163 possum:
1965 2126 2055 2154 Pater

1206 2176 1321 2207 noster,
1343 2173 1396 2211 qui
1415 2181 1444 2200 es
1466 2172 1497 2200 in
1518 2172 1605 2200 eaelz's
1621 2173 1654 2206 ¹¹,
1677 2172 1749 2209 apud
1765 2180 1848 2210 quem
1864 2181 1974 2202 omnem
1995 2173 2054 2202 the-

1208 2227 1324 2248 saurum
1346 2219 1457 2256 reposui
1479 2223 1507 2248 et
1527 2228 1635 2248 omnem
1652 2219 1709 2256 spei
1731 2219 1860 2248 fiduciam
1883 2220 2054 2248 collocavi».

1207 2267 1261 2295 Hoc
1283 2274 1399 2295 cernens
1420 2266 1566 2303 episcopus
1586 2269 1614 2295 et
1633 2266 1774 2295 admirans
1794 2270 1850 2295 tam
1875 2266 2053 2296 excedentem
2069 2267 2133 2316 iffi,

1208 2313 1236 2342 in
1258 2314 1318 2342 viro
1340 2314 1387 2342 Dei
1410 2313 1564 2348 fervorem,
1586 2314 1713 2351 protinus
1734 2314 1898 2342 exsurrexit
1925 2316 1953 2343 et
1983 2314 2054 2343 inter

1207 2361 1323 2390 brachia
1344 2369 1394 2389 5116
1415 2361 1494 2389 illum
1515 2369 1580 2389 cum
1600 2361 1668 2389 fletu
1690 2361 1868 2398 recolligens,
1883 2360 1923 2390 uti
1939 2364 1998 2390 erat
2012 2360 2054 2389 vir

1208 2408 1271 2445 pius
1293 2411 1320 2437 et
1341 2408 1446 2442 bonus,
1475 2408 1573 2445 pallio,
1604 2416 1660 2445 quo
1689 2411 1750 2437 erat
1779 2408 1906 2443 60116105,
1928 2407 2053 2445 operuit,

1208 2455 1381 2492 praecipiens
1401 2454 1475 2489 suis,
1496 2458 1528 2483 ut
1549 2454 1652 2492 aliquid
1674 2455 1725 2483 sibi
1747 2455 1845 2484 darent
1865 2454 1899 2483 ad
1930 2454 2054 2483 membra

1209 2502 1334 2539 corporis
1355 2501 1538 2539 contegenda;
1561 2501 1671 2530 oblatus
1692 2504 1733 2530 est
1753 2505 1847 2531 autem
1862 2502 1887 2530 ei
1908 2501 2054 2530 mantellus

2094 1569 2117 1584 EC(
2127 1578 2130 1583 .

2075 1845 2116 1865 nam
2124 1846 2133 1864 *ti

2082 1874 2116 1893 pei·v
2127 1874 2133 1888 a

364 2707 372 2720 ¹
392 2708 442 2730 Vat.
459 2713 513 2729 cum
531 2707 567 2729 ed.
586 2708 594 2728 l
617 2710 638 2729 et
655 2707 761 2735 pluribus
778 2707 846 2729 codd.
863 2707 957 2729 virtute.

364 2745 373 2759 2
390 2747 439 2769 Aet.
457 2746 541 2774 20‚28.
558 2759 589 2762 —
607 2747 718 2774 Superius
736 2746 787 2768 Vat.
809 2752 862 2768 cum
886 2746 922 2769 ed.
950 2747 955 2767 1
977 2749 1056 2768 contra
1074 2746 1091 2768 A
1104 2746 1121 2767 Β
1133 2745 1149 2767 C

301 2785 381 2808 DEGl
398 2785 497 2808 vocibus
514 2784 546 2808 ad
562 2784 703 2808 mandatum
721 2785 835 2807 interserit
848 2784 1028 2815 perficiendum.

364 2824 373 2836 ³
391 2824 447 2847 Cod.
464 2825 484 2847 Κ
502 2830 526 2848 se
543 2824 659 2854 accepisse
676 2823 792 2847 credebat.
809 2824 904 2846 inferius
921 2827 973 2852 post
989 2823 1084 2847 invento
1101 2822 1150 2846 illic

301 2864 363 2891 edd„
380 2864 550 2892 refragantibus
567 2865 613 2887 fere
631 2863 740 2886 omnibus
757 2864 834 2891 codd„
845 2866 1017 2892 prosequuntur
1028 2862 1150 2886 sacerdote

298 2902 460 2932 pauperculo,
478 2903 500 2926 ei
516 2903 672 2926 reverentiam
688 2903 806 2926 decentem
823 2902 930 2926 eschibuit
946 2904 968 2925 et
983 2902 1016 2925 ad
1032 2905 1075 2925 etc.

365 2941 374 2954 ⁴
392 2941 464 2964 Codd.
483 2942 636 2964 BCDEGIK
653 2942 779 2971 pecuniam
796 2948 845 2965 non
861 2942 955 2972 recepit.

365 2979 374 2992 ⁵
393 2981 459 3003 Rom.
477 2981 519 3008 42,
538 2982 578 3003 119:
602 2982 651 3003 Non
672 2982 829 3009 vosmetipsos
851 2981 1011 3010 defendentes,
1024 2981 1149 3008 carissimi,

302 3020 344 3043 sed
362 3020 414 3043 date
432 3021 507 3043 locum
526 3021 580 3043 irae.
598 3034 627 3037 -—
645 3021 749 3044 Subinde
766 3021 888 3049 respicitur
905 3021 940 3043 Ps.
960 3021 1017 3048 141,
1028 3021 1054 3043 7:
1067 3020 1148 3043 Libera

1208 2712 1245 2728 me
1262 2712 1275 2728 a
1293 2704 1487 2734 persequentibus
1504 2711 1553 2733 nie;
1571 2706 1611 2727 cfr.
1630 2705 1666 2727 Ps.
1687 2705 1742 2731 108,
1766 2705 1808 2726 31:
1832 2704 1888 2732 Quia
1912 2703 2005 2726 astitit...
2029 2705 2053 2726 ut

1206 2745 1295 2767 salvam
1314 2746 1398 2767 faceret
1414 2751 1426 2767 a
1444 2743 1639 2773 persequentibus
1656 2743 1756 2765 animam
1776 2749 1861 2765 meam.

1269 2783 1279 2796 ⁶
1296 2783 1369 2807 Codd.
1386 2783 1497 2806 BCDEF
1515 2784 1536 2806 et
1552 2789 1643 2806 versus.
1663 2783 1757 2805 inferius
1775 2788 1817 2810 pro
1834 2781 1898 2805 viam
1916 2782 1970 2804 edd.
1986 2781 2036 2804 iter.

1270 2822 1279 2835 ⁷
1296 2822 1352 2846 Cod.
1370 2824 1377 2846 1
1394 2824 1416 2846 et
1432 2822 1503 2845 omui.

1270 2862 1279 2877 ⁸
1296 2863 1373 2885 Matth.
1391 2863 1418 2891 5,
1437 2863 1473 2884 10.
1495 2875 1526 2878 -
1549 2862 1660 2890 Superius
1677 2864 1729 2890 post
1745 2860 1922 2891 eoesequewdum
1945 2860 1998 2883 edd.
2016 2859 2052 2882 ad-

1206 2903 1264 2926 dunt
1281 2902 1389 2926 Domino.

1269 2941 1279 2954 ⁹
1296 2942 1340 2965 Cfr.
1358 2942 1407 2964 Act.
1427 2941 1453 2968 5,
1472 2941 1513 2969 44,
1531 2940 1572 2963 ubi
1589 2941 1663 2963 simile
1679 2941 1708 2963 de
1726 2940 1841 2968 Apostolis
1858 2937 2053 2962 dicium—Sub-

1206 2981 1261 3003 inde
1278 2987 1320 3009 pro
1342 2980 1426 3003 Videas
1444 2980 1495 3002 Vat.
1512 2979 1612 3003 Ardens.

1270 3019 1289 3032 ¹⁰
1308 3020 1358 3042 Vat.
1375 3020 1494 3042 eontalur.
1861 3017 1880 3030 ¹²
1898 3017 1974 3039 Matth.
1992 3016 2013 3043 6,
2031 3015 2051 3038 9.
