2133 3317
106 1321 173 1340 Anima
181 1326 237 1345 quae-

118 1346 143 1363 rit
160 1350 236 1368 respon-

118 1374 158 1387 sum
170 1369 234 1388 breve.

124 1651 227 1674 Responsio

125 1675 226 1697 generatis.

138 2121 164 2139 De
178 2123 237 2139 moi-te

109 2145 145 2163 tria
152 2145 237 2163 conside-

110 2168 175 2186 sanda.

248 212 284 240 52
798 208 995 237 OPUSCULUM
1017 209 1045 236 Il.
1068 208 1300 245 SOLILOQUIUM.
1323 209 1391 238 CAP.
1415 210 1454 238 Ill.

247 289 373 318 aestimat
394 289 447 317 illis
468 289 516 325 qui
538 295 615 324 spem
648 287 796 324 perfectam
819 290 927 324 ponunt
952 287 979 315 in
1001 287 1097 321 illum,

248 344 299 364 sua
319 344 399 373 posse
420 335 554 364 beneficia
574 334 719 371 denegare.
742 334 873 371 Nunquid
888 342 943 362 non
958 334 1037 363 Pater
1053 342 1099 363 ae-

248 386 358 417 ternus,
381 382 464 420 apud
483 390 566 420 quem
588 381 672 409 nulla
692 385 733 410 est
749 381 974 415 transmutata
989 389 1026 410 ex
1041 381 1098 410 sola

248 430 421 458 liberalitatis
442 428 626 457 immensitate
648 428 746 456 Filium
768 436 850 456 suum
879 428 966 462 misit,
989 429 1015 457 in
1043 437 1098 465 quo

248 477 323 505 dedit
343 479 445 510 totum,
467 476 541 512 quod
563 475 674 509 habuit,
696 478 801 509 totum,
824 475 898 512 quod
930 476 1032 512 potuit,
1058 479 1099 504 to—

249 527 321 557 tum,
344 523 417 560 quod
440 523 497 559 ipse
518 523 589 551 fuit?
611 523 637 551 Si
666 522 738 551 enim
768 531 819 551 sua
849 523 999 551 liberalitas
1020 531 1098 551 suam

249 570 383 598 infinitam
407 569 556 598 bonitatem
574 569 754 603 diminueret,
770 569 861 598 forsan
884 577 938 598 non
960 570 1100 598 immerito

249 619 344 645 nostra
364 616 512 645 infirmitas
541 616 700 653 trepidaret.
724 616 774 645 Sed
796 617 862 653 quia
887 628 901 642 (ι
915 624 951 646 ex
977 625 1005 646 se
1027 617 1099 654 ipso,

250 671 303 691 non
326 671 362 692 ex
384 663 517 692 accidenti
533 663 605 691 dono
619 663 710 692 bonus
725 666 766 692 est
779 665 823 697 ¹»,
839 672 875 692 ex
890 672 956 693 suae
971 664 1100 693 bonitatis

249 710 497 739 communicatione
520 718 574 738 non
596 710 775 744 diminuitur,
790 718 827 739 ex
844 710 949 739 alienae
970 710 1100 739 bonitatis

249 757 387 786 additione
408 765 463 786 non
485 760 613 794 augetur.

1234 289 1280 316 20.
1303 288 1389 317 Hono.
1412 288 1522 323 Anima,
1545 297 1643 326 magna
1672 292 1714 318 est
1745 289 1813 318 fides
1834 292 1898 324 tua,
1925 290 2003 319 valde
2021 298 2088 326 sanein
2103 305 2120 319 c.

1155 335 1234 364 fortis
1255 343 1285 364 es
1306 336 1333 364 in
1355 344 1403 372 spe
1418 339 1444 364 et
1466 336 1638 365 confidentia.
1654 337 1686 365 Et
1701 337 1829 373 quamvis
1846 345 1917 374 spes,
1933 345 2004 374 quae
2046 322 2112 343 ⁵¹¹¹⁰m'

1156 382 1279 419 procedit
1300 391 1336 411 ex
1368 383 1474 411 meritis
1506 383 1626 420 propriis
1657 387 1684 412 et
1715 383 1822 412 divinae
1844 384 2005 413 clementiae

1156 429 1333 463 confidentia,
1356 429 1498 458 meritoria
1520 430 1563 463 sit,
1586 430 1753 458 laudabilis2
1775 434 1803 459 et
1819 434 1925 465 sancta;
1941 439 2005 459 con-

1156 476 1217 504 sulo
1239 479 1330 504 tamen
1352 484 1429 510 sane,
1447 475 1601 513 'antequam
1623 477 1656 505 ad
1678 477 1865 514 quaerendam
1885 477 2006 506 ebrieta-

1157 526 1209 551 tem
1233 531 1319 559 supra
1344 526 1370 551 te
1401 522 1542 557 ascendas,
1566 523 1644 559 prius
1675 531 1725 559 per
1757 524 2005 553 considerationem

1156 570 1307 598 salubriter
1328 570 1400 598 infra
1422 572 1448 598 te
1468 570 1631 604 descendas,
1653 573 1684 599 ut
1706 570 1796 599 discas
1818 575 1896 599 tuum
1920 572 2007 608 Spon-

1157 625 1219 646 sum
1243 620 1404 645 reverenter
1427 617 1539 651 timere,
1562 621 1710 654 antequam
1731 618 1846 655 incipias
1861 626 1943 647 suum
1965 626 2007 647 se-

1157 667 1267 692 cretum
1288 664 1449 692 cubiculum
1470 664 1600 698 introire;
1623 672 1706 701 quem
1728 673 1783 693 non
1798 665 1888 694 solum
1910 666 2008 694 timere

1157 711 1256 745 debes,
1278 719 1342 740 cum
1364 711 1509 745 irascitur,
1530 719 1629 739 verum
1651 712 1747 746 etiam,
1763 720 1826 741 cum
1842 713 2006 742 suavissime

1158 758 1307 787 blanditur.

1020 901 1181 929 Cni‘irucrii
1204 901 1243 929 Ill.

253 1032 401 1068 Quomodo
416 1032 520 1060 anima.
532 1040 585 1068 per
600 1031 722 1060 mentale
737 1032 907 1060 exercitizmz
923 1032 1021 1061 debeat
1033 1032 1155 1060 radium
1171 1032 1420 1069 contemplationis
1435 1036 1597 1061 convertere
1608 1033 1648 1061 cccl
1659 1031 1816 1070 inferiora,
1828 1037 1860 1062 ut
1871 1033 2012 1072 intelligat

426 1082 574 1111 hnmanae
594 1084 698 1111 mortis
719 1083 910 1112 inevitabilem
932 1083 1145 1117 necessitatem,
1168 1083 1274 1112 iudicii
1293 1083 1393 1120 finalis
1414 1083 1632 1120 formidabilem
1654 1085 1839 1122 aequitatem,

763 1143 873 1172 poenae
894 1134 1051 1172 infernalis
1073 1134 1281 1163 oztolerabilem
1304 1135 1500 1171 asperitatem.

334 1267 357 1294 l.
380 1267 479 1294 Auum.
504 1266 551 1295 Dic
573 1274 688 1303 quaeso,
711 1274 727 1294 o
749 1266 847 1300 homo,
869 1266 1008 1299 breviter,
1030 1273 1102 1303 quae

252 1314 307 1342 sint
336 1313 383 1342 illa
413 1312 576 1350 inferiora,
598 1313 632 1341 ad
664 1321 736 1350 quae
766 1321 828 1342 mea
853 1313 1036 1341 consideratio
1061 1316 1102 1341 est

252 1360 458 1389 convertenda?
480 1360 633 1389 Ascendere
664 1360 779 1394 festino,
805 1360 966 1388 ebrietatem
995 1359 1103 1388 divinae

252 1407 446 1436 consolationis
468 1415 585 1444 quaero,
608 1407 635 1435 in
658 1407 837 1435 inferioribus
858 1406 907 1435 diu
928 1407 1031 1435 morari
1048 1415 1102 1434 non

252 1454 337 1483 valeo.
371 1455 425 1483 lam
458 1454 573 1483 introire
604 1454 709 1482 dilectet
739 1454 931 1482 tabernacula
963 1454 1082 1482 Domini
1092 1453 1103 1470 3

252 1501 393 1535 desidero,
416 1501 542 1530 habitare
563 1501 590 1529 in
616 1501 694 1530 atriis
722 1501 830 1529 Domini
860 1501 924 1529 totis
950 1500 1104 1529 visceribus

252 1548 425 1585 concupisco.

331 1596 417 1624 Hono.
441 1595 462 1623 O
484 1595 590 1629 anima,
614 1595 681 1623 haec
703 1595 834 1623 interiora
855 1598 936 1629 sunt,
952 1597 984 1623 ut
999 1598 1024 1623 te
1039 1602 1104 1623 con-

253 1643 368 1671 vertas4
390 1646 416 1671 et
437 1642 537 1670 videas
559 1642 663 1670 mortis
685 1642 879 1671 ineuitabilem
906 1642 1104 1671 necessitatem

252 1692 280 1717 et
301 1689 487 1726 ingemiscas,
502 1689 598 1718 diuini
616 1689 722 1718 iudicii
740 1688 915 1727 ineffabilem
929 1689 1105 1727 aequitatem

253 1739 280 1765 et
301 1736 519 1770 contremiscas,
539 1745 704 1773 poenarum
728 1735 922 1773 iufhrnulium
939 1735 1105 1764 intolerabi—

254 1783 306 1812 lem
328 1784 514 1820 asperitatem
537 1787 564 1812 et
585 1792 769 1821 expavescas.

641 1887 658 1921 ᾖ
683 1886 707 1913 l.

410 1979 493 2011 Primo,
512 1979 537 2003 do
554 1979 635 2003 mortis
652 1979 785 2003 inevitabili
802 1979 949 2003 necessitate.

333 2067 360 2094 2.
382 2066 531 2095 Considera
552 2066 638 2103 igitur
659 2066 836 2103 frequenter,
852 2066 931 2095 volve
946 2069 973 2095 et
995 2066 1106 2095 revolve

254 2113 416 2150 diligenter,
438 2113 513 2150 quod
544 2122 625 2142 mors
650 2122 708 2142 iton
737 2116 829 2150 potest
850 2113 1008 2147 declinari,
1031 2113 1105 2150 quod

255 2159 329 2188 liora
351 2160 453 2188 mortis
475 2169 533 2188 uon
558 2164 649 2197 potest
677 2160 868 2197 investigari,
890 2160 963 2197 quod
992 2164 1106 2197 tempus

255 2215 275 2235 a
298 2207 354 2235 Deo
374 2207 620 2243 praeordinatum
642 2215 700 2235 uon
718 2210 810 2244 potest
831 2207 996 2235 inmutari.

335 2253 500 2282 isidorus5:
533 2254 632 2290 «Quid
664 2254 690 2282 in
724 2254 809 2282 rebus
841 2254 971 2283 humanis
1002 2254 1106 2283 certius

255 2303 357 2334 morte,
379 2300 446 2337 quId
468 2301 536 2329 hora
564 2301 662 2329 mortis
694 2300 847 2329 incertius?
868 2301 925 2329 Non
957 2301 1106 2329 miseretur

256 2347 378 2384 inopiae,
401 2356 454 2376 non
477 2350 623 2376 reveretur
645 2348 812 2384 potentiam,
838 2356 892 2376 non
915 2348 1027 2385 respicit
1048 2356 1106 2376 mo-

1160 1274 1223 1294 rum
1238 1269 1286 1294 aut
1301 1266 1411 1303 generis
1426 1266 1628 1301 excellentiam,
1644 1275 1699 1295 non
1713 1268 1801 1304 parcit
1816 1267 1952 1296 iuventuti
1969 1267 2013 1297 vel

1160 1312 1254 1346 aetati,
1270 1312 1383 1340 senibus
1404 1316 1446 1341 est
1466 1312 1494 1340 in
1516 1313 1621 1347 ianuis,
1644 1313 1792 1342 iuvenibus
1813 1313 1840 1341 in
1863 1313 1968 1342 insidiis
1983 1325 2010 1342 ».
2125 1348 2126 1360 χ

1239 1361 1339 1388 Auum.
1362 1360 1462 1394 Audio,
1484 1360 1558 1397 quod
1580 1363 1709 1388 nostrum
1730 1360 1824 1389 vivere
1846 1361 1915 1389 nibil
1935 1361 2011 1390 aliud
2022 1363 2126 1408 affatio&

1161 1410 1218 1440 est,
1240 1415 1324 1444 quam
1346 1407 1380 1435 ad
1401 1410 1519 1435 mortem
1536 1407 1654 1436 transire
1666 1407 1686 1435 ⁶.
1709 1407 1765 1436 Cur
1787 1408 1951 1445 temporalia
1971 1408 2012 1437 di-
2028 1413 2118 1455 Irifflssutjm

1161 1454 1303 1491 figuntur,
1335 1462 1406 1491 quae
1437 1458 1490 1482 tam
1523 1455 1628 1483 incerto
1661 1458 1786 1491 tempore
1813 1455 2012 1492 possidentur?
2044 1450 2054 1460 ⁰
2098 1451 2103 1456 “

1167 1512 1180 1526 ι(
1194 1501 1250 1529 Cur
1272 1504 1347 1529 tanto
1363 1506 1486 1538 tempore
1501 1502 1584 1530 vitam
1600 1502 1680 1530 istam
1695 1502 1898 1537 desideramus,
1914 1503 1941 1531 in
1957 1511 2013 1539 qua

1162 1551 1266 1584 quanto
1281 1548 1400 1585 amplius
1415 1549 1551 1583 vivimus,
1568 1552 1643 1577 tanto
1659 1550 1722 1586 plus
1738 1558 1893 1586 peccamus,
1909 1552 2013 1587 quanto

1163 1595 1218 1623 vita
1240 1595 1355 1632 longior,
1379 1598 1454 1624 tanto
1477 1596 1559 1632 culpa
1581 1597 1779 1625 numerosior?
1794 1597 1921 1633 Quotidie
1936 1605 2013 1625 nam-

1162 1650 1217 1679 que
1239 1645 1369 1670 crescunt
1392 1643 1480 1676 mala,
1501 1646 1527 1671 et
1550 1643 1758 1671 subtrahuntur
1781 1643 1852 1672 bona
1866 1655 1893 1672 ».
1922 1644 2014 1680 «Quis

1163 1689 1236 1718 enim
1258 1689 1435 1727 considerare
1457 1689 1561 1724 valeat,
1583 1694 1687 1727 quanta
1709 1691 1780 1719 mala
1801 1699 1851 1728 per
1873 1694 2014 1720 momenta

1163 1739 1320 1773 temporum
1344 1741 1538 1773 perpetramus
1560 1740 1586 1766 et
1608 1741 1711 1775 quanta
1733 1738 1803 1766 bona
1825 1738 2013 1775 negligimus?

1163 1783 1260 1812 Gravis
1281 1784 1417 1820 siquidem
1440 1784 1522 1821 culpa
1553 1788 1610 1819 est,
1632 1792 1695 1813 cum
1725 1793 1775 1814 nec
1794 1785 1867 1813 bona
1897 1785 2014 1814 facimus

1163 1838 1214 1859 nec
1235 1831 1307 1859 bona
1329 1831 1495 1868 cogitamus,
1517 1832 1565 1860 sed
1587 1835 1707 1861 mentem
1729 1840 1779 1869 per
1800 1832 1892 1861 inania
1912 1835 1940 1861 et
1952 1833 2014 1861 inu-

1164 1878 1222 1906 tilia
1242 1878 1336 1915 vagari
1359 1878 1546 1915 permittimus
1562 1879 1607 1907 7».

1243 1926 1269 1954 3.
1293 1926 1378 1954 Hono.
1401 1926 1552 1963 Gregorius
1583 1926 1609 1954 iu
1642 1926 1830 1955 Moralibuss:
1857 1938 1871 1952 «
1885 1927 2014 1956 Carnales
2031 1933 2133 1961 Responsit

1163 1976 1282 2007 mentes,
1304 1982 1320 2001 o
1341 1973 1441 2008 anima,
1474 1973 1577 2002 idcirco
1608 1974 1771 2011 temporalia
1791 1974 1926 2011 diligunt,
1949 1975 2015 2011 quia
2132 1978 2133 1983 ¹

1163 2020 1219 2048 vita
1240 2020 1331 2049 carnis
1362 2028 1446 2057 quam
1478 2020 1594 2057 fugitiva
1616 2021 1663 2055 sit,
1687 2021 1799 2050 minime
1828 2022 2013 2058 perpendunt.

1163 2067 1230 2095 Nam
1252 2067 1273 2095 si
1296 2068 1468 2096 velocitatem
1491 2068 1625 2097 transitus
1656 2068 1716 2097 eius
1746 2069 1918 2105 aspicerent,
1943 2069 2014 2097 hanc

1162 2114 1245 2142 etiam
1258 2115 1470 2151 prosperitatem
1481 2115 1619 2143 modicum
1634 2115 1799 2144 duraturam
1815 2115 1926 2144 minime
1940 2123 2015 2144 ama-

1163 2164 1266 2189 rent».
1299 2161 1414 2190 Idem0:
1449 2162 1538 2190 «Vita
1569 2170 1630 2191 mea
1658 2163 1797 2199 naviganti
1828 2163 1926 2192 similis
1957 2166 2126 2198 est,Yitaestb

1163 2208 1221 2237 sive
1242 2208 1377 2237 dormiam
1399 2209 1456 2237 sive
1478 2209 1605 2245 vigilem,
1627 2217 1736 2246 semper
1758 2209 1828 2238 vado
1848 2210 1965 2239 festinus
1979 2210 2013 2239 ad
2027 2199 2055 2212 ω
2068 2193 2125 2212 man

1164 2258 1281 2283 mortem
1298 2267 1324 2283 ».
1352 2267 1365 2280 «
1380 2255 1402 2283 O
1425 2256 1481 2284 vita
1501 2264 1648 2292 praesens,
1670 2264 1754 2293 quam
1769 2257 1872 2285 multos
1893 2257 2011 2293 decipis!

1164 2310 1250 2338 quae,
1272 2302 1339 2331 dum
1361 2302 1446 2339 fugis,
1469 2303 1537 2331 niliil
1560 2311 1603 2338 es,
1626 2303 1692 2331 dum
1709 2303 1825 2337 videris,
1847 2303 1947 2332 umbra
1968 2311 2013 2338 es3

1163 2348 1230 2377 dum
1252 2349 1401 2384 exaltaris,
1423 2350 1519 2379 fumus
1551 2358 1595 2385 es;
1618 2350 1707 2379 dulcis
1738 2358 1768 2379 es
1789 2345 1897 2384 stultis,
1920 2358 2014 2379 amara

320 2545 327 2558 ¹
346 2546 455 2574 Gregor.,
474 2546 489 2568 1.
505 2546 588 2569 nomn.
606 2546 629 2568 in
647 2547 735 2574 Evang.
753 2547 830 2568 homil.
853 2547 886 2569 tsi.
903 2553 927 2569 n.
941 2548 948 2569 «t
961 2555 966 2569 ι
978 2548 1035 2570 Eece
1047 2548 1107 2570 enim

256 2585 276 2607 is
298 2585 340 2614 qui
360 2591 406 2607 non
429 2592 455 2607 ex
473 2585 585 2608 accidenti
603 2586 678 2614 dono,
695 2586 735 2608 sed
754 2586 903 2608 essentialiter
921 2586 997 2609 bonus
1013 2590 1059 2616 est,
1077 2587 1109 2609 di-

257 2625 287 2647 cit
304 2624 377 2654 [toan.
395 2625 437 2652 r10,
460 2624 517 2654 tt.]:
535 2625 585 2654 Eyo
601 2631 655 2648 sum
671 2627 757 2654 postor
774 2624 858 2648 bouus.

319 2663 328 2676 2
346 2663 418 2687 Codd.
437 2665 453 2686 A
465 2664 506 2687 CF
523 2664 607 2687 merito
626 2664 753 2687 laudabilis
770 2664 807 2687 sit.

320 2702 329 2716 ³
348 2704 428 2726 Psalm.
448 2704 490 2731 83,
508 2705 535 2732 2,·
552 2703 609 2726 ibid.
626 2710 650 2725 V.
668 2705 693 2726 3:
717 2704 865 2732 Concupiscit
888 2708 910 2727 et
932 2705 1009 2728 delicit
1032 2705 1107 2727 anima

258 2748 309 2764 mea
326 2742 350 2764 in
367 2743 423 2764 atria
442 2743 539 2765 Domini.

320 2780 329 2793 *1
347 2781 402 2804 Cod.
415 2781 432 2804 C
444 2781 476 2804 αιΙ
487 2788 547 2811 quae
559 2783 580 2805 le
592 2784 728 2806 convertere
740 2782 814 2811 debes,
824 2785 850 2806 ul
861 2783 949 2806 scilicet
960 2782 1039 2806 rideas
1051 2786 1108 2811 etc.;

258 2821 274 2842 E
292 2826 352 2849 quoe
367 2822 388 2843 te
405 2820 428 2843 in
446 2820 531 2844 melius
549 2823 700 2849 conrertunt,
718 2821 797 2845 rideas
815 2826 857 2845 etc.

320 2858 330 2871 ⁵
347 2859 404 2882 Cod.
421 2861 436 2882 L
454 2860 518 2883 addit
535 2860 559 2883 in
576 2861 721 2891 Synonymis
734 2861 785 2890 [cfr.
798 2862 812 2884 1.
825 2868 848 2884 n.
862 2861 898 2884 48.
915 2861 982 2891 seq.].
997 2861 1108 2884 Verbote-

258 2904 301 2921 nus
318 2899 419 2921 occurrit
436 2899 498 2926 apud
516 2900 638 2928 Bernard.,
657 2901 686 2922 de
704 2900 859 2923 Conversione
876 2901 906 2923 ad
925 2901 1031 2928 clericos,
1048 2907 1068 2923 c.
1086 2901 1107 2923 S.

258 2944 279 2960 n.
298 2938 340 2965 1¹6,
358 2937 399 2960 ubi
419 2941 493 2961 textus
514 2939 631 2966 originalis
650 2942 702 2967 post
718 2939 830 2963 incertius
853 2940 919 2962 addit
935 2939 1069 2967 invenitur,
1086 2942 1108 2962 et

258 2979 419 3006 prosequitur:
441 2986 451 2998 ι(
464 2978 511 3000 Non
529 2979 651 3000 miseratur
669 2979 785 3008 inopiam,
803 2986 849 3002 non
866 2980 959 3002 divitias
981 2982 1108 3007 reveretur,

258 3022 305 3038 non
322 3017 401 3045 generi
419 3017 553 3044 cuiiislibet,
570 3023 616 3039 non
637 3018 754 3045 moribus,
778 3024 823 3041 non
846 3019 889 3046 ipsi
911 3019 1012 3047 denique
1035 3019 1108 3046 parcit

1165 2549 1245 2576 aetati,
1263 2549 1306 2571 nisi
1323 2549 1388 2578 quod
1404 2549 1499 2572 senibus
1516 2549 1612 2578 quidem
1630 2549 1653 2571 in
1671 2549 1757 2575 ianuis,
1774 2547 1960 2571 adolescentibus
1978 2554 2016 2570 au-

1166 2591 1210 2610 tem
1230 2588 1251 2610 in
1270 2588 1357 2611 insidiis
1374 2592 1408 2611 est
1420 2598 1442 2611 n.
1460 2589 1502 2611 Pro
1520 2589 1545 2611 in
1561 2588 1641 2611 ianuis
1658 2589 1675 2610 Α
1686 2588 1702 2610 C
1714 2589 1730 2610 D
1741 2588 1806 2610 EFL
1824 2587 1847 2610 in
1865 2586 1966 2616 foribus.

1228 2626 1237 2639 ὓ
1249 2627 1294 2650 Csr.
1304 2628 1412 2656 August,
1425 2628 1481 2650 xm.
1493 2627 1522 2650 de
1533 2627 1583 2650 civ.
1595 2628 1647 2655 Dei,
1659 2634 1678 2650 c.
1693 2628 1734 2654 to.,
1744 2630 1765 2649 et
1774 2627 1884 2649 Bernard.
1894 2627 1967 2649 Serm.
1979 2626 2014 2649 t7.

1167 2667 1187 2689 in
1205 2667 1240 2689 Ps.
1260 2666 1307 2695 Qui
1323 2666 1425 2695 habitat,
1445 2674 1465 2690 n.
1487 2668 1507 2690 1.

1228 2705 1236 2718 ⁷
1255 2707 1379 2735 uernam„
1397 2707 1497 2729 Meditat.
1509 2710 1553 2729 etc.
1566 2713 1585 2729 e.
1598 2708 1619 2728 ἱ).
1637 2713 1659 2728 n.
1677 2706 1697 2728 5
1716 2709 1738 2728 et
1755 2713 1776 2728 n.
1795 2707 1815 2728 6,
1834 2705 1907 2728 Codd.
1924 2705 2014 2728 BIIlM

1165 2746 1208 2767 lios
1225 2745 1284 2767 duos
1301 2745 1364 2767 locos
1381 2745 1496 2767 omittunt.

1228 2783 1237 2796 ⁵
1255 2784 1315 2806 Libr.
1333 2785 1388 2807 tht.
1404 2790 1424 2807 c.
1443 2784 1480 2806 110.
1498 2791 1520 2806 n.
1537 2785 1574 2806 95.

1227 2822 1237 2835 ⁹
1255 2823 1315 2846 Libr.
1335 2824 1380 2846 Vll.
1398 2824 1468 2852 Epist.
1484 2824 1552 2852 epist.
1569 2824 1607 2846 29.
1625 2823 1655 2845 ad
1673 2823 1801 2845 Andr-eam:
1821 2823 1871 2845 Vita
1894 2823 1956 2845 enim
1978 2829 2016 2845 no-

1164 2866 1211 2885 stra
1230 2863 1348 2891 naviganti
1366 2866 1400 2885 est
1416 2863 1510 2890 similis,
1523 2863 1541 2885 is
1553 2869 1666 2891 namque⁷
1678 2863 1717 2891 qui
1730 2863 1835 2890 navigat,
1851 2864 1907 2889 stet,
1924 2862 2015 2889 sedeat,

1165 2901 1250 2929 iaceat,
1268 2901 1345 2928 vadit,
1363 2902 1417 2930 quia
1435 2901 1536 2929 impulsu
1554 2902 1621 2923 navis
1638 2901 1738 2923 ducitur.
1756 2901 1786 2923 lta
1803 2906 1860 2928 ergo
1877 2903 1899 2922 et
1922 2906 1963 2922 nos
1980 2906 2017 2922 su-

1166 2946 1230 2967 mus,
1248 2940 1287 2969 qui
1305 2941 1354 2962 sive
1372 2940 1506 2969 vigilantes,
1523 2941 1573 2963 sive
1590 2941 1743 2967 dormientes,
1761 2940 1811 2962 sive
1831 2942 1944 2966 tacentes,
1966 2939 2016 2961 sive

1165 2980 1308 3008 loquentes...
1328 2986 1370 3008 per
1389 2982 1506 3002 momenta
1527 2983 1660 3008 temporum
1681 2979 1784 3008 quotidie
1803 2979 1833 3002 ad
1853 2979 1923 3001 finem
1943 2978 2017 3001 teudi-

1165 3024 1226 3040 mus.
