2133 3317
134 436 265 455 Continentur.

160 1339 253 1362 Secundo,

148 1363 209 1386 quoad
222 1368 267 1386 qua·

167 1387 247 1405 litatem.

282 223 339 251 614

280 301 315 326 Et
334 301 376 332 qui
395 307 450 325 sero
469 299 614 325 sobrietatis
633 306 683 324 non
703 298 820 323 observat
833 298 984 323 sententiam
997 298 1132 323 1110110110-

281 344 387 375 quenter
406 342 568 374 suspenditur
587 350 602 367 a
621 342 721 366 divinis.

353 387 377 411 3.
398 386 527 411 Usitatum
546 385 585 410 est
609 385 676 410 hosti
701 385 814 410 homines
842 385 873 409 ad
892 392 988 416 prunas
1007 385 1131 410 seducere.

280 430 320 454 Ad
339 437 435 461 prunas
454 429 588 454 Dominum
607 429 704 460 spernit
723 436 765 453 rex
784 428 910 458 Ioakim¹,
929 428 1006 460 negat
1031 429 1130 455 Petrus.

280 472 315 497 Et
333 480 364 497 ne
382 472 453 497 nobis
472 472 501 496 de
519 472 643 497 nocturna
662 471 845 502 praedicatione
864 471 895 495 ad
915 478 1010 502 prunas
1029 471 1133 502 propter

281 515 391 540 fructum
410 515 450 540 vel
468 514 679 546 interrogationes
698 514 826 539 hominum
845 514 1017 544 blandiamur,
1031 514 1063 539 ad
1076 522 1133 545 pru-

280 566 327 583 nas
345 558 443 583 Ioakim
462 558 533 582 audit
546 558 644 589 quidem
658 564 784 582 sermones
803 557 917 587 Domini,
931 557 973 582 sed
986 557 1132 587 contemnit,

281 601 313 626 ad
331 608 427 632 prunas
445 601 539 625 Petrus
557 601 587 625 de
606 600 706 625 Christo
727 599 899 631 interrogatus
919 600 1029 625 offendit.
1042 599 1062 625 O
1075 607 1133 631 quo-

281 644 329 669 ties
354 644 393 669 est
420 644 537 669 serotinis
565 643 706 668 necessaria
733 643 816 668 verbis
845 643 967 674 correptio
992 643 1132 668 matutina!

281 687 354 712 Mane
374 687 521 718 praedicant
547 687 626 716 docti,
646 694 701 712 sero
730 686 910 712 concionantur
937 686 1043 716 indocti;
1063 686 1088 711 et
1106 687 1133 711 in

282 731 321 755 his
349 731 464 756 omnibus
491 730 622 755 honestius
646 730 707 755 alibi
734 737 808 761 quam
837 730 869 755 ad
896 731 979 762 ignem
998 731 1024 755 et
1043 731 1133 762 pocula

283 774 451 805 praedicatur.
470 774 494 798 Si
513 773 641 799 hominum
660 773 739 798 instet
766 773 872 803 devotio,
892 780 937 805 pro
957 774 1076 805 exemplis
1095 781 1134 798 se-

282 817 360 841 nioris
379 816 495 841 intererit
513 816 658 847 providere,
676 816 706 841 ut
733 816 878 841 narratione
905 824 967 846 una,
988 817 1074 848 paucis
1093 817 1133 841 vel

281 859 351 889 aliis,
373 860 394 884 si
413 859 523 890 expedit,
543 859 640 889 verbis,
659 858 796 883 instantiae
815 859 933 884 satisfiat.
952 859 1132 884 Verumtamen

282 902 366 927 mutat
384 902 510 927 interdum
539 909 615 927 causa
642 902 785 931 consilium,
804 909 849 927 nec
876 903 915 927 lex
934 902 1072 934 imponitur
1089 910 1134 927 un-

281 945 366 970 ctioni.
384 945 495 970 Vitanda
514 945 599 970 tamen
618 946 718 977 vigilia,
738 953 801 977 quae
820 946 971 970 occasionem
984 945 1075 975 verbis,
1089 945 1134 970 aut

283 989 407 1020 potationi
425 989 563 1014 ministrat.
583 989 630 1019 Qui
648 989 738 1014 vitium
757 996 844 1014 cavere
863 989 1004 1021 desiderat,
1024 990 1081 1014 vitii
1094 996 1134 1014 oc-

282 1032 406 1057 casionem
425 1032 582 1063 praecaveat.
602 1032 724 1056 Studeant
752 1039 810 1063 ergo
829 1033 855 1057 in
873 1032 927 1057 cibe
955 1033 980 1057 et
1008 1033 1069 1063 potu
1097 1039 1133 1057 so-

281 1075 414 1100 brietatem
434 1083 548 1105 servare,
569 1075 633 1100 sicut
663 1076 729 1100 servi
757 1075 803 1100 Dei
830 1075 855 1100 et
874 1075 988 1106 religiose
1011 1075 1133 1100 viventes.

286 1128 298 1140 κ
312 1118 380 1143 Sicut
399 1126 483 1144 omnes
502 1118 653 1150 cupiditates
681 1119 764 1143 carnis
791 1118 946 1143 abstinentia
973 1118 1132 1148 resecantur,

281 1162 318 1186 ita
338 1169 422 1187 ornnes
441 1162 549 1187 virtutes
575 1162 706 1186 edacitatis
731 1162 792 1187 vitio
811 1160 996 1186 destruuntur-²
1008 1172 1031 1186 >›.
1057 1172 1069 1184 ‹<
1082 1162 1134 1186 101-

282 1206 368 1230 mundi
388 1205 493 1236 spiritus
512 1206 546 1230 ibi
565 1213 590 1230 se
609 1205 738 1235 iniiciunt,
758 1206 801 1230 ubi
819 1206 929 1237 amplius
947 1206 1034 1231 vident
1052 1206 1133 1230 cibum

282 1247 307 1271 et
326 1247 413 1278 potum
427 1258 451 1272 >›.

353 1290 377 1315 4.
399 1290 470 1315 Circa
488 1291 628 1316 secundum
647 1291 755 1316 multum
775 1290 905 1316 attendere
924 1291 971 1316 sibi
990 1291 1088 1321 debent,
1103 1299 1133 1316 ne

283 1333 398 1358 videlicet
417 1334 483 1359 cibos
501 1334 625 1365 appetant
654 1334 784 1359 delicatos.
808 1335 858 1367 Qui
875 1335 964 1359 vinum
982 1336 1006 1359 et
1020 1335 1135 1366 pinyuia

284 1376 372 1408 diliyit
381 1384 518 1408 nunquam
527 1378 553 1402 in
565 1377 689 1402 virtutum
703 1378 858 1409 possessione
872 1377 998 1403 ditabitur
1008 1377 1026 1402 ³.
1036 1378 1134 1403 Horum

283 1420 381 1451 quidem
401 1420 558 1451 permittitur
576 1428 652 1450 usus,
672 1421 765 1446 abusus
791 1422 816 1446 et
834 1421 1033 1452 concupiscentia
1052 1421 1135 1452 prohi-

283 1463 365 1488 betur.
384 1464 486 1495 Semper
504 1464 589 1496 itaque
608 1464 707 1495 placeat
726 1465 761 1489 eis
779 1464 930 1490 lautioribus
949 1472 1050 1496 parcere
1064 1465 1133 1489 cibis.

282 1506 319 1531 De
337 1507 506 1538 grossioribus
525 1507 586 1532 cibis
604 1507 630 1532 et
652 1507 719 1532 facili
748 1508 788 1532 vel
817 1508 889 1532 valde
913 1508 1053 1539 temperato
1072 1508 1134 1539 potu

281 1550 427 1575 necessitati
445 1550 579 1582 utcumque
599 1550 717 1575 satisfieri
746 1550 843 1581 potest,
864 1558 1015 1582 quamquam
1035 1551 1060 1576 et
1078 1552 1134 1582 ipsa

281 1592 418 1617 necessitas
442 1592 509 1617 inter
536 1593 649 1618 homines
675 1593 709 1617 sit
736 1593 866 1618 arctanda.
893 1593 940 1623 Qui
958 1594 987 1618 de
1006 1593 1135 1625 Religione

281 1636 397 1660 censetur
416 1636 561 1661 modestiam
576 1636 648 1661 debet
661 1636 798 1668 Religionis
816 1636 922 1666 habere,
942 1636 971 1661 ut
984 1637 1018 1661 sit
1036 1637 1062 1661 in
1075 1636 1135 1662 tem-

282 1678 398 1709 perantia
426 1679 555 1710 speculum
588 1679 702 1704 aliorum.
736 1679 919 1710 Spectaculum
951 1678 1014 1709 facti
1045 1686 1134 1705 sumus

282 1723 380 1747 natando
398 1723 423 1747 et
441 1721 549 1754 Amyclis
568 1723 592 1747 et
605 1721 782 1748 hominibus-⁴.
802 1723 872 1748 Felix
885 1723 1047 1753 abstinentia,
1070 1730 1135 1754 quae

282 1766 368 1797 palato
387 1766 495 1797 imperat
515 1766 628 1791 delicato.
648 1766 728 1791 Debet
747 1773 792 1791 vas
810 1767 912 1791 caelesti
929 1767 1027 1798 gratiae
1045 1767 1136 1791 manci-

282 1808 371 1840 patum
390 1817 405 1834 a
425 1810 517 1834 saeculi
529 1809 652 1834 illecebris
665 1810 799 1835 abstinere.
813 1810 871 1835 Non
884 1809 1032 1835 erubescant
1044 1817 1135 1841 aquam

282 1852 367 1883 petere
387 1859 433 1883 pro
452 1853 526 1882 vino,
547 1852 568 1877 si
595 1852 744 1882 habuerint,
764 1852 937 1884 temperando,
964 1853 1024 1884 quin
1052 1853 1136 1884 potius

282 1895 425 1920 erubescere
444 1895 548 1925 debent,
568 1896 589 1920 si
607 1897 693 1921 vinum
711 1896 820 1921 biberint
848 1897 922 1921 nimis
941 1896 1014 1922 forte.
1034 1897 1134 1928 Aquam

281 1939 407 1970 requirere
425 1939 450 1964 et
477 1939 560 1964 minus
587 1939 718 1971 lymphato
742 1940 800 1965 vino
828 1940 869 1964 vel
893 1940 1015 1965 modicum
1034 1947 1132 1971 semper

281 1989 326 2013 pro
345 1982 454 2007 bibentis
478 1982 627 2007 necessitate
654 1990 780 2014 apponere
803 1983 854 2009 Deo
882 1983 973 2015 placet,
993 1984 1133 2015 proximum

282 2025 409 2055 aedificat,
429 2025 583 2057 Religiosum
610 2026 744 2056 honestat,
769 2027 867 2052 animae
892 2027 967 2051 simul
992 2027 1017 2051 et
1036 2027 1134 2058 corpori

282 2069 321 2093 est
340 2068 448 2093 salubre.
468 2068 561 2093 Verum
579 2076 654 2100 quam
673 2069 747 2101 turpe
767 2069 800 2094 sit
820 2069 972 2101 pauperibus
990 2069 1134 2095 hominibus

282 2111 375 2136 cibaria
393 2119 512 2143 quaerere
530 2112 639 2137 lautiora
660 2112 685 2137 et
703 2113 826 2144 appositis
845 2120 896 2138 non
915 2120 968 2137 esse
987 2113 1118 2138 contentos
1132 2132 1138 2143 ,

282 2155 311 2179 de
329 2155 400 2180 modo
420 2155 589 2186 praeparandi
607 2155 688 2180 cibum
707 2156 851 2187 disponere,
865 2156 910 2181 aut
924 2156 1044 2187 quomodo
1064 2164 1133 2187 prae-

283 2198 402 2229 paretur,
421 2199 547 2229 requirere
568 2199 655 2229 petum
674 2199 713 2223 vel
741 2199 823 2224 cibum
848 2200 957 2230 aliquem
978 2200 1004 2224 in
1037 2200 1134 2230 special

282 2240 400 2271 laudare,
420 2241 449 2266 ut
467 2241 497 2266 de
517 2241 608 2266 eisdem
627 2241 736 2273 amplius
761 2241 918 2273 apponatur,
943 2241 988 2266 aut
1014 2248 1073 2266 suas
1097 2242 1136 2266 in-

719 219 916 249 OPUSCULUM
938 220 956 247 Ι.
978 219 1150 248 SPECULUM
1170 219 1380 248 DISCIPLINAE.
1402 219 1482 247 PARS
1503 219 1610 247 PRIMA,

1188 297 1227 322 ter
1254 298 1385 323 extraneos
1415 298 1549 323 medicinas
1582 297 1725 327 ostendere,
1744 298 1809 329 *quis
1841 305 1915 323 sanae
1947 298 2037 323 mentis

1187 341 1289 372 ignorat
1299 342 1310 364 Ρ

1260 384 1284 408 5.
1300 384 1401 409 Modus
1421 391 1516 415 quoque
1536 385 1658 410 honestus
1677 384 1716 409 est
1733 385 1759 409 in
1778 385 1924 410 comedendo
1943 385 2037 410 haben·
2058 393 2110 413 Circa
2123 401 2133 414 ι.

1188 426 1249 457 dus,
1268 426 1298 451 nt
1316 426 1386 452 non⁵
1405 428 1535 457 ardenter,
1561 428 1606 452 aut
1624 435 1679 453 eum
1698 428 1775 452 nimia
1797 428 1955 453 festinatione
1975 436 2037 454 com*
2053 416 2133 461 dugxfflffi.

1188 469 1290 499 edatur,
1319 470 1359 494 vel
1386 470 1449 494 alias
1476 470 1626 495 indecenter.
1654 485 1689 488 -—
1707 471 1814 495 Moram
1839 471 1865 495 in
1890 478 1976 496 mensa
2003 471 2037 496 fa·
2060 472 2133 516 Cirgmv

1188 511 1261 537 001·οθ
1281 512 1424 544 religiosum
1443 520 1493 538 non
1512 513 1558 537 est.
1578 513 1702 543 Caveant,
1722 521 1760 544 ne,
1780 514 1837 538 aliis
1855 522 1870 538 a
1890 515 2038 540 comestione

1188 556 1357 586 cessantibus,
1371 557 1420 588 ipsi
1433 556 1579 581 comedendo
1591 557 1631 581 vel
1643 557 1765 592 loquendo
1778 565 1889 583 mensam
1902 558 2038 588 detineant,

1189 607 1245 624 cum
1263 606 1314 624 non
1333 599 1367 624 sit
1384 600 1526 629 hominum,
1547 599 1589 624 sed
1614 601 1695 631 magis
1722 600 1857 631 pecudum,
1877 608 1952 632 super
1970 608 2039 626 111011-

1190 650 1244 667 sam
1263 643 1411 668 ruminando
1430 643 1524 667 diutius
1543 643 1678 668 immorari.
1695 643 1806 668 Possunt
1824 644 1908 669 tamen
1927 645 1969 675 qui
1997 652 2040 670 ne-
2128 670 2129 676 ,

1189 692 1256 710 cesse
1274 685 1376 715 habent,
1390 685 1462 710 caute
1476 686 1522 710 sibi
1541 693 1597 710 00111
1615 686 1736 711 modestia
1749 687 1775 711 in
1789 687 1910 718 principio
1930 694 2037 718 mensae,
2127 687 2129 718 4

1189 728 1246 753 aliis
1264 729 1428 753 communiter
1447 729 1639 759 comedentibus,
1659 730 1798 760 providere.

1261 771 1285 796 6.
1304 771 1344 796 Ad
1362 771 1424 796 haec
1446 781 1459 794 «
1471 772 1569 803 ubique,
1589 772 1619 796 ut
1643 772 1679 797 ait
1703 773 1810 797 Sanctus
1821 771 1839 805 ⁷,
1858 773 1980 798 frenanda
1999 774 2037 799 est
2064 770 2133 814 rfflssfqi

1189 815 1277 846 lingua
1295 822 1428 846 praeceps,
1447 816 1553 840 maxime
1571 816 1598 840 in
1622 816 1769 846 convivio»,
1789 823 1819 841 ne
1839 817 1932 842 scilicet
1951 817 1983 842 ad
2000 817 2038 842 lo—
2050 800 2133 842 Euan-51¹}

1189 858 1315 889 quendum
1333 859 1477 890 superflue,
1496 859 1536 883 vel
1557 858 1689 883 indiscrete
1714 859 1848 884 relaxetur.
1871 869 1884 882 ‹<
1897 843 2133 890 Το.011;01111-ἓιξῖἷέῗηιῖ1

1189 901 1245 931 tas,
1264 901 1301 925 ait
1319 900 1422 933 Hugo⁸,
1442 901 1508 926 inter
1529 902 1616 932 epulas
1635 902 1725 927 idcirco
1749 903 1889 927 necessaria
1908 903 1960 934 est,
1980 910 2041 935 quo-

1189 944 1257 968 niam
1276 944 1378 975 lingua,
1398 951 1460 975 quae
1480 945 1505 969 in
1525 945 1590 969 omni
1618 944 1729 976 tempore
1753 945 1784 970 ad
1813 946 1941 977 peccatum
1960 954 2041 978 prona

1189 987 1298 1017 labitur,
1319 987 1482 1018 periculosius
1495 988 1593 1017 tamen,
1607 995 1663 1013 eum
1682 996 1726 1020 per
1742 989 1871 1020 crapulam
1884 989 2041 1015 inflammata

1190 1030 1278 1059 fuerit,
1291 1030 1323 1054 ad
1336 1030 1485 1061 loquendum
1500 1030 1628 1055 relaxatur
1638 1041 1663 1055 ».
1673 1032 1906 1057 —Discretionem
1917 1033 1944 1057 in
1956 1032 2039 1058 verbis
2057 1030 2129 1073 Ῑῑθῐξέὲὺ

1190 1073 1275 1098 eadem
1293 1073 1327 1098 ibi
1346 1073 1411 1098 ratio
1431 1073 1573 1104 persuadet.
1592 1074 1671 1105 Super
1689 1082 1801 1099 mensam
1820 1075 1903 1100 autem
1921 1083 1977 1101 cum
2001 1083 2041 1101 so-

1190 1117 1226 1141 cio
1245 1117 1313 1148 loqui
1323 1115 1341 1146 ⁹,
1361 1117 1406 1141 aut
1425 1124 1508 1142 coram
1525 1117 1666 1142 illitteratis
1685 1117 1783 1143 Latinis
1812 1118 1903 1144 ibidem
1921 1120 1962 1144 vel
1980 1120 2041 1145 alibi

1191 1160 1274 1184 verbis
1293 1160 1338 1189 uti,
1358 1160 1485 1185 dominum
1504 1168 1600 1192 quoque
1619 1161 1720 1191 (1011105,
1740 1162 1780 1187 vel
1798 1162 1861 1188 alios
1874 1169 2041 1195 quoscumque

1190 1203 1222 1228 ad
1240 1203 1416 1228 comedendum
1444 1204 1483 1228 vel
1512 1204 1643 1229 bibendum
1671 1205 1826 1236 frequentius
1853 1206 1961 1231 invitare
1989 1213 2040 1232 non

1191 1246 1268 1271 decet.
1287 1246 1359 1271 Subit
1377 1247 1474 1277 animo,
1494 1247 1559 1278 quod
1578 1248 1699 1279 quaedam
1717 1248 1834 1274 matrona
1858 1249 1956 1274 cuidam
1984 1257 2038 1275 eam

1191 1290 1334 1321 frequenter
1353 1290 1473 1315 invitanti
1492 1290 1582 1315 dixisse
1601 1291 1696 1316 fertur:
1715 1301 1727 1313 κ
1739 1292 1866 1321 Fuistine,
1886 1293 1976 1324 inquit,
1995 1293 2042 1318 asi-

1190 1333 1316 1357 narius>›·?
1343 1334 1467 1358 ruralium
1494 1333 1520 1358 et
1547 1334 1735 1365 imperitorum,
1761 1336 1803 1366 qui
1832 1336 1916 1360 asinos
1941 1336 2041 1367 saepius

1191 1383 1325 1407 provocare
1344 1377 1486 1407 novissent,
1507 1384 1560 1402 esse
1588 1378 1718 1409 proprium
1745 1379 1852 1403 innuens
1879 1379 2041 1405 invitationes

1190 1420 1217 1444 in
1235 1427 1322 1444 mensa
1341 1421 1454 1451 personis
1473 1420 1646 1446 discretionem
1665 1421 1816 1446 habentibus
1834 1422 1958 1447 inculeare
1970 1421 2000 1447 ¹⁰.

1263 1463 1287 1487 7.
1307 1463 1412 1494 Oportet
1433 1464 1508 1488 etiam
1527 1464 1684 1495 disciplinam
1706 1465 1732 1489 in
1760 1465 1877 1496 corporis
1895 1466 1919 1490 et
1937 1465 2042 1492 habitus

1191 1505 1357 1537 dispositione
1376 1513 1476 1531 servare
1484 1526 1490 1536 ,
1509 1506 1539 1531 ut
1551 1507 1706 1532 comedentes
1719 1515 1745 1532 se
1757 1515 1808 1532 non
1820 1507 1956 1539 appodient
1967 1515 2043 1540 super

1192 1557 1315 1579 mensam,
1335 1550 1375 1574 vel
1393 1550 1556 1575 accubitando
1575 1551 1615 1575 vel
1642 1551 1691 1576 alio
1716 1558 1869 1583 quocumque
1887 1552 1959 1577 1110110
1979 1552 2044 1577 inor-

1191 1593 1276 1618 dinate
1288 1592 1307 1605 ¹¹
1329 1600 1354 1618 se
1373 1594 1472 1625 gerant.
1491 1593 1557 1618 Dum
1576 1594 1715 1624 comedunt,
1729 1594 1806 1626 caput
1821 1595 1847 1620 in
1860 1596 1959 1627 caputio
1972 1596 2044 1621 nulla

1192 1637 1288 1661 ratione
1308 1636 1471 1668 profundent,
1491 1637 1533 1662 sed
1562 1637 1651 1668 aperta
1678 1638 1808 1663 comedant
1834 1638 1904 1664 facie.
1927 1639 2043 1664 Ceterum

1192 1680 1330 1712 Religiosos
1348 1681 1374 1705 et
1392 1687 1515 1711 pauperes
1533 1681 1563 1705 de
1582 1688 1667 1705 mensa
1695 1681 1777 1706 aliena
1804 1681 1918 1707 viventes
1941 1682 1970 1707 de
1989 1689 2044 1714 por-

1192 1723 1258 1749 tione
1286 1723 1333 1748 sibi
1358 1724 1474 1755 apposita
1503 1725 1588 1749 exenia
1616 1724 1725 1749 familiae
1756 1724 1867 1750 faciendo
1893 1725 2044 1757 patrisfami-

1191 1767 1240 1792 lias
1258 1767 1285 1792 in
1303 1767 1374 1792 domo
1394 1775 1480 1799 gerere
1499 1768 1579 1798 vices,
1598 1775 1672 1792 canes
1690 1768 1731 1793 vel
1755 1768 1890 1800 murilegos
1908 1769 1938 1794 de
1956 1775 2044 1794 mensa

1192 1818 1293 1842 pascere
1312 1810 1456 1841 benedicta,
1475 1818 1490 1836 a
1509 1818 1557 1843 quo
1576 1811 1691 1836 nonnulli
1719 1812 1793 1836 etiam
1813 1811 1943 1837 abstinent
1961 1819 2043 1837 saecu-

1192 1854 1273 1884 lares,
1292 1861 1343 1879 non
1361 1854 1484 1885 congruit.
1498 1869 1534 1872 -—
1546 1854 1697 1885 Principalis
1716 1854 1843 1886 hueusque
1861 1855 1947 1880 incisio
1958 1854 1988 1886 ¹²,
2007 1855 2044 1880 nil
2061 1854 2133 1873 Notaui

1192 1896 1233 1921 his
1251 1896 1325 1922 notae
1343 1897 1498 1928 impingens,
1518 1898 1561 1929 qui
1574 1897 1620 1922 sub
1633 1897 1836 1923 institutionibus
1849 1898 1905 1923 aliis
1918 1898 2042 1929 militant,
2126 1899 2128 1927 f

1193 1940 1239 1965 aut
1257 1947 1303 1971 pro
1322 1940 1428 1965 diversis
1446 1940 1507 1966 locis
1526 1940 1551 1965 et
1569 1940 1715 1965 diversitate
1738 1948 1870 1966 causarum
1889 1941 1987 1966 diversa
2006 1949 2043 1967 or-

1194 1983 1283 2008 dinant
1300 1983 1428 2008 instituta.
1447 1984 1560 2009 Honesta
1579 1984 1676 2016 quidem
1696 1984 1722 2009 et
1740 1984 1828 2009 sancta
1840 1985 1920 2010 omnis
1933 1985 2044 2016 traditio,

1194 2032 1256 2057 quae
1276 2033 1319 2057 per
1339 2026 1499 2058 prudentiam
1510 2025 1530 2038 ¹³
1550 2027 1674 2052 seniorum
1694 2028 1720 2052 in
1738 2027 1827 2052 timore
1845 2027 1891 2053 Dei
1909 2029 2045 2053 communi·

1194 2069 1233 2094 ter
1252 2069 1375 2100 traditur,
1401 2070 1565 2095 communiter
1593 2070 1748 2095 observatur.
1778 2070 1906 2101 Profecto,
1935 2079 1965 2096 ex
1982 2078 2045 2097 com-

1194 2113 1263 2137 muni
1282 2113 1365 2144 surgit
1384 2113 1542 2138 institutione
1561 2113 1671 2145 Religio,
1691 2113 1810 2138 honestas
1839 2122 1868 2139 ex
1887 2114 2045 2140 ordinatione

1194 2156 1321 2181 causatur.
1339 2156 1417 2182 Omne
1435 2157 1578 2182 ordinatum
1597 2157 1711 2182 decorum
1730 2164 1783 2182 esse
1802 2165 1901 2183 necesse
1920 2158 1959 2183 est
1970 2157 1998 2183 ¹⁴¹.

2062 1465 2120 1484 Secuu

2070 1492 2133 1532 1ξὲῐίῗί

2071 1536 2119 1560 posit
2128 1541 2133 1556 ιε

1297 2242 1418 2267 Expmcxr
1436 2249 1515 2267 PRIMA
1534 2250 1610 2268 nurus
1623 2250 1741 2268 orusetrm
1759 2250 1900 2269 rnamenta.
1911 2243 1940 2269 ¹⁵.

348 2555 356 2568 1
375 2556 415 2577 [er.
434 2556 475 2584 36,
494 2556 531 2577 22.
549 2561 627 2584 seqq.;
646 2556 706 2578 10011,
725 2556 762 2583 118,
781 2556 818 2578 18.
835 2559 858 2578 et
874 2556 911 2578 25.
929 2563 994 2585 seqq.
1012 2556 1042 2579 de
1059 2557 1133 2580 Petro.

284 2599 314 2603 —
333 2587 427 2609 Inferius
445 2593 487 2614 pro
503 2586 680 2616 praedicatione
698 2587 734 2610 ed.
752 2588 765 2609 2
782 2587 1001 2617 praemeditatione.

347 2618 356 2630 2
374 2618 461 2645 lsidoi·.,
480 2619 502 2641 ΙΙ.
521 2619 581 2641 Sent.
599 2624 618 2641 c.
637 2618 674 2641 42.
692 2625 713 2640 11.
733 2619 770 2640 ⁴0.
788 2619 873 2642 Textus
887 2619 1006 2647 originalis
1017 2619 1135 2642 substituit

285 2649 395 2673 carnalos
413 2656 455 2678 pro
473 2649 553 2673 carnis
571 2652 594 2672 et
610 2650 709 2673 vocibus
734 2656 815 2673 omnes
837 2650 936 2674 zvis-tutes
954 2651 1069 2673 interserit
1085 2651 1135 2674 [mi-

284 2687 345 2703 mae.
363 2681 418 2703 lbid.
437 2687 457 2703 c.
475 2681 511 2703 [14.
530 2687 552 2703 n.
572 2681 594 2704 3.
613 2681 711 2704 habetur
737 2688 786 2710 seq.
809 2683 930 2710 sententia,
956 2682 979 2704 in
996 2688 1043 2711 quo
1061 2685 1135 2705 textus

285 2713 404 2740 originalis
421 2715 473 2740 post
490 2711 522 2735 ibi
537 2718 562 2735 so
579 2713 644 2735 addit
660 2712 738 2742 nzaqz's
755 2716 777 2735 et
794 2719 837 2741 pro
848 2713 953 2743 amplius
966 2713 1044 2737 rident
1056 2713 1134 2737 cibum

285 2743 402 2766 substituit
415 2743 473 2773 plus
490 2743 594 2767 ‘riclerint
610 2750 696 2767 escam.

348 2773 357 2786 ³
375 2776 443 2797 Prov.
461 2776 504 2802 21,
523 2775 560 2798 47.

347 2805 357 2818 ⁴¹
374 2807 444 2834 Epist.
463 2807 478 2829 Ι,
497 2806 550 2829 Cor.
568 2806 594 2834 4,
612 2807 633 2829 9.
650 2819 681 2823 -
698 2807 739 2829 Ed.
757 2808 770 2829 2
796 2808 958 2836 prosequitur:
975 2807 1045 2831 Fele'oe
1066 2807 1134 2831 absti-

286 2837 364 2859 nentia
374 2856 378 2864 ,
397 2844 456 2867 quae
473 2838 557 2867 qulam
568 2838 665 2867 reputat
676 2838 701 2861 in
713 2839 845 2868 emmplnr.
857 2839 926 2862 Felix
938 2839 1080 2862 abstinentia
1092 2843 1135 2862 etc.

349 2868 358 2880 ⁵
376 2868 433 2891 Cod.
449 2870 466 2891 B
484 2872 506 2891 et
523 2869 561 2892 ed.
578 2870 591 2891 2
608 2876 657 2893 non
673 2869 754 2893 nimis.

349 2898 358 2911 ⁸
375 2900 415 2922 Ed.
434 2901 447 2922 2
462 2900 619 2929 protrahere,
637 2907 697 2930 quae
717 2902 786 2924 etiarn
813 2901 913 2924 subinde
936 2902 1008 2925 verbo
1032 2902 1136 2925 Careant

285 2931 394 2958 praefigit
408 2933 544 2960 propterea.

350 2960 357 2973 ⁷
377 2962 493 2989 Bernard„
511 2964 547 2985 lv.
565 2963 595 2985 de
611 2963 753 2987 Considerat.
772 2970 792 2987 c.
810 2965 831 2987 6.
851 2971 874 2986 11.
892 2966 930 2987 22.

350 2992 360 3007 ⁸
377 2993 410 3015 De
426 2994 521 3016 institut.
539 2995 610 3016 novit.
628 3001 648 3017 c.
667 2996 704 3017 Ἰ18.

349 3022 359 3035 ¹³
376 3024 417 3047 Ed.
435 3025 448 3047 2
466 3025 545 3054 Super
562 3032 669 3049 incusum
686 3026 711 3049 in
728 3033 789 3050 aure
805 3026 868 3050 socio
886 3026 959 3057 loqui.

1254 2555 1274 2569 ¹⁰
1291 2557 1343 2580 Vat.
1361 2563 1414 2579 00111
1432 2557 1469 2579 ed.
1486 2557 1507 2579 l:
1523 2557 1617 2580 Fuisti...
1635 2557 1747 2580 asinarius
1764 2557 1899 2580 ruralium...
1916 2564 2044 2586 provocare

1190 2588 1327 2611 novissent?
1345 2595 1395 2611 esse
1414 2589 1534 2616 proprium
1553 2588 1650 2611 innuens
1668 2589 1703 2610 his
1720 2589 1760 2617 qui
1777 2589 1924 2611 invitationes
1937 2590 2043 2617 personis

1192 2620 1354 2642 discretionem
1372 2619 1512 2642 habentibus
1528 2620 1644 2642 inculcare
1661 2621 1742 2643 solent.

1255 2650 1273 2663 ¹¹
1294 2651 1344 2673 Vnt.
1361 2654 1383 2674 et
1400 2651 1437 2673 ed.
1456 2652 1463 2673 Ἰ
1486 2651 1631 2674 inordinato.

1254 2682 1274 2695 ¹2
1292 2683 1424 2705 Secundum
1439 2683 1471 2705 Du
1482 2682 1568 2710 Gange,
1580 2683 1719 2705 Glossarium
1732 2685 1790 2705 etc.:
1803 2682 1888 2706 lncisio
1900 2683 1963 2706 idern
1973 2685 2007 2706 est
2018 2690 2044 2706 00

1192 2714 1270 2741 sectio,
1288 2715 1414 2742 capitulum
1433 2714 1453 2736 in
1472 2714 1543 2736 libris.
1561 2715 1614 2737 Post
1627 2713 1771 2744 principalis
1789 2715 1872 2743 supple
1889 2716 1933 2738 est.
2121 2722 2123 2740 ,¹

1255 2744 1275 2757 ¹³
1293 2746 1332 2768 Ed.
1351 2747 1364 2768 2
1380 2745 1565 2775 providentiam.

1255 2776 1275 2789 ¹⁴
1293 2777 1398 2805 August„
1417 2777 1447 2799 de
1464 2777 1524 2799 Vera
1543 2777 1616 2805 Relig.
1634 2783 1654 2799 c.
1680 2777 1716 2799 [11.
1733 2784 1757 2799 n.
1784 2777 1827 2799 77:
1845 2777 1904 2800 Nihil
1929 2778 1990 2800 enim
2009 2780 2043 2800 est

1192 2808 1332 2833 ordinatum,
1345 2809 1409 2837 quod
1426 2815 1473 2831 non
1490 2809 1517 2831 sit
1535 2809 1650 2836 pulcrum.
1667 2809 1693 2831 Et
1710 2809 1768 2831 sicut
1786 2809 1817 2830 ait
1828 2809 1953 2836 Apostolus
1966 2809 2043 2838 [Rom.

1195 2840 1235 2867 13,
1254 2839 1299 2869 4.];
1318 2839 1401 2863 Omnis
1427 2839 1485 2863 ordo
1510 2846 1525 2863 α
1551 2840 1597 2863 Deo
1614 2841 1656 2863 est.
1673 2840 1719 2863 Csr.
1743 2839 1858 2867 Ambros„
1876 2841 1891 2862 l.
1910 2840 1939 2862 de
1956 2840 2042 2863 Officiis

1192 2871 1364 2899 ministrorum,
1381 2877 1401 2894 c.
1419 2871 1456 2894 45.
1473 2878 1495 2893 n.
1523 2872 1576 2893 228.
1601 2877 1663 2900 seq.,
1690 2871 1729 2893 ubi
1754 2871 1863 2899 ostendit,
1889 2872 1953 2900 quod
1973 2872 2042 2894 deco-

1192 2909 1245 2925 rum
1265 2911 1276 2923 a
1288 2903 1318 2925 ita
1336 2909 1390 2925 curn
1408 2903 1503 2925 honesto
1521 2902 1637 2931 iungitur,
1655 2905 1679 2925 ut
1695 2903 1797 2930 separari
1815 2909 1861 2925 non
1878 2905 1961 2932 queat,
1974 2903 2043 2932 siqui-

1193 2934 1247 2956 dem
1264 2936 1286 2956 et
1303 2934 1367 2962 quod
1385 2934 1451 2956 decet
1468 2936 1590 2957 honestum
1608 2937 1653 2961 est,
1671 2936 1693 2956 et
1715 2935 1779 2963 quod
1802 2935 1923 2957 honestum
1944 2938 1978 2957 est
2002 2934 2042 2957 de-

1193 2968 1230 2987 cet
1242 2974 1252 2985 »
1274 2968 1318 2987 etc.

1255 2995 1276 3009 ¹⁵
1293 2997 1323 3019 lta
1340 2997 1385 3019 AB
1401 2999 1423 3019 et
1440 2997 1477 3019 ed.
1495 2998 1520 3024 2;
1539 2997 1608 3019 CDE
1625 2999 1647 3019 et
1665 2997 1701 3019 ed.
1723 2997 1731 3018 1Ι
1754 2996 1858 3026 Explicit
1878 2996 1961 3026 prima
1981 3002 2041 3026 pars

1189 3027 1346 3057 principalis,
1368 3028 1420 3051 Vat.
1438 3028 1544 3058 Eoeplicz't
1560 3028 1640 3058 prima
1654 3034 1714 3058 pars
1732 3028 1829 3057 δρα-υἰέ
1845 3027 1992 3057 disciplinae.
