2133 3317
18 870 76 899 ‚mio-

17 898 70 914 mae.

314 227 509 257 OPUSCULUM
530 227 595 256 XVI.
618 227 790 256 EXPOSITIO
812 227 914 257 SUPER
936 227 1089 258 REGULAM
1111 229 1264 258 FRATRUM
1285 229 1445 259 MINORUM.
1467 230 1535 258 CAP.
1558 230 1599 258 VI.

87 309 201 344 possunt
222 305 324 334 divitiis
345 305 509 342 comparari.
538 305 608 341 Quia
628 312 694 341 ergo
715 308 879 341 paupertas,
902 305 928 333 in

87 355 220 390 quantum
243 355 285 380 est
305 351 444 380 contraria
463 351 580 385 divitiis,
602 355 677 380 caret
692 351 735 379 his
750 351 856 385 tribus,
878 351 930 380 sic-

86 399 139 428 ut1
160 400 236 427 caret
263 398 379 431 divitiis;
408 405 519 426 necesse
540 400 596 431 est,
625 401 656 426 ut
684 401 833 434 paupertas
858 398 930 426 altis-

87 445 170 479 sima,
192 448 224 473 ut
244 448 285 473 est
306 444 451 481 possibile,
473 447 566 473 careat
587 444 629 473 his
651 444 742 473 tribus
763 444 791 472 in
810 452 928 473 summo.

86 493 143 521 Non
165 499 231 528 ergo
252 491 382 528 competit
403 491 476 519 veris
497 491 667 528 pauperibus
693 491 795 520 habere
817 499 930 528 magnas

87 545 165 567 areas
186 538 229 566 vel
249 541 393 566 sumtuosa
413 537 552 572 aedificta,
580 541 629 566 aut
657 545 850 574 quaecumque
878 538 931 566 alia

86 584 200 618 similia,
222 592 276 613 non
298 592 362 613 vasa
383 587 489 618 ornata,
511 593 565 613 non
588 584 713 618 cellaria,
736 593 790 613 non
810 584 930 619 vinaria,

86 639 141 660 non
164 631 355 668 promptuaria
376 630 543 665 instaurata;
566 631 611 659 sed
628 633 660 659 ut
673 631 779 664 omnia,
795 634 930 668 quantum

86 677 190 715 patitur
218 677 365 714 fragilitas,
394 677 427 706 ad
456 678 626 714 paupertatis
657 678 857 706 strictissimam
887 686 930 706 re-

89 725 182 761 gulam
204 724 382 753 reducantur.
412 724 473 753 ldeo
496 724 588 753 addit:
612 724 666 752 Seii
687 728 830 762 tanquam
849 733 931 761 pere-

85 771 169 809 9rini
188 775 213 800 et
233 771 362 799 advenae
383 772 414 800 in
435 770 487 800 lzoe
507 771 622 799 saeculo
635 771 654 799 2.

168 819 210 846 16.
228 818 259 846 Et
273 818 307 846 ad
321 818 425 846 dictum
441 817 564 854 Gregorii
580 817 743 846 dicendum:
759 817 854 846 Fateor
869 817 931 854 qui—

86 865 165 899 dem,
187 865 260 902 quod
282 872 382 893 census
403 873 455 893 non
477 865 560 893 estin
576 864 657 901 culpa
671 864 873 898 essentialiter,
889 864 931 893 vel

87 911 257 945 causaliter,
279 911 327 940 sed
347 910 581 944 occasio-naliter,
603 911 669 947 quia
682 911 824 939 affluentia
838 910 931 939 hahita

87 957 164 986 illicit
185 958 306 986 animum
328 957 500 994 possidentis.
523 957 599 986 Unde
614 957 813 986 Bernardus³2
834 968 847 982 «
862 957 931 986 Haec

87 1007 129 1033 est
149 1004 219 1033 ratio
233 1012 287 1032 non
304 1004 493 1033 habendarum
509 1004 667 1032 divitiarum
685 1004 850 1041 praecipua,
866 1004 931 1041 quia

41 1051 43 1053 “
87 1051 145 1080 sine
165 1059 260 1079 amore
281 1054 329 1079 aut
350 1051 407 1084 vix,
429 1055 478 1079 aut
500 1059 642 1087 nunquam
666 1051 760 1079 haberi
777 1055 929 1087 possunt».

9 1150 69 1169 iudae.

8 1569 71 1589 ertiae.

6 1997 29 2024 ,3,
41 1997 74 2016 im-

7 2026 21 2048 ,ο
27 2026 78 2048 men-

13 2049 57 2063 oms.

167 1099 211 1126 17.
234 1097 265 1126 Et
285 1105 335 1134 per
357 1097 409 1126 hoc
430 1100 505 1134 patet
532 1097 674 1134 responsio
702 1097 736 1126 ad
760 1098 930 1132 secundum,

85 1144 152 1182 quia
171 1144 264 1173 omnia
284 1147 349 1173 sunt
363 1144 434 1173 bona
452 1144 650 1178 essentialiter,
673 1144 718 1173 sed
741 1144 931 1173 occasionali-

87 1195 129 1220 ter
142 1191 214 1220 mala
228 1194 293 1220 sunt
313 1199 349 1220 ex
365 1191 486 1220 bumana
506 1191 674 1220 infirmitate.
691 1191 765 1219 Unde
779 1191 931 1228 Sapientiae

85 1237 192 1267 decimo
213 1238 355 1274 quarto4:
379 1238 540 1266 Creaturae
569 1238 622 1266 Dei
649 1238 680 1266 in
708 1238 808 1266 odium
835 1237 932 1276 factae

86 1289 157 1313 sunt
176 1288 201 1313 et
222 1285 252 1312 in
274 1285 457 1313 tentationem
486 1285 645 1313 animabus
676 1284 826 1313 hominum
855 1288 879 1313 et
901 1285 932 1314 in

86 1330 284 1367 muscipulam
302 1330 425 1367 pedibas
447 1331 665 1368 insipientiunz;
687 1334 714 1359 et
733 1334 813 1368 poeta
827 1331 931 1360 dicit⁵:

150 1431 236 1454 Crescit
253 1437 316 1454 amor
333 1432 435 1459 nummi,
452 1434 565 1460 quantum
583 1431 633 1460 ipsa
651 1431 748 1460 pecunia
767 1432 856 1454 crescit.

169 1517 212 1545 18.
234 1517 272 1545 Ad
294 1517 407 1546 tertium
432 1517 595 1551 dicendum,
625 1517 700 1554 quod
728 1518 814 1554 aliqui
842 1517 931 1546 Sancti

87 1563 202 1592 fuerunt
220 1563 334 1598 divites,
356 1564 403 1592 sed
425 1564 593 1601 paucissimi.
615 1564 691 1593 Unde
711 1564 810 1593 divites
831 1565 857 1593 in
873 1565 932 1593 sin-

86 1610 190 1648 quim-z·
203 1614 230 1639 et
245 1618 308 1639 cum
328 1610 483 1639 conditione
505 1611 735 1640 commendantur
754 1611 932 1640 Ecclesiastici

88 1658 229 1695 trigesimo
250 1658 377 1694 primo⁶‚
400 1658 447 1686 ubi
469 1657 591 1686 dicitur:
622 1659 729 1686 Beatus
756 1658 853 1693 clives,
882 1658 934 1696 qui

88 1705 222 1734 inventus
242 1709 283 1733 est
302 1705 365 1733 sine
385 1704 505 1733 macula·
516 1715 526 1739 ;
548 1705 594 1734 sed
620 1705 779 1742 pluraliter
800 1705 932 1734 damnan-

90 1755 137 1780 tur
158 1752 246 1780 Lucae
267 1755 356 1786 sexto,
378 1752 425 1780 ubi
447 1752 567 1780 dicitur:
596 1752 652 1780 Vae
675 1752 756 1780 vobis
777 1752 931 1787 diuitibus,

89 1798 141 1837 qui
160 1797 269 1827 habetis
291 1797 337 1827 kz‘e
357 1798 578 1827 consolationem
601 1799 746 1827 vestram!
768 1799 822 1828 lllis
843 1802 933 1828 tamen

89 1846 219 1874 omnibus
240 1845 368 1874 Christus
389 1846 494 1874 infinite
516 1845 712 1882 praeponitur,
733 1846 781 1883 qui
803 1854 832 1875 se
853 1846 934 1875 exhi-

89 1891 150 1920 buit
170 1892 310 1921 doctorem
333 1892 504 1929 paupertatis
526 1892 610 1921 verbo
631 1892 735 1929 pariter
754 1895 781 1921 et
796 1893 932 1929 exemplo.

90 1939 168 1975 Quod
189 1942 282 1968 autem
305 1939 401 1968 melior
421 1939 503 1976 elegit
523 1939 610 1976 magis
631 1942 672 1968 est
693 1939 849 1976 eligendum
863 1939 882 1967 ⁷.

170 1986 214 2014 19.
243 1985 374 2022 Sequitur
403 1985 523 2014 secunda
552 1992 616 2022 pars
647 1986 791 2014 rubricae:
820 1985 934 2014 Variani

88 2040 142 2069 pro
163 2031 340 2070 eleemosyna
362 2031 536 2068 confidenter
556 2035 608 2061 etc.
631 2048 669 2052 —
689 2032 740 2061 Sed
762 2035 858 2061 contra
881 2032 933 2061 hoc

1775 231 1832 260 423

986 306 1111 340 videtur,
1127 307 1200 343 quod
1216 307 1249 336 de
1264 307 1364 336 sanctis
1379 308 1549 345 pauperibus
1564 308 1590 336 in
1606 308 1753 337 Ierusalem
1768 317 1833 337 con·-
1847 315 1932 357 Obieggo
1942 317 1980 340 pri-

986 352 1106 388 gregatis
1133 353 1234 381 dicitur
1262 354 1378 382 Actuum
1409 354 1554 391 quarto⁸z
1587 354 1644 383 Nec
1675 354 1833 393 quisquam

986 406 1069 435 e9ens
1090 403 1154 427 erat
1174 399 1249 428 inter
1270 400 1342 429 illos.

1066 445 1116 474 Sed
1138 446 1171 474 ad
1194 446 1245 475 hoc
1267 450 1341 483 patet
1362 448 1505 484 responsio
1526 456 1562 476 ex
1584 448 1731 485 praedictis
1750 448 1777 476 in
1792 456 1832 477 se—

987 492 1078 520 cunda
1099 492 1211 521 rubrica
1224 493 1251 527 ⁹,
1280 494 1345 530 qiua
1365 494 1402 522 illi
1425 502 1562 531 pauperes
1582 503 1637 523 non
1658 495 1769 523 omnino
1790 495 1831 523 di-

987 538 1158 567 strictionem
1178 540 1342 576 apostolicae
1363 541 1534 577 paupertatis
1558 541 1777 578 profitebantur,
1799 544 1831 570 ut

988 585 1077 613 visum
1099 589 1159 619 est;
1182 586 1253 614 inter
1275 595 1345 623 quos
1366 591 1445 616 erant
1465 588 1595 624 neophyti
1612 588 1663 616 viri
1685 592 1712 617 et
1733 589 1831 617 mulie-

987 639 1047 665 res,
1070 632 1172 668 quibus
1193 633 1284 661 subita
1304 636 1410 670 egestas
1432 635 1585 670 perniciosa
1605 635 1718 663 forsitan
1745 635 1832 664 exsti-

988 678 1072 707 tisset.
1097 679 1212 707 Econtra
1234 680 1334 708 Paulus
1354 680 1419 709 dicit
1440 689 1491 717 pro
1512 689 1541 709 se
1562 684 1589 709 et
1610 681 1660 710 sibi
1683 681 1832 710 conformi-

987 724 1040 752 bus
1062 724 1165 761 primae
1186 725 1220 753 ad
1240 726 1397 754 Corinthios
1417 730 1517 763 quarto
1530 727 1568 754 ¹⁰:
1589 727 1682 765 Usque
1701 727 1733 755 in
1754 726 1830 756 lianc

987 770 1092 800 lim-am
1113 773 1261 800 esurimus
1288 777 1313 801 et
1343 773 1460 801 sitimus
1484 777 1552 808 etc.;
1581 778 1607 802 et
1635 774 1771 803 secundae
1798 775 1833 803 ad

987 818 1144 846 Corinthios
1165 819 1327 847 undecimo:
1351 821 1385 847 Et
1409 828 1476 848 euin
1502 829 1591 849 essem
1619 821 1701 858 apud
1731 829 1781 849 vos
1808 824 1832 849 et

987 873 1115 901 eyerem,
1136 865 1212 893 nulli
1232 874 1371 894 onerosus
1391 865 1447 903 fui.

1067 912 1113 939 20.
1135 912 1217 945 Item,
1238 911 1383 946 obiicitur,
1406 913 1479 949 quod
1501 913 1563 942 lieet
1578 914 1710 943 Dominus
1725 922 1831 951 pauper

988 957 1055 991 fuit,
1076 966 1130 985 non
1153 961 1243 986 tamen
1265 958 1366 987 dicitur
1387 967 1402 987 a
1423 959 1588 996 quibusdam
1614 960 1698 989 fuisse
1727 960 1831 989 mendi-

989 1012 1055 1038 cus,
1078 1007 1108 1032 ut
1130 1004 1248 1033 videtur.

1067 1052 1148 1085 Item,
1167 1052 1276 1080 Fratres
1295 1052 1474 1081 mendicando
1489 1053 1619 1082 videntur
1633 1061 1749 1090 gravare
1764 1054 1831 1082 alios

988 1106 1125 1134 pauperes
1139 1098 1287 1132 mendicos,
1301 1099 1409 1135 penitus
1424 1099 1545 1128 humano
1559 1100 1665 1128 auxilio
1676 1100 1830 1129 destitutos.

1068 1145 1150 1178 item,
1180 1146 1295 1173 :Is-tuum
1317 1146 1501 1182 vigesimoss:
1530 1146 1650 1175 Beatius
1671 1151 1712 1175 est
1736 1147 1832 1184 mayis

988 1191 1061 1219 dare
1081 1199 1172 1229 quain
1193 1192 1330 1228 accipere.

1067 1240 1113 1266 21.
1144 1239 1319 1274 Respondco:
1348 1239 1416 1267 Cum
1445 1247 1553 1268 summe
1585 1240 1768 1268 honorificum
1797 1240 1832 1268 sit

988 1284 1070 1318 dare,
1092 1292 1202 1312 summa
1222 1285 1339 1321 privatio
1362 1286 1474 1314 honoris
1494 1289 1536 1314 est
1563 1286 1732 1315 constituere
1753 1294 1782 1314 se
1803 1286 1831 1314 in

988 1331 1069 1359 dandi
1085 1331 1303 1367 impossibilitate
1324 1336 1351 1360 et
1371 1333 1533 1361 necessitate
1547 1333 1629 1361 etlam
1645 1333 1831 1367 mendicandi,

989 1377 1054 1414 quia
1069 1377 1134 1406 dicit
1149 1378 1249 1406 Seneca
1262 1379 1284 1395 ¹2
1297 1389 1303 1406 ε
1330 1390 1342 1402 α
1358 1379 1398 1407 Nil
1417 1379 1509 1407 carius
1523 1379 1641 1413 emitur,
1656 1387 1739 1416 quam
1756 1379 1831 1416 quod

990 1425 1118 1461 precibus
1140 1428 1245 1453 constat
1261 1437 1285 1453 ».
1310 1426 1380 1454 Inter
1395 1426 1486 1454 onmia
1500 1429 1591 1454 autem
1608 1426 1771 1462 petitionum
1787 1434 1833 1463 ge-

989 1479 1057 1500 nera
1077 1472 1311 1500 verecundissime
1326 1476 1366 1500 est
1383 1473 1550 1501 mendicitas.
1578 1484 1591 1497 «
1608 1473 1653 1501 Est
1667 1473 1739 1501 enim
1755 1481 1833 1501 men-

989 1518 1090 1546 dicare
1110 1517 1143 1546 ad
1166 1518 1381 1546 misericordiam
1406 1519 1549 1547 hominum
1571 1519 1665 1547 vivere
1680 1531 1707 1553 »‚
1723 1523 1754 1547 ut
1768 1519 1834 1548 dicit

989 1565 1158 1602 Augustinus
1187 1573 1270 1601 super
1292 1565 1358 1593 illud
1380 1565 1477 1594 Psalmi
1491 1566 1521 1593 ¹³.
1544 1565 1686 1594 Nutantes
1707 1564 1833 1602 transfe-

990 1615 1100 1639 rantur
1119 1611 1176 1648 filii
1196 1612 1258 1639 eius
1278 1615 1303 1639 et
1327 1612 1494 1640 mendicent.
1523 1612 1593 1648 Quid
1622 1615 1715 1641 autem
1744 1615 1833 1649 potest

990 1661 1045 1686 tam
1068 1658 1255 1686 verecundum
1277 1666 1352 1692 esse,
1374 1666 1456 1695 quam
1480 1659 1507 1687 in
1529 1659 1651 1687 omnium
1668 1659 1834 1687 Christiano-

991 1712 1053 1732 rum
1069 1704 1258 1733 misericordia
1272 1712 1300 1733 se
1316 1708 1437 1741 ponere?
1452 1705 1506 1734 Hoc
1520 1706 1609 1734 sciens
1624 1708 1735 1734 sanctus
1750 1706 1834 1734 Fran—

990 1752 1089 1785 ciscus‚
1111 1751 1222 1780 subdit:
1245 1751 1300 1780 Nec
1322 1756 1439 1789 oportet,
1461 1760 1506 1780 eos
1527 1752 1736 1786 verecundari,
1763 1752 1834 1790 quia

994 1799 1134 1827 Dominus
1156 1800 1207 1827 etc.

1069 1847 1114 1874 22.
1131 1846 1189 1882 Ipse
1204 1846 1277 1874 enim
1292 1846 1426 1874 Dominus
1447 1845 1589 1874 mendicus
1603 1845 1670 1880 fuit;
1692 1845 1766 1875 unde
1780 1846 1834 1874 Au-

991 1892 1119 1929 gustinus
1146 1900 1230 1929 super
1252 1892 1318 1921 illud
1340 1892 1437 1921 Psalmi
1450 1893 1491 1920 ¹4:
1517 1893 1691 1921 Persecutus
1719 1896 1758 1921 est
1786 1891 1835 1921 lio-

992 1939 1095 1967 minem
1126 1939 1238 1976 inopem
1259 1942 1284 1967 et
1305 1939 1486 1973 mendicum,
1508 1939 1534 1967 id
1562 1942 1604 1968 est
1628 1939 1768 1968 Christum
1791 1939 1834 1968 Iu-

991 1986 1055 2019 das,
1087 1986 1195 2022 inquit;
1227 1988 1254 2014 et
1284 1985 1377 2014 addit:
1413 1997 1425 2010 «
1446 1985 1598 2014 Mendicum
1633 1988 1725 2014 autem
1757 1985 1834 2014 illum

991 2032 1129 2069 quomodo
1150 2032 1302 2068 intelligere
1324 2038 1486 2068 possumus,
1508 2032 1559 2060 nisi
1581 2032 1666 2066 forte,
1686 2032 1752 2069 quia
1765 2032 1835 2061 dixit

151 2196 158 2209 ¹
177 2198 227 2219 vat.
244 2197 266 2220 si
281 2201 303 2219 et
320 2197 415 2220 Inferius
433 2197 489 2220 ciris
508 2204 550 2225 pro
569 2197 638 2220 reris.

150 2235 159 2248 ²
176 2236 221 2259 Csr.
239 2237 352 2264 Exposiiio
369 2240 468 2265 quatuor
486 2237 646 2264 Magistrorum
665 2237 687 2259 in
705 2243 724 2259 c.
742 2238 771 2259 6:
789 2238 849 2259 Haec
867 2237 932 2266 [pau-

88 2277 165 2303 pertas
181 2276 294 2303 persecta,
311 2281 372 2304 quae
389 2281 442 2297 cum
460 2275 577 2298 voluntate
602 2276 696 2303 spiritus
720 2282 762 2298 nec
787 2277 931 2304 superfluum

88 2319 131 2336 nec
147 2314 302 2336 necessarium
320 2314 381 2336 vitae
399 2317 507 2342 tanquam
525 2314 645 2342 proprium
663 2315 755 2342 retinet,
778 2315 819 2337 sed
841 2321 868 2337 ex
892 2316 932 2337 Dei

87 2353 221 2380 provisione
238 2353 336 2381 pendet,
353 2359 413 2381 quae
433 2356 557 2381 paupertas
582 2353 666 2376 dicitur
691 2354 852 2383 mendicitatis]
876 2360 931 2376 vero

87 2391 180 2414 videtur
206 2395 329 2420 paupertas
353 2392 457 2414 Fratrum
484 2392 609 2419 minorum,
627 2398 687 2420 quae
705 2393 740 2415 hic
758 2393 932 2415 determinatur.

87 2431 152 2453 Unde
168 2431 291 2454 attenditur
309 2431 330 2453 in
347 2430 456 2454 duobus:
473 2437 544 2453 unum
562 2434 607 2458 est,
619 2435 700 2453 utnon
713 2432 824 2459 repriant
838 2431 931 2460 aliquod

87 2469 171 2497 fixum,
188 2470 247 2492 sicut
264 2469 376 2498 reditum,
389 2473 410 2492 et
431 2470 474 2492 hoc
491 2472 524 2492 est
546 2469 664 2497 Quoniam
681 2471 796 2499 tanquam
809 2469 933 2499 pei-ewini

88 2509 111 2531 et
125 2508 229 2531 adcenae
245 2508 270 2531 in
278 2510 419 2538 paupertate
431 2508 512 2531 debent
524 2508 623 2531 Domino
635 2508 754 2538 famulari
761 2517 770 2537 ,·
782 2509 855 2537 aliud,
867 2509 931 2537 quod

88 2547 173 2570 debent
190 2547 276 2569 habere
293 2550 451 2575 paupertatem
469 2550 581 2576 quantum
600 2548 629 2570 ad
647 2554 729 2574 usum,
751 2550 776 2570 ut
798 2548 871 2570 taliter
887 2548 932 2570 sint

91 2591 216 2614 pauperes,
234 2585 296 2614 quod
314 2586 382 2608 etiam
400 2586 444 2608 sint
461 2586 574 2614 mendici,
596 2586 657 2608 unde
674 2586 742 2608 etiam
760 2585 867 2608 additur:
890 2586 931 2608 Va-

88 2623 145 2647 dam
159 2630 205 2654 pro
217 2624 361 2654 eleemosyna
374 2624 523 2655 confidenter.
536 2637 566 2640 —-
578 2625 689 2652 Superius
702 2631 743 2653 pro
755 2624 931 2648 strictissimam

88 2663 107 2685 G
123 2662 313 2691 sanctissimam,
330 2663 368 2686 ed.
386 2664 394 2685 Ι1
416 2663 589 2686 sanctissimae.

151 2701 160 2714 ³
178 2702 254 2725 Potius
270 2703 394 2725 Gaut‘ridus
411 2702 496 2730 abbas,
509 2702 670 2724 Declamation.
683 2702 711 2725 de
723 2702 843 2731 Colloquio
861 2702 932 2724 Simo·

89 2741 124 2763 nis
140 2747 193 2763 cum
213 2741 260 2763 Iesu
278 2747 304 2763 ox
322 2742 344 2763 S.
362 2741 470 2764 Bernardi
495 2740 641 2764 sermonibus
665 2741 753 2763 collect.
777 2741 801 2763 11.
819 2747 840 2763 n.
859 2740 884 2763 2:
907 2741 932 2763 Et

90 2780 146 2802 baec
163 2779 326 2807 fugiendarum
344 2785 412 2802 causa
432 2780 564 2811 divitiarum
592 2780 715 2807 praecipua
741 2782 785 2806 est,
806 2777 870 2808 quod
893 2781 932 2801 aut

89 2818 139 2846 vix,
156 2821 195 2840 aut
217 2825 335 2847 nunquam
361 2818 410 2840 sine
434 2824 514 2840 amore
531 2817 622 2840 valeant
646 2818 767 2846 possideri.
794 2818 839 2840 Cir.
861 2823 931 2846 supra

90 2862 143 2884 pag.
161 2856 218 2884 272,
236 2860 288 2879 nota
304 2857 327 2879 7.
345 2857 384 2879 Ed.
403 2857 411 2879 i
433 2862 487 2879 cuin
505 2858 538 2879 G:
564 2857 630 2884 Quae
652 2858 685 2879 est
702 2856 764 2879 ratio
781 2862 828 2879 non
846 2855 931 2879 halten-

88 2893 177 2918 (ίαν-ατη
198 2894 336 2918 divitiarum
359 2894 507 2924 praecipua?
532 2895 649 2917 Fusiorem
675 2895 841 2923 expositionem
864 2894 931 2917 verbi

89 2933 193 2961 Gregorii
210 2933 263 2956 vide
279 2939 349 2961 supra
366 2933 451 2962 Opusc.
469 2933 507 2956 XI.
529 2934 641 2962 Apologia
658 2939 801 2961 pauperum,
823 2939 844 2956 c.
868 2933 891 2956 7.
907 2939 931 2955 n.

90 2970 128 2994 2⁴.
143 2977 209 3001 seqq.
227 2983 255 2988 --
273 2972 384 3000 Superius
401 2977 443 3000 pro
460 2971 528 2996 illicit
544 2973 562 2994 D
579 2975 601 2994 et
617 2972 654 2994 ed.
672 2973 681 2994 i
703 2970 784 2996 allicit.

151 3010 161 3023 ⁴
180 3011 244 3033 vers.
262 3011 300 3033 11.
315 3020 347 3028 ι·-
364 3011 475 3039 Superius
492 3013 544 3039 post
560 3010 640 3033 omnia
659 3012 676 3033 D
693 3011 757 3033 addit
773 3012 861 3034 creatu.

1051 2198 1060 2210 ⁵
1078 2199 1177 2220 Iuvenal.
1194 2204 1263 2226 supra
1281 2203 1335 2225 pag.
1353 2197 1410 2225 395,
1428 2199 1481 2219 nota
1498 2197 1521 2219 7.
1538 2197 1583 2219 iam
1604 2197 1723 2225 allegatus.

1050 2236 1059 2249 Β
1078 2238 1144 2260 Vers.
1162 2238 1182 2259 8.
1204 2249 1232 2252 —
1251 2236 1353 2258 Subinde
1370 2236 1481 2264 allegatur
1498 2236 1552 2258 Luc.
1571 2237 1597 2263 6,
1616 2236 1658 2264 24,
1676 2236 1714 2258 ubi
1733 2243 1775 2264 pro
1792 2237 1834 2266 qui

990 2277 1087 2303 Vulgata
1106 2275 1169 2305 qiiia.

1051 2314 1059 2328 ⁷
1077 2315 1121 2337 Csr⁴
1140 2315 1244 2341 Aristot.,
1263 2315 1294 2337 ΙΙΙ.
1313 2314 1393 2342 Topic.
1412 2321 1430 2337 c.
1449 2315 1469 2342 1,
1488 2313 1527 2336 ubi
1546 2314 1626 2341 docet,
1649 2314 1672 2336 id
1697 2315 1772 2342 magis
1794 2314 1830 2337 eli-

988 2354 1103 2381 gendum,
1126 2361 1136 2373 »1
1148 2354 1210 2382 quod
1229 2353 1304 2380 magis
1321 2353 1382 2380 eIIgit
1400 2353 1514 2380 prudens,
1533 2353 1568 2374 vel
1587 2352 1661 2375 bonus
1677 2353 1724 2381 vir,
1742 2353 1778 2375 vel
1795 2353 1829 2375 Iex

987 2397 1061 2419 recta,
1074 2392 1109 2414 vel
1122 2392 1218 2414 studiosi
1231 2392 1291 2413 circa
1304 2391 1392 2419 singula
1405 2391 1496 2418 delectI,
1509 2394 1623 2419 quatenus
1635 2391 1689 2413 iales
1701 2394 1753 2413 sunt
1767 2400 1776 2411 n
1789 2395 1832 2414 etc.

1050 2429 1059 2442 ⁵
1077 2430 1143 2452 Vch.
1161 2430 1198 2452 31.

1049 2467 1059 2481 ⁹
1076 2469 1129 2491 Sive
1145 2474 1165 2491 c.
1183 2470 1204 2490 2.
1222 2475 1244 2490 n.
1255 2468 1281 2496 73
1295 2469 1334 2490 cfr.
1347 2468 1415 2490 etiam
1427 2474 1497 2496 supra
1510 2468 1582 2490 u.10.
1594 2471 1615 2490 et
1627 2468 1712 2496 Opusc.
1726 2469 1761 2490 XI.
1774 2468 1833 2496 Apo-

988 2508 1047 2536 logia
1066 2513 1207 2535 pauperum,
1224 2513 1243 2529 c.
1261 2506 1282 2528 7.
1300 2513 1322 2529 n.
1340 2507 1378 2529 32.

1050 2545 1070 2558 ¹⁰
1089 2547 1152 2568 vers.
1174 2546 1211 2573 II;
1229 2547 1269 2568 cir.
1285 2551 1355 2573 supra
1374 2551 1427 2574 pag.
1445 2546 1503 2573 283,
1522 2548 1574 2568 nota
1592 2546 1614 2568 9.
1631 2558 1660 2561 —
1678 2546 1786 2574 Sequitur
1808 2545 1831 2567 11.

988 2585 1039 2608 Cor.
1058 2585 1099 2613 11,
1118 2585 1139 2606 Ε).

1050 2623 1068 2636 11
1089 2624 1152 2646 vers.
1170 2624 1207 2646 35.

1050 2661 1068 2675 ¹²
1086 2662 1147 2685 Libr.
1164 2663 1189 2684 ΙΙ.
1205 2662 1235 2685 de
1252 2662 1383 2689 Beneficus,
1401 2668 1420 2684 c.
1440 2662 1459 2684 1.
1477 2661 1490 2690 S
1508 2662 1535 2684 4:
1553 2662 1615 2684 Nulla
1634 2668 1670 2684 res
1687 2662 1763 2684 carius
1779 2668 1832 2684 con-

989 2704 1044 2729 stat,
1061 2708 1132 2730 quam
1150 2707 1210 2730 quae
1227 2701 1334 2729 precibus
1351 2703 1427 2729 empta
1445 2704 1486 2723 est.

1050 2739 1070 2753 ¹⁸
1088 2741 1189 2762 Enarrat.
1207 2740 1229 2762 in
1248 2740 1281 2762 Ps.
1303 2740 1357 2766 108,
1377 2740 1413 2762 10.
1430 2746 1451 2762 n.
1473 2741 1510 2762 18:
1525 2740 1584 2768 Quid
1603 2743 1636 2762 est
1650 2743 1727 2762 autem
1746 2739 1831 2763 mendi-

988 2784 1054 2806 care,
1070 2779 1113 2801 nisi
1131 2779 1159 2801 ad
1178 2779 1297 2801 hominum
1316 2779 1497 2801 misericordiam
1514 2779 1595 2801 vivere
1611 2781 1654 2801 etc.

1051 2817 1070 2830 ¹⁴
1088 2819 1190 2840 Enarrat.
1206 2816 1228 2840 in
1247 2818 1281 2839 Ps.
1300 2818 1357 2844 108,
1376 2818 1413 2839 17.
1425 2824 1448 2839 n.
1463 2818 1508 2839 49:
1521 2817 1597 2840 Potest
1608 2818 1702 2846 quidem
1715 2818 1788 2846 accipi
1801 2818 1830 2840 de

989 2856 1057 2883 luda,
1074 2856 1127 2885 quia
1146 2862 1191 2878 non
1208 2859 1242 2878 est
1259 2856 1397 2883 dedignatus
1416 2856 1526 2879 Dominus
1539 2862 1633 2886 pauper
1650 2856 1711 2884 fieri,
1728 2861 1783 2880 cum
1800 2856 1831 2879 di-

987 2900 1026 2918 ves
1043 2896 1114 2923 esset,
1141 2897 1164 2917 ut
1189 2895 1248 2917 iliius
1269 2897 1404 2923 paupertate
1421 2900 1464 2917 nos
1480 2895 1607 2918 ditaremur
1625 2894 1658 2925 [11.
1676 2895 1728 2918 Cor.
1746 2896 1771 2923 8,
1789 2895 1830 2925 9.].

988 2932 1121 2957 Mendimim
1138 2937 1214 2956 nutem
1232 2933 1351 2962 quomodo
1368 2933 1504 2961 intelligam,
1517 2934 1560 2956 nisi
1573 2933 1636 2961 sorte,
1649 2934 1702 2963 quia
1715 2934 1771 2957 dixit
1782 2940 1830 2957 rnu-

988 2971 1036 2995 lieri
1054 2972 1220 2994 Samaritanae:
1238 2972 1275 2995 Da
1291 2971 1350 2995 mihi
1373 2971 1449 2995 bibere
1467 2972 1538 3002 [ioan.
1556 2972 1582 3000 4,
1599 2972 1648 3002 7.],
1673 2975 1695 2995 et
1718 2973 1741 2995 in
1763 2979 1832 2996 cruce

988 3011 1034 3033 ait:
1051 3010 1110 3034 Silio
1128 3011 1198 3039 [loan.
1219 3011 1258 3038 19,
1275 3010 1333 3040 28.].

1850 454 1960 478 Responsio.

1848 919 1933 939 Obiectio
1949 924 1979 938 se-

1878 943 1946 962 cunda.

1849 1059 1917 1078 Tertia.

1849 1153 1924 1176 Quarta.

1861 1246 1917 1269 uesp.
1930 1245 1955 1264 ad

1865 1274 1951 1293 prunum.

1851 1852 1907 1875 Resp.
1917 1851 1941 1870 ad
1952 1856 1981 1870 se-

1871 1875 1959 1894 cundum.
