2133 3317
429 219 624 249 OPUSCULUM
645 219 687 247 VI.
709 219 752 247 DE
774 218 996 247 PERFECTIONE
1018 218 1114 246 VlTAE
1136 217 1179 246 AD
1200 217 1356 246 SORORES.
1378 216 1446 245 CAP.
1469 216 1532 245 Vlll.
1800 216 1853 243 127

109 296 235 327 hominis
255 297 386 327 aseendit
406 297 433 325 in
455 297 506 325 hac
527 296 595 330 vita,
616 299 751 332 quantum
767 296 807 324 tui
829 295 902 324 Beati
927 299 953 324 te
1009 295 1211 324 sermocinetur
1230 303 1261 324 os
1282 298 1376 330 tuum,
1391 294 1496 323 esuriat
1510 293 1578 322 illud
1599 293 1690 322 anima
1705 296 1765 326 tua,
1781 292 1855 320 sitiat

109 344 242 373 amabunt
262 348 289 373 et
309 344 343 373 de
365 347 391 372 te
419 343 579 380 gaudebunt
606 342 633 371 in
661 342 707 370 illa
734 342 815 370 beata
836 341 912 369 vita¹
925 353 952 369 ι).
1010 341 1077 370 illud
1099 349 1163 370 caro
1185 344 1245 375 tua,
1266 341 1404 370 desideret
1425 344 1481 369 tota
1505 340 1659 369 substantia
1680 342 1742 373 tua,
1767 338 1854 367 donec

0 398 58 440 '‘¹⁵⁰5‘'
70 399 99 417 εει
112 391 250 427 Quantum
272 391 391 427 quisque
412 390 457 418 hic
471 390 558 418 Deum
574 392 659 424 amat,
676 391 783 417 tantum
797 387 835 417 ibi
849 388 883 417 de
897 388 953 416 Deo
1010 387 1097 416 intres
1118 387 1149 416 in
1168 388 1314 425 yaudizcm
1338 387 1390 416 Dei
1410 387 1455 416 tui
1468 387 1478 404 2
1491 399 1518 421 n,
1540 386 1626 415 donee
1640 386 1734 415 venias
1747 385 1781 413 ad
1796 392 1854 413 am-

0 426 98 473 ffiufflo·
111 437 249 474 gaudebit.
272 437 342 474 Ergo
364 437 409 465 hic
430 436 518 465 Deum
539 436 659 464 multum
679 443 756 469 ama,
778 437 809 462 ut
830 434 867 462 ibi
883 434 954 462 mul-
1010 434 1111 471 plexus
1131 434 1222 463 dilecti
1245 434 1298 469 tui,
1319 434 1406 463 donec
1427 434 1583 463 introducat
1605 436 1631 462 te
1651 433 1679 461 in
1701 432 1854 460 thalamum

17 473 49 488 ω’
111 486 170 512 tum
192 483 326 521 gaudeas;
348 486 453 512 crescat
484 483 529 511 hic
560 482 587 510 in
608 484 635 510 te
659 489 737 510 amor
758 480 822 514 Dei,
855 482 886 508 ut
916 480 953 508 ibi
1010 480 1100 508 dilecti
1122 480 1218 517 Sponsi
1240 481 1297 514 tui,
1319 480 1367 517 qui
1388 488 1453 509 cum
1480 481 1559 509 Patre
1580 482 1607 508 et
1632 478 1736 516 Spiritu
1761 480 1855 507 sancto

111 530 192 567 plene
212 530 351 567 possideas
372 529 504 567 gaudium
524 529 582 558 Dei.
609 528 778 557 «Meditetur
792 527 856 555 inde
876 533 955 555 mens
1011 526 1079 554 vivit
1099 529 1126 555 et
1147 529 1244 563 regnat
1263 534 1337 555 unus
1358 527 1432 555 Deus
1452 534 1502 563 per
1522 526 1614 555 omnia
1635 525 1744 555 saecula
1759 532 1854 554 saecu-

110 579 171 611 tua,
193 577 324 614 loquatur
345 576 408 605 inde
430 576 525 613 lingua
545 578 608 610 tua,
623 577 697 604 amet
718 574 787 603 illud
801 577 954 607 cortuum,
1011 572 1111 601 lorum.
1134 573 1226 601 Amen.

111 766 154 788 erit.
172 766 232 793 (Vat.
249 767 328 788 contra
346 764 413 787 BCF
430 764 513 787 omittit
528 763 569 787 ubi
586 764 648 787 Deus
665 763 721 792 erit,
739 762 772 786 ibi
786 764 857 786 erum
873 764 896 786 et
906 761 954 791 illi‚·
1012 762 1094 790 quium
1111 764 1133 783 et
1150 760 1314 789 soliloquium,
1332 760 1362 782 ita
1379 763 1401 782 et
1418 761 1461 783 hoc
1477 760 1620 788 Opusculum
1638 761 1660 782 S.
1677 760 1761 782 Doctor
1774 759 1855 782 iisdem

112 807 185 827 textus
201 804 319 832 originalis
335 805 357 827 et
373 803 415 826 ubi
430 803 475 826 eric
491 802 567 826 Filius
584 802 647 831 eius,
665 801 697 825 ibi
712 803 784 825 erunt
799 803 821 824 et
837 801 881 830 illz)
894 804 916 823 et
927 801 957 823 al·
1012 801 1127 823 concludit
1144 799 1222 822 verbis
1238 800 1346 822 Anseimi.
1364 799 1409 822 Csr.
1426 806 1496 827 supra
1514 806 1568 827 pag.
1580 800 1622 826 66,
1635 802 1688 821 nota
1701 800 1722 821 9.
1735 800 1799 821 —ln
1812 799 1857 820 fine

111 844 200 871 legatur
217 844 284 866 Rom.
301 844 328 870 8,
347 843 383 865 ⁴7.
1012 840 1077 862 addit
1093 840 1123 862 A:
1141 838 1245 868 Explicit
1262 839 1431 862 Bonaventura
1442 837 1474 861 ad
1484 844 1579 861 sorores
1595 844 1665 866 suas,
1677 837 1793 861 moniales
1804 843 1858 860 san-

175 881 183 895 ²
201 882 308 905 nltimam
332 882 526 910 propositionem,
550 881 573 903 in
593 887 639 910 qua
656 880 767 908 allegatur
784 880 800 902 1.
816 879 868 902 Cor.
886 880 912 906 2,
929 879 956 907 9,
1013 880 1063 901 clue
1080 877 1180 906 Clamo,-
1198 878 1214 900 B
1225 880 1314 900 autem:
1328 876 1433 906 Eaeplicit
1444 878 1560 900 tractatus
1572 877 1754 900 Bonaeenturae
1765 876 1793 899 de
1802 882 1856 906 pro-

112 920 204 944 exhibet
220 921 332 948 Anselm.‚
349 921 393 943 loc.
409 921 445 943 cit.
463 926 483 943 c.
501 920 539 942 26.
1012 917 1073 947 fectu
1092 916 1151 940 vitae
1167 915 1300 946 reliqiosae.

175 959 184 972 ²
201 960 312 988 Anselm.,
329 960 372 982 loc.
388 959 426 982 cit.
443 959 558 987 Allegatur
575 959 650 981 Matth.
668 957 711 985 25,
728 958 765 980 21.
783 957 846 979 Sicut
857 956 957 978 Brevilo-
