2133 3317
737 231 932 261 OPUSCULUM
954 230 1007 260 Vll.
1030 229 1226 259 RHYTHMICA.

128 314 170 339 69.
190 314 237 340 Cor
254 314 340 346 ignavi
359 313 478 345 siquidem
498 312 597 336 minime
616 310 762 342 perpendit,

216 356 256 381 Ad
274 356 333 388 quid
352 356 468 381 Christus
489 354 610 385 optimum
630 361 701 378 suum
719 360 761 378 cor
778 353 888 378 ostendit

217 399 296 430 Super
314 399 369 424 alas
388 397 496 430 positum
515 397 609 426 crucis,
629 403 673 421 nec
692 396 814 426 attendit,

219 441 287 471 Quod
307 440 458 466 reclinatorii
477 440 542 464 vices
560 439 606 464 hoc
625 437 794 470 praetendit¹.

190 485 243 510 Hoc
261 483 445 510 reclinatorium
463 482 559 514 quoties
578 482 735 507 monstratur

216 526 275 551 Piae
293 525 384 555 menti,
405 525 479 550 toties
497 525 518 549 ei
536 524 692 556 glutinatur,

217 569 285 594 Sicut
303 569 328 593 et
346 568 463 599 accipiter
482 568 551 593 totus
570 567 696 592 inescatur

217 612 296 643 Super
314 618 414 636 carnem
433 611 549 640 rubeam,
569 618 613 641 per
631 617 705 641 quam
725 609 865 634 revocatur.

130 654 170 680 71.
191 655 253 680 Post
270 654 316 680 hoc
334 653 426 678 clamat
445 654 528 678 anima
547 653 618 684 quasi
637 652 793 677 dementata:

217 697 238 723 Ο
257 697 456 727 reclinatorium,
477 704 533 722 caro
552 695 684 721 cruentata

219 741 267 765 Per
284 740 323 765 tot
341 741 395 766 loca
413 740 516 771 propter
535 740 586 764 me!
606 746 650 764 cur
667 746 717 764 non
728 737 737 751 ²
757 738 889 763 vulnerata

219 784 308 809 Tecum
328 791 397 813 sum,
417 783 475 808 dum
494 783 611 811 moreris,
631 789 680 807 non
700 789 754 806 sum
772 781 913 813 colligata?

133 826 175 852 72.
194 825 282 852 Licet³
302 827 384 851 tamen
405 827 508 851 miserae
528 826 562 850 sit
580 825 647 850 istud
666 824 799 856 negatum,

219 869 281 894 Mihi
300 869 397 901 quidem
416 869 507 900 eligam
527 876 618 893 novum
637 867 788 897 cruciatum,

220 912 343 937 Gemitum
362 911 476 936 videlicet
494 912 624 942 iugemque
643 910 782 942 ploratum,

219 955 301 981 Donec
320 955 405 979 mundi
423 954 533 979 deseram
552 961 655 985 gravem
674 953 818 978 incolatum.

132 998 173 1024 73.
192 998 254 1024 Post
271 997 336 1023 hoc⁴
355 997 434 1022 dulcis
452 997 548 1025 anima,
570 997 627 1027 plus
646 996 671 1020 et
690 996 747 1027 plus
766 995 918 1024 fervescens,

220 1041 299 1066 sensu
317 1040 371 1066 toto
389 1040 485 1068 deficit,
505 1047 606 1071 corpore
625 1039 763 1064 tabescens.

219 1083 274 1108 Iam
293 1083 334 1108 vix
352 1083 420 1114 loqui
439 1082 544 1111 sufficit,
565 1082 607 1106 sed
626 1081 716 1106 affectu
734 1087 859 1110 crescens,

223 1126 271 1152 Suo
289 1126 352 1151 lecto
371 1125 489 1155 decubat,
508 1125 595 1156 utpote
613 1125 784 1156 languescens

134 1169 175 1195 74.
195 1168 263 1201 Ergo
281 1169 361 1193 dulcis
379 1168 491 1200 gutturis
509 1174 603 1199 organo
623 1167 756 1198 quassato,

221 1212 319 1244 Lingua
338 1211 438 1236 tantum
458 1210 568 1242 palpitat
579 1209 597 1240 ⁵,
617 1210 700 1235 sonitu
720 1209 832 1239 sublato,

222 1254 268 1279 Sed
289 1261 334 1285 pro
353 1253 435 1279 verbis
454 1253 495 1284 pia
514 1260 584 1278 mens
603 1252 663 1277 fletu
683 1251 856 1283 compensato,

221 1297 386 1322 Lamentatur
405 1296 553 1325 Dominum,
572 1296 643 1321 corde
663 1295 780 1320 sauciato.

135 1340 177 1365 75.
196 1340 235 1365 Sic
253 1339 383 1372 languenti
402 1339 522 1371 siquidem
541 1339 578 1363 nil
597 1339 644 1363 nisi
664 1339 762 1370 plorare

223 1383 296 1408 Libet
314 1382 339 1408 et
358 1382 472 1414 satagere
491 1382 562 1407 corde
582 1382 709 1413 suspirare
720 1379 738 1405 ⁵.

223 1426 284 1451 Suos
303 1426 367 1450 enim
387 1425 469 1450 oculos
487 1425 566 1450 nescit
585 1431 700 1450 revocare

223 1469 246 1494 A
265 1468 359 1494 Christi
377 1468 538 1497 vulneribus,
558 1468 603 1492 aut
621 1475 662 1492 cor
680 1474 805 1498 separare.

136 1512 176 1538 76.
197 1512 235 1537 Sic
255 1511 295 1537 est
313 1510 416 1536 autem⁷
436 1511 534 1536 animus
553 1511 621 1535 illius
639 1510 752 1540 illectus,

223 1555 299 1585 Quasi
318 1555 340 1579 ei
359 1561 476 1586 praesens
495 1553 529 1578 sit
547 1554 655 1579 moriens
674 1553 793 1583 dilectus,

227 1598 261 1622 Et
278 1605 294 1622 a
312 1604 383 1622 cruce
402 1597 501 1621 minime
520 1596 628 1621 retrahit
645 1596 776 1627 aspectus,

225 1640 288 1670 Quia
306 1640 339 1665 ibi
358 1640 459 1671 oculus,
478 1639 520 1664 ubi
539 1639 577 1664 est
596 1639 709 1664 affectus.

138 1683 180 1709 77.
200 1683 325 1712 Gemitus,
345 1683 468 1714 suspiria,
486 1683 625 1714 lacrymae,
644 1682 754 1707 lamenta

225 1727 275 1751 Sibi
294 1726 354 1751 sunt
371 1726 486 1755 deliciae,
505 1725 588 1755 cibus,
607 1724 740 1754 alimenta,

227 1769 321 1800 Quibus
340 1776 405 1794 nova
423 1769 520 1800 martyr
538 1768 577 1793 est
594 1768 686 1800 iugiter
705 1768 816 1797 intenta,

226 1812 321 1843 Suoque
340 1811 460 1843 martyrio
474 1809 483 1823 ³
503 1811 624 1842 praebent
641 1810 802 1835 incrementa.

129 485 171 510 70.

184 1928 193 1942 ²
211 1929 251 1952 Ed.
270 1929 277 1951 1
300 1930 360 1951 hunc
378 1934 472 1951 versum
489 1928 522 1951 sic
538 1928 604 1956 legit:
621 1927 651 1951 Ei
666 1927 709 1957 qui
723 1927 757 1951 sic
774 1927 878 1951 moriens
895 1928 920 1951 in
936 1927 964 1951 li-

121 1967 168 1992 qna
184 1959 300 1990 pependit.
317 1960 428 1988 Superius
445 1959 561 1982 substituit
580 1958 660 1987 Quare
672 1959 779 1983 Christus
792 1959 883 1982 homini
892 1965 964 1983 suum

121 1999 163 2022 pro
180 1991 217 2015 Ad
233 1990 290 2021 quid
307 1990 414 2014 Christus
431 1990 547 2020 optimum
563 1996 635 2013 suum
652 1993 674 2013 et
689 1991 748 2013 male
759 1991 814 2018 legit
825 1990 910 2020 iqnave
922 1997 964 2019 pro

121 2022 210 2054 ignavi.
221 2036 252 2039 —
263 2023 286 2045 111
303 2028 368 2051 seqq.
385 2022 486 2050 strophis
502 2021 594 2044 duabus
606 2021 696 2044 vicibus
708 2028 734 2044 03
746 2028 842 2045 erronee
855 2022 920 2050 ponit
931 2028 965 2045 re-

122 2053 293 2079 clamatorium
310 2054 360 2076 loco
377 2052 564 2077 reclinatorium.

185 2084 194 2098 ²
212 2085 264 2108 Post
280 2091 324 2108 cur
341 2090 390 2108 non
407 2085 443 2107 ed.
465 2086 469 2106 1
492 2084 521 2106 ita
548 2084 664 2107 continuat
682 2083 790 2107 cruciata
809 2085 894 2108 Tecum
911 2090 965 2108 sum

122 2118 145 2141 et
161 2115 266 2140 moriens
283 2115 325 2139 tibi
340 2115 470 2145 colliqala?

185 2147 194 2161 ³
212 2147 252 2170 Ed.
271 2148 279 2169 1
296 2147 365 2170 habet
377 2146 491 2175 Quamvis
503 2150 525 2169 et
536 2147 593 2168 inira
606 2146 661 2174 legit
671 2146 789 2176 quendam
800 2147 852 2169 vice
863 2146 966 2176 quidem.

184 2178 195 2192 ⁴
212 2179 241 2201 lta
259 2178 296 2201 ed.
314 2179 339 2206 1,
360 2179 409 2201 Vat.
428 2177 492 2201 haec.
511 2178 643 2200 immediate
662 2181 713 2206 post
730 2184 772 2206 pro
786 2177 843 2208 plus
865 2179 888 2201 et
908 2178 965 2208 plus

123 2211 160 2234 ed.
180 2211 188 2232 1
211 2209 280 2232 habet
295 2209 350 2239 plus
364 2209 467 2239 plusque
483 2212 506 2232 et
521 2208 563 2232 sed
578 2215 661 2232 aptore
678 2215 784 2232 crescens·
807 2215 850 2238 pro
871 2209 913 2232 sed
929 2209 965 2239 af-

123 2242 186 2272 fectu
204 2246 317 2264 crescens.

187 2272 197 2285 ⁵
213 2273 256 2294 Pro
271 2271 386 2301 palpitat,
403 2272 466 2300 quod
484 2271 553 2294 habet
569 2271 606 2294 ed.
627 2271 650 2299 1,
668 2271 718 2294 Vat.
735 2271 791 2299 legit
804 2271 934 2301 palpitans.

187 2302 197 2316 ⁶
213 2303 253 2326 Hic
270 2309 352 2325 versus
371 2303 392 2325 in
410 2303 447 2325 ed.
468 2303 473 2324 1
497 2303 525 2324 ita
537 2302 669 2325 exhibetur:
683 2303 760 2325 Potest
770 2302 907 2332 satisfacere
919 2302 967 2326 siue

123 2333 637 2393 ’ΜῑῑῖἑέῐῘἻξέοΒέἒῗῑὶὲῗῑαῧῖἕῆῖῇῃὲῗεῖ
651 2333 768 2387 'hissam
785 2371 814 2388 ue
830 2364 863 2388 ³20
880 2368 903 2387 et
918 2365 968 2389 Nec

125 2404 141 2421 a
157 2403 227 2421 cruce
245 2402 287 2425 pro
304 2396 335 2419 Et
350 2402 365 2418 a
382 2401 460 2419 cruce.
770 2370 783 2394 q

188 2427 198 2440 ³
216 2428 313 2451 Textum
331 2427 360 2450 ita
378 2427 520 2450 correximus
536 2433 561 2450 ex
580 2426 616 2449 ed.
638 2427 656 2453 l,
674 2427 724 2449 Vat.
742 2427 778 2449 hic
795 2426 849 2455 legit
873 2428 967 2456 martyr

125 2461 159 2483 est
175 2458 270 2482 interim
287 2458 393 2486 inventa,
417 2458 456 2481 Sic
478 2464 522 2481 suo
544 2457 670 2487 martyrio.
692 2457 803 2486 Superius
825 2458 862 2480 ed.
884 2459 892 2480 1
914 2458 969 2480 sub—

126 2491 198 2514 stituit
214 2490 273 2514 Hinc
289 2489 358 2519 fletus
376 2496 418 2518 pro
436 2489 541 2513 Gemitus
562 2492 584 2511 et
601 2489 678 2518 Dapes
698 2490 756 2512 sunt
772 2489 823 2512 vice
839 2488 890 2512 Sibi
904 2490 968 2512 sunt.

189 2520 199 2534 ⁹
216 2522 325 2545 Ultimum
343 2527 437 2543 versum
454 2521 491 2543 ed.
512 2521 517 2542 1
539 2521 572 2543 510
589 2520 691 2542 exhibet:
718 2519 812 2543 Clamat
827 2519 880 2548 ista,
897 2526 969 2543 suum

127 2559 169 2578 cor
185 2553 255 2583 atque
271 2552 419 2582 perforasse,
437 2551 561 2574 substituto
578 2551 686 2579 superius
697 2551 766 2574 sentit
778 2553 915 2580 penetrasse
927 2557 969 2580 pro

128 2584 218 2608 clamat
234 2585 371 2614 penetrasse
396 2586 418 2606 et
442 2583 466 2605 in
492 2583 537 2605 fine
562 2584 670 2610 strophae
696 2583 854 2610 praecedentis
878 2582 970 2612 rumpit

128 2614 209 2640 carnis
225 2615 330 2645 frenum.
344 2613 407 2638 Nam
423 2614 481 2637 dum
494 2620 535 2642 pro
547 2613 627 2637 carnis
639 2613 731 2644 rumpit
740 2613 816 2644 filum.
828 2614 892 2638 Nam
907 2619 970 2637 cum.

127 2659 158 2664 —
174 2647 227 2670 Post
243 2647 362 2674 stropham
379 2645 417 2668 79.
434 2645 470 2668 ed.
490 2646 497 2667 1
519 2645 584 2668 addit
600 2648 645 2667 tres
662 2651 727 2674 seqq.
744 2646 865 2673 strophas:

223 2678 298 2700 Vitam
316 2683 416 2706 namque
433 2680 547 2699 mortuam
566 2676 629 2699 videt
645 2676 799 2705 condolendo,

254 2709 297 2731 Pro
314 2708 362 2731 suis
378 2708 507 2731 defectibus
525 2709 568 2730 1100
585 2713 636 2730 0550
652 2707 781 2734 credend03

254 2740 323 2762 Videt
340 2742 436 2762 matrem
454 2739 568 2767 virginem
586 2741 661 2762 astare
678 2738 791 2766 lugendo,

254 2771 299 2793 Sed
317 2773 339 2793 et
355 2771 440 2793 multos
457 2771 513 2793 alios
530 2770 667 2798 magistrum
685 2769 799 2792 deflendo.

224 2802 276 2825 Post
293 2803 335 2824 hec
352 2802 433 2830 loseph
450 2801 543 2830 respicit
560 2801 592 2824 ire
610 2801 638 2824 ad
657 2801 769 2829 Pylatum‚

255 2833 346 2856 Domini
364 2833 490 2861 deposcere
507 2838 591 2860 corpus
607 2832 651 2855 51111
669 2834 769 2860 gratum,

255 2864 290 2887 Ad
306 2870 398 2887 crucem
416 2864 527 2886 accedere
544 2864 619 2886 virum
638 2866 683 2885 tam
701 2863 794 2886 beatum

254 2896 280 2918 Et
296 2901 382 2924 corpus
397 2895 515 2923 deponere
532 2897 604 2917 totum
621 2897 774 2917 cruentatum.

226 2926 327 2953 Petram,
345 2927 450 2954 mirram,
467 2926 588 2948 sindonem
606 2926 687 2953 lugens
704 2925 884 2954 contemplatur,

256 2957 390 2985 Magdalene
406 2957 511 2980 lacrimas
528 2960 550 2979 et
566 2957 755 2984 conlacrimatur;

257 2988 391 3011 Nichodemi
409 2989 509 3016 gemitus
525 2994 621 3016 gemens
637 2991 790 3015 memoratur,

257 3020 302 3043 1100
319 3023 342 3042 et
357 3019 400 3042 hiis
417 3019 497 3042 similia
514 3023 613 3042 tractans
629 3019 749 3042 laceratur.

225 3066 251 3090 S.
260 3066 349 3090 Bonav.
365 3079 396 3082 —
413 3066 480 3089 Tom.
493 3066 550 3088 Vlll.

1802 224 1857 253 673

1034 308 1076 333 78.
1095 308 1125 333 In
1144 307 1190 333 hoc
1209 307 1278 332 statu
1297 307 1407 338 respuit,
1427 305 1545 338 quidquid
1563 305 1602 330 est
1621 304 1763 334 terrenum,

1121 350 1256 381 Mundique
1275 350 1392 375 solatium
1412 349 1513 380 reputat
1531 355 1665 377 venenum,

1122 393 1168 418 Sed
1186 393 1218 418 ad
1236 393 1334 418 Nouam
1354 393 1455 417 veniens
1473 392 1579 417 moritur
1597 391 1628 416 ad
1649 390 1763 421 plenum,

1122 436 1183 461 Cum
1202 436 1294 460 amoris
1312 435 1420 466 impetus
1439 435 1521 459 carnis
1539 434 1634 465 rumpit
1653 433 1732 458 filum.

1035 479 1076 504 79.
1096 479 1162 504 Nam
1182 486 1235 503 cum
1256 478 1461 503 consummatum
1480 478 1516 502 est
1535 476 1621 502 recolit
1639 476 1759 501 clamasse

1121 522 1191 547 Hora
1209 528 1275 546 nona
1293 521 1426 546 Dominum
1445 520 1470 545 et
1489 521 1523 545 sic
1542 520 1695 551 exspirasse,

1123 564 1199 594 Quasi
1218 564 1292 588 simul
1310 563 1417 588 moriens
1437 563 1543 591 clamat,
1563 562 1707 594 penetrasse

1122 608 1211 633 Vocem
1230 607 1305 631 istam
1324 614 1396 631 suum
1416 613 1457 631 cor
1476 606 1550 637 atque
1569 606 1691 630 lacerasse
1702 603 1720 629 ⁹.

1035 650 1076 676 80.
1096 651 1171 675 Ferre
1191 650 1288 681 quidem
1300 648 1320 661 ¹⁰
1339 649 1462 680 impotens
1481 649 1588 673 iaculum
1607 648 1659 672 tam
1679 648 1756 677 forte,

1123 693 1238 722 Moritur,
1258 693 1287 717 ut
1305 692 1397 717 dictum
1417 692 1468 721 est,
1489 691 1531 716 sed
1550 691 1613 716 felici
1633 691 1727 720 morte,

1123 736 1189 761 Nam
1209 735 1354 767 panduntur
1373 736 1487 766 protinus
1506 735 1527 759 ei
1546 734 1606 759 caeli
1627 734 1727 765 portae,

1124 779 1246 810 Dignam,
1266 779 1295 803 ut
1313 778 1453 810 intelligat,
1474 785 1499 802 se
1518 777 1665 802 Sanctorum
1685 776 1759 802 sorte.

1035 822 1076 848 81.
1096 822 1220 853 Requiem
1239 829 1284 853 pro
1302 822 1385 846 anima
1404 821 1449 845 tali
1468 828 1517 846 non
1535 820 1679 850 cantamus,

1123 865 1203 890 Immo
1222 865 1260 889 est
1278 864 1397 889 introitus
1416 864 1506 888 Missae
1528 863 1708 893 Gaudeamus,

1125 908 1187 938 Quia
1207 909 1228 932 si
1247 915 1291 939 pro
1311 907 1422 939 Martyre
1442 907 1520 931 Deum
1539 913 1684 935 exoramus,

1125 951 1159 975 Ut
1178 951 1309 975 Decretum
1322 949 1340 962 ¹¹
1361 949 1479 981 loquitur,
1499 949 1588 974 Sancto
1608 949 1764 980 derogamus.

1036 993 1078 1018 82.
1098 993 1143 1017 Eia
1162 993 1241 1017 dulcis
1260 993 1356 1021 anima,
1377 993 1414 1017 eia
1433 992 1512 1016 dulcis
1531 999 1601 1021 rosa,

1126 1036 1216 1061 Lilium
1235 1035 1400 1064 convallium,
1419 1042 1516 1066 gemma
1536 1035 1658 1066 pretiosa,

1126 1079 1171 1103 Oui
1189 1079 1271 1103 carnis
1290 1077 1395 1103 foeditas
1414 1077 1511 1102 exstitit
1529 1085 1602 1103 exosa
1613 1076 1642 1107 ¹²,

1126 1121 1195 1146 Felix
1214 1121 1273 1146 tuus
1292 1121 1372 1145 exitus
1392 1127 1505 1152 morsque
1524 1120 1650 1151 pretiosa!

1038 1163 1079 1190 83.
1100 1164 1183 1194 Felix,
1202 1171 1265 1195 quae
1283 1164 1332 1188 iam
1353 1163 1442 1188 frueris
1462 1164 1544 1194 requie
1563 1163 1662 1194 cupita,

1126 1206 1198 1231 Inter
1217 1206 1305 1237 sponsi
1323 1206 1425 1231 brachia
1444 1206 1550 1231 dulciter
1569 1205 1665 1237 sopita,

1126 1249 1235 1281 Eiusque
1252 1249 1352 1280 spiritui
1364 1248 1384 1261 ¹³
1404 1249 1509 1274 firmiter
1527 1249 1612 1278 unita,

1126 1292 1166 1317 Ab
1185 1292 1268 1317 eodem
1287 1292 1394 1324 percipis
1413 1292 1497 1317 oscula
1515 1292 1618 1316 mellita.

1039 1335 1080 1361 84.
1099 1335 1155 1361 Iam
1174 1334 1334 1366 quiescant¹¹¹
1353 1335 1430 1364 001111,
1450 1335 1546 1360 cessent
1565 1335 1747 1366 aquaeductus,

1128 1379 1194 1404 Nam
1213 1386 1241 1404 ex
1261 1379 1333 1410 parte
1352 1379 1441 1410 recipis
1460 1379 1512 1409 spei
1531 1378 1589 1403 tuae
1608 1378 1718 1408 fructus,

1128 1422 1191 1452 Quia
1210 1429 1254 1453 per
1272 1429 1345 1453 quem
1364 1421 1455 1446 saeculi
1474 1422 1576 1446 evasisti
1596 1421 1689 1446 fluctus

1128 1465 1193 1490 Tuos
1212 1465 1277 1490 inter
1296 1465 1380 1490 oscula
1399 1464 1542 1490 consolatur
1561 1464 1644 1489 luctus
1656 1463 1685 1490 ¹⁵.

1040 1508 1082 1533 85.
1102 1508 1160 1537 Dic,
1180 1508 1232 1537 dic,
1252 1507 1331 1532 dulcis
1350 1508 1447 1537 anima,
1467 1507 1498 1532 ad
1516 1507 1575 1539 quid
1594 1507 1663 1532 ultra
1682 1506 1776 1532 fieres?

1128 1550 1231 1575 Habens
1249 1550 1310 1575 caeli
1329 1550 1447 1581 gaudium
1466 1550 1562 1579 tecum,
1582 1557 1626 1575 cur
1645 1550 1764 1581 lugeres?

1129 1593 1194 1618 Nam
1215 1594 1283 1618 salus
1302 1593 1340 1618 est
1359 1593 1481 1622 omnium,
1501 1594 1539 1618 cui
1559 1593 1587 1618 tu
1606 1593 1740 1622 adhaeres,

1130 1637 1163 1662 Et
1182 1637 1203 1661 si
1221 1637 1298 1662 velles
1316 1637 1439 1668 amplius,
1459 1637 1524 1661 certe
1543 1643 1592 1662 non
1611 1636 1716 1661 haberes
1729 1635 1757 1661 ¹⁶.

1041 1680 1083 1705 86.
1102 1680 1148 1705 Sed
1167 1680 1215 1704 iam
1235 1680 1341 1705 metrum
1361 1679 1434 1709 finio,
1454 1687 1484 1704 ne
1504 1680 1550 1704 sim
1570 1679 1709 1709 taediosus,

1130 1723 1195 1747 Nam
1216 1723 1236 1747 si
1255 1723 1344 1747 vellem
1363 1722 1483 1752 scribere,
1503 1730 1577 1753 quam
1596 1722 1725 1747 deliciosus

1130 1765 1167 1790 Sit
1185 1764 1225 1789 hic
1244 1765 1328 1789 status
1347 1765 1444 1789 animae
1463 1771 1585 1796 quamque
1604 1764 1742 1796 gloriosus,

1130 1809 1153 1833 A
1171 1808 1289 1839 malignis
1307 1808 1400 1832 dicerer
1419 1807 1495 1832 fallax
1514 1807 1539 1832 et
1557 1807 1689 1832 mendosus
1700 1806 1728 1832 ¹⁷.

1085 1926 1105 1939 ¹⁰
1122 1927 1152 1949 lta
1169 1926 1206 1949 ed.
1228 1927 1251 1953 l,
1269 1926 1321 1948 Vat.
1338 1924 1440 1949 tandem.

1085 1957 1103 1971 ¹¹
1119 1958 1181 1980 Libr.
1199 1958 1231 1980 111.
1248 1957 1334 1979 Decret.
1347 1957 1441 1984 Gregor.
1455 1957 1485 1979 lX
1497 1957 1530 1979 tit.
1543 1956 1579 1979 41.
1591 1962 1610 1979 c.
1623 1956 1650 1978 6:
1663 1955 1723 1979 Cum
1737 1955 1846 1980 Marthae
1857 1956 1871 1984 S

1022 1991 1062 2013 ult.
1080 1992 1161 2018 estque
1179 1989 1254 2011 innoc.
1272 1989 1304 2011 111.
1316 1988 1361 2011 Ct'r.
1373 1989 1481 2016 August,
1494 1989 1568 2010 Serm.
1585 1988 1635 2010 159.
1648 1987 1712 2017 (31135
1725 1987 1762 2009 17.
1774 1988 1805 2011 de
1817 1988 1869 2010 Ver-

1022 2021 1059 2044 bis
1075 2020 1186 2048 Apostoli)
1204 2026 1224 2042 c.
1246 2021 1263 2042 l.
1280 2026 1301 2042 n.
1321 2020 1341 2041 1.

1086 2051 1105 2065 ¹²
1122 2053 1165 2074 Pro
1181 2050 1281 2081 foeditas
1299 2050 1388 2074 exstitit
1404 2056 1478 2073 erosa
1495 2050 1532 2073 ed.
1552 2051 1559 2072 1
1582 2050 1637 2078 legit
1656 2049 1745 2073 eoestitit
1760 2049 1869 2079 voluptas

1022 2089 1109 2112 exosa,
1127 2089 1187 2112 quae
1204 2083 1272 2105 etiam
1290 2082 1396 2110 superius
1414 2088 1456 2110 pro
1470 2081 1576 2111 pretiosa
1594 2081 1710 2104 substituit
1727 2081 1835 2111 ⁴qratiosa
1846 2084 1869 2104 et

1022 2116 1045 2138 in
1062 2115 1107 2137 fine
1123 2115 1232 2142 strophae
1250 2113 1358 2141 praeced.
1374 2113 1395 2136 ei
1413 2114 1463 2135 loco
1481 2112 1577 2136 Sancto.

1086 2145 1106 2158 ¹²³
1124 2146 1176 2168 Post
1192 2144 1289 2175 spi1·itui
1304 2145 1341 2167 ed.
1363 2145 1368 2167 l
1390 2145 1508 2167 continuat
1532 2144 1578 2166 sic:
1598 2143 1691 2174 fortiter
1709 2143 1775 2167 unita
1793 2142 1828 2167 Ab
1844 2149 1870 2166 eo

1022 2183 1087 2201 nunc
1104 2176 1188 2206 recipis
1205 2175 1288 2199 oscula
1305 2179 1348 2198 etc.

1087 2207 1106 2220 ¹⁴
1124 2209 1154 2231 lta
1171 2208 1313 2230 correximus
1330 2213 1356 2229 ex
1374 2207 1411 2229 ed.
1432 2207 1454 2234 l,
1472 2206 1524 2229 Vat.
1550 2206 1618 2228 habet
1635 2205 1759 2236 quiescunt
1782 2209 1804 2229 et
1829 2206 1871 2228 im-

1024 2239 1124 2262 mediate
1141 2242 1193 2268 post
1209 2239 1303 2261 cessant
1319 2245 1361 2266 pro
1378 2239 1478 2265 cessent,
1494 2238 1530 2260 ed.
1547 2238 1552 2258 1
1569 2239 1648 2261 cesset.
1667 2238 1718 2260 Vat.
1736 2240 1814 2266 postea
1832 2243 1870 2265 po-

1024 2271 1057 2294 nit
1073 2270 1135 2294 Nam
1153 2271 1233 2300 aperte
1247 2269 1350 2299 percipis
1368 2269 1418 2299 spei
1434 2270 1488 2292 tuae
1502 2269 1596 2298 fructus
1613 2275 1656 2297 pro
1673 2269 1736 2292 Nam
1757 2275 1787 2292 ez
1801 2269 1872 2298 parte

1025 2301 1108 2332 recipis
1125 2302 1175 2332 spei
1191 2303 1245 2324 tuae
1261 2301 1367 2330 fructus,
1391 2304 1415 2323 ut
1431 2301 1486 2328 legit
1502 2300 1540 2323 ed.
1561 2301 1578 2328 l,
1597 2306 1657 2328 quae
1674 2300 1757 2322 deinde
1774 2300 1803 2322 ita
1820 2305 1870 2327 pro-

1025 2334 1140 2362 sequitur:
1159 2332 1205 2356 Sed
1221 2338 1276 2355 cant
1301 2338 1373 2355 carne
1397 2331 1472 2355 seculi
1490 2333 1546 2360 post
1568 2331 1635 2354 istius
1657 2330 1745 2360 stactus
1771 2330 1871 2354 Plenum

1025 2364 1070 2388 Μ
1086 2363 1316 2422 &stetistis
1331 2369 1434 2416 ἕξωέἔς
1444 2362 1575 2421 reat..
1591 2399 1631 2421 seq

1331 2407 1335 2415 ι
1363 2411 1368 2416 .
1417 2410 1422 2416 .
1503 2401 1507 2415 Ι
1560 2401 1564 2414 1
1634 2400 1652 2415 ,ζ

1120 2426 1178 2448 Cum
1195 2425 1225 2448 ad
1243 2426 1336 2453 plenum
1355 2425 1413 2447 tedia
1432 2424 1555 2447 cessabunt
1572 2425 1699 2451 malorum,

1151 2457 1209 2479 Cum
1226 2457 1348 2479 coniuncta
1368 2456 1437 2478 fucris
1454 2456 1530 2478 choris
1547 2456 1695 2483 angelorum,

1153 2487 1195 2510 Ubi
1213 2488 1287 2515 salus,
1305 2487 1384 2515 gaudii
1402 2488 1465 2514 fons,
1482 2487 1549 2509 durat
1567 2487 1695 2513 bonorum,

1153 2519 1184 2542 lbi
1202 2522 1256 2541 tunc
1273 2525 1326 2541 cum
1344 2518 1430 2546 gaudio
1447 2518 1492 2540 eris
1509 2518 1664 2540 dominorum.

1090 2549 1110 2563 ¹⁶
1126 2551 1187 2573 Haec
1204 2551 1298 2578 stropha
1315 2550 1338 2572 in
1356 2550 1392 2572 ed.
1411 2550 1419 2571 1
1442 2550 1485 2572 1100
1502 2549 1572 2572 modo
1590 2550 1748 2571 transformata
1765 2551 1812 2572 est:

1122 2583 1145 2604 ln
1156 2581 1199 2610 ,tali
1217 2581 1310 2604 silencio
1328 2581 1357 2603 ad
1374 2580 1431 2610 quid
1449 2581 1505 2603 ultra
1523 2581 1606 2603 fleres?

1153 2613 1177 2635 ln
1195 2615 1255 2635 tanto
1272 2612 1356 2635 solacio
1374 2612 1493 2641 quomodo
1509 2612 1616 2640 lugeres?

1154 2644 1234 2666 Nonne
1251 2644 1312 2666 salus
1329 2643 1390 2666 enim
1408 2646 1449 2671 est,
1467 2643 1504 2665 cui
1521 2643 1565 2665 iam
1584 2642 1699 2665 aunei-es?

1154 2675 1243 2698 Utinam
1260 2675 1370 2697 solacium
1388 2674 1428 2697 diu
1446 2675 1489 2697 1100
1507 2673 1617 2696 haberes!

1092 2707 1170 2729 Postea
1188 2706 1293 2734 adiungit
1309 2706 1368 2728 duas
1384 2712 1449 2735 seqq.
1465 2706 1585 2733 strophas:

1124 2737 1169 2759 Sed
1187 2738 1242 2760 hora
1261 2737 1355 2759 dimidia
1374 2737 1411 2759 vix
1429 2737 1465 2759 hic
1483 2739 1529 2759 tam
1541 2736 1625 2759 letaris.

1154 2768 1216 2795 Cito,
1234 2769 1292 2791 heu!
1309 2768 1434 2796 impelleris
1451 2767 1559 2790 fluctibus
1576 2767 1672 2796 amaris;

1155 2800 1261 2822 Seiuncta
1279 2799 1309 2822 ab
1325 2799 1397 2822 oculis
1414 2799 1495 2821 viatori
1513 2799 1583 2826 raris,

1155 2831 1252 2858 Mundo,
1270 2836 1351 2858 carne,
1368 2831 1468 2853 demone
1484 2836 1537 2852 nam
1555 2836 1610 2858 sepe
1627 2829 1734 2852 turbaris.

1125 2862 1219 2884 Dulcem
1236 2862 1276 2884 Dei
1294 2861 1365 2884 filium
1383 2862 1480 2890 supplex
1498 2867 1638 2889 memorare,

1154 2893 1208 2915 Eius
1225 2896 1289 2915 actus
1306 2893 1425 2915 ruminans
1442 2895 1541 2921 tuosque
1557 2898 1651 2915 narrare

1155 2925 1237 2952 Actus,
1254 2923 1325 2946 verba
1342 2927 1433 2952 satage,
1451 2926 1600 2952 mentemque
1617 2923 1729 2946 mundare

1156 2956 1181 2978 Et
1198 2955 1230 2978 sic
1247 2955 1363 2978 solicicius
1380 2959 1401 2978 te
1418 2955 1532 2977 mundum
1550 2961 1650 2977 servare.

1094 2985 1113 2999 ¹⁷
1131 2987 1242 3015 strophae
1260 2987 1297 3009 86.
1314 2987 1350 3009 ed.
1368 2987 1372 3008 l
1393 2986 1518 3014 praemittit
1534 2987 1652 3014 stropham
1677 2986 1718 3014 89,
1740 2985 1770 3008 ad
1786 2986 1872 3009 calcem

1032 3018 1100 3041 mittit
1116 3019 1223 3046 strophas
1240 3018 1278 3040 88.
1295 3021 1317 3040 et
1335 3018 1371 3040 90.

1750 3065 1780 3087 85

1875 394 1904 414 Ad
1917 394 1999 414 Nouam.
