2133 3317
132 505 188 524 Ratio
204 505 249 524 scri·

158 529 223 548 bendi.

158 1306 250 1325 Hortatio.

158 1541 251 1559 Facultas.

133 2058 198 2078 Modus
212 2058 253 2077 visi-

164 2082 223 2101 tandi.

265 234 322 263 [172

266 313 360 341 Frater
388 312 596 343 Bonaventura,
625 308 736 337 Ordinis
757 308 885 336 Fratrum
907 307 1043 335 Minorum
1069 314 1115 343 ge-

266 359 367 388 neralis
382 358 504 386 Minister
525 359 553 384 et
574 363 688 389 servuS,
711 355 827 383 salutem
849 357 876 382 et
897 361 991 390 pacem
1013 353 1040 381 in
1063 353 1115 381 Do-

266 406 340 434 mino
362 404 566 440 sempiternam.

344 450 464 487 Dignum
486 452 527 478 est
548 451 575 477 et
589 456 740 477 consonum
757 447 869 481 rationi,
892 446 967 484 quod
986 446 1116 483 spiritua-

266 499 333 527 lium
355 497 429 525 Ordo
452 496 577 524 virorum
603 495 636 524 ad
665 503 696 523 ea
725 502 753 523 se
781 497 943 531 promptum
968 493 1115 527 exhibeat,

266 552 337 581 quae
358 543 482 572 divinum
506 543 640 571 honorem
662 541 831 578 respiciunt,
857 540 1013 569 animarum
1042 540 1116 569 salu-

266 594 320 620 tem
343 592 510 627 procurant,
533 589 652 617 naturali
676 592 740 617 sunt
768 596 889 617 consona
916 587 1018 624 pietati.
1048 587 1117 624 Quia

266 638 340 666 Ordo
362 638 494 666 Sororum
518 639 628 665 sanctae
649 636 745 664 Clarae
760 634 911 664 venerabili
932 634 1002 663 Patri
1022 637 1117 663 nostro

267 685 371 719 loanni,
394 684 479 713 sancti
502 684 602 712 Nicolai
625 683 653 711 in
675 690 786 712 carcere
808 682 923 711 diacono
944 682 1076 711 cardinali
1092 682 1116 715 ¹,

266 739 316 769 per
332 732 476 759 Summum
494 730 650 758 Pontificem
667 732 709 758 est
723 729 899 763 commissus,
916 731 942 757 et
957 728 1031 765 quod
1046 728 1116 757 idem

265 778 394 807 dominus
423 777 475 806 sub
497 785 544 814 spe
559 777 687 805 adiutorii
711 776 797 805 nostri
820 775 931 804 Ordinis
951 778 979 804 et
998 783 1048 812 pro
1070 783 1118 803 no-

267 828 324 854 stra
345 833 411 861 pace
433 828 459 853 et
480 824 607 852 libertate
629 823 765 852 servanda
779 823 897 852 eundem
920 823 947 851 in
970 830 1048 851 suam
1070 830 1118 850 cu-

267 880 326 900 ram
342 871 479 908 suscepit;
500 870 666 899 conveniens
688 873 728 898 est
750 872 777 898 et
797 869 913 903 decens,
935 869 1010 906 quod
1030 869 1118 898 eidem

267 919 378 948 domino
406 921 535 955 prompto
563 918 655 946 animo
683 917 854 945 assistamus.
883 917 922 945 De
949 920 997 944 tua
1026 916 1119 953 itaque

268 965 441 1003 providentia
462 968 489 993 et
511 964 648 1002 probitate
670 964 808 997 confisus,
836 963 870 992 de
898 964 1026 991 Fratrum
1055 970 1118 991 con-

268 1013 328 1042 silio
350 1013 559 1045 Discretorum,
588 1011 751 1040 mandamus
781 1011 827 1039 tibi
857 1018 906 1047 per
935 1010 1117 1039 obedientiam

268 1060 432 1093 salutarem,
455 1062 594 1096 quatenus
615 1058 779 1087 visitationis
800 1058 922 1086 officium
938 1057 1012 1086 circa
1027 1057 1117 1085 Mona-

269 1107 352 1136 steria
373 1106 485 1135 Ordinis
507 1105 657 1143 supradicti
681 1106 754 1133 intra
774 1104 1039 1133 administrationem
1065 1104 1119 1132 Tu-

269 1154 340 1183 sciae
362 1153 523 1187 constituta,
546 1161 617 1190 quae
640 1153 719 1181 iuxta
747 1152 864 1180 formam
893 1151 1009 1180 inferius
1034 1159 1119 1179 anno-

269 1204 368 1235 tatam,
401 1200 537 1229 libertatis
569 1204 680 1228 nostrae
709 1200 893 1228 instrumenta
925 1198 1035 1235 publica
1063 1198 1120 1226 sive

269 1250 395 1284 patentes
417 1247 522 1275 litteras
542 1247 695 1280 dederunt,
719 1246 760 1274 vel
785 1245 926 1279 dederint,
946 1244 1119 1281 exsequaris.

271 1311 308 1315 -—
325 1295 355 1323 Et
374 1294 440 1331 quia
460 1302 530 1331 opus
552 1293 625 1322 istud
640 1293 674 1321 ad
689 1294 806 1321 salutem
821 1293 976 1321 animarum
993 1291 1120 1327 respicit,

270 1350 321 1379 pro
342 1341 445 1378 quibus
472 1341 546 1369 lesus
574 1340 702 1368 Christus
730 1339 892 1376 sanguinem
921 1346 1003 1367 suum
1034 1337 1120 1371 fudit,

270 1388 309 1418 sic
331 1388 499 1425 prudenter,
521 1387 560 1416 sic
580 1387 716 1421 modeste,
739 1387 777 1415 sic
799 1386 886 1419 iuste,
909 1385 947 1414 sic
964 1384 1120 1413 misericor-

269 1436 356 1469 diter,
378 1435 417 1464 sic
430 1438 588 1464 constanter
605 1434 734 1471 praedicti
758 1441 828 1470 opus
842 1433 923 1461 officii
940 1432 1120 1469 exsequaris,

270 1482 345 1520 quod
361 1483 420 1511 laus
435 1482 470 1510 sit
484 1481 607 1515 Christo,
623 1481 787 1517 exstirpatio
802 1480 950 1513 vitiorum,
969 1478 1121 1507 aedificatio

270 1530 406 1558 virtutum
423 1532 450 1557 et
464 1529 626 1557 devotarum
643 1528 793 1556 consolatio
807 1527 974 1555 animarum.
991 1543 1029 1547 -—
1045 1526 1075 1554 Et
1090 1529 1121 1554 ut

269 1576 455 1613 prosecutioni
473 1576 557 1604 liuius
571 1575 653 1604 officii
671 1575 761 1603 valeas
776 1574 934 1608 intendere,
950 1576 982 1602 ut
996 1575 1120 1610 oportet,

269 1623 391 1652 Minister
413 1626 479 1651 tuus
502 1625 628 1651 teneatur
658 1622 706 1650 tibi
729 1621 917 1658 praesentium
938 1620 1060 1649 iussione
1087 1620 1121 1648 de

270 1671 344 1700 socio
366 1670 463 1699 idoneo
484 1670 646 1706 providere,
668 1672 695 1697 et
716 1669 750 1697 ad
771 1669 824 1697 hoc
845 1668 936 1705 ipsum
959 1667 1073 1701 Custos,
1093 1667 1119 1695 in

270 1718 350 1746 cuius
371 1717 501 1746 Custodia
521 1716 705 1745 visitationem
728 1715 842 1750 seceris,
864 1716 885 1744 si
909 1715 1014 1744 socium
1042 1718 1120 1743 tuum

270 1765 398 1801 impediri
420 1764 581 1801 contigerit,
604 1764 639 1792 sit
660 1764 800 1792 astrictus.
823 1763 891 1791 Cum
914 1765 1007 1791 autem
1033 1769 1122 1790 acces—

270 1812 339 1840 seris
369 1811 403 1839 ad
432 1810 542 1848 aliquod
573 1810 770 1838 Monasterium
799 1809 982 1843 visitandum,
1011 1809 1038 1837 in
1066 1817 1121 1845 quo

270 1859 378 1887 Fratres
400 1866 453 1887 non
476 1857 629 1891 resideant,
651 1857 827 1885 Guardianus
853 1856 1032 1893 proximioris
1054 1856 1120 1890 loci,

270 1906 313 1934 vel
334 1906 394 1934 eius
415 1905 542 1933 Vicarius
564 1904 710 1941 providere
732 1904 778 1932 tibi
808 1903 842 1932 de
870 1903 957 1932 altero
983 1903 1056 1932 socio
1082 1906 1121 1931 te-

270 1954 384 1986 neatur,
406 1955 432 1980 et
454 1954 574 1988 uterque
595 1951 713 1980 istorum
736 1951 874 1979 sociorum
895 1950 943 1978 tibi
966 1949 1122 1987 specialiter

270 1999 424 2036 assignatus
445 1998 617 2035 ingrediatur
640 2001 730 2027 tecum
752 1997 961 2031 Monasterium‚
984 2005 1047 2026 cuin
1071 2005 1121 2034 pro

271 2046 434 2075 visitationis
464 2045 554 2074 officio
585 2045 670 2074 fuerit
700 2048 899 2082 opportunum.
931 2061 967 2064 —
994 2045 1120 2073 Formam

270 2096 362 2121 autem
377 2100 462 2129 super
478 2092 639 2120 visitationis
654 2092 757 2125 officio,
773 2099 844 2128 quae
859 2091 908 2119 tibi
924 2091 1122 2119 transmittitur

272 2147 321 2176 per
352 2139 456 2168 dictum
485 2139 628 2167 dominum
658 2138 841 2172 cardinalem,
870 2141 925 2166 tam
955 2137 1045 2174 quoad
1073 2138 1122 2166 Re-

272 2187 352 2223 gulae
374 2186 575 2223 susceptionem
593 2187 603 2202 2
625 2193 709 2222 quam
731 2185 783 2213 alia
805 2185 831 2212 in
848 2185 907 2221 ipsa
926 2187 1067 2218 contenta,
1082 2184 1122 2212 di-

272 2234 388 2270 ligenter
410 2233 541 2261 observes
562 2236 588 2260 et
609 2232 773 2265 efficaciter,
796 2231 949 2260 secundum
972 2231 1088 2268 gratiam
1108 2239 1123 2259 a

273 2281 389 2309 Domino
411 2280 458 2308 tibi
481 2279 588 2313 datam,
610 2279 759 2307 observare
785 2286 933 2315 procures;
964 2285 1063 2306 cavens
1089 2277 1123 2306 ab

272 2327 477 2356 introductione
498 2327 625 2355 Fratrum
652 2326 678 2354 in
705 2326 763 2362 ipsa
792 2325 971 2359 Monasteria,
999 2325 1124 2361 exceptis

272 2375 381 2403 duobus
402 2378 429 2403 te
450 2374 649 2402 associantibus
671 2373 704 2401 ad
726 2376 805 2401 tuum
827 2372 949 2401 officium
968 2379 1124 2408 exsequen—

272 2422 337 2451 dum
353 2422 380 2455 3;
395 2421 430 2450 ab
444 2421 517 2449 omni
534 2420 614 2449 etiam
637 2420 824 2456 acceptatione
847 2419 1078 2448 munusculorum
1098 2422 1125 2447 et

273 2477 288 2497 a
310 2468 408 2497 ceteris
430 2468 573 2501 omnibus,
595 2475 666 2504 quae
688 2467 750 2495 mali
774 2466 893 2503 speciem
909 2469 1024 2503 possunt
1046 2474 1125 2502 prae*

677 229 875 259 OPUSCULUM
897 229 962 257 xix.
986 228 1163 256 EPISTOLAE
1185 228 1377 256 OFFiClAiAES,
1401 227 1557 256 EPISTOLA
1578 227 1609 255 V.

1172 306 1285 335 tendere
1306 314 1419 343 quoquo
1441 305 1530 334 modo.
1556 306 1649 342 Neque
1675 313 1726 342 pro
1754 305 1915 333 huiusmodi
1943 305 2022 334 abso-

1172 353 1276 381 lutione
1297 353 1379 381 officii
1401 353 1435 381 ad
1457 360 1501 381 me
1516 352 1625 387 venias,
1648 352 1694 381 sed
1710 359 1793 389 quam
1809 351 1891 380 citius
1906 352 2022 388 poteris,

1172 400 1240 428 illud
1262 400 1378 437 exsequi
1400 399 1512 428 studeas
1532 399 1686 436 diligenter.
1716 399 1759 428 Sic
1787 401 1880 427 autem
1909 399 2024 427 sollicite

1173 455 1204 475 ac
1233 447 1394 475 solemniter
1423 446 1582 483 praemissis
1608 446 1734 480 insistas,
1756 446 1831 483 quod
1859 449 1939 474 tuum
1964 445 2024 474 offi-

1173 494 1246 522 cium
1268 500 1328 522 esse
1350 492 1436 529 possit
1456 492 1482 520 in
1505 495 1655 529 conspectu
1676 492 1784 521 divinae
1812 492 1959 521 Maiestatis
1980 499 2025 521 ac—

1174 543 1285 576 ceptum
1306 547 1338 567 ac
1358 539 1534 567 fructuosum
1558 542 1585 567 et
1610 539 1825 567 consolatorium
1853 538 2025 567 Monasteriis

1174 586 1333 615 memoratis
1345 586 1524 623 praefatoque
1535 585 1646 614 domino
1660 586 1791 614 cardinali
1804 603 1842 606 —
1853 586 1899 623 qui
1916 585 2026 614 firmam

1174 633 1245 670 gerit
1266 633 1412 666 fiduciam,
1435 632 1509 669 quod
1531 632 1691 660 huiusmodi
1707 632 1829 660 officium
1846 640 1896 668 per
1912 634 1938 660 te
1952 631 2026 660 solli-

1175 680 1227 709 cite
1248 680 1346 708 debeat
1367 679 1493 708 exerceri
1510 695 1546 699 —-
1562 687 1612 707 nec
1627 687 1680 707 non
1696 682 1723 707 et
1738 678 1833 707 OrdIni
1848 681 1958 713 nostro,
1978 678 2026 715 qui

1175 727 1226 755 sibi
1247 727 1280 755 ad
1303 726 1523 763 supportandum
1546 726 1598 754 hoc
1620 734 1707 759 onus,
1729 726 1802 762 quod
1822 725 1947 754 humeris
1968 725 2026 754 suis

1176 774 1322 811 imposuit,
1344 774 1371 801 in
1395 773 1445 801 bac
1460 776 1539 809 parte
1554 773 1641 801 voluit
1655 773 1772 801 offerri⁴
1794 773 1931 801 iuvamen.
1954 772 2027 801 Nihil

1176 822 1211 850 ob
1233 824 1313 849 tuum
1334 820 1473 849 defectum
1495 819 1584 856 quoad
1608 820 1696 848 Deum
1718 820 1760 848 vel
1783 820 1909 848 homines
1936 820 2026 848 valeat

1176 868 1324 905 imputari;
1347 867 1471 904 quinimo
1487 870 1542 895 tam
1559 867 1725 895 conscientia
1740 867 1827 903 ipsius
1848 866 1950 895 domini
1966 874 2027 895 car-

1176 915 1290 948 dinalis,
1305 922 1388 951 quam
1405 917 1453 942 tua
1467 917 1494 942 et
1509 914 1636 942 Fratrum
1660 914 1746 942 nostri
1762 914 1889 947 Ordinis,
1911 913 1958 950 qui
1974 913 2026 942 sibi

1176 963 1209 991 de
1231 962 1341 999 speciali
1364 962 1453 998 gratia
1475 961 1501 989 in
1524 961 1575 989 hoc
1598 961 1742 990 humiliter
1774 961 1976 995 condescendit,
1998 961 2026 989 in

1175 1011 1236 1037 tuto
1258 1008 1372 1045 proinde
1388 1008 1572 1045 conquiescat.
1588 1024 1627 1028 *-
1641 1008 1738 1036 Forma
1761 1015 1826 1036 vero
1848 1007 2026 1036 instrumenti
2049 1014 2127 1057 iffi?

1176 1056 1296 1093 publici,
1319 1063 1366 1084 seu
1390 1055 1546 1083 litterarum
1573 1057 1683 1083 nostrae
1711 1055 1846 1083 libertatis
1874 1055 1942 1083 haec
1970 1057 2026 1083 est:
2058 1061 2116 1081 racion-

1181 1114 1195 1128 «
1209 1103 1263 1131 Nos
1284 1102 1373 1131 talis...
1396 1102 1538 1130 Abbatissa
1555 1104 1583 1130 et
1600 1102 1714 1130 Sorores
1744 1101 1832 1130 talis...
1855 1101 2027 1136 Monasterii,

1177 1158 1228 1186 pro
1251 1149 1328 1177 nobis
1343 1152 1371 1177 et
1385 1149 1549 1177 Monasterio
1564 1152 1660 1177 nostro
1674 1148 1794 1177 dicimus
1815 1151 1842 1177 et
1862 1148 2028 1177 confitemur

1177 1200 1204 1225 et
1225 1196 1306 1225 etiam
1330 1195 1569 1233 recognoscimus,
1592 1196 1665 1233 quod
1687 1195 1762 1224 Ordo
1786 1196 1915 1224 Fratrum
1943 1195 2028 1223 Mino-

1178 1252 1255 1277 rum,
1277 1243 1320 1271 vel
1342 1243 1452 1271 Fratres
1474 1242 1597 1271 eiusdem
1620 1242 1731 1271 Ordinis
1749 1242 1844 1276 nobis,
1866 1250 1916 1271 seu
1937 1242 2028 1270 Mona-

1177 1290 1278 1324 sterio,
1300 1297 1350 1318 seu
1372 1290 1498 1326 personis
1519 1289 1546 1318 in
1562 1297 1594 1318 eo
1608 1289 1788 1326 degentibus,
1807 1289 1841 1318 ad
1856 1289 2026 1326 obsequialia

1178 1337 1342 1366 Monasterio
1363 1337 1521 1365 exbibenda
1541 1337 1718 1374 aliquatenus
1739 1345 1775 1366 ex
1796 1336 1888 1365 debito
1910 1344 1965 1365 non
1988 1339 2028 1365 te—

1177 1387 1289 1413 nentur.
1314 1384 1344 1412 Et
1365 1383 1467 1412 idcirco
1489 1383 1553 1412 dicti
1575 1383 1686 1412 Ordinis
1707 1383 1835 1412 Fratibus
1863 1390 2028 1420 praecavere

1178 1432 1317 1465 volentes,
1346 1439 1380 1459 ne
1408 1438 1457 1467 per
1489 1431 1582 1467 aliqua
1613 1430 1761 1468 obsequia,
1788 1430 1831 1459 vel
1857 1430 2026 1464 ministeria,

1178 1487 1249 1516 quae
1271 1478 1350 1507 nobis
1371 1478 1435 1506 dicti
1465 1478 1574 1507 Fratres
1605 1478 1638 1507 de
1669 1478 1756 1512 facto,
1786 1486 1836 1507 sna
1864 1477 2027 1506 liberalitate

1180 1526 1221 1554 vel
1244 1533 1322 1554 mera
1343 1525 1432 1562 gratia
1453 1525 1642 1559 exhibebunt,
1664 1533 1700 1554 ex
1722 1528 1949 1562 quantacumque
1966 1524 2028 1553 diu-

1179 1572 1313 1600 turnitate
1337 1571 1467 1608 temporis
1489 1572 1575 1608 possit
1596 1572 1635 1600 eis
1657 1571 1858 1608 praeiudicium
1883 1571 2026 1608 generari;

1178 1619 1368 1656 promittimus
1391 1619 1439 1647 tibi
1471 1619 1558 1647 Fratri
1580 1619 1609 1647 N.
1639 1619 1750 1647 nomine
1774 1618 1886 1647 Ordinis
1911 1621 1938 1647 et
1965 1618 2029 1647 Fra-

1179 1669 1254 1695 trum
1287 1666 1429 1703 recipienti
1458 1668 1486 1695 et
1513 1666 1672 1703 stipulanti,
1698 1666 1772 1703 quod
1804 1666 1957 1695 ministeria
1987 1665 2031 1694 vel

1178 1713 1311 1749 obsequia
1332 1713 1366 1741 ab
1381 1713 1420 1741 eis
1435 1713 1526 1741 taliter
1551 1713 1709 1742 exhibenda
1729 1713 1806 1741 nullo
1821 1720 1944 1750 unquam
1961 1715 2030 1741 tem-

1179 1768 1247 1797 pore
1278 1761 1420 1789 occasione
1451 1760 1655 1797 procurationis
1683 1759 1841 1789 huiusmodi
1873 1767 1910 1789 ex
1937 1759 2029 1788 debito

1179 1816 1233 1836 non
1255 1810 1381 1844 petemus
1409 1815 1459 1836 nec
1481 1815 1566 1844 super
1587 1807 1626 1836 eis
1648 1807 1820 1835 movebimus
1841 1809 1938 1835 contra
1961 1814 2030 1835 eun-

1179 1855 1240 1883 dem
1257 1854 1387 1883 Ordinem
1404 1855 1447 1883 vel
1461 1855 1571 1883 Fratres
1586 1854 1673 1891 ipsius
1687 1854 1798 1883 Ordinis
1813 1854 1933 1891 aliquam
1945 1861 2030 1891 quae-

1179 1902 1303 1930 stionem.
1328 1901 1358 1930 Et
1379 1901 1406 1929 in
1429 1901 1587 1930 huiusmodi
1610 1900 1799 1929 testimonium
1820 1900 1949 1929 volumus
1970 1900 2030 1929 fieri

1180 1949 1232 1977 boc
1254 1948 1397 1985 publicum
1419 1948 1635 1977 instrumentum
1658 1951 1685 1977 et
1706 1948 1785 1985 sigilli
1808 1948 1965 1976 Conventus
1986 1955 2033 1975 no-

1180 1996 1229 2024 stri
1253 1996 1406 2024 munimine
1428 1995 1553 2024 roborari
1566 1995 1577 2012 ⁵
1592 2004 1619 2023 ».

1259 2043 1359 2071 Datum
1388 2043 1478 2071 Assisii
1502 2042 1541 2070 111.
1568 2043 1634 2070 Non.
1664 2041 1792 2071 Octobris
1823 2050 1895 2070 anno
1923 2041 2031 2069 Domini

1180 2090 1333 2118 MCCLXlV.
1356 2090 1533 2118 Pontificatus
1554 2089 1656 2118 domini
1679 2089 1780 2118 Urbani
1796 2089 1838 2117 lV.
1857 2097 1930 2117 anno
1945 2088 1976 2116 lll
1988 2088 2030 2124 (2).

1503 2167 1658 2196 EPISTOLA
1680 2167 1710 2195 V.

1409 2246 1456 2274 Ad
1477 2246 1601 2274 Fratres
1621 2245 1774 2274 tmiversos
1785 2245 1804 2273 ⁶.

1260 2325 1401 2353 Universis
1414 2324 1557 2353 Fratribus
1572 2327 1730 2361 praesentes
1746 2324 1851 2353 litteras
1865 2323 2032 2360 inspecturis

1182 2372 1276 2400 Frater
1299 2371 1499 2405 Bonaventura,
1522 2370 1633 2400 Ordinis
1654 2371 1781 2399 Fratrum
1797 2371 1934 2399 Minorum
1950 2377 2031 2407 gene—

1183 2419 1249 2447 ralis
1270 2419 1392 2447 Minister
1421 2422 1448 2447 et
1480 2426 1591 2453 servus,
1613 2418 1730 2447 salutem
1752 2421 1779 2447 et
1800 2425 1894 2454 pacem
1925 2417 1953 2445 in
1977 2417 2031 2445 Do—

1184 2465 1257 2494 mino
1280 2465 1484 2502 sempiternam.

339 2602 343 2616 ¹
363 2602 452 2624 Scilicet
470 2603 531 2624 loan.
551 2602 579 2623 de
597 2601 684 2624 Ursinis
702 2600 822 2627 Caietano,
841 2601 879 2629 qui
899 2601 940 2623 t'uit
957 2601 1036 2623 Ordini
1055 2601 1124 2622 Mino-

275 2647 325 2663 rum
351 2641 522 2663 addictissimus
545 2644 594 2662 eta
618 2640 723 2667 Capitnlo
742 2640 842 2667 generali
867 2640 921 2662 Pisis
942 2646 979 2661 an.
1004 2640 1062 2662 1263
1086 2640 1124 2661 die

275 2680 302 2701 -20
321 2680 384 2707 Maii,
407 2680 553 2707 praesidente
577 2681 599 2702 S.
624 2680 795 2706 Bonaventura,
815 2680 836 2700 in
854 2679 1008 2701 Protectorem
1033 2679 1124 2701 Ordinis

275 2720 364 2746 petitus.
383 2720 464 2741 Factus
482 2720 592 2741 Summus
610 2719 709 2741 Pontifex
728 2718 771 2740 snb
797 2719 889 2740 nomine
912 2718 996 2740 Nicolai
1021 2718 1052 2740 111.
1073 2718 1125 2739 t'ecit

275 2758 451 2780 declarationem
470 2759 583 2786 Regulae:
602 2758 668 2780 Ern't
685 2758 727 2787 qui
742 2757 856 2784 seim'nut,
869 2757 920 2779 libr.
934 2757 960 2778 V.
974 2757 1006 2779 tit.
1024 2758 1056 2778 ¹2.
1069 2763 1090 2779 c.
1102 2757 1124 2778 3.

276 2798 295 2818 in
308 2798 353 2819 V10.
365 2798 396 2819 De
408 2803 435 2819 eo
448 2799 489 2819 cfr.
498 2797 604 2820 Cbronie.
615 2797 687 2819 XXlV
699 2797 852 2821 Oenei-alium.
863 2796 968 2818 Analecta
978 2797 1056 2818 Franc.
1067 2799 1081 2817 t.
1092 2796 1124 2818 111.

277 2843 328 2865 pag.
347 2837 398 2859 329.
417 2837 468 2859 350.
487 2837 540 2858 359.
559 2838 648 2864 llogatu
667 2837 735 2858 liuius
753 2837 839 2863 optime
857 2836 930 2858 meriti
948 2836 989 2857 viri
1009 2837 1030 2857 S.
1053 2836 1124 2857 Bona-

276 2879 372 2897 ventura
385 2876 450 2904 quasi
464 2880 556 2898 coactus
575 2877 626 2903 suity
645 2879 667 2897 ut
686 2876 793 2897 reiectam
812 2877 893 2897 harum
912 2876 1023 2897 Sororum
1044 2880 1123 2897 curam

276 2918 442 2941 reassumeret‚
455 2921 481 2936 ea
495 2918 569 2937 tamen
582 2915 645 2942 lege,
658 2918 682 2936 ut
694 2915 749 2936 istae
763 2916 857 2936 'Sorores
871 2914 1046 2942 confiterentur,
1059 2913 1125 2936 obse-

276 2954 329 2982 quia
355 2954 459 2975 Fratrum
479 2960 523 2975 non
546 2960 572 2975 ox
595 2953 686 2978 debito,
710 2954 751 2975 sed
772 2960 799 2975 ex
822 2954 869 2975 sola
891 2954 984 2975 caritate
1006 2953 1124 2981 praestari.

276 2991 320 3014 Csr.
334 2992 430 3018 Wadd.‚
444 2992 542 3013 Annales
554 2992 582 3014 ad
596 2999 631 3014 an.
648 2992 716 3019 1219,
729 2999 750 3014 n.
765 2992 799 3013 45.
814 2996 833 3014 et
847 2992 876 3014 ad
889 2998 924 3014 an.
939 2992 1006 3020 «1266,
1020 2998 1039 3013 n.
1058 2992 1091 3018 16,
1103 2994 1125 3013 et

276 3036 345 3057 supra
356 3031 499 3058 Opusculum
510 3031 564 3053 Xlll.
577 3032 781 3053 Determinationes
793 3035 844 3057 etc„
854 3037 877 3058 p.
888 3032 909 3053 11.
920 3038 942 3059 q.
959 3031 991 3053 l7.
1004 3037 1058 3059 pag.
1071 3031 1124 3053 369.

1245 2599 1253 2612 ²
1273 2600 1303 2621 De
1321 2601 1363 2621 lioc
1382 2599 1435 2621 vide
1454 2598 1589 2626 Wadding„
1607 2598 1704 2619 Annales
1721 2597 1751 2620 ad
1769 2603 1805 2619 an.
1828 2597 1898 2623 1264,
1922 2603 1943 2619 n.
1965 2597 1987 2619 7.
2011 2599 2033 2618 et

1180 2638 1285 2661 Chronic.
1304 2638 1377 2660 XXlV
1396 2638 1541 2660 Generalium
1560 2637 1581 2658 in
1600 2637 1637 2659 cit.
1654 2637 1767 2659 Analectis
1785 2642 1838 2664 pag.
1858 2636 1910 2658 330.

1244 2677 1253 2690 ³
1271 2678 1354 2700 Bonelli
1373 2676 1539 2700 effi-cendum.

1245 2717 1254 2729 ⁴
1273 2717 1358 2739 Bonelli
1376 2716 1476 2746 affert-tf
1494 2722 1540 2738 non
1558 2716 1641 2744 liquet,
1659 2718 1736 2738 utrum
1755 2714 1796 2744 qni
1817 2716 1929 2737 reseratur
1946 2714 1975 2736 ad
1992 2713 2033 2736 Or-

1181 2757 1272 2783 dinem,
1291 2763 1319 2778 an
1337 2756 1367 2778 ad
1383 2756 1531 2778 cardinalem.

1246 2795 1255 2807 ⁵
1273 2796 1358 2818 Wadd.
1377 2796 1419 2817 loc.
1437 2795 1475 2817 cit.
1492 2801 1514 2816 n.
1534 2794 1553 2816 4.
1572 2797 1593 2816 et
1611 2794 1632 2816 5.
1650 2795 1714 2816 affert
1731 2794 1778 2816 duo
1796 2793 1928 2815 huiusmodi
1946 2793 2031 2814 instru-

1183 2838 1259 2857 menta
1277 2835 1410 2856 cautionum
1428 2834 1555 2861 originalia.

1243 2872 1253 2885 ὃ
1270 2874 1333 2895 Hanc
1352 2873 1474 2900 Epistolam
1495 2872 1577 2894 Bened.
1598 2872 1684 2894 Bonelli
1702 2872 1804 2899 primus,
1822 2874 1846 2893 ut
1863 2871 1911 2898 ipse
1929 2870 2030 2898 putavit,

1183 2913 1255 2935 edidit
1272 2913 1295 2934 in
1313 2913 1432 2940 Supplem.
1446 2915 1501 2934 tom.
1515 2912 1547 2934 111.
1561 2912 1604 2933 col.
1621 2912 1624 2932 1
1636 2911 1677 2933 148
1692 2917 1740 2939 seq.
1753 2911 1814 2932 idem
1826 2910 1849 2932 in
1863 2910 1988 2932 prodromo
2001 2909 2030 2931 ad

1184 2958 1253 2979 opera
1271 2952 1349 2973 onmia
1367 2952 1389 2973 S.
1408 2952 1494 2973 Bonav.
1512 2951 1554 2973 col.
1573 2950 1615 2977 40,
1637 2957 1660 2972 n.
1684 2951 1704 2972 8.
1727 2950 1757 2972 de
1779 2951 1821 2971 hac
1843 2949 1938 2976 Epistola
1962 2948 2029 2970 dicit:

1186 3000 1197 3011 α
1216 2991 1271 3013 Data
1297 2991 1348 3019 (est)
1374 2991 1478 3012 similiter
1503 2990 1593 3012 Parisiis
1618 2996 1654 3011 an.
1682 2989 1741 3011 1266
1763 2989 1785 3010 in
1807 2988 1903 3016 gratiam
1926 2988 2030 3009 Fratrum

1184 3030 1296 3052 Minorum
1318 3030 1339 3051 in
1358 3030 1449 3052 deserto
1468 3029 1570 3058 quodam
1594 3029 1643 3051 looo
1661 3028 1722 3051 iuxta
1739 3028 1813 3050 lacum
1832 3028 1985 3050 Benacensem
2009 3027 2031 3048 in
