2133 3317
262 210 344 239 XXVI

328 289 399 312 Simili
417 289 487 311 modo
505 291 550 311 tota
567 288 637 311 libelli
654 288 749 311 materia
767 289 912 317 proponitur.
929 300 960 305 ·-
977 289 1000 311 ln
1020 288 1065 311 fine
1082 288 1112 311 le-

263 335 339 364 gitur:
360 344 370 356 a
381 336 442 358 Haec
454 339 488 358 est
501 335 569 363 igitur
581 341 644 358 cruat
662 334 740 363 beata,
752 338 852 364 quatuor
865 335 949 358 finibus
966 334 1111 358 obiectorum

265 383 396 411 terminata,
413 383 435 404 in
453 389 510 411 qua,
528 383 604 404 anima
622 382 718 408 devota,
736 387 789 404 cum
808 382 956 404 dilectissimo
968 388 1054 410 sponso
1072 385 1112 404 tuo

266 430 400 452 meditando
417 429 499 457 iugiter
516 428 588 451 debes
605 428 714 456 pendere.
732 428 774 450 Hic
791 430 824 450 est
847 433 936 451 currus
954 428 990 450 ille
1012 427 1109 458 tyneus,

264 478 364 505 quatuor
381 476 436 498 rotis
453 476 638 501 consummatus,
656 474 678 496 in
696 480 743 503 quo
760 473 833 496 debes
850 477 903 502 post
922 475 1022 497 amicum
1046 477 1111 497 tuum

265 522 425 545 fidelissimum
443 521 535 544 assidue
552 520 730 548 contemplando
747 520 777 543 ad
794 520 850 543 caeli
871 521 981 549 palatium
1005 526 1112 543 conscen-

266 569 328 592 dere.
346 569 407 591 Haec
424 571 458 591 est
475 568 511 590 illa
529 567 683 597 quadruplam
701 567 781 597 reyio:
800 568 928 596 orientalis,
950 567 1112 594 occidentalis,

264 616 390 645 aquilonis,
403 616 569 642 meridionalis,
581 621 653 644 quam
670 615 774 644 quotidie
785 615 932 643 peragrando
944 614 1016 637 debes
1028 615 1112 637 intrare

265 666 286 685 et
304 666 368 685 tuum
386 663 495 685 dilectum
517 662 710 690 specialissimum
727 662 749 684 in
772 668 798 684 ea
821 662 963 690 speculando
987 667 1112 690 quaerere,

264 713 289 733 ut
305 711 382 733 dicere
399 710 474 738 possis
491 716 544 733 cum
561 715 659 738 sponsa:
676 710 704 732 1η
716 708 801 732 tectulo
818 715 869 732 meo
881 715 923 738 per
935 710 1027 732 noctem
1044 714 1112 737 quae-

265 757 322 785 sivi,
342 763 411 786 quem
428 756 506 786 dlliqit
521 756 603 779 anima
620 762 672 779 mea
690 755 766 786 [Cant.
780 756 805 784 3,
819 755 859 785 i.].
872 756 933 778 Haec
950 757 1050 784 quatuor
1066 757 1112 777 tan-

264 805 297 832 git
314 804 448 831 Apostolus,
466 810 519 826 cum
537 803 605 826 dicit:
624 803 654 826 Ut
665 803 763 832 possitis
781 801 989 832 comprehendere,
1005 808 1066 831 quae
1082 801 1114 825 sit

263 851 398 881 lonqztudo,
412 850 511 874 latitudo
520 870 525 879 ,
542 849 676 874 sublimitas
693 852 715 873 et
723 849 886 880 profundum,
904 850 967 878 quod
981 849 1048 872 nobis
1060 855 1112 871 con-

263 898 330 921 cedat
348 898 447 920 Trinitas
459 897 534 920 beata.
551 898 631 920 Arnen.
644 897 739 925 Explicit
756 897 875 925 prologus.
889 896 1002 925 incipiunt
1013 898 1113 924 quatuor

263 945 368 968 exercitia
387 951 427 973 per
445 945 631 967 Bonaventuram
648 944 770 972 compilata
789 950 830 972 per
848 944 944 966 modum
962 943 1048 971 dialogi
1066 943 1112 965 ani-

264 998 316 1014 mae
334 995 356 1014 et
372 992 472 1014 hominis
484 1000 506 1013 n.
524 992 545 1014 ln
563 991 612 1013 aliis
629 991 697 1013 etiam
715 990 835 1013 codicibus
852 991 967 1013 invenitur
984 990 1006 1012 in
1029 989 1113 1018 princi-

264 1040 303 1068 pio
320 1039 440 1068 quoddam
458 1039 611 1061 summarium
629 1039 800 1061 distinctionum
818 1038 887 1060 huius
904 1038 1024 1066 opusculi,
1044 1039 1069 1060 ut
1085 1043 1112 1059 ex

264 1087 359 1109 elencho
378 1086 484 1108 codicum
497 1086 553 1108 infra
572 1086 647 1113 posito
665 1088 734 1113 patet.

327 1139 347 1156 c.
370 1134 440 1156 Recte
457 1136 564 1155 monetur
588 1134 611 1155 in
629 1133 672 1155 isto
698 1134 808 1161 prologo,
834 1135 858 1154 ut
882 1133 953 1155 lector
975 1134 1057 1154 cautus
1073 1132 1112 1159 sit,

264 1180 318 1209 quia
335 1186 421 1202 nomen
439 1180 538 1202 auctoris
561 1179 663 1207 allegatis
680 1179 735 1201 locis
752 1179 822 1201 modo
843 1179 1021 1208 praeponatur,
1042 1177 1113 1200 modo

260 1228 430 1256 postponatur.
448 1227 498 1255 Qua
515 1226 677 1248 observatione
694 1226 809 1253 neglecta,
827 1225 922 1253 accidit,
940 1227 964 1247 ut
976 1227 1024 1247 tum
1043 1224 1064 1246 in
1077 1230 1113 1246 co-

266 1273 357 1297 dicibus
373 1276 422 1296 tum
440 1274 462 1295 in
480 1272 620 1296 editionibus
637 1273 742 1295 contusio
759 1278 844 1300 magna
862 1272 884 1294 in
896 1271 994 1294 citandis
1011 1271 1066 1293 locis
1082 1271 1112 1292 in-

266 1321 371 1343 troducta
388 1321 426 1343 sit,
441 1333 471 1337 —
488 1321 557 1342 Recte
574 1320 643 1342 etiam
660 1320 727 1341 aliam
746 1319 973 1341 animadversionem
992 1318 1044 1340 facit
1060 1318 1112 1340 cod.

264 1368 416 1390 bibliothecae
428 1367 453 1391 S.
470 1366 591 1394 Floriani,
610 1367 661 1389 cod.
678 1366 731 1388 917.
755 1365 818 1394 (vide
836 1365 892 1387 infra
909 1371 931 1387 n.
950 1365 1002 1386 203.
1021 1366 1113 1386 nostrae

264 1416 371 1438 codicum
389 1415 553 1444 recensionis),
578 1414 642 1443 quod
660 1414 746 1436 scilicet
770 1413 794 1435 in
816 1419 861 1435 non
888 1413 968 1440 paucis
992 1411 1112 1434 codicibus

265 1463 337 1484 sactae
354 1465 407 1484 sunt
425 1461 559 1484 insertiones
576 1460 672 1482 aliarum
691 1459 862 1482 auctoritatum.
879 1458 938 1481 Dicit
954 1458 1027 1480 enim:
1049 1466 1058 1477 α
1071 1458 1112 1479 Ta-

264 1515 318 1531 men
335 1509 357 1530 in
375 1508 500 1536 praedictis
516 1506 600 1529 alicubi
619 1507 694 1535 aliqua
717 1506 800 1528 devota
819 1506 986 1527 interseruntur
1008 1507 1029 1526 et
1047 1504 1112 1526 inter-

264 1559 380 1584 ponuntur
397 1555 427 1577 ad
452 1555 562 1577 maiorem
589 1554 719 1576 devotionis
744 1553 903 1576 excitationem
929 1555 952 1574 et
976 1551 1006 1574 ob
1024 1551 1112 1580 gratiae

264 1603 358 1625 maioris
375 1602 546 1624 infusionem».
569 1600 627 1623 Cum
645 1603 729 1622 attente
752 1603 837 1622 textum
858 1599 966 1621 editionis
990 1599 1112 1621 Vaticanae

264 1650 358 1672 scrutati
370 1655 463 1676 sumus,
475 1649 521 1671 iam
533 1648 646 1675 vidimus,
659 1648 712 1670 hinc
730 1647 783 1670 inde
801 1647 898 1675 vestigIa
910 1652 1023 1675 apparere
1040 1646 1111 1668 inser-

265 1696 353 1719 tionum
372 1696 526 1724 posteriorum
550 1695 610 1723 sive,
629 1698 653 1717 ut
670 1694 760 1722 dicunt,
782 1693 1001 1722 inter-potationum.
1023 1692 1111 1715 Confir-

264 1745 352 1765 matum
370 1744 413 1765 hoc
426 1743 467 1765 fuit
484 1742 592 1765 codicum
609 1742 756 1768 auctoritate,
773 1747 827 1763 cum
839 1740 980 1769 antiquiores
991 1742 1013 1762 et
1029 1738 1112 1767 proba-

264 1791 333 1813 tiores
350 1796 430 1813 eorum
449 1791 489 1812 has
507 1790 641 1812 insertiones
658 1789 771 1811 omittant.
793 1789 850 1811 Hinc
870 1788 962 1810 codices
984 1786 1113 1815 principali-

263 1839 298 1859 ter
315 1837 488 1865 distinguuntur
510 1837 532 1859 in
550 1836 608 1859 duas
634 1835 741 1862 familias,
758 1835 887 1857 secundum
912 1834 976 1863 quod
999 1834 1035 1856 vel
1058 1839 1111 1855 cum

263 1885 386 1911 Vaticana,
403 1884 455 1906 licet
471 1890 518 1906 non
535 1889 638 1911 semper,
656 1882 796 1905 conveniunt
813 1882 836 1904 in
853 1881 919 1904 dictis
936 1879 1112 1908 insertionibns,

263 1933 300 1954 vel
318 1932 405 1954 eisdem
418 1934 504 1953 carent.
516 1931 588 1953 Etiam
605 1930 720 1959 antiquior
731 1936 777 1958 qua
789 1929 824 1951 usi
836 1935 918 1951 sumus
934 1928 1004 1951 editio
1018 1928 1026 1950 l
1043 1934 1112 1955 saepe

263 1979 385 2002 confirmat
397 1978 518 2001 meliorum
536 1977 642 2000 codicum
655 1977 822 1999 auctoritatem.
835 1977 858 1998 ln
873 1977 935 1997 tanta
951 1975 1079 1997 editionum
1091 1976 1113 1996 et

265 2026 391 2054 praecipue
408 2025 514 2048 codicum
533 2024 659 2047 differentia
677 2030 722 2046 non
741 2024 824 2051 exigua
846 2023 969 2045 difficultas
987 2021 1055 2044 nobis
1071 2021 1113 2044 sol-

266 2073 342 2096 venda
359 2075 418 2101 erat,
437 2075 461 2095 ut
478 2075 563 2094 textum
576 2071 720 2099 primitivum
729 2089 734 2098 ,
747 2074 859 2099 quantum
871 2069 919 2091 fieri
932 2069 1017 2097 potuit,
1030 2074 1113 2096 purga-

264 2126 343 2142 remus
359 2119 389 2141 ab
402 2119 449 2141 istis
466 2117 640 2145 insertionibus,
652 2124 711 2146 quas
727 2122 819 2144 semper
836 2116 866 2138 ad
883 2116 969 2138 calcem
982 2115 1112 2137 reiecimus.

328 2166 396 2189 Aliud
414 2166 494 2188 vitium
513 2171 624 2193 magnum
642 2164 733 2192 irrepsit
751 2164 772 2185 in
790 2166 875 2185 textum
892 2162 981 2185 editum
1004 2164 1026 2183 et
1042 2161 1111 2183 etiam

265 2214 287 2236 in
305 2214 389 2236 multos
405 2213 508 2239 codices,
521 2212 543 2234 in
555 2211 652 2241 quibus,
668 2217 722 2233 cum
738 2210 760 2232 in
778 2210 870 2237 dialogo
887 2208 982 2232 animae
999 2211 1022 2230 et
1038 2206 1113 2231 homi-

265 2260 302 2284 nis
324 2260 400 2283 anima
423 2259 564 2288 interroqct,
582 2259 652 2280 homo
674 2256 829 2287 respoudeat‚·
851 2261 922 2283 saepe
945 2257 1021 2283 partes
1043 2253 1112 2277 inter-

265 2306 373 2337 roqantis
391 2309 413 2329 et
430 2305 591 2335 respondentis
608 2310 731 2333 perperam
749 2303 884 2326 eilstribntae
901 2305 966 2329 sunt,
984 2302 1012 2324 ita
1030 2304 1055 2324 ut
1068 2300 1111 2323 snb

265 2354 329 2377 titulo
347 2352 434 2376 Anima
450 2353 539 2380 legatur
556 2352 620 2381 quod
637 2351 772 2379 ponendum
790 2353 838 2372 erat
855 2349 899 2372 snb
918 2349 998 2372 Homo.

328 2400 431 2428 Denique
448 2398 550 2422 laborem
568 2404 623 2421 vere
641 2397 774 2426 improbum
792 2397 868 2424 exegit
885 2396 1022 2425 conquisitio
1040 2398 1072 2417 tot
1083 2395 1113 2417 lo-

265 2452 346 2469 corum
364 2452 416 2469 raro
434 2445 486 2468 alibi
503 2446 637 2472 citatorum,
660 2445 700 2474 qui
718 2445 740 2467 in
758 2443 951 2472 praecedentibus
972 2442 1112 2465 editionibus

265 2494 302 2516 vel
319 2494 414 2516 omnino
432 2499 479 2515 non
496 2493 587 2515 indicati
605 2495 682 2520 erant,
700 2492 735 2514 vel
752 2497 884 2520 perperam.

329 2540 352 2562 d.
372 2540 488 2563 Editiones
506 2539 618 2568 plurimae
636 2539 755 2567 Soiiloquii
772 2538 817 2560 iam
841 2538 932 2560 saeculo
950 2537 1003 2559 XV.
1020 2536 1112 2564 prodie-

267 2590 326 2610 runt.
344 2587 435 2609 Praeter
453 2587 489 2609 ed.
508 2587 516 2608 vl
538 2593 575 2609 an.
593 2586 667 2613 1484,
684 2592 730 2614 qua
753 2585 787 2608 usi
811 2591 903 2612 sumus,
926 2587 947 2607 et
970 2584 1037 2611 alias,
1054 2589 1113 2612 quas

267 2636 322 2656 tom.
336 2634 363 2661 V,
380 2634 558 2661 Prolegomena,
572 2639 624 2661 pag.
642 2634 685 2655 Llll
697 2633 867 2660 recensuimus,
882 2632 906 2654 P.
916 2631 999 2654 Fidelis
1011 2637 1023 2653 a
1035 2631 1111 2653 Fanna

266 2680 385 2709 quoddam
402 2680 588 2708 incunabulum,
607 2684 631 2703 ut
648 2681 743 2709 dicitnr,
760 2682 846 2704 invenit
862 2683 919 2705 inter
931 2683 1022 2706 codices
1034 2683 1112 2706 biblio-

267 2729 346 2750 thecae
358 2728 456 2750 civitatis
472 2727 613 2751 Camberiaci
622 2745 627 2755 ,
640 2728 713 2751 codici
727 2729 780 2751 479.
792 2729 887 2757 unitam,
899 2730 965 2752 cuius
976 2730 1054 2753 titulus
1066 2734 1111 2753 est:

270 2783 281 2794 ι(
294 2775 316 2796 ln
334 2775 486 2803 soliloquium
498 2775 547 2797 sive
564 2775 640 2797 anime
652 2778 674 2797 et
691 2776 790 2798 hominis
802 2776 916 2799 interioris
933 2777 1059 2805 dyalogum
1072 2778 1112 2800 Bo-

268 2825 393 2843 neventure
411 2822 491 2849 incipit
508 2822 602 2844 feliciter
613 2823 737 2850 prologus:
755 2823 833 2846 Flecto
850 2830 927 2853 oemio
938 2832 949 2844 2>
970 2828 1012 2847 etc.
1029 2825 1112 2847 Porro:

270 2876 281 2887 α
294 2868 387 2895 Explicit
404 2869 515 2896 prologus
532 2869 690 2891 Bonaventure
707 2870 729 2891 in
752 2870 852 2898 dyalogo
875 2871 950 2893 anime
968 2875 990 2893 et
1012 2872 1112 2894 hominis

268 2914 388 2937 interioris.
406 2915 530 2937 Sciendum
556 2916 660 2943 insuper,
685 2917 749 2945 quod
775 2920 883 2940 tractatus
907 2918 949 2940 iste
970 2918 1069 2941 devotus
1086 2925 1112 2941 ac

268 2960 362 2983 cuilibet
379 2960 489 2983 Cristiano
515 2962 576 2984 utilis
597 2965 618 2984 et
644 2963 796 2990 necessarius,
822 2967 945 2992 antequam
968 2965 1112 2988 divideretur

974 209 1219 239 PROLEGOMENA
1241 210 1269 239 C.
1292 211 1310 239 Ι,

1169 297 1211 319 per
1228 294 1317 320 partes,
1335 294 1384 313 erat
1400 291 1515 314 nonnullis
1537 291 1664 320 aliqualiter
1682 292 1796 321 insipidus
1819 294 1929 321 tanquam
1951 295 2017 324 panis

1169 338 1259 367 integer
1276 346 1302 362 ac
1319 340 1414 362 solidus.
1436 340 1471 363 Ad
1494 341 1605 364 maiorem
1624 347 1680 369 ergo
1704 341 1776 370 ipsius
1793 341 1971 364 declarationem
1995 344 2017 364 et

1169 386 1296 409 dulciorem
1314 387 1364 410 eius
1381 393 1489 415 saporem
1508 392 1586 415 postea
1604 388 1694 411 divisus
1711 390 1784 411 fuerat
1801 389 1825 411 in
1847 391 1947 418 quatuor
1964 395 2017 417 par-

1170 435 1214 461 tes,
1232 433 1316 456 deinde
1340 434 1469 456 secundum
1486 434 1589 462 singulas
1614 435 1721 458 materias
1744 436 1817 458 factus
1841 438 1875 458 est
1900 435 1923 457 in
1941 435 2016 458 varias

1170 480 1247 508 pecias
1264 482 1375 509 tanquam
1393 481 1417 502 in
1441 481 1521 503 dulces
1538 481 1609 503 micas
1631 488 1674 509 pro
1690 481 1853 510 incipientibus
1870 485 1892 504 et
1913 482 2017 510 parvulis

1169 526 1236 549 Cristi
1254 527 1352 549 devotis
1369 527 1439 554 Nam,
1451 527 1580 550 secundum
1597 528 1748 557 Gregorium,
1768 531 1899 556 ,unguenta
1915 532 2015 551 cremata

1169 573 1241 596 lacius
1253 574 1368 602 redolent,
1381 577 1403 596 et
1414 577 1529 602 aromata,
1541 581 1595 597 cum
1606 575 1774 603 incenduntur,
1790 576 1937 604 fragrantiam
1950 581 2017 598 suam

1170 621 1303 648 expandunt
1312 621 1317 631 ‘
1330 629 1352 643 n.
1368 621 1464 643 Desinit:
1480 629 1491 641 α
1503 621 1624 644 Tractatus
1635 622 1658 644 S.
1669 622 1830 645 Bonaventure
1842 623 1946 645 Doctoris
1958 628 2017 645 sera·

1170 668 1255 696 phici...
1273 668 1302 690 de
1320 671 1420 697 quatuor
1437 669 1549 691 exercitiis
1566 675 1607 696 per
1625 669 1722 692 modum
1739 670 1832 698 dyalogi
1844 678 1855 691 n
1876 672 1919 692 etc.

1234 715 1337 744 Denique
1355 716 1376 737 in
1394 714 1533 738 bibliotheca
1545 716 1643 738 civitatis
1657 715 1762 744 Friburgi
1777 716 1910 745 (Helvetiae)
1929 717 1950 739 in
1963 722 2018 745 qua-

1170 762 1224 785 dam
1243 763 1337 791 antiqua
1354 763 1455 791 plurium
1474 768 1571 791 operum
1589 764 1613 785 S.
1629 763 1818 791 Bonaventurae,
1836 764 1940 791 Hugonis
1952 766 1974 786 et
1985 764 2017 786 ln-

1171 809 1271 831 nocentii
1288 809 1320 831 lll.
1333 809 1433 831 editione
1451 808 1548 831 habetur
1563 809 1616 832 Vita
1633 808 1722 832 Christi
1732 810 1907 832 Bonaventurae
1918 809 2016 837 tributa,

1170 856 1254 879 deinde
1271 856 1383 884 opuscula
1406 855 1565 885 Soliloquium
1582 858 1604 878 et
1620 855 1778 885 Praeparatio
1795 856 1825 879 ad
1842 857 1942 879 Missam.
1965 857 2017 880 Post

1174 903 1252 926 Vitam
1270 903 1368 931 Christi,
1394 903 1540 930 invidetur,
1566 903 1588 925 in
1608 903 1729 925 Germania
1755 903 1855 926 inferiori
1879 904 2017 932 impressam

1170 950 1275 979 sequitur
1292 949 1322 972 ab
1339 950 1383 972 alia
1400 950 1490 972 officina
1503 950 1591 972 editum
1609 949 1769 979 Soliloquium
1781 956 1834 973 cum
1852 950 1944 973 verbis:
1960 959 1970 971 a
1984 951 2015 973 ln-

1169 997 1224 1025 cipit
1241 997 1355 1025 dyalogus
1374 997 1404 1019 St.
1422 997 1584 1019 Bonaventure
1600 996 1638 1024 C.,
1655 997 1678 1019 in
1697 1003 1743 1026 quo
1755 997 1831 1020 anima
1844 998 1927 1020 devota
1947 998 2018 1021 medi-

1170 1045 1239 1067 tando
1253 1045 1385 1072 interrogat,
1395 1047 1417 1067 et
1429 1045 1498 1066 homo
1511 1044 1639 1067 mentaliter
1649 1044 1781 1072 respondet.
1791 1044 1869 1068 Flacto
1883 1051 1960 1074 qenua
1973 1048 2017 1069 etc.

1169 1091 1256 1113 Desinit
1273 1091 1314 1113 ita:
1334 1099 1344 1112 (ι
1359 1091 1475 1119 Dyalogus
1492 1091 1514 1113 S.
1532 1091 1693 1113 Bonaventure
1710 1090 1836 1114 Cardinalis
1853 1091 1902 1114 finit
1924 1091 2017 1114 feliciter

1168 1137 1357 1166 impressumque
1375 1137 1425 1166 (sic)
1448 1137 1546 1160 Parisios
1568 1144 1605 1160 an.
1627 1138 1669 1160 Dni
1692 1137 1807 1161 M⁰CCCC⁰
1830 1138 1881 1167 (sic)
1904 1138 2016 1161 vicesimo

1169 1185 1235 1207 tertio
1254 1185 1339 1207 mensis
1364 1184 1470 1207 Octobris
1484 1193 1504 1207 n.
1522 1185 1600 1207 Postea
1626 1185 1743 1213 sequitur:
1764 1193 1776 1206 «
1790 1186 1916 1208 Tractatns
1937 1185 2017 1208 brevis

1169 1231 1211 1253 Dni
1229 1232 1391 1254 Bonaventure
1403 1232 1433 1254 de
1451 1231 1520 1254 modo
1532 1237 1557 1254 se
1574 1232 1728 1259 praeparandi
1746 1232 1776 1254 ad
1791 1231 1953 1255 celebrandam
1966 1232 2016 1255 Mis-

1168 1285 1231 1301 sam:
1250 1279 1284 1301 Ad
1302 1280 1413 1301 honorem
1426 1288 1437 1299 n
1458 1282 1513 1306 etc.‚
1531 1282 1555 1301 ut
1572 1279 1596 1301 in
1615 1279 1695 1307 editis,
1717 1280 1758 1302 sed
1781 1280 1829 1302 sine
1850 1280 1957 1308 prologo.
1980 1280 2017 1302 Se-

1168 1326 1246 1354 quitur
1264 1326 1343 1348 ultimo
1361 1327 1411 1348 loco
1430 1325 1512 1349 Oratio
1534 1326 1616 1349 devota
1633 1326 1660 1349 de
1677 1326 1838 1350 eucharistia:
1856 1328 1916 1355 Ave,
1936 1327 2015 1350 vivens

1168 1372 1246 1395 hostia
1263 1376 1317 1400 eto,
1336 1379 1396 1401 quae
1414 1372 1521 1395 tribuitur
1537 1374 1573 1395 Fr.
1591 1374 1669 1396 loanni
1686 1374 1820 1396 Pecchamo.

1202 1407 1204 1409 ’
1232 1419 1264 1441 oe
1281 1419 1376 1441 utilitate
1393 1418 1460 1441 libeni
1479 1419 1532 1441 vide
1549 1425 1602 1447 pag.
1621 1420 1705 1442 xxxu
1723 1419 1774 1442 cod.
1793 1426 1815 1442 n.
1837 1420 1886 1442 120.

1450 1495 1585 1526 Elenchus
1606 1495 1736 1526 codicum.

1209 1581 1227 1604 Ῑ.
1246 1581 1336 1605 Codices
1354 1589 1367 1604 a
1384 1581 1448 1604 nobis
1465 1589 1515 1604 eum
1532 1582 1601 1605 textu
1617 1582 1744 1605 Vaticana
1761 1581 1870 1605 editionis
1886 1582 1974 1606 collati.

1232 1654 1252 1676 i.
1270 1653 1355 1677 Assisii
1371 1653 1394 1675 in
1412 1652 1519 1681 Umbria,
1538 1652 1677 1675 bibliotheca
1695 1653 1863 1681 Communalis,
1885 1654 1938 1677 cod.
1955 1655 1970 1677 l.
1988 1655 2017 1678 V.

1169 1701 1205 1724 10.
1230 1701 1365 1723 chartaceus
1382 1701 1404 1722 in
1431 1700 1483 1723 solio
1508 1701 1593 1723 saeculi
1618 1701 1679 1723 XIV.
1696 1713 1727 1717 —
1744 1701 1806 1724 Folio
1824 1702 1844 1723 2.
1862 1708 1881 1724 r.
1898 1702 2016 1731 Soliloquii

1168 1748 1281 1776 opusculo
1307 1748 1460 1775 praemittitur
1486 1748 1541 1769 haec
1566 1747 1672 1769 rubrica:
1689 1747 1774 1777 Incipit
1791 1747 1861 1776 liber,
1879 1748 1921 1778 qui
1937 1748 2016 1779 imaqo

1167 1794 1213 1817 vite
1229 1793 1373 1822 intitulatur,
1391 1793 1466 1817 editus
1483 1800 1499 1816 α
1516 1793 1649 1817 beatissimo
1666 1794 1835 1818 Bonaventure
1852 1795 1879 1818 de
1892 1795 2017 1819 Batneore-

1168 1842 1206 1871 ylo
1226 1841 1323 1865 Ordinis
1340 1841 1473 1869 Motorum,
1492 1841 1586 1864 doctore
1603 1841 1751 1870 illuminato,
1772 1842 1814 1872 qni
1830 1842 1899 1872 lonyo
1912 1844 2017 1873 tempore

1167 1888 1213 1918 suit
1231 1887 1334 1911 eiusdem
1353 1888 1449 1911 Ordinis
1467 1888 1585 1918 penei-alic
1602 1888 1710 1913 Minister
1727 1891 1749 1913 et
1765 1895 1861 1918 servus,
1876 1891 1960 1919 postea
1971 1890 2016 1920 epi-

1168 1941 1254 1965 scopus
1271 1934 1410 1958 cardinalis.
1428 1935 1506 1958 Flecto
1523 1941 1602 1965 §emta
1618 1942 1669 1959 mea
1687 1935 1719 1959 ad
1735 1936 1832 1960 Patrem
1854 1940 1896 1959 etc.
1920 1938 2016 1967 Aposto-

1169 1982 1207 2005 lus
1231 1982 1323 2006 Paulus
1350 1989 1390 2005 cas
1407 1985 1449 2005 etc.
1476 1983 1561 2006 Desinit
1578 1983 1614 2005 fol.
1633 1983 1670 2006 46,
1688 1990 1719 2006 r.:
1737 1983 1876 2007 Benedictus
1893 1984 1918 2007 in
1935 1984 2017 2008 secula

1169 2030 1240 2053 Deus.
1257 2031 1339 2053 Amen.
1357 2029 1463 2059 Emplicit
1479 2029 1536 2053 liber
1553 2030 1644 2060 dialoyi
1659 2030 1739 2054 anime
1755 2033 1777 2054 et
1793 2031 1909 2060 hominis,
1931 2038 1974 2055 seu
1991 2032 2017 2055 li-

1169 2075 1209 2098 ber
1226 2076 1267 2105 qui
1288 2076 1371 2099 merito
1394 2075 1530 2105 appellatur
1546 2075 1626 2105 imaqo
1642 2076 1694 2099 vite.
1712 2078 1782 2100 Anno
1799 2077 1831 2100 M.
1849 2077 1910 2101 CCC.
1927 2078 2015 2101 LXIII.

1168 2123 1205 2146 die
1221 2123 1310 2146 XVIII.
1328 2122 1468 2146 Novembris
1484 2122 1588 2152 scriptus
1610 2123 1663 2153 suit.
1679 2124 1762 2147 Amen.
1779 2137 1810 2140 —
1827 2125 1850 2147 in
1871 2128 1948 2148 nostra
1965 2126 2014 2148 edi-

1169 2169 1231 2191 tione
1247 2169 1351 2197 signatur
1367 2169 1439 2191 littera
1457 2169 1485 2191 M,

1231 2217 1253 2237 2.
1270 2217 1392 2245 Anyustae
1417 2216 1580 2243 Trevirorum,
1605 2216 1741 2239 bibliotheca
1767 2217 1873 2245 Publica,
1890 2218 1942 2240 cod.
1958 2218 2014 2241 772.

1169 2269 1285 2291 progress.
1303 2263 1357 2285 572.
1374 2263 1566 2286 membranaceus
1583 2264 1605 2286 in
1623 2264 1644 2286 8.
1661 2270 1721 2288 saec.
1739 2265 1798 2288 XlV.
1814 2278 1845 2282 —
1861 2265 1910 2288 Alia
1933 2272 2016 2289 manus

1169 2310 1254 2333 saeculi
1279 2310 1414 2337 posterioris
1438 2310 1551 2338 opusculo
1576 2311 1695 2338 praemisit
1719 2312 1781 2334 hunc
1805 2312 1908 2335 titulum:
1931 2313 2015 2342 Imaqo

1169 2357 1225 2385 vite,
1243 2357 1279 2380 vel
1296 2356 1405 2386 dialoyus
1423 2357 1502 2380 (initae
1518 2358 1540 2380 et
1556 2357 1677 2387 corporis,
1689 2358 1738 2381 sive
1749 2360 1867 2382 tractatus
1878 2359 1906 2382 de
1917 2359 2016 2382 mentali

1168 2403 1336 2427 eoeercitatione
1352 2404 1437 2433 fratris
1459 2403 1571 2427 Willelmi
1586 2404 1614 2427 de
1632 2404 1720 2428 Ordine
1733 2405 1871 2435 Minorum;
1883 2407 1926 2429 alia
1938 2407 2015 2429 adhuc

1168 2457 1251 2473 manus
1268 2451 1362 2479 adiecit;
1379 2450 1415 2474 vel
1432 2450 1510 2474 sancti
1525 2451 1698 2475 Bonaventure.
1715 2452 1803 2475 Deinde
1827 2452 1864 2475 fol.
1882 2452 1904 2475 5.
1923 2459 1941 2475 r.
1958 2453 2016 2476 inci-

1168 2498 1213 2526 pit:
1230 2497 1308 2521 Flacco
1334 2503 1413 2527 genua
1436 2504 1489 2520 mea
1506 2501 1550 2520 etc.
1575 2498 1663 2520 Desinit
1679 2499 1717 2520 fol.
1735 2499 1773 2521 35.
1789 2505 1820 2521 r.:
1838 2498 1911 2522 donec
1927 2499 2015 2522 mtrem

1168 2545 1193 2568 in
1210 2544 1326 2574 yauzlium
1342 2544 1440 2567 Domini
1454 2544 1512 2573 mei,
1530 2544 1572 2574 qui
1588 2546 1621 2568 est
1638 2544 1716 2568 trimis
1738 2548 1758 2568 et
1782 2552 1853 2569 unus.
1874 2546 2013 2570 Benedictus

1167 2591 1192 2615 in
1209 2591 1296 2615 secula.
1313 2592 1397 2614 Amen.
1414 2592 1476 2619 Sign.
1494 2593 1508 2614 l.

1231 2639 1253 2661 3.
1270 2638 1416 2667 Florentiae,
1440 2638 1576 2661 bibliotheca
1602 2640 1765 2667 Riccardiana,
1790 2640 1842 2663 cod.
1867 2640 2011 2664 CCCCLXX.

1168 2686 1240 2708 chart.
1258 2685 1279 2707 in
1299 2685 1334 2706 16.
1352 2691 1411 2707 saec.
1430 2685 1481 2707 XV.
1499 2686 1608 2708 exeuntis.
1625 2699 1656 2702 —
1673 2686 1719 2709 Fol.
1738 2687 1774 2708 ll.
1791 2693 1822 2709 r.:
1841 2686 1925 2717 Incipit
1931 2687 2014 2717 prolo-

1168 2738 1213 2762 qus
1229 2732 1307 2755 sancti
1323 2732 1488 2755 Bonaventure
1506 2732 1602 2756 Ordinis
1619 2733 1739 2756 asinorum
1764 2735 1785 2757 et
1806 2736 1886 2757 sancte
1908 2735 2013 2758 Romane

1168 2779 1269 2802 Ecclesie
1286 2778 1430 2807 cardinalis,
1449 2779 1472 2802 in
1490 2786 1535 2809 quo
1552 2780 1633 2803 anima
1651 2780 1734 2804 devota
1756 2781 1891 2805 meditando
1913 2781 2013 2805 interro-

1168 2827 1209 2855 qat
1225 2827 1246 2848 et
1263 2825 1332 2848 homo
1350 2826 1448 2849 Interior
1472 2826 1606 2849 mentaliter
1629 2827 1744 2857 loquendo
1770 2828 1900 2858 respondet.
1926 2828 2014 2851 Desinit

1168 2872 1205 2894 fol.
1222 2872 1259 2893 67.
1278 2879 1313 2899 v.,
1331 2875 1355 2894 ut
1372 2872 1394 2894 in
1412 2872 1484 2894 editis.
1504 2873 1567 2900 Sign.
1585 2874 1609 2895 L.

1231 2918 1253 2941 4.
1271 2918 1437 2948 Gratianopoli
1453 2919 1583 2947 (Grenoble)
1601 2920 1623 2942 in
1641 2921 1725 2948 Gallia,
1742 2921 1880 2944 bibliotheca
1897 2921 2010 2948 Civitatis,

1168 2966 1219 2988 cod.
1237 2965 1289 2988 842.
1307 2966 1361 2988 alias
1378 2966 1414 2988 89.
1433 2967 1486 2989 1161.
1503 2967 1662 2990 miscellaneus
1678 2968 1701 2990 in
1720 2969 1756 2990 i2.
1774 2975 1833 2991 saec.
1851 2969 1912 2991 XlV.
1923 2981 1953 2985 —
1966 2969 2012 2991 Fol.
