2133 3317
167 393 283 412 Notandum.

183 1468 263 1487 Materia

154 1492 287 1511 consideratio-

298 216 355 244 496
729 209 927 239 OPUSCULUM
948 209 1014 237 XXI.
1037 208 1194 237 EPISTOLA
1214 208 1257 237 DE
1278 208 1349 237 XXV
1370 206 1621 236 MEMORIALIBUS.

299 292 410 330 operari
431 291 561 328 dignatur
570 312 577 324 ,
598 288 792 318 tribulationes
806 295 918 324 quoque
933 290 960 315 et
974 287 1078 323 proelia
1092 286 1148 315 vir-

300 340 423 375 tutisque
444 337 618 374 propositum
641 336 684 364 vel
705 335 805 363 similia
824 334 859 363 ab
880 333 1009 362 omnibus
1032 333 1147 362 abscon-

300 386 366 415 dere
387 384 515 418 studeas,
537 386 672 420 quantum
695 384 787 418 potes;
820 381 864 409 his
894 384 984 409 tamen
1006 380 1146 417 exceptis,

299 439 372 470 quae
392 430 506 468 proprio
521 429 655 458 sacerdoti
677 429 705 457 in
720 428 834 465 propria
854 427 955 456 debent
973 427 1147 456 accusatione

299 478 405 515 detegi,
427 477 478 506 nisi
500 476 571 505 sorte
592 475 674 504 alicui
690 478 745 504 -tuo
759 474 869 512 speciali
885 482 916 503 ac
928 474 1044 511 probato
1058 474 1146 503 amico

299 533 332 554 ea
352 524 505 561 spiritualis
526 523 652 552 utilitatis
673 522 761 559 gratia
782 522 934 555 revelares,
956 521 1036 550 cuius
1058 521 1146 549 consi-

299 572 368 600 lium
383 571 427 599 vel
446 569 598 599 doctrinam
614 569 641 597 in
656 568 815 597 huiusmodi
831 568 927 597 credas
942 567 990 596 tibi
1007 575 1086 604 posse
1102 576 1147 596 va-

299 619 364 647 lere.
387 617 526 646 Sollicitus
546 624 655 652 semper
677 616 714 644 sis
736 615 822 643 furari
844 618 954 651 tempus
976 615 1094 651 ubique,
1116 617 1147 643 ut

298 664 387 702 possis
402 664 497 692 solitae
511 663 627 692 orationi
643 665 670 691 et
685 662 853 691 meditationi
869 665 979 690 sanctae
994 669 1101 695 vacare,
1116 664 1148 690 ut

298 711 421 739 sedendo
435 710 590 739 solitarius
604 709 730 738 elevatus
745 709 782 738 sis
796 708 932 737 desiderio
946 708 979 737 ad
994 716 1116 745 superna
1127 706 1146 736 ¹.

373 806 420 833 022.
443 803 527 840 Quod
549 803 641 831 Deum
662 811 774 839 semper
795 805 819 831 et
840 802 946 840 ubique
966 801 1074 830 habeas

622 850 653 878 in
674 850 825 878 memoria.

378 945 547 983 VigesImum
564 944 726 978 secundum,
741 946 781 978 ut,
794 943 902 972 solutus
915 943 950 971 ab
964 943 1094 972 omnibus
1106 943 1148 972 ni-

299 993 395 1030 hilque
416 992 519 1021 terreni
541 991 713 1025 desiderans,
734 991 789 1019 iam
810 990 974 1026 contemptis
992 990 1122 1018 omnibus
1137 990 1147 1006 2

299 1039 452 1073 creaturis,
474 1042 549 1067 tanto
570 1038 670 1067 mentis
700 1040 801 1066 conatu
831 1037 1017 1073 desideriique
1037 1036 1148 1065 fervore

300 1087 374 1116 circa
395 1090 474 1115 tuum
490 1086 649 1114 Creatorem
670 1084 809 1118 intendas,
824 1086 856 1112 ut
870 1083 948 1121 quasi
964 1083 1087 1111 omnium
1106 1083 1148 1110 in-

299 1134 433 1163 feriorum
455 1133 571 1166 oblitus,
594 1131 730 1169 quidquid
744 1139 824 1168 agas,
846 1130 1017 1167 ubicumque
1039 1130 1148 1158 steteris

299 1183 327 1209 et
347 1180 572 1217 quibuscumque
593 1179 709 1215 negotiis
729 1177 896 1214 impliceris,
924 1177 968 1205 die
995 1184 1027 1205 ac
1051 1178 1146 1210 nocte,

299 1227 373 1256 omni
396 1228 535 1255 momento
555 1228 583 1254 et
602 1225 676 1254 omni
699 1226 780 1259 liora,
801 1224 890 1253 Deum
912 1232 1021 1260 semper
1045 1223 1148 1252 habeas

299 1274 327 1303 111
349 1274 482 1303 memoria
496 1273 517 1307 ³,
539 1273 654 1302 credens
675 1276 702 1301 et
723 1272 860 1309 cogitans,
883 1275 909 1300 te
930 1279 990 1300 esse
1004 1270 1148 1299 verissime

299 1329 392 1351 coram
414 1329 462 1355 eo,
483 1323 511 1349 et
531 1320 622 1357 ipsum
644 1320 767 1356 cogitans
788 1319 912 1355 undique
933 1321 960 1347 te
979 1318 1146 1354 conspicere.

300 1368 370 1397 Haec
391 1370 482 1396 autem
505 1367 595 1404 cogita
616 1374 679 1395 cum
703 1374 803 1403 magna
824 1365 982 1394 reverentia
1002 1373 1033 1393 ac
1047 1365 1147 1393 timore

299 1415 405 1452 pariter
426 1423 457 1443 ac
479 1417 616 1447 tremore,
638 1421 701 1442 cum
725 1421 835 1441 summa
856 1420 968 1449 quoque
982 1412 1147 1440 discretione

300 1464 327 1490 et
347 1461 541 1490 ardentissimo
562 1468 657 1489 amore
671 1460 692 1494 4,
713 1467 788 1488 nunc
809 1462 872 1488 ante
893 1459 976 1495 pedes
997 1458 1147 1487 immensae

301 1508 449 1537 Maiestatis
470 1508 530 1537 eius
551 1510 723 1545 prostratus,
745 1506 827 1535 corde
848 1506 1023 1534 amarissimo
1053 1513 1147 1542 pecca-

298 1559 393 1584 torum
414 1555 522 1584 veniam
551 1554 728 1591 postuland03
760 1561 835 1582 nunc
863 1553 1064 1582 sacratissimae
1085 1560 1147 1589 pas-

299 1602 383 1631 sionis
398 1602 454 1630 Filii
476 1602 524 1630 Dei
539 1601 628 1638 gladio
643 1600 841 1637 compassionis
856 1599 999 1628 confossus
1010 1599 1031 1633 ⁵,
1053 1607 1147 1627 coram

298 1649 358 1678 eius
373 1657 472 1683 cruce,
487 1648 651 1677 vulneratus
665 1656 730 1676 cum
746 1655 793 1681 eo,
809 1647 982 1683 lacrymosus
999 1649 1026 1674 et
1047 1646 1147 1674 flebilis

298 1695 472 1733 apparendo3
493 1703 568 1723 nunc
597 1695 682 1723 totius
703 1694 775 1723 vitae
806 1693 880 1722 illius
904 1693 1054 1722 decursum
1082 1696 1147 1721 tuae

298 1743 453 1780 obliquitati
470 1742 546 1771 velut
559 1741 734 1770 rectitudinis
748 1741 848 1769 lineam
863 1739 1057 1777 proponendo;
1073 1747 1147 1768 nunc

298 1789 513 1818 innumerabilia
534 1791 561 1817 et
580 1789 715 1817 immensa
735 1788 796 1816 eius
816 1787 951 1816 beneficia
972 1789 1063 1815 mente
1084 1794 1147 1823 per-

298 1839 433 1870 tractans,
454 1836 609 1873 gratiarum
629 1835 785 1864 actionibus
805 1834 971 1868 insistendo;
993 1841 1068 1862 nunc
1099 1833 1147 1862 sti-

297 1884 381 1912 mulis
402 1883 490 1920 ipsius
510 1882 613 1911 amoris
640 1882 832 1911 ardentissime
847 1881 857 1898 6
887 1884 1023 1918 punctus,
1055 1880 1147 1917 ipsum

297 1931 326 1960 in
342 1930 478 1960 creaturis
492 1930 622 1959 omnibus
636 1929 784 1964 intuend03
801 1936 876 1957 nunc
890 1928 1056 1965 potentiam,
1072 1935 1147 1956 nunc

298 1978 475 2015 sapientiam,
497 1985 572 2005 nunc
593 1976 744 2005 bonitatem
766 1979 793 2004 et
824 1975 997 2004 clementiam
1019 1975 1079 2003 eius
1107 1977 1147 2002 at—

297 2026 427 2059 tendens,
449 2033 514 2053 eum
536 2024 681 2061 magnifice
701 2024 729 2052 in
751 2023 859 2052 cunctis
873 2023 931 2051 suis
945 2022 1078 2059 operibus
1092 2021 1147 2050 col-

297 2071 450 2105 laudando;
472 2078 547 2099 nunc
567 2070 704 2099 desiderio
725 2069 830 2106 patriae
851 2068 976 2098 caelestis
996 2070 1146 2101 attractus,

298 2118 332 2146 ad
353 2118 444 2155 ipsum
460 2117 640 2155 gemebundis
655 2116 783 2153 suspiriis
797 2116 967 2149 anhelando;
984 2123 1058 2143 nunc
1073 2115 1147 2143 circa

298 2172 348 2193 1105
369 2164 476 2193 viscera
496 2163 703 2192 inaestimabilis
718 2163 840 2191 caritatis
855 2163 915 2191 eius
929 2162 1064 2198 aspiciens
1070 2171 1079 2196 ‚¹
1093 2161 1147 2189 lae-

298 2211 421 2240 tabunda
441 2211 560 2248 quadam
581 2213 609 2239 et
629 2210 772 2239 excessiva
802 2209 983 2238 admiratione
1010 2208 1093 2237 corde
1120 2210 1147 2236 et

1203 286 1295 315 animo
1316 286 1343 314 in
1364 286 1423 323 ipso
1444 285 1612 319 deficiendo;
1628 292 1703 313 nunc
1718 287 1744 313 te
1759 284 1954 321 praecipitem,
1976 293 2049 315 nunc

1203 335 1230 362 te
1250 333 1399 370 fugientem
1415 333 1437 367 J,
1458 340 1533 361 nunc
1553 332 1641 361 Deum
1659 334 1683 360 te
1698 334 1846 366 tenentem,
1861 332 2049 363 sublevantem

1203 382 1230 407 et
1250 379 1451 412 attrahentem,
1472 386 1547 407 nunc
1576 381 1602 407 te
1628 378 1767 415 ingratum
1797 386 1846 415 per
1874 379 1966 407 omnia
1992 380 2050 409 exi-

1203 428 1321 454 stentem
1343 425 1535 459 considerans,
1557 425 1742 454 ineffabilibus
1762 425 1871 454 divinae
1895 426 2051 456 misericor-

1203 473 1263 501 diae
1284 472 1438 501 visceribus
1460 472 1508 500 tibi
1530 472 1684 508 patefactis,
1700 472 1784 501 nimio
1806 472 1833 501 in
1855 473 1909 501 eo8
1931 474 2051 504 caritatis

1203 519 1303 547 ardore
1324 521 1350 547 te
1372 518 1529 552 conferens,
1558 521 1647 546 totum
1675 521 1701 547 te
1729 519 1841 548 fletibus
1873 520 2050 557 resolvendo;

1203 573 1278 594 nunc
1289 573 1356 594 vero
1371 565 1565 599 occultissima,
1578 564 1801 601 profundissima,
1813 565 2052 597 admirabilissima

1203 616 1231 641 et
1252 621 1359 642 summe
1380 620 1481 641 arcana
1502 612 1677 649 nimiumque
1699 613 1835 649 stupenda
1854 613 1957 642 iudicia
1974 614 2051 643 iusti-

1204 659 1258 688 tiae
1279 659 1339 688 eius
1357 659 1502 696 diligenter
1523 658 1683 692 attendens,
1705 667 1769 687 eum
1792 659 1819 688 in
1840 660 1970 689 omnibus
1989 668 2052 690 cum

1204 714 1313 735 summo
1334 714 1441 739 amore,
1463 705 1567 742 ingenti
1596 714 1708 742 quoque
1739 706 1838 735 timore
1869 715 1901 735 ac
1932 710 2052 737 tremore

1204 753 1292 782 fidelis
1313 756 1340 781 et
1361 756 1506 786 constans,
1521 752 1670 786 discretus,
1689 753 1809 789 supplex
1830 756 1857 782 et
1878 754 1993 783 humilis
2006 763 2052 784 ve-

1206 800 1341 834 nerando,
1362 807 1429 836 prae
1450 799 1580 828 omnibus
1601 802 1694 828 autem
1717 800 1875 828 continuam
1908 803 1935 829 et
1962 801 2051 830 vivam

1204 846 1367 874 memoriam
1399 846 1486 882 ipsius
1513 845 1714 875 sacratissimae
1748 846 1883 883 passionis
1911 847 1938 875 in
1963 847 2052 877 anima

1205 896 1232 921 et
1253 901 1370 929 corpore
1392 895 1440 921 tuo
1461 893 1553 921 ferens
1565 893 1584 921 ⁹.

1330 986 1376 1015 23.
1400 987 1439 1015 De
1460 986 1585 1015 sollicita
1605 987 1739 1015 custodia
1759 988 1810 1016 sui
1829 987 1933 1024 ipsius.

1284 1080 1454 1117 Vigesimum
1470 1080 1600 1114 tertium,
1622 1083 1654 1109 ut
1674 1089 1764 1118 super
1785 1081 1949 1110 custodiam
1971 1085 2053 1111 tuam

1207 1127 1321 1164 vigilans
1334 1127 1365 1161 ¹⁰,
1387 1127 1461 1155 omni
1477 1130 1601 1164 tempore
1616 1128 1651 1156 ab
1668 1128 1774 1165 antiqui
1790 1128 1878 1157 hostis
1892 1128 2052 1164 fraudibus,

1205 1175 1262 1211 qui,
1275 1182 1356 1211 saepe
1370 1182 1400 1202 se
1411 1174 1442 1202 iu
1457 1174 1594 1211 (mpetum
1606 1174 1680 1203 tucis
1691 1174 1924 1213 trausfiyurcms,
1937 1175 1964 1204 in
1979 1176 2053 1204 omni
2071 1178 2121 1198 Nola

1205 1222 1250 1250 via
1270 1221 1416 1250 hominum
1438 1221 1551 1258 laqueos
1573 1221 1659 1250 tendit
1680 1225 1707 1250 et
1728 1222 1813 1256 retia,
1835 1224 1866 1250 ut
1887 1223 1994 1251 animas
2008 1231 2053 1251 no-

1205 1272 1277 1298 stras
1299 1269 1387 1297 valeat
1402 1269 1557 1305 captivare,
1573 1269 1756 1297 sollicitudine
1773 1272 1798 1298 te
1813 1269 1971 1298 cautissima
1994 1273 2053 1299 tue-

1204 1315 1276 1350 aris,
1298 1315 1458 1344 venantium
1485 1315 1599 1352 laqueos
1626 1315 1735 1352 fugiens
1763 1315 1834 1344 sicut
1862 1324 1972 1352 passer,
1994 1319 2053 1345 tan-

1205 1365 1304 1399 taeque
1325 1362 1454 1399 puritatis
1476 1362 1633 1390 humilitate
1655 1364 1748 1390 sancta
1769 1362 1797 1390 in
1818 1362 1905 1391 oculis
1920 1363 1975 1391 tuis
1990 1363 2052 1398 fias,

1204 1413 1236 1438 ut
1256 1417 1306 1438 nec
1328 1409 1508 1438 subtilissima
1529 1409 1589 1437 eius
1618 1409 1688 1438 retia
1713 1411 1740 1438 te
1761 1409 1870 1438 valeant
1896 1410 2052 1444 continere;

1204 1465 1220 1485 a
1247 1457 1350 1493 quibus
1376 1464 1440 1485 sane
1469 1459 1535 1485 tunc
1563 1456 1667 1493 poteris
1694 1456 1806 1485 liberari
1834 1456 1961 1491 illaesus,
1989 1464 2053 1485 cum

1204 1503 1319 1532 effectus
1339 1503 1426 1532 fueris
1450 1503 1558 1537 Israel,
1580 1503 1711 1532 continue
1732 1503 1898 1531 mentalibus
1912 1503 1999 1532 oculis
2012 1503 2052 1532 vi-

1204 1550 1272 1579 dens
1292 1551 1397 1584 Deum,
1416 1550 1482 1587 quia
1495 1559 1554 1578 ¹nou
1569 1549 1739 1578 dormitabit
1752 1558 1842 1588 neque
1856 1549 1980 1579 dormiet
1994 1550 2053 1579 eius
2125 1559 2127 1591 1

1204 1600 1298 1626 custos
1313 1598 1345 1625 1¹.
2125 1599 2126 1607 ³

1302 1690 1362 1728 24.
1385 1691 1426 1719 De
1443 1699 1527 1728 pura
1549 1689 1728 1728 confessione
1747 1694 1944 1728 peccatorum.

1283 1784 1453 1821 Vigesimum
1468 1787 1614 1821 quartum,
1637 1786 1669 1813 ut
1683 1786 1779 1813 tenens
1793 1783 1960 1813 indefessum
1975 1784 2053 1813 insti-

1205 1831 1257 1860 tuti
1279 1831 1365 1860 sancti
1387 1831 1524 1868 rigorem,
1546 1831 1632 1860 sacris
1653 1831 1801 1860 ardoribus
1826 1831 1985 1860 caelestium
2006 1831 2053 1860 de—

1205 1879 1371 1908 sideriorum
1392 1886 1556 1913 succensus,
1578 1878 1678 1907 mentis
1699 1886 1730 1907 ac
1752 1878 1877 1915 corporis
1902 1878 2052 1907 munditiae

1204 1925 1437 1963 pulcritudinem,
1456 1925 1627 1954 innocentiae
1642 1925 1791 1962 puritatem
1813 1924 2052 1962 conscientiaeque

1204 1972 1418 2001 teneritudinem
1440 1972 1544 2001 illibate
1559 1979 1742 2006 conservans,
1758 1980 1827 2000 cura
1844 1971 2052 2009 diligentissima

1203 2028 1315 2054 caveas,
1338 2027 1372 2048 ne
1394 2027 1517 2056 unquam
1540 2016 1655 2056 tepe'ndo
1676 2019 1704 2047 in
1725 2019 1818 2056 aliquo
1833 2018 1951 2055 desipias
1964 2018 1995 2047 ¹2.
2016 2018 2053 2047 Ad

1203 2066 1277 2103 quod
1292 2066 1403 2103 quidem
1419 2066 1577 2103 diligentius
1598 2069 1625 2094 et
1646 2065 1745 2102 purius
1766 2065 1969 2094 observandum
1984 2073 2052 2102 quo-

1204 2113 1305 2142 tidiana
1332 2113 1502 2142 discussione
1530 2113 1631 2149 septies
1659 2113 1687 2141 in
1717 2113 1762 2141 die
1793 2112 1936 2141 examines
1968 2112 2051 2141 vitam
2067 2115 2133 2158 5ξὲΞί

1203 2163 1295 2194 tuam,
1311 2168 1420 2196 semper
1435 2160 1561 2188 videlicet
1575 2162 1638 2188 ante
1652 2160 1696 2188 vel
1710 2159 1868 2188 immediate
1879 2162 1940 2196 post
1955 2167 2053 2196 quam·
2071 2161 2131 2183 constl

1203 2207 1270 2236 libet
1300 2207 1398 2235 horam
1430 2207 1605 2241 canonicam,
1637 2206 1815 2235 considerans
1848 2209 1876 2235 et
1905 2206 2055 2235 discutiens

362 2345 369 2358 ¹
389 2346 472 2367 Threu.
491 2346 516 2372 3,
536 2346 576 2367 28:
596 2344 690 2367 Sedebit
707 2345 822 2367 solitarius
834 2347 856 2366 et
874 2343 970 2371 lacebit,
989 2344 1043 2372 quia
1061 2344 1148 2365 levavit

299 2391 369 2413 super
386 2390 418 2407 se.
436 2383 509 2407 Codd.
528 2383 543 2406 C
554 2384 594 2405 EF
612 2385 639 2406 ut
654 2383 730 2412 possis
753 2382 875 2406 solitariae
893 2383 938 2412 [113
957 2386 979 2405 ct
996 2383 1023 2410 G]
1045 2382 1150 2405 orationi

299 2426 319 2447 et
336 2423 485 2447 meditationi
500 2425 596 2446 sunctae
614 2423 642 2452 [E
659 2422 695 2446 ret
712 2422 871 2451 meditationi]
890 2428 988 2450 rueme,
1009 2424 1034 2445 ut
1050 2421 1147 2445 tacendo

297 2462 379 2486 aeclesis
396 2462 532 2490 solitarius,
551 2462 653 2485 elevatus
671 2461 698 2491 [Ε
716 2462 780 2484 addit
797 2463 873 2484 melite
887 2460 927 2490 [tc]
940 2460 1055 2483 [tesiderio
1068 2460 1100 2483 11ιῖ
1111 2467 1149 2483 su-

295 2508 379 2532 perna.
398 2514 428 2518 —-
445 2502 557 2529 Superius
574 2507 616 2529 pro
635 2500 713 2524 valere
730 2501 771 2523 EF
789 2500 904 2530 conferre.

361 2540 370 2552 ²
388 2541 441 2563 Fide
459 2540 475 2563 C
486 2542 501 2563 E
512 2541 553 2563 FG
570 2540 733 2568 supplevimus
749 2539 877 2569 nihilque...
895 2539 1013 2562 omuibus.

362 2580 371 2592 ⁵
388 2580 445 2603 Cod.
463 2581 479 2602 B
496 2580 521 2603 iu
538 2581 615 2603 mente
632 2581 653 2603 et
669 2579 793 2602 victitet-ia.
811 2579 905 2601 Inferius
923 2585 965 2606 pro
983 2584 1065 2601 corum
1085 2584 1111 2601 eo
1133 2578 1149 2600 E

298 2620 342 2642 FG
360 2626 442 2643 coram
460 2620 515 2642 Deo.
715 2638 718 2640 .

362 2658 371 2670 ⁴
388 2659 417 2681 1111
437 2658 516 2685 CEF3
535 2659 587 2681 edd.
606 2658 690 2681 timore
706 2657 797 2687 pariter
815 2659 836 2680 et
852 2663 935 2680 umore
952 2658 972 2679 et
987 2663 1041 2680 cum
1058 2662 1149 2686 maana

300 2696 444 2720 discretione.

362 2735 371 2748 ⁵
389 2736 460 2763 Edd,
478 2735 648 2764 refragantibus
666 2735 681 2758 C
692 2737 707 2757 E
718 2736 775 2762 FG,
790 2736 899 2758 omittunt
916 2735 1040 2764 coufessus
1056 2737 1078 2757 et
1095 2734 1149 2757 inse-

301 2775 348 2798 rius
366 2782 408 2803 pro
425 2775 578 2805 proponendo
596 2775 639 2803 (ita
657 2776 706 2804 EF)
724 2775 865 2797 substituunt
881 2773 1056 2804 praeponendo.

363 2813 372 2826 5
389 2813 462 2836 Codd.
481 2815 523 2836 EG
535 2813 702 2837 ardentissimi.
721 2813 815 2836 lnferius
832 2819 874 2841 pro
886 2812 1012 2843 magnifiee
1028 2813 1082 2835 edd.
1094 2818 1148 2835 cum

302 2859 347 2875 uno
365 2853 483 2881 alteroque
500 2853 552 2875 cod.
569 2852 723 2875 (levotissime.

365 2890 373 2903 ⁷
392 2892 449 2914 Edd.
466 2898 519 2914 cum
537 2891 617 2920 paucis
635 2891 703 2914 codd.
718 2894 902 2920 prosequuntur:
920 2897 981 2913 1111110
993 2894 1014 2913 te
1031 2893 1148 2917 ruentem,

302 2936 362 2952 nunc
380 2930 453 2952 Deum
471 2933 493 2952 te
510 2931 639 2960 timentem⁷
657 2930 828 2957 sublevantem,
846 2930 982 2952 retinentem
1000 2933 1022 2952 et
1034 2931 1148 2952 attraben-

302 2971 347 2991 tem
356 2986 361 2996 ,
373 2975 435 2991 1111110
446 2969 519 2991 Deum
532 2972 553 2992 te
565 2970 682 2997 ingratum
699 2976 740 2997 per
757 2970 835 2992 omnia
850 2972 1026 2991 concernentem
1045 2969 1149 2991 001151ᾱο-

300 3014 369 3037 rans,
385 3008 538 3031 ineffabilibus
550 3011 592 3031 etc.
610 3009 655 3031 Csr.
674 3015 744 3037 supra
761 3008 847 3037 Opusc.
867 3009 890 3031 ll.
903 3009 997 3037 Soliloq.
1009 3014 1029 3031 c.
1043 3009 1064 3030 l.
1077 3014 1099 3030 n.
1112 3008 1148 3030 42.

1267 2341 1276 2354 Β
1293 2342 1366 2365 Codd.
1384 2343 1427 2364 EG
1445 2342 1470 2364 in
1492 2347 1553 2364 011111.
1580 2341 1683 2363 Subinde
1708 2347 1751 2369 pro
1777 2342 1797 2363 te
1821 2339 1914 2369 fletibus
1932 2341 1973 2362 EF
1991 2342 2011 2363 te
2028 2339 2054 2363 in

1204 2381 1304 2411 fletibus.

1268 2420 1277 2433 ⁹
1295 2422 1359 2448 Vnt,
1377 2420 1545 2448 refragantibus
1562 2420 1655 2442 BEFG
1674 2422 1695 2442 et
1712 2419 1748 2441 ed.
1771 2420 1792 2446 l,
1811 2419 1834 2441 ἰη
1851 2418 1932 2442 auimo
1944 2420 1965 2442 et
1982 2418 2053 2442 corde

1205 2462 1245 2483 tuo
1262 2460 1356 2490 fei-eus,
1373 2466 1416 2488 pro
1433 2460 1512 2489 serens
1530 2460 1546 2481 B
1564 2465 1657 2488 yet-eus.

1268 2499 1288 2511 ¹⁰
1306 2499 1355 2521 lsai.
1373 2500 1410 2526 al,
1429 2499 1454 2520 8:
1473 2499 1547 2526 Super
1564 2499 1682 2526 speculam
1694 2498 1784 2520 Domini
1800 2503 1844 2525 ego
1861 2503 1925 2525 sum,
1943 2499 2005 2520 stans
2022 2497 2053 2519 iu-

1206 2539 1265 2567 giter
1282 2545 1324 2567 per
1341 2539 1415 2565 diem,
1434 2541 1455 2560 et
1472 2544 1543 2566 super
1560 2537 1689 2560 custodiam
1706 2543 1782 2559 meam
1800 2543 1844 2564 ego
1862 2543 1927 2564 sum,
1945 2538 2052 2559 51311510-

1206 2578 1233 2600 tis
1250 2577 1363 2600 noctibus.
1381 2577 1427 2599 Cl'r.
1445 2576 1500 2599 Hab.
1520 2578 1545 2602 2,
1568 2577 1585 2598 l.
1609 2576 1667 2598 Edd.
1690 2578 1769 2598 contra
1791 2576 1834 2598 FG
1856 2581 1928 2605 super
1946 2574 2053 2598 custodia
2123 2575 2124 2588 1

1206 2618 1256 2640 tua.
1272 2629 1303 2633 —
1321 2616 1425 2639 Subinde
1441 2616 1562 2643 respicitur
1583 2616 1606 2637 ll.
1624 2615 1675 2637 Cor.
1694 2615 1735 2642 111,
1754 2615 1795 2637 1141
1813 2615 1862 2642 lpse
1882 2614 1943 2637 enim
1962 2617 2053 2637 satanas
2122 2604 2124 2638 1

1205 2656 1353 2684 transfigurat
1371 2662 1395 2678 se
1412 2656 1435 2677 in
1453 2656 1561 2683 angelum
1579 2654 1642 2677 lucis.
1663 2666 1691 2670 -—
1709 2654 1803 2676 luserius
1820 2660 1862 2682 pro
1884 2653 1909 2676 in
1931 2653 1997 2676 omni
2014 2652 2052 2676 via
2122 2666 2124 2672 .

1206 2695 1330 2718 homiuum
1348 2694 1444 2724 laqueos
1457 2694 1529 2717 tendit
1546 2694 1599 2716 edd.
1616 2700 1670 2716 cum
1688 2693 1768 2721 paucis
1786 2693 1854 2716 codd.
1871 2692 1937 2715 omni
1948 2694 2053 2722 tempore

1206 2735 1227 2757 ct
1244 2733 1269 2757 in
1291 2733 1357 2757 omni
1372 2733 1411 2756 via.
1428 2732 1520 2756 homini
1536 2732 1647 2762 taqueum
1664 2732 1743 2756 tendit.

1269 2772 1288 2785 ¹¹
1307 2774 1388 2795 Psalm.
1410 2773 1464 2799 120,
1483 2772 1504 2794 4.
1520 2773 1564 2794 Pro
1581 2772 1631 2795 eius
1648 2773 1727 2795 custos
1743 2772 1760 2794 E
1777 2778 1830 2794 cum
1847 2771 1947 2799 Vulgata
1959 2769 2001 2800 qui
2016 2775 2052 2793 cu-

1204 2811 1277 2835 stodit
1293 2811 1377 2834 Israel.
1393 2823 1424 2827 —
1440 2810 1546 2837 Hieron,
1570 2810 1599 2833 de
1621 2809 1736 2832 Nominib.
1762 2809 1878 2836 Hebriue,
1905 2809 1934 2831 de
1959 2808 2052 2831 Exodo:

1206 2850 1295 2877 lsrael,
1313 2853 1347 2873 est
1362 2850 1443 2872 videre
1461 2850 1547 2876 Deum,
1564 2850 1614 2872 sive
1630 2849 1665 2871 vir
1682 2852 1721 2871 aut
1739 2855 1803 2871 mens
1819 2849 1901 2871 videns
1922 2848 2003 2870 Deum.
2026 2848 2053 2869 Et

1206 2891 1235 2913 de
1252 2891 1296 2912 hoc
1313 2891 1336 2912 in
1353 2890 1417 2912 libris
1439 2889 1603 2911 Hebraicarum
1626 2889 1790 2917 Quaestionum
1808 2888 1845 2917 [in
1863 2888 1930 2916 Gen.,
1948 2888 1989 2914 32,
2012 2886 2050 2908 27.

1206 2929 1264 2959 seq.]
1283 2929 1372 2957 plenius
1389 2929 1489 2951 diximus
1506 2927 1571 2957 [ubi,
1594 2929 1637 2950 hac
1659 2927 1777 2950 communi
1799 2926 1986 2955 interpretatione
2003 2925 2051 2948 reli-

1205 2971 1254 2997 cta,
1271 2968 1388 2991 substituit
1405 2969 1464 2990 lianc
1478 2967 1590 2997 princeps
1607 2966 1661 2995 Dei,
1679 2967 1729 2989 sive
1746 2966 1848 2989 directus
1866 2965 1926 2995 Dei}

1269 3005 1288 3019 ¹²
1306 3008 1336 3029 113
1354 3007 1509 3035 correximus;
1526 3006 1596 3029 codd.
1613 3008 1635 3028 et
1652 3006 1706 3028 edd.
1723 3005 1858 3034 resipiscas.
