<?xml version="1.0" encoding="UTF-8"?>
<!DOCTYPE html PUBLIC "-//W3C//DTD XHTML 1.0 Transitional//EN"
    "http://www.w3.org/TR/xhtml1/DTD/xhtml1-transitional.dtd">
<html xmlns="http://www.w3.org/1999/xhtml" xml:lang="en" lang="en">
 <head>
  <title>
</title>
<meta http-equiv="Content-Type" content="text/html;charset=utf-8" />
  <meta name='ocr-system' content='tesseract 3.04.00' />
  <meta name='ocr-capabilities' content='ocr_page ocr_carea ocr_par ocr_line ocrx_word'/>
</head>
<body>
  <div class='ocr_page' id='page_1' title='image "./doctorisseraphic08bona_0747.png"; bbox 0 0 2133 3317; ppageno 0'>
   <div class='ocr_carea' id='block_1_1' title="bbox 0 695 80 716">
    <p class='ocr_par' dir='ltr' id='par_1_1' title="bbox 0 695 80 716">
     <span class='ocr_line' id='line_1_1' title="bbox 0 695 80 716; baseline -0.038 0"><span class='ocrx_word' id='word_1_1' title='bbox 0 695 80 716; x_wconf 63' lang='lat' dir='ltr'>usiones.</span> 
     </span>
    </p>
   </div>
   <div class='ocr_carea' id='block_1_2' title="bbox 0 424 3 1197">
    <p class='ocr_par' dir='ltr' id='par_1_2' title="bbox 0 424 3 1197">
     <span class='ocr_line' id='line_1_2' title="bbox 0 424 3 1197; baseline 0 0"><span class='ocrx_word' id='word_1_2' title='bbox 0 424 3 1197; x_wconf 95' lang='lat' dir='ltr'> </span> 
     </span>
    </p>
   </div>
   <div class='ocr_carea' id='block_1_3' title="bbox 504 215 1439 246">
    <p class='ocr_par' dir='ltr' id='par_1_3' title="bbox 504 215 1439 246">
     <span class='ocr_line' id='line_1_3' title="bbox 504 215 1439 246; baseline 0.001 -2"><span class='ocrx_word' id='word_1_3' title='bbox 504 216 701 245; x_wconf 86' lang='lat' dir='ltr'>OPUSCULUM</span> <span class='ocrx_word' id='word_1_4' title='bbox 723 216 740 244; x_wconf 83' lang='lat'>1.</span> <span class='ocrx_word' id='word_1_5' title='bbox 762 215 931 244; x_wconf 85' lang='lat' dir='ltr'>SPECULUM</span> <span class='ocrx_word' id='word_1_6' title='bbox 951 215 1159 245; x_wconf 69' lang='lat' dir='ltr'>DISCIPLINAE.</span> <span class='ocrx_word' id='word_1_7' title='bbox 1182 216 1261 245; x_wconf 74' lang='lat' dir='ltr'>PARS</span> <span class='ocrx_word' id='word_1_8' title='bbox 1282 217 1439 246; x_wconf 72' lang='lat' dir='ltr'>SECUNDA.</span> 
     </span>
    </p>
   </div>
   <div class='ocr_carea' id='block_1_4' title="bbox 1789 218 1844 246">
    <p class='ocr_par' dir='ltr' id='par_1_4' title="bbox 1789 218 1844 246">
     <span class='ocr_line' id='line_1_4' title="bbox 1789 218 1844 246; baseline 0.018 -1"><span class='ocrx_word' id='word_1_9' title='bbox 1789 218 1844 246; x_wconf 79' lang='lat'>615</span> 
     </span>
    </p>
   </div>
   <div class='ocr_carea' id='block_1_5' title="bbox 842 352 1099 381">
    <p class='ocr_par' dir='ltr' id='par_1_5' title="bbox 842 352 1099 381">
     <span class='ocr_line' id='line_1_5' title="bbox 842 352 1099 381; baseline 0.004 -1"><span class='ocrx_word' id='word_1_10' title='bbox 842 353 921 381; x_wconf 75' lang='lat' dir='ltr'>PARS</span> <span class='ocrx_word' id='word_1_11' title='bbox 943 352 1099 381; x_wconf 70' lang='lat' dir='ltr'>SECUNDA.</span> 
     </span>
    </p>
   </div>
   <div class='ocr_carea' id='block_1_6' title="bbox 479 466 1465 500">
    <p class='ocr_par' dir='ltr' id='par_1_6' title="bbox 479 466 1465 500">
     <span class='ocr_line' id='line_1_6' title="bbox 479 466 1465 500; baseline 0.002 -6"><span class='ocrx_word' id='word_1_12' title='bbox 479 466 580 494; x_wconf 76' lang='lat' dir='ltr'>{Ncwn’</span> <span class='ocrx_word' id='word_1_13' title='bbox 600 474 736 500; x_wconf 76' lang='lat' dir='ltr'>SECUNDA,</span> <span class='ocrx_word' id='word_1_14' title='bbox 758 474 832 499; x_wconf 74' lang='lat' dir='ltr'><strong>QUAE</strong></span> <span class='ocrx_word' id='word_1_15' title='bbox 852 475 887 494; x_wconf 83' lang='lat' dir='ltr'>DE</span> <span class='ocrx_word' id='word_1_16' title='bbox 907 474 1047 495; x_wconf 76' lang='lat' dir='ltr'><strong>GENERALI</strong></span> <span class='ocrx_word' id='word_1_17' title='bbox 1066 474 1276 496; x_wconf 78' lang='lat' dir='ltr'>EXHORTATIONE</span> <span class='ocrx_word' id='word_1_18' title='bbox 1298 475 1432 500; x_wconf 75' lang='lat' dir='ltr'>LOQUITUR</span> <span class='ocrx_word' id='word_1_19' title='bbox 1448 469 1465 496; x_wconf 85' lang='lat'>¹.</span> 
     </span>
    </p>
   </div>
   <div class='ocr_carea' id='block_1_7' title="bbox 95 596 942 923">
    <p class='ocr_par' dir='ltr' id='par_1_7' title="bbox 95 596 942 923">
     <span class='ocr_line' id='line_1_7' title="bbox 167 596 941 628; baseline 0 -7"><span class='ocrx_word' id='word_1_20' title='bbox 167 596 303 628; x_wconf 88' lang='lat' dir='ltr'>Principali</span> <span class='ocrx_word' id='word_1_21' title='bbox 321 596 395 622; x_wconf 87' lang='lat' dir='ltr'>huius</span> <span class='ocrx_word' id='word_1_22' title='bbox 415 596 527 628; x_wconf 85' lang='lat' dir='ltr'><strong>opusculi</strong></span> <span class='ocrx_word' id='word_1_23' title='bbox 545 597 669 628; x_wconf 85' lang='lat' dir='ltr'>particula</span> <span class='ocrx_word' id='word_1_24' title='bbox 687 596 809 628; x_wconf 81' lang='lat' dir='ltr'>expedita,</span> <span class='ocrx_word' id='word_1_25' title='bbox 821 596 941 622; x_wconf 78' lang='lat' dir='ltr'>secunda-</span> 
     </span>
     <span class='ocr_line' id='line_1_8' title="bbox 97 638 942 671; baseline 0.001 -7"><span class='ocrx_word' id='word_1_26' title='bbox 97 638 159 665; x_wconf 77' lang='lat' dir='ltr'>ria²</span> <span class='ocrx_word' id='word_1_27' title='bbox 177 639 238 665; x_wconf 89' lang='lat' dir='ltr'>haec</span> <span class='ocrx_word' id='word_1_28' title='bbox 257 647 335 671; x_wconf 86' lang='lat' dir='ltr'>pauca</span> <span class='ocrx_word' id='word_1_29' title='bbox 353 640 464 671; x_wconf 75' lang='lat' dir='ltr'>epilogat</span> <span class='ocrx_word' id='word_1_30' title='bbox 482 640 507 665; x_wconf 91' lang='lat' dir='ltr'>et</span> <span class='ocrx_word' id='word_1_31' title='bbox 526 640 628 671; x_wconf 87' lang='lat' dir='ltr'>supplet</span> <span class='ocrx_word' id='word_1_32' title='bbox 645 640 780 671; x_wconf 82' lang='lat' dir='ltr'>quaedam,</span> <span class='ocrx_word' id='word_1_33' title='bbox 793 640 823 665; x_wconf 88' lang='lat' dir='ltr'>ut</span> <span class='ocrx_word' id='word_1_34' title='bbox 835 640 893 665; x_wconf 90' lang='lat' dir='ltr'>novi</span> <span class='ocrx_word' id='word_1_35' title='bbox 908 640 942 665; x_wconf 88' lang='lat' dir='ltr'>di-</span> 
     </span>
     <span class='ocr_line' id='line_1_9' title="bbox 97 682 941 714; baseline 0 -7"><span class='ocrx_word' id='word_1_36' title='bbox 97 682 186 714; x_wconf 81' lang='lat' dir='ltr'>scipuli</span> <span class='ocrx_word' id='word_1_37' title='bbox 199 682 305 712; x_wconf 90' lang='lat' dir='ltr'>Christi,</span> <span class='ocrx_word' id='word_1_38' title='bbox 318 683 426 714; x_wconf 75' lang='lat' dir='ltr'>qualiter</span> <span class='ocrx_word' id='word_1_39' title='bbox 439 683 474 707; x_wconf 75' lang='lat' dir='ltr'>acl</span> <span class='ocrx_word' id='word_1_40' title='bbox 487 683 585 714; x_wconf 79' lang='lat' dir='ltr'>Deum,</span> <span class='ocrx_word' id='word_1_41' title='bbox 603 683 639 707; x_wconf 83' lang='lat' dir='ltr'>ad</span> <span class='ocrx_word' id='word_1_42' title='bbox 655 690 692 713; x_wconf 83' lang='lat' dir='ltr'>se,</span> <span class='ocrx_word' id='word_1_43' title='bbox 707 684 742 708; x_wconf 78' lang='lat' dir='ltr'>ad</span> <span class='ocrx_word' id='word_1_44' title='bbox 751 683 901 714; x_wconf 68' lang='lat' dir='ltr'>prozimum</span> <span class='ocrx_word' id='word_1_45' title='bbox 916 682 941 707; x_wconf 90' lang='lat' dir='ltr'>et</span> 
     </span>
     <span class='ocr_line' id='line_1_10' title="bbox 97 725 941 757; baseline 0.001 -7"><span class='ocrx_word' id='word_1_46' title='bbox 97 725 134 751; x_wconf 83' lang='lat' dir='ltr'>ad</span> <span class='ocrx_word' id='word_1_47' title='bbox 149 732 189 750; x_wconf 59' lang='lat' dir='ltr'>res=</span> <span class='ocrx_word' id='word_1_48' title='bbox 207 725 297 755; x_wconf 87' lang='lat' dir='ltr'>etiam,</span> <span class='ocrx_word' id='word_1_49' title='bbox 323 733 386 757; x_wconf 90' lang='lat' dir='ltr'>quas</span> <span class='ocrx_word' id='word_1_50' title='bbox 413 726 547 757; x_wconf 88' lang='lat' dir='ltr'>aliquando</span> <span class='ocrx_word' id='word_1_51' title='bbox 575 733 674 751; x_wconf 87' lang='lat' dir='ltr'>servare</span> <span class='ocrx_word' id='word_1_52' title='bbox 693 726 733 751; x_wconf 88' lang='lat' dir='ltr'>vel</span> <span class='ocrx_word' id='word_1_53' title='bbox 758 726 868 751; x_wconf 86' lang='lat' dir='ltr'>tractare</span> <span class='ocrx_word' id='word_1_54' title='bbox 886 733 941 751; x_wconf 90' lang='lat' dir='ltr'>con-</span> 
     </span>
     <span class='ocr_line' id='line_1_11' title="bbox 97 768 941 800; baseline 0.001 -7"><span class='ocrx_word' id='word_1_55' title='bbox 97 768 188 800; x_wconf 87' lang='lat' dir='ltr'>tingit,</span> <span class='ocrx_word' id='word_1_56' title='bbox 207 775 233 793; x_wconf 86' lang='lat' dir='ltr'>se</span> <span class='ocrx_word' id='word_1_57' title='bbox 251 768 374 798; x_wconf 80' lang='lat' dir='ltr'>habeant3</span> <span class='ocrx_word' id='word_1_58' title='bbox 393 768 483 800; x_wconf 88' lang='lat' dir='ltr'>quibus</span> <span class='ocrx_word' id='word_1_59' title='bbox 500 768 705 798; x_wconf 69' lang='lat' dir='ltr'>differentiarum</span> <span class='ocrx_word' id='word_1_60' title='bbox 723 769 829 794; x_wconf 75' lang='lat' dir='ltr'>indiciis</span> <span class='ocrx_word' id='word_1_61' title='bbox 847 769 876 793; x_wconf 89' lang='lat' dir='ltr'>de</span> <span class='ocrx_word' id='word_1_62' title='bbox 895 776 941 794; x_wconf 84' lang='lat' dir='ltr'>sua</span> 
     </span>
     <span class='ocr_line' id='line_1_12' title="bbox 95 810 942 842; baseline 0 -6"><span class='ocrx_word' id='word_1_63' title='bbox 95 811 253 837; x_wconf 78' lang='lat' dir='ltr'>conversione</span> <span class='ocrx_word' id='word_1_64' title='bbox 272 811 428 841; x_wconf 65' lang='lat' dir='ltr'>discernant,</span> <span class='ocrx_word' id='word_1_65' title='bbox 447 811 555 842; x_wconf 83' lang='lat' dir='ltr'>qualiter</span> <span class='ocrx_word' id='word_1_66' title='bbox 574 811 678 842; x_wconf 89' lang='lat' dir='ltr'>denique</span> <span class='ocrx_word' id='word_1_67' title='bbox 690 811 739 842; x_wconf 88' lang='lat' dir='ltr'>ipsi</span> <span class='ocrx_word' id='word_1_68' title='bbox 755 811 787 836; x_wconf 82' lang='lat' dir='ltr'>ad</span> <span class='ocrx_word' id='word_1_69' title='bbox 800 810 942 842; x_wconf 75' lang='lat' dir='ltr'>professio-</span> 
     </span>
     <span class='ocr_line' id='line_1_13' title="bbox 97 853 941 885; baseline -0.001 -6"><span class='ocrx_word' id='word_1_70' title='bbox 97 861 155 879; x_wconf 74' lang='lat' dir='ltr'>mm</span> <span class='ocrx_word' id='word_1_71' title='bbox 173 854 266 885; x_wconf 88' lang='lat' dir='ltr'>recepti</span> <span class='ocrx_word' id='word_1_72' title='bbox 285 861 310 879; x_wconf 87' lang='lat' dir='ltr'>se</span> <span class='ocrx_word' id='word_1_73' title='bbox 334 861 420 885; x_wconf 83' lang='lat' dir='ltr'>gerere</span> <span class='ocrx_word' id='word_1_74' title='bbox 438 854 557 883; x_wconf 87' lang='lat' dir='ltr'>debeant,</span> <span class='ocrx_word' id='word_1_75' title='bbox 577 854 617 879; x_wconf 86' lang='lat' dir='ltr'>vel</span> <span class='ocrx_word' id='word_1_76' title='bbox 645 853 754 878; x_wconf 87' lang='lat' dir='ltr'>breviter</span> <span class='ocrx_word' id='word_1_77' title='bbox 772 854 798 878; x_wconf 91' lang='lat' dir='ltr'>in</span> <span class='ocrx_word' id='word_1_78' title='bbox 815 853 941 885; x_wconf 79' lang='lat' dir='ltr'>aliquibus</span> 
     </span>
     <span class='ocr_line' id='line_1_14' title="bbox 96 896 264 923; baseline 0.006 -1"><span class='ocrx_word' id='word_1_79' title='bbox 96 896 264 923; x_wconf 86' lang='lat' dir='ltr'>instruantur.</span> 
     </span>
    </p>
   </div>
   <div class='ocr_carea' id='block_1_8' title="bbox 290 982 740 1099">
    <p class='ocr_par' dir='ltr' id='par_1_8' title="bbox 290 982 740 1099">
     <span class='ocr_line' id='line_1_15' title="bbox 426 982 614 1007; baseline 0 0"><span class='ocrx_word' id='word_1_80' title='bbox 426 983 573 1007; x_wconf 75' lang='lat' dir='ltr'><strong>CAPITULUM</strong></span> <span class='ocrx_word' id='word_1_81' title='bbox 591 982 614 1007; x_wconf 93' lang='lat' dir='ltr'>I.</span> 
     </span>
     <span class='ocr_line' id='line_1_16' title="bbox 290 1067 740 1099; baseline -0.004 -5"><span class='ocrx_word' id='word_1_82' title='bbox 290 1069 330 1094; x_wconf 86' lang='lat' dir='ltr'>De</span> <span class='ocrx_word' id='word_1_83' title='bbox 348 1068 510 1093; x_wconf 73' lang='lat' dir='ltr'>ordinatione</span> <span class='ocrx_word' id='word_1_84' title='bbox 529 1069 644 1099; x_wconf 70' lang='lat' dir='ltr'>respectu</span> <span class='ocrx_word' id='word_1_85' title='bbox 661 1068 712 1093; x_wconf 68' lang='lat' dir='ltr'>Det</span> <span class='ocrx_word' id='word_1_86' title='bbox 723 1067 740 1092; x_wconf 72' lang='lat'>⁸.</span> 
     </span>
    </p>
   </div>
   <div class='ocr_carea' id='block_1_9' title="bbox 95 1153 942 1228">
    <p class='ocr_par' dir='ltr' id='par_1_9' title="bbox 95 1153 942 1228">
     <span class='ocr_line' id='line_1_17' title="bbox 166 1153 940 1185; baseline -0.001 -6"><span class='ocrx_word' id='word_1_87' title='bbox 166 1153 191 1179; x_wconf 85' lang='lat'>1.</span> <span class='ocrx_word' id='word_1_88' title='bbox 210 1154 276 1179; x_wconf 88' lang='lat' dir='ltr'>Ante</span> <span class='ocrx_word' id='word_1_89' title='bbox 297 1155 378 1180; x_wconf 90' lang='lat' dir='ltr'>omnia</span> <span class='ocrx_word' id='word_1_90' title='bbox 406 1161 447 1179; x_wconf 91' lang='lat' dir='ltr'>cor</span> <span class='ocrx_word' id='word_1_91' title='bbox 475 1162 547 1179; x_wconf 87' lang='lat' dir='ltr'>suum</span> <span class='ocrx_word' id='word_1_92' title='bbox 575 1161 619 1185; x_wconf 88' lang='lat' dir='ltr'>per</span> <span class='ocrx_word' id='word_1_93' title='bbox 647 1161 736 1185; x_wconf 89' lang='lat' dir='ltr'>puram</span> <span class='ocrx_word' id='word_1_94' title='bbox 763 1154 940 1179; x_wconf 87' lang='lat' dir='ltr'>confessionem</span> 
     </span>
     <span class='ocr_line' id='line_1_18' title="bbox 95 1196 942 1228; baseline -0.001 -6"><span class='ocrx_word' id='word_1_95' title='bbox 95 1197 242 1222; x_wconf 85' lang='lat' dir='ltr'>mundatum</span> <span class='ocrx_word' id='word_1_96' title='bbox 261 1197 364 1228; x_wconf 88' lang='lat' dir='ltr'>dignum</span> <span class='ocrx_word' id='word_1_97' title='bbox 382 1197 433 1222; x_wconf 90' lang='lat' dir='ltr'>Deo</span> <span class='ocrx_word' id='word_1_98' title='bbox 452 1196 623 1221; x_wconf 88' lang='lat' dir='ltr'>habitaculum</span> <span class='ocrx_word' id='word_1_99' title='bbox 642 1196 807 1227; x_wconf 71' lang='lat' dir='ltr'>praeparent,</span> <span class='ocrx_word' id='word_1_100' title='bbox 826 1197 888 1221; x_wconf 89' lang='lat' dir='ltr'>illud</span> <span class='ocrx_word' id='word_1_101' title='bbox 901 1204 942 1221; x_wconf 82' lang='lat' dir='ltr'>ex-</span> 
     </span>
    </p>
   </div>
   <div class='ocr_carea' id='block_1_10' title="bbox 51 1237 940 1269">
    <p class='ocr_par' dir='ltr' id='par_1_10' title="bbox 51 1237 940 1269">
     <span class='ocr_line' id='line_1_19' title="bbox 51 1237 940 1269; baseline -0.002 -4"><span class='ocrx_word' id='word_1_102' title='bbox 51 1237 57 1242; x_wconf 91' lang='grc'><em>“</em></span> <span class='ocrx_word' id='word_1_103' title='bbox 97 1239 194 1269; x_wconf 88' lang='lat' dir='ltr'>colant,</span> <span class='ocrx_word' id='word_1_104' title='bbox 213 1239 276 1264; x_wconf 89' lang='lat' dir='ltr'>illud</span> <span class='ocrx_word' id='word_1_105' title='bbox 295 1239 427 1269; x_wconf 80' lang='lat' dir='ltr'>exornent,</span> <span class='ocrx_word' id='word_1_106' title='bbox 446 1239 509 1264; x_wconf 87' lang='lat' dir='ltr'>nihil</span> <span class='ocrx_word' id='word_1_107' title='bbox 528 1239 562 1264; x_wconf 90' lang='lat' dir='ltr'>ibi</span> <span class='ocrx_word' id='word_1_108' title='bbox 591 1239 715 1264; x_wconf 89' lang='lat' dir='ltr'>sordidum</span> <span class='ocrx_word' id='word_1_109' title='bbox 735 1239 775 1264; x_wconf 77' lang='lat' dir='ltr'>vel</span> <span class='ocrx_word' id='word_1_110' title='bbox 794 1239 940 1268; x_wconf 90' lang='lat' dir='ltr'>obscurum,</span> 
     </span>
    </p>
   </div>
   <div class='ocr_carea' id='block_1_11' title="bbox 97 1282 942 1399">
    <p class='ocr_par' dir='ltr' id='par_1_11' title="bbox 97 1282 942 1399">
     <span class='ocr_line' id='line_1_20' title="bbox 97 1282 941 1313; baseline -0.001 -6"><span class='ocrx_word' id='word_1_111' title='bbox 97 1282 160 1307; x_wconf 89' lang='lat' dir='ltr'>nihil</span> <span class='ocrx_word' id='word_1_112' title='bbox 178 1282 213 1307; x_wconf 89' lang='lat' dir='ltr'>ibi</span> <span class='ocrx_word' id='word_1_113' title='bbox 230 1282 271 1307; x_wconf 88' lang='lat' dir='ltr'>vel</span> <span class='ocrx_word' id='word_1_114' title='bbox 295 1282 327 1307; x_wconf 89' lang='lat' dir='ltr'>ad</span> <span class='ocrx_word' id='word_1_115' title='bbox 351 1282 438 1307; x_wconf 87' lang='lat' dir='ltr'>horam</span> <span class='ocrx_word' id='word_1_116' title='bbox 466 1282 587 1311; x_wconf 87' lang='lat' dir='ltr'>residere,</span> <span class='ocrx_word' id='word_1_117' title='bbox 606 1282 671 1313; x_wconf 89' lang='lat' dir='ltr'>quod</span> <span class='ocrx_word' id='word_1_118' title='bbox 690 1282 781 1306; x_wconf 90' lang='lat' dir='ltr'>Dilecti</span> <span class='ocrx_word' id='word_1_119' title='bbox 800 1282 839 1306; x_wconf 91' lang='lat' dir='ltr'>sui</span> <span class='ocrx_word' id='word_1_120' title='bbox 858 1282 941 1307; x_wconf 90' lang='lat' dir='ltr'>oculos</span> 
     </span>
     <span class='ocr_line' id='line_1_21' title="bbox 97 1325 941 1357; baseline -0.001 -7"><span class='ocrx_word' id='word_1_121' title='bbox 97 1325 218 1351; x_wconf 83' lang='lat' dir='ltr'>offendere</span> <span class='ocrx_word' id='word_1_122' title='bbox 245 1325 346 1355; x_wconf 88' lang='lat' dir='ltr'>valeat,</span> <span class='ocrx_word' id='word_1_123' title='bbox 374 1325 514 1357; x_wconf 86' lang='lat' dir='ltr'>patiantur.</span> <span class='ocrx_word' id='word_1_124' title='bbox 542 1325 702 1350; x_wconf 86' lang='lat' dir='ltr'>Tentationes</span> <span class='ocrx_word' id='word_1_125' title='bbox 726 1325 752 1349; x_wconf 87' lang='lat' dir='ltr'>et</span> <span class='ocrx_word' id='word_1_126' title='bbox 778 1325 941 1356; x_wconf 78' lang='lat' dir='ltr'>cogitationes</span> 
     </span>
     <span class='ocr_line' id='line_1_22' title="bbox 99 1367 942 1399; baseline -0.001 -6"><span class='ocrx_word' id='word_1_127' title='bbox 99 1368 179 1393; x_wconf 85' lang='lat' dir='ltr'>malas</span> <span class='ocrx_word' id='word_1_128' title='bbox 197 1368 326 1393; x_wconf 89' lang='lat' dir='ltr'>humiliter</span> <span class='ocrx_word' id='word_1_129' title='bbox 344 1368 369 1393; x_wconf 86' lang='lat' dir='ltr'>et</span> <span class='ocrx_word' id='word_1_130' title='bbox 394 1376 455 1399; x_wconf 90' lang='lat' dir='ltr'>pure</span> <span class='ocrx_word' id='word_1_131' title='bbox 482 1367 595 1393; x_wconf 89' lang='lat' dir='ltr'>confiteri</span> <span class='ocrx_word' id='word_1_132' title='bbox 622 1375 672 1393; x_wconf 91' lang='lat' dir='ltr'>non</span> <span class='ocrx_word' id='word_1_133' title='bbox 690 1367 814 1392; x_wconf 84' lang='lat' dir='ltr'>differant.</span> <span class='ocrx_word' id='word_1_134' title='bbox 834 1368 942 1393; x_wconf 88' lang='lat' dir='ltr'>Veretur</span> 
     </span>
    </p>
   </div>
   <div class='ocr_carea' id='block_1_12' title="bbox 39 1410 941 1448">
    <p class='ocr_par' dir='ltr' id='par_1_12' title="bbox 39 1410 941 1448">
     <span class='ocr_line' id='line_1_23' title="bbox 39 1410 941 1448; baseline -0.002 -11"><span class='ocrx_word' id='word_1_135' title='bbox 39 1411 44 1415; x_wconf 92' lang='lat'>&#39;</span> <span class='ocrx_word' id='word_1_136' title='bbox 75 1444 82 1448; x_wconf 53' lang='grc'>-</span> <span class='ocrx_word' id='word_1_137' title='bbox 97 1411 178 1437; x_wconf 86' lang='lat' dir='ltr'>hostis</span> <span class='ocrx_word' id='word_1_138' title='bbox 190 1411 320 1437; x_wconf 85' lang='lat' dir='ltr'>consilium</span> <span class='ocrx_word' id='word_1_139' title='bbox 333 1418 406 1436; x_wconf 89' lang='lat' dir='ltr'>suum</span> <span class='ocrx_word' id='word_1_140' title='bbox 419 1411 530 1443; x_wconf 85' lang='lat' dir='ltr'>ingerere</span> <span class='ocrx_word' id='word_1_141' title='bbox 543 1418 593 1436; x_wconf 92' lang='lat' dir='ltr'>non</span> <span class='ocrx_word' id='word_1_142' title='bbox 606 1411 703 1435; x_wconf 78' lang='lat' dir='ltr'>celanti.</span> <span class='ocrx_word' id='word_1_143' title='bbox 714 1410 941 1436; x_wconf 83' lang='lat' dir='ltr'>—Providendum</span> 
     </span>
    </p>
   </div>
   <div class='ocr_carea' id='block_1_13' title="bbox 95 1452 942 1700">
    <p class='ocr_par' dir='ltr' id='par_1_13' title="bbox 95 1452 942 1657">
     <span class='ocr_line' id='line_1_24' title="bbox 97 1452 941 1486; baseline -0.001 -7"><span class='ocrx_word' id='word_1_144' title='bbox 97 1454 137 1480; x_wconf 90' lang='lat' dir='ltr'>est</span> <span class='ocrx_word' id='word_1_145' title='bbox 154 1455 203 1484; x_wconf 93' lang='lat' dir='ltr'>eis,</span> <span class='ocrx_word' id='word_1_146' title='bbox 222 1454 263 1484; x_wconf 88' lang='lat' dir='ltr'>ut,</span> <span class='ocrx_word' id='word_1_147' title='bbox 282 1455 324 1486; x_wconf 90' lang='lat' dir='ltr'>qui</span> <span class='ocrx_word' id='word_1_148' title='bbox 342 1455 392 1479; x_wconf 89' lang='lat' dir='ltr'>iam</span> <span class='ocrx_word' id='word_1_149' title='bbox 411 1454 471 1479; x_wconf 87' lang='lat' dir='ltr'>sunt</span> <span class='ocrx_word' id='word_1_150' title='bbox 489 1454 591 1485; x_wconf 86' lang='lat' dir='ltr'>superni</span> <span class='ocrx_word' id='word_1_151' title='bbox 603 1454 678 1485; x_wconf 85' lang='lat' dir='ltr'>Regis</span> <span class='ocrx_word' id='word_1_152' title='bbox 696 1453 800 1478; x_wconf 86' lang='lat' dir='ltr'>militiae</span> <span class='ocrx_word' id='word_1_153' title='bbox 818 1452 941 1482; x_wconf 82' lang='lat' dir='ltr'>annotati,</span> 
     </span>
     <span class='ocr_line' id='line_1_25' title="bbox 98 1496 941 1528; baseline -0.001 -6"><span class='ocrx_word' id='word_1_154' title='bbox 98 1504 180 1523; x_wconf 86' lang='lat' dir='ltr'>secum</span> <span class='ocrx_word' id='word_1_155' title='bbox 199 1498 298 1523; x_wconf 90' lang='lat' dir='ltr'>omnino</span> <span class='ocrx_word' id='word_1_156' title='bbox 316 1497 418 1522; x_wconf 86' lang='lat' dir='ltr'>firment</span> <span class='ocrx_word' id='word_1_157' title='bbox 435 1497 461 1522; x_wconf 90' lang='lat' dir='ltr'>et</span> <span class='ocrx_word' id='word_1_158' title='bbox 489 1497 618 1526; x_wconf 79' lang='lat' dir='ltr'>statuant,</span> <span class='ocrx_word' id='word_1_159' title='bbox 638 1504 663 1521; x_wconf 90' lang='lat' dir='ltr'>se</span> <span class='ocrx_word' id='word_1_160' title='bbox 685 1504 764 1528; x_wconf 89' lang='lat' dir='ltr'>usque</span> <span class='ocrx_word' id='word_1_161' title='bbox 782 1497 808 1521; x_wconf 91' lang='lat' dir='ltr'>in</span> <span class='ocrx_word' id='word_1_162' title='bbox 826 1496 900 1521; x_wconf 88' lang='lat' dir='ltr'>finem</span> <span class='ocrx_word' id='word_1_163' title='bbox 920 1497 941 1521; x_wconf 88' lang='lat' dir='ltr'>ei</span> 
     </span>
     <span class='ocr_line' id='line_1_26' title="bbox 95 1539 942 1570; baseline -0.001 -5"><span class='ocrx_word' id='word_1_164' title='bbox 95 1540 203 1566; x_wconf 89' lang='lat' dir='ltr'>fideliter</span> <span class='ocrx_word' id='word_1_165' title='bbox 221 1540 373 1570; x_wconf 86' lang='lat' dir='ltr'>servituros,</span> <span class='ocrx_word' id='word_1_166' title='bbox 392 1547 436 1565; x_wconf 85' lang='lat' dir='ltr'>nec</span> <span class='ocrx_word' id='word_1_167' title='bbox 454 1540 514 1565; x_wconf 87' lang='lat' dir='ltr'>ullis</span> <span class='ocrx_word' id='word_1_168' title='bbox 533 1540 564 1565; x_wconf 89' lang='lat' dir='ltr'>ab</span> <span class='ocrx_word' id='word_1_169' title='bbox 583 1547 611 1565; x_wconf 90' lang='lat' dir='ltr'>eo</span> <span class='ocrx_word' id='word_1_170' title='bbox 629 1539 818 1569; x_wconf 86' lang='lat' dir='ltr'>tentationibus,</span> <span class='ocrx_word' id='word_1_171' title='bbox 838 1539 942 1564; x_wconf 85' lang='lat' dir='ltr'>tribula-</span> 
     </span>
     <span class='ocr_line' id='line_1_27' title="bbox 95 1579 942 1614; baseline -0.001 -6"><span class='ocrx_word' id='word_1_172' title='bbox 95 1583 206 1608; x_wconf 80' lang='lat' dir='ltr'>tionibus</span> <span class='ocrx_word' id='word_1_173' title='bbox 224 1583 249 1608; x_wconf 89' lang='lat' dir='ltr'>et</span> <span class='ocrx_word' id='word_1_174' title='bbox 267 1583 392 1614; x_wconf 86' lang='lat' dir='ltr'>augustiis</span> <span class='ocrx_word' id='word_1_175' title='bbox 410 1583 525 1614; x_wconf 85' lang='lat' dir='ltr'>deinceps</span> <span class='ocrx_word' id='word_1_176' title='bbox 543 1579 690 1608; x_wconf 80' lang='lat' dir='ltr'>recessuros.</span> <span class='ocrx_word' id='word_1_177' title='bbox 711 1582 818 1614; x_wconf 75' lang='lat' dir='ltr'>Iuravi,</span> <span class='ocrx_word' id='word_1_178' title='bbox 831 1582 868 1607; x_wconf 86' lang='lat' dir='ltr'>ait</span> <span class='ocrx_word' id='word_1_179' title='bbox 879 1582 942 1607; x_wconf 86' lang='lat' dir='ltr'>Pro-</span> 
     </span>
     <span class='ocr_line' id='line_1_28' title="bbox 96 1625 821 1657; baseline 0 -7"><span class='ocrx_word' id='word_1_180' title='bbox 96 1625 173 1657; x_wconf 83' lang='lat' dir='ltr'>pheta</span> <span class='ocrx_word' id='word_1_181' title='bbox 182 1625 200 1656; x_wconf 82' lang='lat'>⁴,</span> <span class='ocrx_word' id='word_1_182' title='bbox 220 1627 244 1650; x_wconf 81' lang='lat' dir='ltr'>et</span> <span class='ocrx_word' id='word_1_183' title='bbox 260 1626 342 1651; x_wconf 72' lang='lat' dir='ltr'>statui</span> <span class='ocrx_word' id='word_1_184' title='bbox 360 1625 487 1651; x_wconf 71' lang='lat' dir='ltr'>custodire</span> <span class='ocrx_word' id='word_1_185' title='bbox 505 1626 603 1651; x_wconf 70' lang='lat' dir='ltr'>iudicia</span> <span class='ocrx_word' id='word_1_186' title='bbox 622 1625 736 1650; x_wconf 58' lang='lat' dir='ltr'>iustitiae</span> <span class='ocrx_word' id='word_1_187' title='bbox 755 1626 821 1650; x_wconf 73' lang='lat' dir='ltr'>tuae.</span> 
     </span>
    </p>

    <p class='ocr_par' dir='ltr' id='par_1_14' title="bbox 167 1668 942 1700">
     <span class='ocr_line' id='line_1_29' title="bbox 167 1668 942 1700; baseline -0.001 -6"><span class='ocrx_word' id='word_1_188' title='bbox 167 1669 192 1693; x_wconf 90' lang='lat'>2.</span> <span class='ocrx_word' id='word_1_189' title='bbox 211 1669 364 1700; x_wconf 79' lang='lat' dir='ltr'>Religionem</span> <span class='ocrx_word' id='word_1_190' title='bbox 383 1669 510 1698; x_wconf 81' lang='lat' dir='ltr'>sanctam,</span> <span class='ocrx_word' id='word_1_191' title='bbox 529 1669 561 1693; x_wconf 89' lang='lat' dir='ltr'>ad</span> <span class='ocrx_word' id='word_1_192' title='bbox 585 1676 659 1700; x_wconf 86' lang='lat' dir='ltr'>quam</span> <span class='ocrx_word' id='word_1_193' title='bbox 687 1675 728 1693; x_wconf 90' lang='lat' dir='ltr'>eos</span> <span class='ocrx_word' id='word_1_194' title='bbox 756 1668 876 1693; x_wconf 81' lang='lat' dir='ltr'>Dominus</span> <span class='ocrx_word' id='word_1_195' title='bbox 896 1675 942 1693; x_wconf 86' lang='lat' dir='ltr'>sua</span> 
     </span>
    </p>
   </div>
   <div class='ocr_carea' id='block_1_14' title="bbox 68 1711 942 1741">
    <p class='ocr_par' dir='ltr' id='par_1_15' title="bbox 68 1711 942 1741">
     <span class='ocr_line' id='line_1_30' title="bbox 68 1711 942 1741; baseline 0 -5"><span class='ocrx_word' id='word_1_196' title='bbox 68 1715 81 1728; x_wconf 91' lang='lat'>&#39;—</span> <span class='ocrx_word' id='word_1_197' title='bbox 99 1711 258 1737; x_wconf 84' lang='lat' dir='ltr'>miseratione</span> <span class='ocrx_word' id='word_1_198' title='bbox 275 1712 385 1741; x_wconf 87' lang='lat' dir='ltr'>vocavit,</span> <span class='ocrx_word' id='word_1_199' title='bbox 404 1712 588 1737; x_wconf 87' lang='lat' dir='ltr'>ferventissimo</span> <span class='ocrx_word' id='word_1_200' title='bbox 606 1719 634 1736; x_wconf 89' lang='lat' dir='ltr'>ac</span> <span class='ocrx_word' id='word_1_201' title='bbox 662 1711 804 1736; x_wconf 89' lang='lat' dir='ltr'>fidelissimo</span> <span class='ocrx_word' id='word_1_202' title='bbox 824 1711 942 1736; x_wconf 88' lang='lat' dir='ltr'>studeant</span> 
     </span>
    </p>
   </div>
   <div class='ocr_carea' id='block_1_15' title="bbox 53 1752 942 1787">
    <p class='ocr_par' dir='ltr' id='par_1_16' title="bbox 53 1752 942 1787">
     <span class='ocr_line' id='line_1_31' title="bbox 53 1752 942 1787; baseline -0.001 -7"><span class='ocrx_word' id='word_1_203' title='bbox 53 1752 58 1757; x_wconf 91' lang='lat'>&#39;</span> <span class='ocrx_word' id='word_1_204' title='bbox 97 1762 180 1780; x_wconf 85' lang='lat' dir='ltr'>amore</span> <span class='ocrx_word' id='word_1_205' title='bbox 199 1755 300 1787; x_wconf 85' lang='lat' dir='ltr'>diligere</span> <span class='ocrx_word' id='word_1_206' title='bbox 319 1755 345 1780; x_wconf 89' lang='lat' dir='ltr'>et</span> <span class='ocrx_word' id='word_1_207' title='bbox 371 1755 393 1780; x_wconf 86' lang='lat' dir='ltr'>ei</span> <span class='ocrx_word' id='word_1_208' title='bbox 417 1755 538 1786; x_wconf 81' lang='lat' dir='ltr'>tanquam</span> <span class='ocrx_word' id='word_1_209' title='bbox 558 1755 752 1785; x_wconf 80' lang='lat' dir='ltr'>speciosissimae</span> <span class='ocrx_word' id='word_1_210' title='bbox 771 1761 799 1779; x_wconf 86' lang='lat' dir='ltr'>ac</span> <span class='ocrx_word' id='word_1_211' title='bbox 818 1753 889 1779; x_wconf 83' lang='lat' dir='ltr'>Deo⁵</span> <span class='ocrx_word' id='word_1_212' title='bbox 909 1754 942 1779; x_wconf 90' lang='lat' dir='ltr'>di-</span> 
     </span>
    </p>
   </div>
   <div class='ocr_carea' id='block_1_16' title="bbox 0 1193 90 2972">
    <p class='ocr_par' dir='ltr' id='par_1_17' title="bbox 0 1193 90 2972">
     <span class='ocr_line' id='line_1_32' title="bbox 0 1193 90 2972; baseline 0 0"><span class='ocrx_word' id='word_1_213' title='bbox 0 1193 90 2972; x_wconf 95' lang='lat' dir='ltr'> </span> 
     </span>
    </p>
   </div>
   <div class='ocr_carea' id='block_1_17' title="bbox 96 1796 943 1829">
    <p class='ocr_par' dir='ltr' id='par_1_18' title="bbox 96 1796 943 1829">
     <span class='ocr_line' id='line_1_33' title="bbox 96 1796 943 1829; baseline 0 -7"><span class='ocrx_word' id='word_1_214' title='bbox 96 1797 244 1823; x_wconf 79' lang='lat' dir='ltr'>lectissimae</span> <span class='ocrx_word' id='word_1_215' title='bbox 271 1805 377 1829; x_wconf 86' lang='lat' dir='ltr'>sponsae</span> <span class='ocrx_word' id='word_1_216' title='bbox 404 1798 452 1822; x_wconf 89' lang='lat' dir='ltr'>fide</span> <span class='ocrx_word' id='word_1_217' title='bbox 479 1797 617 1823; x_wconf 85' lang='lat' dir='ltr'>inviolabili</span> <span class='ocrx_word' id='word_1_218' title='bbox 641 1797 783 1822; x_wconf 87' lang='lat' dir='ltr'>adhaerere.</span> <span class='ocrx_word' id='word_1_219' title='bbox 808 1811 844 1815; x_wconf 85' lang='lat'>-—</span> <span class='ocrx_word' id='word_1_220' title='bbox 866 1796 943 1826; x_wconf 84' lang='lat' dir='ltr'>Quae-</span> 
     </span>
    </p>
   </div>
   <div class='ocr_carea' id='block_1_18' title="bbox 74 1833 942 1872">
    <p class='ocr_par' dir='ltr' id='par_1_19' title="bbox 74 1833 942 1872">
     <span class='ocr_line' id='line_1_34' title="bbox 74 1833 942 1872; baseline -0.001 -7"><span class='ocrx_word' id='word_1_221' title='bbox 74 1833 80 1838; x_wconf 57' lang='lat'><em>*</em></span> <span class='ocrx_word' id='word_1_222' title='bbox 97 1848 200 1872; x_wconf 90' lang='lat' dir='ltr'>cumque</span> <span class='ocrx_word' id='word_1_223' title='bbox 218 1841 278 1870; x_wconf 82' lang='lat' dir='ltr'>sibi,</span> <span class='ocrx_word' id='word_1_224' title='bbox 298 1841 349 1866; x_wconf 90' lang='lat' dir='ltr'>sive</span> <span class='ocrx_word' id='word_1_225' title='bbox 362 1848 482 1872; x_wconf 87' lang='lat' dir='ltr'>prospera</span> <span class='ocrx_word' id='word_1_226' title='bbox 494 1841 545 1865; x_wconf 87' lang='lat' dir='ltr'>sive</span> <span class='ocrx_word' id='word_1_227' title='bbox 558 1840 677 1869; x_wconf 87' lang='lat' dir='ltr'>adversa,</span> <span class='ocrx_word' id='word_1_228' title='bbox 691 1839 849 1871; x_wconf 86' lang='lat' dir='ltr'>contigerint,</span> <span class='ocrx_word' id='word_1_229' title='bbox 862 1839 942 1864; x_wconf 88' lang='lat' dir='ltr'>Deum</span> 
     </span>
    </p>
   </div>
   <div class='ocr_carea' id='block_1_19' title="bbox 97 1882 942 2173">
    <p class='ocr_par' dir='ltr' id='par_1_20' title="bbox 97 1882 942 2173">
     <span class='ocr_line' id='line_1_35' title="bbox 97 1882 942 1915; baseline -0.001 -7"><span class='ocrx_word' id='word_1_230' title='bbox 97 1891 195 1915; x_wconf 85' lang='lat' dir='ltr'>semper</span> <span class='ocrx_word' id='word_1_231' title='bbox 213 1883 309 1909; x_wconf 84' lang='lat' dir='ltr'>devotis</span> <span class='ocrx_word' id='word_1_232' title='bbox 327 1883 434 1909; x_wconf 85' lang='lat' dir='ltr'>efferant</span> <span class='ocrx_word' id='word_1_233' title='bbox 457 1883 587 1913; x_wconf 82' lang='lat' dir='ltr'>laudibus,</span> <span class='ocrx_word' id='word_1_234' title='bbox 605 1883 648 1913; x_wconf 90' lang='lat' dir='ltr'>ut,</span> <span class='ocrx_word' id='word_1_235' title='bbox 678 1883 729 1908; x_wconf 90' lang='lat' dir='ltr'>sive</span> <span class='ocrx_word' id='word_1_236' title='bbox 748 1882 871 1914; x_wconf 89' lang='lat' dir='ltr'>cespitent</span> <span class='ocrx_word' id='word_1_237' title='bbox 890 1883 942 1907; x_wconf 87' lang='lat' dir='ltr'>sive</span> 
     </span>
     <span class='ocr_line' id='line_1_36' title="bbox 97 1926 942 1958; baseline -0.002 -6"><span class='ocrx_word' id='word_1_238' title='bbox 97 1927 189 1952; x_wconf 82' lang='lat' dir='ltr'>cadant</span> <span class='ocrx_word' id='word_1_239' title='bbox 207 1927 258 1952; x_wconf 87' lang='lat' dir='ltr'>sive</span> <span class='ocrx_word' id='word_1_240' title='bbox 276 1927 351 1952; x_wconf 84' lang='lat' dir='ltr'>aliam</span> <span class='ocrx_word' id='word_1_241' title='bbox 379 1934 558 1958; x_wconf 87' lang='lat' dir='ltr'>quamcumque</span> <span class='ocrx_word' id='word_1_242' title='bbox 582 1926 722 1952; x_wconf 81' lang='lat' dir='ltr'>molestiam</span> <span class='ocrx_word' id='word_1_243' title='bbox 747 1933 791 1951; x_wconf 87' lang='lat' dir='ltr'>seu</span> <span class='ocrx_word' id='word_1_244' title='bbox 808 1926 942 1950; x_wconf 85' lang='lat' dir='ltr'>laesionem</span> 
     </span>
     <span class='ocr_line' id='line_1_37' title="bbox 97 1968 941 2001; baseline -0.002 -6"><span class='ocrx_word' id='word_1_245' title='bbox 97 1970 243 2000; x_wconf 88' lang='lat' dir='ltr'>incurrant,</span> <span class='ocrx_word' id='word_1_246' title='bbox 262 1977 359 2001; x_wconf 88' lang='lat' dir='ltr'>semper</span> <span class='ocrx_word' id='word_1_247' title='bbox 386 1970 411 1994; x_wconf 95' lang='lat' dir='ltr'>in</span> <span class='ocrx_word' id='word_1_248' title='bbox 439 1970 550 2001; x_wconf 88' lang='lat' dir='ltr'>ipsorum</span> <span class='ocrx_word' id='word_1_249' title='bbox 578 1976 620 1994; x_wconf 88' lang='lat' dir='ltr'>ore</span> <span class='ocrx_word' id='word_1_250' title='bbox 644 1968 744 1994; x_wconf 88' lang='lat' dir='ltr'>resonet</span> <span class='ocrx_word' id='word_1_251' title='bbox 762 1969 818 1993; x_wconf 89' lang='lat' dir='ltr'>laus</span> <span class='ocrx_word' id='word_1_252' title='bbox 845 1968 941 1998; x_wconf 84' lang='lat' dir='ltr'>divina,</span> 
     </span>
     <span class='ocr_line' id='line_1_38' title="bbox 97 2011 941 2045; baseline -0.002 -7"><span class='ocrx_word' id='word_1_253' title='bbox 97 2020 196 2045; x_wconf 83' lang='lat' dir='ltr'>semper</span> <span class='ocrx_word' id='word_1_254' title='bbox 213 2013 253 2038; x_wconf 89' lang='lat' dir='ltr'>vel</span> <span class='ocrx_word' id='word_1_255' title='bbox 271 2013 426 2038; x_wconf 69' lang='lat' dir='ltr'>Benedictus</span> <span class='ocrx_word' id='word_1_256' title='bbox 445 2013 529 2044; x_wconf 78' lang='lat' dir='ltr'>Deus,</span> <span class='ocrx_word' id='word_1_257' title='bbox 548 2013 587 2037; x_wconf 87' lang='lat' dir='ltr'>vel</span> <span class='ocrx_word' id='word_1_258' title='bbox 599 2011 655 2037; x_wconf 76' lang='lat' dir='ltr'>Ave</span> <span class='ocrx_word' id='word_1_259' title='bbox 668 2012 774 2043; x_wconf 75' lang='lat' dir='ltr'>Maria,</span> <span class='ocrx_word' id='word_1_260' title='bbox 787 2011 827 2036; x_wconf 91' lang='lat' dir='ltr'>vel</span> <span class='ocrx_word' id='word_1_261' title='bbox 839 2011 941 2042; x_wconf 90' lang='lat' dir='ltr'>aliquid,</span> 
     </span>
     <span class='ocr_line' id='line_1_39' title="bbox 98 2053 941 2088; baseline -0.002 -7"><span class='ocrx_word' id='word_1_262' title='bbox 98 2056 163 2088; x_wconf 90' lang='lat' dir='ltr'>quod</span> <span class='ocrx_word' id='word_1_263' title='bbox 181 2056 213 2081; x_wconf 88' lang='lat' dir='ltr'>ad</span> <span class='ocrx_word' id='word_1_264' title='bbox 230 2056 329 2081; x_wconf 87' lang='lat' dir='ltr'>laudem</span> <span class='ocrx_word' id='word_1_265' title='bbox 357 2056 402 2081; x_wconf 82' lang='lat' dir='ltr'>Dei</span> <span class='ocrx_word' id='word_1_266' title='bbox 428 2055 566 2087; x_wconf 82' lang='lat' dir='ltr'>pertineat,</span> <span class='ocrx_word' id='word_1_267' title='bbox 585 2055 670 2080; x_wconf 88' lang='lat' dir='ltr'>dicant</span> <span class='ocrx_word' id='word_1_268' title='bbox 680 2053 698 2080; x_wconf 60' lang='grc' dir='ltr'>θ.</span> <span class='ocrx_word' id='word_1_269' title='bbox 718 2054 753 2079; x_wconf 84' lang='lat' dir='ltr'>Et</span> <span class='ocrx_word' id='word_1_270' title='bbox 770 2054 816 2080; x_wconf 86' lang='lat' dir='ltr'>hoc</span> <span class='ocrx_word' id='word_1_271' title='bbox 843 2054 869 2079; x_wconf 93' lang='lat' dir='ltr'>in</span> <span class='ocrx_word' id='word_1_272' title='bbox 887 2061 941 2079; x_wconf 92' lang='lat' dir='ltr'>con-</span> 
     </span>
     <span class='ocr_line' id='line_1_40' title="bbox 98 2097 942 2129; baseline -0.002 -5"><span class='ocrx_word' id='word_1_273' title='bbox 98 2099 254 2124; x_wconf 82' lang='lat' dir='ltr'>suetudinem</span> <span class='ocrx_word' id='word_1_274' title='bbox 281 2099 369 2124; x_wconf 85' lang='lat' dir='ltr'>ducere</span> <span class='ocrx_word' id='word_1_275' title='bbox 397 2099 515 2123; x_wconf 86' lang='lat' dir='ltr'>studeant</span> <span class='ocrx_word' id='word_1_276' title='bbox 542 2098 613 2123; x_wconf 90' lang='lat' dir='ltr'>nulla</span> <span class='ocrx_word' id='word_1_277' title='bbox 645 2105 755 2129; x_wconf 90' lang='lat' dir='ltr'>unquam</span> <span class='ocrx_word' id='word_1_278' title='bbox 788 2097 942 2129; x_wconf 82' lang='lat' dir='ltr'>negligentia</span> 
     </span>
     <span class='ocr_line' id='line_1_41' title="bbox 98 2140 940 2173; baseline -0.004 -6"><span class='ocrx_word' id='word_1_279' title='bbox 98 2141 270 2168; x_wconf 82' lang='lat' dir='ltr'>omittendum.</span> <span class='ocrx_word' id='word_1_280' title='bbox 290 2156 326 2161; x_wconf 98' lang='lat'>—</span> <span class='ocrx_word' id='word_1_281' title='bbox 352 2141 476 2173; x_wconf 83' lang='lat' dir='ltr'>Quidquid</span> <span class='ocrx_word' id='word_1_282' title='bbox 495 2141 662 2172; x_wconf 84' lang='lat' dir='ltr'>speciositatis</span> <span class='ocrx_word' id='word_1_283' title='bbox 679 2141 720 2165; x_wconf 90' lang='lat' dir='ltr'>vel</span> <span class='ocrx_word' id='word_1_284' title='bbox 737 2140 940 2165; x_wconf 82' lang='lat' dir='ltr'>delectabilitatis</span> 
     </span>
    </p>
   </div>
   <div class='ocr_carea' id='block_1_20' title="bbox 77 2178 941 2216">
    <p class='ocr_par' dir='ltr' id='par_1_21' title="bbox 77 2178 941 2216">
     <span class='ocr_line' id='line_1_42' title="bbox 77 2178 941 2216; baseline -0.003 -6"><span class='ocrx_word' id='word_1_285' title='bbox 77 2178 83 2181; x_wconf 56' lang='grc'><strong>’</strong></span> <span class='ocrx_word' id='word_1_286' title='bbox 98 2185 124 2210; x_wconf 87' lang='lat' dir='ltr'>in</span> <span class='ocrx_word' id='word_1_287' title='bbox 142 2185 264 2210; x_wconf 78' lang='lat' dir='ltr'>creaturis</span> <span class='ocrx_word' id='word_1_288' title='bbox 287 2184 442 2214; x_wconf 85' lang='lat' dir='ltr'>invenerint,</span> <span class='ocrx_word' id='word_1_289' title='bbox 471 2184 590 2216; x_wconf 85' lang='lat' dir='ltr'>quidquid</span> <span class='ocrx_word' id='word_1_290' title='bbox 612 2184 678 2209; x_wconf 86' lang='lat' dir='ltr'>circa</span> <span class='ocrx_word' id='word_1_291' title='bbox 705 2183 801 2208; x_wconf 87' lang='lat' dir='ltr'>statum</span> <span class='ocrx_word' id='word_1_292' title='bbox 818 2183 941 2208; x_wconf 87' lang='lat' dir='ltr'>humanae</span> 
     </span>
    </p>
   </div>
   <div class='ocr_carea' id='block_1_21' title="bbox 97 2226 942 2349">
    <p class='ocr_par' dir='ltr' id='par_1_22' title="bbox 97 2226 942 2349">
     <span class='ocr_line' id='line_1_43' title="bbox 97 2226 942 2259; baseline -0.004 -6"><span class='ocrx_word' id='word_1_293' title='bbox 97 2228 245 2254; x_wconf 85' lang='lat' dir='ltr'>conditionis</span> <span class='ocrx_word' id='word_1_294' title='bbox 263 2228 302 2253; x_wconf 89' lang='lat' dir='ltr'>vel</span> <span class='ocrx_word' id='word_1_295' title='bbox 320 2228 490 2259; x_wconf 85' lang='lat' dir='ltr'>dispositionis</span> <span class='ocrx_word' id='word_1_296' title='bbox 508 2227 639 2256; x_wconf 85' lang='lat' dir='ltr'>acciderit,</span> <span class='ocrx_word' id='word_1_297' title='bbox 657 2226 739 2251; x_wconf 86' lang='lat' dir='ltr'>totum</span> <span class='ocrx_word' id='word_1_298' title='bbox 758 2233 855 2257; x_wconf 90' lang='lat' dir='ltr'>semper</span> <span class='ocrx_word' id='word_1_299' title='bbox 873 2233 942 2250; x_wconf 91' lang='lat' dir='ltr'>assu-</span> 
     </span>
     <span class='ocr_line' id='line_1_44' title="bbox 100 2269 942 2300; baseline -0.004 -4"><span class='ocrx_word' id='word_1_300' title='bbox 100 2271 171 2296; x_wconf 83' lang='lat' dir='ltr'>mant</span> <span class='ocrx_word' id='word_1_301' title='bbox 188 2271 214 2295; x_wconf 91' lang='lat' dir='ltr'>in</span> <span class='ocrx_word' id='word_1_302' title='bbox 233 2271 363 2296; x_wconf 87' lang='lat' dir='ltr'>materiam</span> <span class='ocrx_word' id='word_1_303' title='bbox 382 2270 464 2295; x_wconf 87' lang='lat' dir='ltr'>laudis</span> <span class='ocrx_word' id='word_1_304' title='bbox 480 2270 539 2299; x_wconf 88' lang='lat' dir='ltr'>Dei,</span> <span class='ocrx_word' id='word_1_305' title='bbox 553 2270 578 2294; x_wconf 90' lang='lat' dir='ltr'>et</span> <span class='ocrx_word' id='word_1_306' title='bbox 591 2270 619 2294; x_wconf 88' lang='lat' dir='ltr'>de</span> <span class='ocrx_word' id='word_1_307' title='bbox 633 2269 760 2299; x_wconf 85' lang='lat' dir='ltr'>omnibus,</span> <span class='ocrx_word' id='word_1_308' title='bbox 780 2276 842 2300; x_wconf 84' lang='lat' dir='ltr'>quae</span> <span class='ocrx_word' id='word_1_309' title='bbox 861 2276 942 2294; x_wconf 81' lang='lat' dir='ltr'>occur-</span> 
     </span>
     <span class='ocr_line' id='line_1_45' title="bbox 99 2312 941 2349; baseline -0.004 -10"><span class='ocrx_word' id='word_1_310' title='bbox 99 2315 191 2349; x_wconf 70' lang='lat' dir='ltr'>reript,</span> <span class='ocrx_word' id='word_1_311' title='bbox 211 2314 298 2340; x_wconf 88' lang='lat' dir='ltr'>devote</span> <span class='ocrx_word' id='word_1_312' title='bbox 317 2313 434 2339; x_wconf 89' lang='lat' dir='ltr'>studeant</span> <span class='ocrx_word' id='word_1_313' title='bbox 453 2313 570 2344; x_wconf 84' lang='lat' dir='ltr'>cogitare.</span> <span class='ocrx_word' id='word_1_314' title='bbox 589 2313 620 2337; x_wconf 92' lang='lat' dir='ltr'>In</span> <span class='ocrx_word' id='word_1_315' title='bbox 639 2313 693 2344; x_wconf 92' lang='lat' dir='ltr'>ipso</span> <span class='ocrx_word' id='word_1_316' title='bbox 713 2320 815 2337; x_wconf 87' lang='lat' dir='ltr'>suarum</span> <span class='ocrx_word' id='word_1_317' title='bbox 832 2312 941 2337; x_wconf 90' lang='lat' dir='ltr'>omnium</span> 
     </span>
    </p>
   </div>
   <div class='ocr_carea' id='block_1_22' title="bbox 996 596 1845 1698">
    <p class='ocr_par' dir='ltr' id='par_1_23' title="bbox 997 596 1841 671">
     <span class='ocr_line' id='line_1_46' title="bbox 997 596 1841 629; baseline 0.001 -7"><span class='ocrx_word' id='word_1_318' title='bbox 997 596 1169 628; x_wconf 87' lang='lat' dir='ltr'>operationum</span> <span class='ocrx_word' id='word_1_319' title='bbox 1188 597 1258 622; x_wconf 91' lang='lat' dir='ltr'>initio</span> <span class='ocrx_word' id='word_1_320' title='bbox 1277 597 1410 623; x_wconf 85' lang='lat' dir='ltr'>Dominum</span> <span class='ocrx_word' id='word_1_321' title='bbox 1429 599 1543 624; x_wconf 86' lang='lat' dir='ltr'>invocare</span> <span class='ocrx_word' id='word_1_322' title='bbox 1571 599 1596 623; x_wconf 89' lang='lat' dir='ltr'>et</span> <span class='ocrx_word' id='word_1_323' title='bbox 1621 606 1690 623; x_wconf 89' lang='lat' dir='ltr'>suam</span> <span class='ocrx_word' id='word_1_324' title='bbox 1710 598 1742 623; x_wconf 85' lang='lat' dir='ltr'>ad</span> <span class='ocrx_word' id='word_1_325' title='bbox 1759 599 1841 629; x_wconf 84' lang='lat' dir='ltr'>ipsum</span> 
     </span>
     <span class='ocr_line' id='line_1_47' title="bbox 1000 639 1459 671; baseline 0.002 -7"><span class='ocrx_word' id='word_1_326' title='bbox 1000 639 1163 664; x_wconf 87' lang='lat' dir='ltr'>intentionem</span> <span class='ocrx_word' id='word_1_327' title='bbox 1181 640 1287 671; x_wconf 88' lang='lat' dir='ltr'>dirigere</span> <span class='ocrx_word' id='word_1_328' title='bbox 1306 641 1459 665; x_wconf 82' lang='lat' dir='ltr'>assuescant.</span> 
     </span>
    </p>

    <p class='ocr_par' dir='ltr' id='par_1_24' title="bbox 997 682 1844 1312">
     <span class='ocr_line' id='line_1_48' title="bbox 1069 682 1842 714; baseline 0.003 -8"><span class='ocrx_word' id='word_1_329' title='bbox 1069 682 1096 706; x_wconf 86' lang='lat'>3.</span> <span class='ocrx_word' id='word_1_330' title='bbox 1114 682 1215 707; x_wconf 81' lang='lat' dir='ltr'>Instent</span> <span class='ocrx_word' id='word_1_331' title='bbox 1234 682 1340 707; x_wconf 89' lang='lat' dir='ltr'>orationi</span> <span class='ocrx_word' id='word_1_332' title='bbox 1359 682 1501 714; x_wconf 83' lang='lat' dir='ltr'>frequenter</span> <span class='ocrx_word' id='word_1_333' title='bbox 1512 682 1529 713; x_wconf 84' lang='lat'>⁷,</span> <span class='ocrx_word' id='word_1_334' title='bbox 1542 690 1604 714; x_wconf 85' lang='lat' dir='ltr'>quae</span> <span class='ocrx_word' id='word_1_335' title='bbox 1623 690 1713 708; x_wconf 87' lang='lat' dir='ltr'>novam</span> <span class='ocrx_word' id='word_1_336' title='bbox 1730 684 1757 708; x_wconf 91' lang='lat' dir='ltr'>in</span> <span class='ocrx_word' id='word_1_337' title='bbox 1770 683 1842 709; x_wconf 86' lang='lat' dir='ltr'>horto</span> 
     </span>
     <span class='ocr_line' id='line_1_49' title="bbox 998 724 1843 756; baseline 0.001 -7"><span class='ocrx_word' id='word_1_338' title='bbox 998 724 1097 749; x_wconf 86' lang='lat' dir='ltr'>Domini</span> <span class='ocrx_word' id='word_1_339' title='bbox 1117 725 1258 756; x_wconf 85' lang='lat' dir='ltr'>plantulam</span> <span class='ocrx_word' id='word_1_340' title='bbox 1285 725 1363 754; x_wconf 85' lang='lat' dir='ltr'>fovet,</span> <span class='ocrx_word' id='word_1_341' title='bbox 1383 725 1498 756; x_wconf 88' lang='lat' dir='ltr'>provehit</span> <span class='ocrx_word' id='word_1_342' title='bbox 1525 726 1551 750; x_wconf 91' lang='lat' dir='ltr'>et</span> <span class='ocrx_word' id='word_1_343' title='bbox 1578 725 1717 751; x_wconf 87' lang='lat' dir='ltr'>confirmat.</span> <span class='ocrx_word' id='word_1_344' title='bbox 1737 726 1843 750; x_wconf 86' lang='lat' dir='ltr'>Discant</span> 
     </span>
     <span class='ocr_line' id='line_1_50' title="bbox 997 768 1842 800; baseline 0.001 -8"><span class='ocrx_word' id='word_1_345' title='bbox 997 775 1056 799; x_wconf 88' lang='lat' dir='ltr'>ergo</span> <span class='ocrx_word' id='word_1_346' title='bbox 1083 775 1134 792; x_wconf 94' lang='lat' dir='ltr'>una</span> <span class='ocrx_word' id='word_1_347' title='bbox 1159 768 1249 793; x_wconf 89' lang='lat' dir='ltr'>saltem</span> <span class='ocrx_word' id='word_1_348' title='bbox 1274 769 1321 793; x_wconf 88' lang='lat' dir='ltr'>diei</span> <span class='ocrx_word' id='word_1_349' title='bbox 1348 769 1387 793; x_wconf 89' lang='lat' dir='ltr'>vel</span> <span class='ocrx_word' id='word_1_350' title='bbox 1415 769 1494 794; x_wconf 89' lang='lat' dir='ltr'>noctis</span> <span class='ocrx_word' id='word_1_351' title='bbox 1521 769 1583 794; x_wconf 87' lang='lat' dir='ltr'>hora</span> <span class='ocrx_word' id='word_1_352' title='bbox 1602 770 1701 800; x_wconf 87' lang='lat' dir='ltr'>tempus</span> <span class='ocrx_word' id='word_1_353' title='bbox 1720 770 1745 793; x_wconf 87' lang='lat' dir='ltr'>et</span> <span class='ocrx_word' id='word_1_354' title='bbox 1764 769 1842 794; x_wconf 88' lang='lat' dir='ltr'>otium</span> 
     </span>
     <span class='ocr_line' id='line_1_51' title="bbox 998 811 1844 843; baseline 0.002 -8"><span class='ocrx_word' id='word_1_355' title='bbox 998 811 1136 840; x_wconf 88' lang='lat' dir='ltr'>vindicare,</span> <span class='ocrx_word' id='word_1_356' title='bbox 1155 812 1262 842; x_wconf 85' lang='lat' dir='ltr'>quando,</span> <span class='ocrx_word' id='word_1_357' title='bbox 1276 812 1307 836; x_wconf 92' lang='lat' dir='ltr'>ad</span> <span class='ocrx_word' id='word_1_358' title='bbox 1320 819 1345 836; x_wconf 89' lang='lat' dir='ltr'>se</span> <span class='ocrx_word' id='word_1_359' title='bbox 1359 812 1451 836; x_wconf 88' lang='lat' dir='ltr'>reversi</span> <span class='ocrx_word' id='word_1_360' title='bbox 1465 812 1602 843; x_wconf 89' lang='lat' dir='ltr'>mentisque</span> <span class='ocrx_word' id='word_1_361' title='bbox 1616 812 1755 837; x_wconf 81' lang='lat' dir='ltr'>cubiculum</span> <span class='ocrx_word' id='word_1_362' title='bbox 1768 811 1844 837; x_wconf 90' lang='lat' dir='ltr'>intro-</span> 
     </span>
     <span class='ocr_line' id='line_1_52' title="bbox 997 849 1844 884; baseline 0.002 -7"><span class='ocrx_word' id='word_1_363' title='bbox 997 854 1090 884; x_wconf 82' lang='lat' dir='ltr'>gressi,</span> <span class='ocrx_word' id='word_1_364' title='bbox 1109 855 1184 878; x_wconf 73' lang='lat' dir='ltr'>orent</span> <span class='ocrx_word' id='word_1_365' title='bbox 1205 854 1314 879; x_wconf 81' lang='lat' dir='ltr'>Patrem</span> <span class='ocrx_word' id='word_1_366' title='bbox 1332 861 1408 879; x_wconf 81' lang='lat' dir='ltr'>suum</span> <span class='ocrx_word' id='word_1_367' title='bbox 1427 854 1455 878; x_wconf 76' lang='lat' dir='ltr'>in</span> <span class='ocrx_word' id='word_1_368' title='bbox 1474 849 1621 879; x_wconf 71' lang='lat' dir='ltr'>abscondito</span> <span class='ocrx_word' id='word_1_369' title='bbox 1633 853 1642 866; x_wconf 81' lang='lat'>⁸</span> <span class='ocrx_word' id='word_1_370' title='bbox 1662 854 1687 879; x_wconf 84' lang='lat' dir='ltr'>et</span> <span class='ocrx_word' id='word_1_371' title='bbox 1714 855 1742 879; x_wconf 90' lang='lat' dir='ltr'>in</span> <span class='ocrx_word' id='word_1_372' title='bbox 1769 854 1844 879; x_wconf 81' lang='lat' dir='ltr'>corde</span> 
     </span>
     <span class='ocr_line' id='line_1_53' title="bbox 997 896 1844 922; baseline 0.001 -2"><span class='ocrx_word' id='word_1_373' title='bbox 997 896 1106 920; x_wconf 72' lang='lat' dir='ltr'>contrito</span> <span class='ocrx_word' id='word_1_374' title='bbox 1133 897 1156 920; x_wconf 70' lang='lat' dir='ltr'>et</span> <span class='ocrx_word' id='word_1_375' title='bbox 1184 896 1321 921; x_wconf 74' lang='lat' dir='ltr'>humiliato</span> <span class='ocrx_word' id='word_1_376' title='bbox 1349 897 1522 922; x_wconf 88' lang='lat' dir='ltr'>universorum</span> <span class='ocrx_word' id='word_1_377' title='bbox 1555 897 1659 922; x_wconf 91' lang='lat' dir='ltr'>Domino</span> <span class='ocrx_word' id='word_1_378' title='bbox 1687 897 1844 922; x_wconf 85' lang='lat' dir='ltr'>familiariter</span> 
     </span>
     <span class='ocr_line' id='line_1_54' title="bbox 997 938 1844 970; baseline 0.001 -7"><span class='ocrx_word' id='word_1_379' title='bbox 997 938 1090 963; x_wconf 85' lang='lat' dir='ltr'>astent.</span> <span class='ocrx_word' id='word_1_380' title='bbox 1109 939 1192 963; x_wconf 83' lang='lat' dir='ltr'>Mane</span> <span class='ocrx_word' id='word_1_381' title='bbox 1210 938 1293 963; x_wconf 90' lang='lat' dir='ltr'>autem</span> <span class='ocrx_word' id='word_1_382' title='bbox 1312 939 1414 964; x_wconf 84' lang='lat' dir='ltr'>astabat</span> <span class='ocrx_word' id='word_1_383' title='bbox 1432 938 1560 970; x_wconf 87' lang='lat' dir='ltr'>Propheta</span> <span class='ocrx_word' id='word_1_384' title='bbox 1578 939 1697 968; x_wconf 91' lang='lat' dir='ltr'>Domino,</span> <span class='ocrx_word' id='word_1_385' title='bbox 1718 940 1776 970; x_wconf 80' lang='lat' dir='ltr'>quia</span> <span class='ocrx_word' id='word_1_386' title='bbox 1798 939 1844 970; x_wconf 65' lang='lat' dir='ltr'>quc*</span> 
     </span>
     <span class='ocr_line' id='line_1_55' title="bbox 997 981 1843 1012; baseline 0.001 -7"><span class='ocrx_word' id='word_1_387' title='bbox 997 988 1071 1005; x_wconf 79' lang='lat' dir='ltr'>manc</span> <span class='ocrx_word' id='word_1_388' title='bbox 1089 981 1235 1012; x_wconf 67' lang='lat' dir='ltr'>m&#39;yilarerit</span> <span class='ocrx_word' id='word_1_389' title='bbox 1253 982 1288 1006; x_wconf 74' lang='lat' dir='ltr'>acl</span> <span class='ocrx_word' id='word_1_390' title='bbox 1305 982 1389 1006; x_wconf 80' lang='lat' dir='ltr'>Deum</span> <span class='ocrx_word' id='word_1_391' title='bbox 1407 982 1518 1007; x_wconf 74' lang='lat' dir='ltr'>inveniet</span> <span class='ocrx_word' id='word_1_392' title='bbox 1535 989 1599 1007; x_wconf 79' lang='lat' dir='ltr'>cum.</span> <span class='ocrx_word' id='word_1_393' title='bbox 1619 982 1783 1012; x_wconf 86' lang='lat' dir='ltr'>Subripienda</span> <span class='ocrx_word' id='word_1_394' title='bbox 1795 982 1843 1006; x_wconf 83' lang='lat' dir='ltr'>erit</span> 
     </span>
     <span class='ocr_line' id='line_1_56' title="bbox 997 1024 1843 1056; baseline 0.001 -8"><span class='ocrx_word' id='word_1_395' title='bbox 997 1024 1079 1053; x_wconf 87' lang='lat' dir='ltr'>carni,</span> <span class='ocrx_word' id='word_1_396' title='bbox 1099 1024 1124 1048; x_wconf 89' lang='lat' dir='ltr'>et</span> <span class='ocrx_word' id='word_1_397' title='bbox 1143 1025 1163 1049; x_wconf 90' lang='lat' dir='ltr'>si</span> <span class='ocrx_word' id='word_1_398' title='bbox 1183 1024 1246 1049; x_wconf 80' lang='lat' dir='ltr'>forte</span> <span class='ocrx_word' id='word_1_399' title='bbox 1264 1032 1314 1050; x_wconf 88' lang='lat' dir='ltr'>non</span> <span class='ocrx_word' id='word_1_400' title='bbox 1334 1032 1445 1056; x_wconf 82' lang='lat' dir='ltr'>semper,</span> <span class='ocrx_word' id='word_1_401' title='bbox 1465 1032 1538 1056; x_wconf 83' lang='lat' dir='ltr'>saepo</span> <span class='ocrx_word' id='word_1_402' title='bbox 1556 1025 1640 1049; x_wconf 85' lang='lat' dir='ltr'>tamen</span> <span class='ocrx_word' id='word_1_403' title='bbox 1654 1025 1733 1050; x_wconf 88' lang='lat' dir='ltr'>somni</span> <span class='ocrx_word' id='word_1_404' title='bbox 1746 1025 1843 1056; x_wconf 86' lang='lat' dir='ltr'>requies</span> 
     </span>
     <span class='ocr_line' id='line_1_57' title="bbox 997 1066 1844 1096; baseline 0.001 -5"><span class='ocrx_word' id='word_1_405' title='bbox 997 1067 1127 1096; x_wconf 84' lang='lat' dir='ltr'>matutini,</span> <span class='ocrx_word' id='word_1_406' title='bbox 1147 1074 1202 1092; x_wconf 90' lang='lat' dir='ltr'>cum</span> <span class='ocrx_word' id='word_1_407' title='bbox 1222 1067 1338 1092; x_wconf 83' lang='lat' dir='ltr'>Christus</span> <span class='ocrx_word' id='word_1_408' title='bbox 1357 1067 1521 1093; x_wconf 83' lang='lat' dir='ltr'>resurrexerit</span> <span class='ocrx_word' id='word_1_409' title='bbox 1545 1068 1589 1092; x_wconf 91' lang='lat' dir='ltr'>illa</span> <span class='ocrx_word' id='word_1_410' title='bbox 1608 1067 1670 1093; x_wconf 89' lang='lat' dir='ltr'>hora</span> <span class='ocrx_word' id='word_1_411' title='bbox 1681 1066 1698 1092; x_wconf 77' lang='lat'>⁹.</span> <span class='ocrx_word' id='word_1_412' title='bbox 1719 1068 1787 1092; x_wconf 86' lang='lat' dir='ltr'>Tunc</span> <span class='ocrx_word' id='word_1_413' title='bbox 1805 1068 1844 1092; x_wconf 85' lang='lat' dir='ltr'>est</span> 
     </span>
     <span class='ocr_line' id='line_1_58' title="bbox 997 1109 1842 1141; baseline 0 -7"><span class='ocrx_word' id='word_1_414' title='bbox 997 1110 1096 1140; x_wconf 88' lang='lat' dir='ltr'>tempus</span> <span class='ocrx_word' id='word_1_415' title='bbox 1116 1109 1255 1135; x_wconf 64' lang='lat' dir='ltr'>alliciendis</span> <span class='ocrx_word' id='word_1_416' title='bbox 1270 1110 1305 1134; x_wconf 76' lang='lat' dir='ltr'>ad</span> <span class='ocrx_word' id='word_1_417' title='bbox 1312 1111 1417 1141; x_wconf 70' lang='lat' dir='ltr'>petram</span> <span class='ocrx_word' id='word_1_418' title='bbox 1426 1110 1561 1141; x_wconf 67' lang='lat' dir='ltr'>parvulis,</span> <span class='ocrx_word' id='word_1_419' title='bbox 1575 1110 1761 1135; x_wconf 84' lang='lat' dir='ltr'>mortificandae</span> <span class='ocrx_word' id='word_1_420' title='bbox 1774 1110 1842 1135; x_wconf 89' lang='lat' dir='ltr'>carni</span> 
     </span>
     <span class='ocr_line' id='line_1_59' title="bbox 997 1151 1844 1184; baseline 0.001 -8"><span class='ocrx_word' id='word_1_421' title='bbox 997 1151 1023 1176; x_wconf 91' lang='lat' dir='ltr'>et</span> <span class='ocrx_word' id='word_1_422' title='bbox 1040 1151 1173 1177; x_wconf 89' lang='lat' dir='ltr'>recreando</span> <span class='ocrx_word' id='word_1_423' title='bbox 1192 1152 1293 1183; x_wconf 90' lang='lat' dir='ltr'>spiritui</span> <span class='ocrx_word' id='word_1_424' title='bbox 1312 1153 1487 1183; x_wconf 90' lang='lat' dir='ltr'>opportunum.</span> <span class='ocrx_word' id='word_1_425' title='bbox 1509 1153 1578 1178; x_wconf 88' lang='lat' dir='ltr'>Tunc</span> <span class='ocrx_word' id='word_1_426' title='bbox 1597 1153 1741 1184; x_wconf 84' lang='lat' dir='ltr'>spirituales</span> <span class='ocrx_word' id='word_1_427' title='bbox 1760 1153 1844 1177; x_wconf 84' lang='lat' dir='ltr'>avicu-</span> 
     </span>
     <span class='ocr_line' id='line_1_60' title="bbox 997 1194 1844 1226; baseline 0.001 -7"><span class='ocrx_word' id='word_1_428' title='bbox 997 1194 1036 1219; x_wconf 87' lang='lat' dir='ltr'>lae</span> <span class='ocrx_word' id='word_1_429' title='bbox 1048 1194 1143 1219; x_wconf 86' lang='lat' dir='ltr'>dulcem</span> <span class='ocrx_word' id='word_1_430' title='bbox 1156 1195 1207 1220; x_wconf 93' lang='lat' dir='ltr'>Deo</span> <span class='ocrx_word' id='word_1_431' title='bbox 1226 1196 1252 1220; x_wconf 86' lang='lat' dir='ltr'>in</span> <span class='ocrx_word' id='word_1_432' title='bbox 1270 1195 1350 1220; x_wconf 86' lang='lat' dir='ltr'>cordis</span> <span class='ocrx_word' id='word_1_433' title='bbox 1370 1202 1463 1226; x_wconf 88' lang='lat' dir='ltr'>organo</span> <span class='ocrx_word' id='word_1_434' title='bbox 1482 1195 1598 1220; x_wconf 86' lang='lat' dir='ltr'>exhibent</span> <span class='ocrx_word' id='word_1_435' title='bbox 1617 1195 1747 1220; x_wconf 84' lang='lat' dir='ltr'>melodiam</span> <span class='ocrx_word' id='word_1_436' title='bbox 1758 1194 1787 1220; x_wconf 80' lang='lat'>¹⁰.</span> <span class='ocrx_word' id='word_1_437' title='bbox 1804 1195 1844 1219; x_wconf 81' lang='lat' dir='ltr'>Ad</span> 
     </span>
     <span class='ocr_line' id='line_1_61' title="bbox 997 1236 1844 1269; baseline 0 -8"><span class='ocrx_word' id='word_1_438' title='bbox 997 1236 1057 1262; x_wconf 89' lang='lat' dir='ltr'>haec</span> <span class='ocrx_word' id='word_1_439' title='bbox 1075 1237 1101 1262; x_wconf 84' lang='lat' dir='ltr'>ct</span> <span class='ocrx_word' id='word_1_440' title='bbox 1119 1237 1182 1262; x_wconf 87' lang='lat' dir='ltr'>aliae</span> <span class='ocrx_word' id='word_1_441' title='bbox 1201 1238 1320 1269; x_wconf 89' lang='lat' dir='ltr'>temporis</span> <span class='ocrx_word' id='word_1_442' title='bbox 1340 1238 1365 1262; x_wconf 87' lang='lat' dir='ltr'>et</span> <span class='ocrx_word' id='word_1_443' title='bbox 1383 1238 1473 1269; x_wconf 87' lang='lat' dir='ltr'>quietis</span> <span class='ocrx_word' id='word_1_444' title='bbox 1492 1238 1706 1269; x_wconf 75' lang='lat' dir='ltr'>opportunitates,</span> <span class='ocrx_word' id='word_1_445' title='bbox 1726 1244 1788 1268; x_wconf 85' lang='lat' dir='ltr'>quae</span> <span class='ocrx_word' id='word_1_446' title='bbox 1808 1244 1844 1262; x_wconf 83' lang='lat' dir='ltr'>oc-</span> 
     </span>
     <span class='ocr_line' id='line_1_62' title="bbox 997 1280 1501 1312; baseline 0 -8"><span class='ocrx_word' id='word_1_447' title='bbox 997 1280 1116 1309; x_wconf 82' lang='lat' dir='ltr'>currunt,</span> <span class='ocrx_word' id='word_1_448' title='bbox 1136 1281 1235 1305; x_wconf 88' lang='lat' dir='ltr'>minime</span> <span class='ocrx_word' id='word_1_449' title='bbox 1253 1280 1416 1312; x_wconf 85' lang='lat' dir='ltr'>negligendae</span> <span class='ocrx_word' id='word_1_450' title='bbox 1434 1281 1501 1306; x_wconf 88' lang='lat' dir='ltr'>sunt.</span> 
     </span>
    </p>

    <p class='ocr_par' dir='ltr' id='par_1_25' title="bbox 996 1322 1845 1698">
     <span class='ocr_line' id='line_1_63' title="bbox 1067 1322 1842 1352; baseline -0.001 -4"><span class='ocrx_word' id='word_1_451' title='bbox 1067 1324 1093 1348; x_wconf 88' lang='lat'>4.</span> <span class='ocrx_word' id='word_1_452' title='bbox 1112 1323 1173 1348; x_wconf 89' lang='lat' dir='ltr'>Post</span> <span class='ocrx_word' id='word_1_453' title='bbox 1192 1323 1266 1348; x_wconf 88' lang='lat' dir='ltr'>horas</span> <span class='ocrx_word' id='word_1_454' title='bbox 1284 1324 1414 1348; x_wconf 85' lang='lat' dir='ltr'>canonicas</span> <span class='ocrx_word' id='word_1_455' title='bbox 1433 1331 1482 1348; x_wconf 90' lang='lat' dir='ltr'>non</span> <span class='ocrx_word' id='word_1_456' title='bbox 1496 1323 1582 1348; x_wconf 89' lang='lat' dir='ltr'>statim</span> <span class='ocrx_word' id='word_1_457' title='bbox 1596 1323 1730 1348; x_wconf 87' lang='lat' dir='ltr'>oratorium</span> <span class='ocrx_word' id='word_1_458' title='bbox 1745 1322 1842 1352; x_wconf 77' lang='lat' dir='ltr'>exeant,</span> 
     </span>
     <span class='ocr_line' id='line_1_64' title="bbox 998 1366 1842 1397; baseline -0.001 -6"><span class='ocrx_word' id='word_1_459' title='bbox 998 1366 1040 1391; x_wconf 87' lang='lat' dir='ltr'>sed</span> <span class='ocrx_word' id='word_1_460' title='bbox 1058 1367 1085 1391; x_wconf 87' lang='lat' dir='ltr'>in</span> <span class='ocrx_word' id='word_1_461' title='bbox 1104 1366 1214 1391; x_wconf 86' lang='lat' dir='ltr'>oratione</span> <span class='ocrx_word' id='word_1_462' title='bbox 1240 1366 1424 1397; x_wconf 84' lang='lat' dir='ltr'>aliquantulum</span> <span class='ocrx_word' id='word_1_463' title='bbox 1450 1366 1628 1395; x_wconf 85' lang='lat' dir='ltr'>subsistentes,</span> <span class='ocrx_word' id='word_1_464' title='bbox 1653 1366 1761 1397; x_wconf 86' lang='lat' dir='ltr'>qualiter</span> <span class='ocrx_word' id='word_1_465' title='bbox 1779 1372 1842 1397; x_wconf 89' lang='lat' dir='ltr'>opus</span> 
     </span>
     <span class='ocr_line' id='line_1_65' title="bbox 997 1409 1844 1441; baseline -0.001 -7"><span class='ocrx_word' id='word_1_466' title='bbox 997 1409 1042 1434; x_wconf 88' lang='lat' dir='ltr'>Dei</span> <span class='ocrx_word' id='word_1_467' title='bbox 1062 1409 1216 1441; x_wconf 81' lang='lat' dir='ltr'>peregerint,</span> <span class='ocrx_word' id='word_1_468' title='bbox 1236 1410 1359 1440; x_wconf 83' lang='lat' dir='ltr'>cogitent,</span> <span class='ocrx_word' id='word_1_469' title='bbox 1379 1417 1412 1434; x_wconf 86' lang='lat' dir='ltr'>an</span> <span class='ocrx_word' id='word_1_470' title='bbox 1439 1409 1528 1440; x_wconf 88' lang='lat' dir='ltr'>tepide,</span> <span class='ocrx_word' id='word_1_471' title='bbox 1552 1409 1592 1434; x_wconf 91' lang='lat' dir='ltr'>vel</span> <span class='ocrx_word' id='word_1_472' title='bbox 1618 1409 1759 1437; x_wconf 59' lang='lat' dir='ltr'>ferventem</span> <span class='ocrx_word' id='word_1_473' title='bbox 1782 1409 1844 1434; x_wconf 85' lang='lat' dir='ltr'>dese-</span> 
     </span>
     <span class='ocr_line' id='line_1_66' title="bbox 997 1451 1844 1483; baseline 0 -7"><span class='ocrx_word' id='word_1_474' title='bbox 997 1452 1060 1481; x_wconf 90' lang='lat' dir='ltr'>ctus,</span> <span class='ocrx_word' id='word_1_475' title='bbox 1081 1453 1102 1476; x_wconf 91' lang='lat' dir='ltr'>si</span> <span class='ocrx_word' id='word_1_476' title='bbox 1120 1459 1182 1483; x_wconf 90' lang='lat' dir='ltr'>quos</span> <span class='ocrx_word' id='word_1_477' title='bbox 1200 1452 1234 1477; x_wconf 91' lang='lat' dir='ltr'>ibi</span> <span class='ocrx_word' id='word_1_478' title='bbox 1258 1451 1439 1481; x_wconf 85' lang='lat' dir='ltr'>commiserint,</span> <span class='ocrx_word' id='word_1_479' title='bbox 1459 1451 1520 1477; x_wconf 87' lang='lat' dir='ltr'>tunc</span> <span class='ocrx_word' id='word_1_480' title='bbox 1546 1451 1677 1477; x_wconf 87' lang='lat' dir='ltr'>emendent</span> <span class='ocrx_word' id='word_1_481' title='bbox 1699 1452 1844 1483; x_wconf 84' lang='lat' dir='ltr'>gratiaeque</span> 
     </span>
     <span class='ocr_line' id='line_1_67' title="bbox 997 1494 1845 1526; baseline -0.001 -6"><span class='ocrx_word' id='word_1_482' title='bbox 997 1495 1134 1520; x_wconf 84' lang='lat' dir='ltr'>devotionis</span> <span class='ocrx_word' id='word_1_483' title='bbox 1153 1502 1178 1520; x_wconf 90' lang='lat' dir='ltr'>se</span> <span class='ocrx_word' id='word_1_484' title='bbox 1197 1495 1303 1520; x_wconf 86' lang='lat' dir='ltr'>offerant</span> <span class='ocrx_word' id='word_1_485' title='bbox 1322 1495 1501 1524; x_wconf 80' lang='lat' dir='ltr'>infundendae,</span> <span class='ocrx_word' id='word_1_486' title='bbox 1521 1502 1604 1526; x_wconf 90' lang='lat' dir='ltr'>quam,</span> <span class='ocrx_word' id='word_1_487' title='bbox 1624 1495 1645 1519; x_wconf 82' lang='lat' dir='ltr'>si</span> <span class='ocrx_word' id='word_1_488' title='bbox 1664 1495 1785 1520; x_wconf 84' lang='lat' dir='ltr'>Dominus</span> <span class='ocrx_word' id='word_1_489' title='bbox 1803 1494 1845 1519; x_wconf 81' lang='lat' dir='ltr'>de-</span> 
     </span>
     <span class='ocr_line' id='line_1_68' title="bbox 996 1536 1843 1569; baseline -0.002 -6"><span class='ocrx_word' id='word_1_490' title='bbox 996 1538 1074 1567; x_wconf 83' lang='lat' dir='ltr'>derit,</span> <span class='ocrx_word' id='word_1_491' title='bbox 1094 1545 1144 1563; x_wconf 88' lang='lat' dir='ltr'>non</span> <span class='ocrx_word' id='word_1_492' title='bbox 1162 1538 1295 1569; x_wconf 84' lang='lat' dir='ltr'>repellant.</span> <span class='ocrx_word' id='word_1_493' title='bbox 1313 1552 1349 1555; x_wconf 90' lang='lat'>——</span> <span class='ocrx_word' id='word_1_494' title='bbox 1366 1537 1420 1563; x_wconf 91' lang='lat' dir='ltr'>Hoc</span> <span class='ocrx_word' id='word_1_495' title='bbox 1438 1537 1522 1562; x_wconf 85' lang='lat' dir='ltr'>autem</span> <span class='ocrx_word' id='word_1_496' title='bbox 1541 1538 1566 1562; x_wconf 94' lang='lat' dir='ltr'>in</span> <span class='ocrx_word' id='word_1_497' title='bbox 1585 1538 1651 1562; x_wconf 88' lang='lat' dir='ltr'>omni</span> <span class='ocrx_word' id='word_1_498' title='bbox 1671 1537 1781 1562; x_wconf 87' lang='lat' dir='ltr'>oratione</span> <span class='ocrx_word' id='word_1_499' title='bbox 1800 1536 1843 1562; x_wconf 91' lang='lat' dir='ltr'>ob-</span> 
     </span>
     <span class='ocr_line' id='line_1_69' title="bbox 997 1580 1842 1612; baseline -0.002 -6"><span class='ocrx_word' id='word_1_500' title='bbox 997 1581 1111 1609; x_wconf 87' lang='lat' dir='ltr'>servent,</span> <span class='ocrx_word' id='word_1_501' title='bbox 1130 1581 1170 1606; x_wconf 85' lang='lat' dir='ltr'>vel</span> <span class='ocrx_word' id='word_1_502' title='bbox 1189 1581 1254 1612; x_wconf 89' lang='lat' dir='ltr'>quod</span> <span class='ocrx_word' id='word_1_503' title='bbox 1272 1581 1373 1606; x_wconf 88' lang='lat' dir='ltr'>orantes</span> <span class='ocrx_word' id='word_1_504' title='bbox 1392 1580 1478 1605; x_wconf 85' lang='lat' dir='ltr'>dicunt</span> <span class='ocrx_word' id='word_1_505' title='bbox 1496 1588 1525 1605; x_wconf 81' lang='lat' dir='ltr'>ex</span> <span class='ocrx_word' id='word_1_506' title='bbox 1537 1581 1619 1605; x_wconf 87' lang='lat' dir='ltr'>animo</span> <span class='ocrx_word' id='word_1_507' title='bbox 1636 1587 1733 1611; x_wconf 83' lang='lat' dir='ltr'>semper</span> <span class='ocrx_word' id='word_1_508' title='bbox 1746 1580 1842 1609; x_wconf 74' lang='lat' dir='ltr'>dicant,</span> 
     </span>
     <span class='ocr_line' id='line_1_70' title="bbox 997 1622 1843 1655; baseline 0.001 -6"><span class='ocrx_word' id='word_1_509' title='bbox 997 1632 1047 1649; x_wconf 89' lang='lat' dir='ltr'>non</span> <span class='ocrx_word' id='word_1_510' title='bbox 1066 1625 1130 1649; x_wconf 86' lang='lat' dir='ltr'>enim</span> <span class='ocrx_word' id='word_1_511' title='bbox 1150 1624 1264 1653; x_wconf 82' lang='lat' dir='ltr'>vocibus,</span> <span class='ocrx_word' id='word_1_512' title='bbox 1279 1624 1321 1649; x_wconf 89' lang='lat' dir='ltr'>sed</span> <span class='ocrx_word' id='word_1_513' title='bbox 1337 1624 1411 1648; x_wconf 86' lang='lat' dir='ltr'>rebus</span> <span class='ocrx_word' id='word_1_514' title='bbox 1430 1624 1515 1655; x_wconf 86' lang='lat' dir='ltr'>agitur</span> <span class='ocrx_word' id='word_1_515' title='bbox 1533 1623 1599 1654; x_wconf 88' lang='lat' dir='ltr'>apud</span> <span class='ocrx_word' id='word_1_516' title='bbox 1618 1623 1697 1648; x_wconf 84' lang='lat' dir='ltr'>Deum</span> <span class='ocrx_word' id='word_1_517' title='bbox 1709 1622 1738 1647; x_wconf 86' lang='lat'>¹¹.</span> <span class='ocrx_word' id='word_1_518' title='bbox 1757 1623 1843 1650; x_wconf 78' lang='lat' dir='ltr'>Porro.</span> 
     </span>
     <span class='ocr_line' id='line_1_71' title="bbox 997 1665 1844 1698; baseline -0.002 -6"><span class='ocrx_word' id='word_1_519' title='bbox 997 1668 1039 1698; x_wconf 89' lang='lat' dir='ltr'>qui</span> <span class='ocrx_word' id='word_1_520' title='bbox 1058 1667 1089 1692; x_wconf 83' lang='lat' dir='ltr'>ad</span> <span class='ocrx_word' id='word_1_521' title='bbox 1108 1667 1244 1692; x_wconf 85' lang='lat' dir='ltr'>orationem</span> <span class='ocrx_word' id='word_1_522' title='bbox 1263 1667 1302 1691; x_wconf 89' lang='lat' dir='ltr'>est</span> <span class='ocrx_word' id='word_1_523' title='bbox 1320 1667 1449 1698; x_wconf 80' lang='lat' dir='ltr'>negligens</span> <span class='ocrx_word' id='word_1_524' title='bbox 1470 1674 1528 1691; x_wconf 83' lang='lat' dir='ltr'>suae</span> <span class='ocrx_word' id='word_1_525' title='bbox 1550 1667 1667 1691; x_wconf 87' lang='lat' dir='ltr'>nimirum</span> <span class='ocrx_word' id='word_1_526' title='bbox 1686 1665 1844 1697; x_wconf 83' lang='lat' dir='ltr'>ingratitudi-</span> 
     </span>
    </p>
   </div>
   <div class='ocr_carea' id='block_1_23' title="bbox 1857 686 1982 752">
    <p class='ocr_par' dir='ltr' id='par_1_26' title="bbox 1857 686 1982 752">
     <span class='ocr_line' id='line_1_72' title="bbox 1857 686 1982 705; baseline 0 0"><span class='ocrx_word' id='word_1_527' title='bbox 1857 686 1884 705; x_wconf 83' lang='lat' dir='ltr'>De</span> <span class='ocrx_word' id='word_1_528' title='bbox 1897 686 1982 705; x_wconf 79' lang='lat' dir='ltr'>oratioue</span> 
     </span>
     <span class='ocr_line' id='line_1_73' title="bbox 1860 710 1982 752; baseline -0.008 -23"><span class='ocrx_word' id='word_1_529' title='bbox 1860 710 1982 752; x_wconf 55' lang='lat' dir='ltr'>sreqpignlan-</span> 
     </span>
    </p>
   </div>
   <div class='ocr_carea' id='block_1_24' title="bbox 1857 1323 1988 1342">
    <p class='ocr_par' dir='ltr' id='par_1_27' title="bbox 1857 1323 1988 1342">
     <span class='ocr_line' id='line_1_74' title="bbox 1857 1323 1988 1342; baseline 0 0"><span class='ocrx_word' id='word_1_530' title='bbox 1857 1323 1988 1342; x_wconf 66' lang='lat' dir='ltr'>Continentur.</span> 
     </span>
    </p>
   </div>
   <div class='ocr_carea' id='block_1_25' title="bbox 997 1705 1871 1741">
    <p class='ocr_par' dir='ltr' id='par_1_28' title="bbox 997 1705 1871 1741">
     <span class='ocr_line' id='line_1_75' title="bbox 997 1705 1871 1741; baseline -0.001 -7"><span class='ocrx_word' id='word_1_531' title='bbox 997 1710 1036 1734; x_wconf 92' lang='lat' dir='ltr'>nis</span> <span class='ocrx_word' id='word_1_532' title='bbox 1058 1710 1084 1734; x_wconf 88' lang='lat' dir='ltr'>et</span> <span class='ocrx_word' id='word_1_533' title='bbox 1110 1709 1250 1741; x_wconf 84' lang='lat' dir='ltr'>tepiditatis</span> <span class='ocrx_word' id='word_1_534' title='bbox 1278 1709 1317 1734; x_wconf 88' lang='lat' dir='ltr'>est</span> <span class='ocrx_word' id='word_1_535' title='bbox 1341 1709 1422 1734; x_wconf 84' lang='lat' dir='ltr'>testis.</span> <span class='ocrx_word' id='word_1_536' title='bbox 1441 1709 1548 1734; x_wconf 82' lang='lat' dir='ltr'>Frustra</span> <span class='ocrx_word' id='word_1_537' title='bbox 1567 1709 1692 1740; x_wconf 81' lang='lat' dir='ltr'>profectus</span> <span class='ocrx_word' id='word_1_538' title='bbox 1720 1709 1844 1734; x_wconf 88' lang='lat' dir='ltr'>virtutum</span> <span class='ocrx_word' id='word_1_539' title='bbox 1866 1705 1871 1709; x_wconf 77' lang='grc'><strong>’</strong></span> 
     </span>
    </p>
   </div>
   <div class='ocr_carea' id='block_1_26' title="bbox 996 1752 1845 2336">
    <p class='ocr_par' dir='ltr' id='par_1_29' title="bbox 997 1752 1323 1784">
     <span class='ocr_line' id='line_1_76' title="bbox 997 1752 1323 1784; baseline -0.003 -7"><span class='ocrx_word' id='word_1_540' title='bbox 997 1753 1050 1778; x_wconf 86' lang='lat' dir='ltr'>sine</span> <span class='ocrx_word' id='word_1_541' title='bbox 1069 1752 1180 1778; x_wconf 88' lang='lat' dir='ltr'>oratione</span> <span class='ocrx_word' id='word_1_542' title='bbox 1198 1753 1323 1784; x_wconf 87' lang='lat' dir='ltr'>speratur.</span> 
     </span>
    </p>

    <p class='ocr_par' dir='ltr' id='par_1_30' title="bbox 996 1794 1845 2336">
     <span class='ocr_line' id='line_1_77' title="bbox 1069 1794 1843 1826; baseline -0.003 -6"><span class='ocrx_word' id='word_1_543' title='bbox 1069 1796 1093 1820; x_wconf 87' lang='lat'>5.</span> <span class='ocrx_word' id='word_1_544' title='bbox 1112 1795 1151 1820; x_wconf 87' lang='lat' dir='ltr'>Ad</span> <span class='ocrx_word' id='word_1_545' title='bbox 1170 1803 1199 1820; x_wconf 91' lang='lat' dir='ltr'>ea</span> <span class='ocrx_word' id='word_1_546' title='bbox 1217 1795 1307 1826; x_wconf 75' lang='lat' dir='ltr'>igitur,</span> <span class='ocrx_word' id='word_1_547' title='bbox 1326 1802 1389 1826; x_wconf 88' lang='lat' dir='ltr'>quae</span> <span class='ocrx_word' id='word_1_548' title='bbox 1407 1794 1439 1819; x_wconf 88' lang='lat' dir='ltr'>ad</span> <span class='ocrx_word' id='word_1_549' title='bbox 1457 1794 1552 1820; x_wconf 88' lang='lat' dir='ltr'>cultum</span> <span class='ocrx_word' id='word_1_550' title='bbox 1572 1794 1617 1819; x_wconf 91' lang='lat' dir='ltr'>Dei</span> <span class='ocrx_word' id='word_1_551' title='bbox 1636 1794 1770 1825; x_wconf 85' lang='lat' dir='ltr'>pertinent,</span> <span class='ocrx_word' id='word_1_552' title='bbox 1790 1801 1843 1819; x_wconf 81' lang='lat' dir='ltr'>ma-</span> 
     </span>
     <span class='ocr_line' id='line_1_78' title="bbox 996 1837 1844 1870; baseline -0.002 -7"><span class='ocrx_word' id='word_1_553' title='bbox 996 1846 1048 1870; x_wconf 76' lang='lat' dir='ltr'>yno</span> <span class='ocrx_word' id='word_1_554' title='bbox 1067 1838 1141 1863; x_wconf 76' lang='lat' dir='ltr'>corde</span> <span class='ocrx_word' id='word_1_555' title='bbox 1152 1837 1172 1851; x_wconf 73' lang='lat'>¹²</span> <span class='ocrx_word' id='word_1_556' title='bbox 1191 1838 1217 1863; x_wconf 88' lang='lat' dir='ltr'>et</span> <span class='ocrx_word' id='word_1_557' title='bbox 1235 1838 1351 1869; x_wconf 89' lang='lat' dir='ltr'>prompto</span> <span class='ocrx_word' id='word_1_558' title='bbox 1363 1844 1464 1868; x_wconf 87' lang='lat' dir='ltr'>corpore</span> <span class='ocrx_word' id='word_1_559' title='bbox 1483 1838 1654 1869; x_wconf 86' lang='lat' dir='ltr'>accingantur.</span> <span class='ocrx_word' id='word_1_560' title='bbox 1674 1837 1713 1862; x_wconf 88' lang='lat' dir='ltr'>Ad</span> <span class='ocrx_word' id='word_1_561' title='bbox 1731 1837 1844 1861; x_wconf 89' lang='lat' dir='ltr'>divinum</span> 
     </span>
     <span class='ocr_line' id='line_1_79' title="bbox 998 1880 1845 1912; baseline -0.002 -6"><span class='ocrx_word' id='word_1_562' title='bbox 998 1881 1119 1911; x_wconf 86' lang='lat' dir='ltr'>Officium,</span> <span class='ocrx_word' id='word_1_563' title='bbox 1133 1881 1218 1906; x_wconf 85' lang='lat' dir='ltr'>audito</span> <span class='ocrx_word' id='word_1_564' title='bbox 1231 1881 1316 1912; x_wconf 85' lang='lat' dir='ltr'>signo,</span> <span class='ocrx_word' id='word_1_565' title='bbox 1330 1881 1417 1905; x_wconf 89' lang='lat' dir='ltr'>statim</span> <span class='ocrx_word' id='word_1_566' title='bbox 1430 1880 1544 1906; x_wconf 87' lang='lat' dir='ltr'>omnibus</span> <span class='ocrx_word' id='word_1_567' title='bbox 1557 1880 1758 1911; x_wconf 83' lang='lat' dir='ltr'>occupationibus</span> <span class='ocrx_word' id='word_1_568' title='bbox 1771 1880 1845 1905; x_wconf 89' lang='lat' dir='ltr'>omis-</span> 
     </span>
     <span class='ocr_line' id='line_1_80' title="bbox 998 1922 1843 1954; baseline -0.002 -5"><span class='ocrx_word' id='word_1_569' title='bbox 998 1924 1041 1954; x_wconf 86' lang='lat' dir='ltr'>sis,</span> <span class='ocrx_word' id='word_1_570' title='bbox 1060 1924 1204 1949; x_wconf 83' lang='lat' dir='ltr'>accelerent.</span> <span class='ocrx_word' id='word_1_571' title='bbox 1230 1923 1255 1948; x_wconf 89' lang='lat' dir='ltr'>Si</span> <span class='ocrx_word' id='word_1_572' title='bbox 1282 1924 1307 1948; x_wconf 88' lang='lat' dir='ltr'>iu</span> <span class='ocrx_word' id='word_1_573' title='bbox 1334 1923 1406 1948; x_wconf 85' lang='lat' dir='ltr'>lectis</span> <span class='ocrx_word' id='word_1_574' title='bbox 1432 1922 1541 1953; x_wconf 82' lang='lat' dir='ltr'>fuerint,</span> <span class='ocrx_word' id='word_1_575' title='bbox 1567 1923 1653 1948; x_wconf 84' lang='lat' dir='ltr'>statim</span> <span class='ocrx_word' id='word_1_576' title='bbox 1673 1922 1780 1954; x_wconf 83' lang='lat' dir='ltr'>surgant</span> <span class='ocrx_word' id='word_1_577' title='bbox 1799 1929 1843 1947; x_wconf 87' lang='lat' dir='ltr'>nec</span> 
     </span>
     <span class='ocr_line' id='line_1_81' title="bbox 998 1965 1843 1998; baseline -0.002 -6"><span class='ocrx_word' id='word_1_578' title='bbox 998 1967 1114 1992; x_wconf 85' lang='lat' dir='ltr'>ultimum</span> <span class='ocrx_word' id='word_1_579' title='bbox 1134 1967 1292 1998; x_wconf 87' lang='lat' dir='ltr'>aliquatenus</span> <span class='ocrx_word' id='word_1_580' title='bbox 1311 1967 1411 1997; x_wconf 86' lang='lat' dir='ltr'>signum</span> <span class='ocrx_word' id='word_1_581' title='bbox 1429 1966 1581 1997; x_wconf 82' lang='lat' dir='ltr'>exspectent.</span> <span class='ocrx_word' id='word_1_582' title='bbox 1600 1965 1717 1991; x_wconf 86' lang='lat' dir='ltr'>Oratione</span> <span class='ocrx_word' id='word_1_583' title='bbox 1736 1973 1843 1996; x_wconf 87' lang='lat' dir='ltr'>namque</span> 
     </span>
     <span class='ocr_line' id='line_1_82' title="bbox 998 2008 1844 2041; baseline -0.002 -6"><span class='ocrx_word' id='word_1_584' title='bbox 998 2010 1082 2041; x_wconf 88' lang='lat' dir='ltr'>aliqua</span> <span class='ocrx_word' id='word_1_585' title='bbox 1099 2010 1196 2035; x_wconf 83' lang='lat' dir='ltr'>utiliter</span> <span class='ocrx_word' id='word_1_586' title='bbox 1215 2009 1376 2041; x_wconf 87' lang='lat' dir='ltr'>praevenitur</span> <span class='ocrx_word' id='word_1_587' title='bbox 1389 2008 1511 2034; x_wconf 85' lang='lat' dir='ltr'>Officium.</span> <span class='ocrx_word' id='word_1_588' title='bbox 1531 2009 1577 2038; x_wconf 80' lang='lat' dir='ltr'>Qui</span> <span class='ocrx_word' id='word_1_589' title='bbox 1591 2009 1626 2034; x_wconf 90' lang='lat' dir='ltr'>sic</span> <span class='ocrx_word' id='word_1_590' title='bbox 1638 2016 1667 2033; x_wconf 85' lang='lat' dir='ltr'>ex</span> <span class='ocrx_word' id='word_1_591' title='bbox 1680 2008 1762 2034; x_wconf 87' lang='lat' dir='ltr'>studio</span> <span class='ocrx_word' id='word_1_592' title='bbox 1775 2016 1844 2040; x_wconf 81' lang='lat' dir='ltr'>prae-</span> 
     </span>
     <span class='ocr_line' id='line_1_83' title="bbox 998 2052 1845 2083; baseline -0.002 -5"><span class='ocrx_word' id='word_1_593' title='bbox 998 2053 1066 2078; x_wconf 87' lang='lat' dir='ltr'>venit</span> <span class='ocrx_word' id='word_1_594' title='bbox 1091 2054 1119 2078; x_wconf 70' lang='lat' dir='ltr'>in</span> <span class='ocrx_word' id='word_1_595' title='bbox 1139 2053 1353 2078; x_wconf 71' lang='lat' dir='ltr'>benedictionibus</span> <span class='ocrx_word' id='word_1_596' title='bbox 1372 2053 1482 2078; x_wconf 89' lang='lat' dir='ltr'>meretur</span> <span class='ocrx_word' id='word_1_597' title='bbox 1500 2052 1650 2083; x_wconf 68' lang='lat' dir='ltr'>dulcedinis,</span> <span class='ocrx_word' id='word_1_598' title='bbox 1665 2052 1689 2076; x_wconf 93' lang='lat' dir='ltr'>id</span> <span class='ocrx_word' id='word_1_599' title='bbox 1712 2052 1750 2077; x_wconf 87' lang='lat' dir='ltr'>est</span> <span class='ocrx_word' id='word_1_600' title='bbox 1767 2052 1845 2077; x_wconf 86' lang='lat' dir='ltr'>maio-</span> 
     </span>
     <span class='ocr_line' id='line_1_84' title="bbox 998 2095 1844 2128; baseline -0.004 -6"><span class='ocrx_word' id='word_1_601' title='bbox 998 2097 1033 2122; x_wconf 85' lang='lat' dir='ltr'>ris</span> <span class='ocrx_word' id='word_1_602' title='bbox 1051 2097 1189 2122; x_wconf 81' lang='lat' dir='ltr'>devotionis</span> <span class='ocrx_word' id='word_1_603' title='bbox 1216 2097 1242 2121; x_wconf 92' lang='lat' dir='ltr'>et</span> <span class='ocrx_word' id='word_1_604' title='bbox 1268 2096 1379 2128; x_wconf 83' lang='lat' dir='ltr'>gratiae,</span> <span class='ocrx_word' id='word_1_605' title='bbox 1398 2096 1430 2121; x_wconf 90' lang='lat' dir='ltr'>ad</span> <span class='ocrx_word' id='word_1_606' title='bbox 1449 2096 1528 2127; x_wconf 86' lang='lat' dir='ltr'>ipsius</span> <span class='ocrx_word' id='word_1_607' title='bbox 1546 2095 1726 2121; x_wconf 81' lang='lat' dir='ltr'>exsecutionem</span> <span class='ocrx_word' id='word_1_608' title='bbox 1740 2101 1844 2126; x_wconf 70' lang='lat' dir='ltr'>praere-</span> 
     </span>
     <span class='ocr_line' id='line_1_85' title="bbox 997 2137 1842 2168; baseline -0.002 -4"><span class='ocrx_word' id='word_1_609' title='bbox 997 2140 1053 2165; x_wconf 70' lang='lat' dir='ltr'>m&#39;ri</span> <span class='ocrx_word' id='word_1_610' title='bbox 1064 2138 1093 2164; x_wconf 80' lang='lat'>²³.</span> <span class='ocrx_word' id='word_1_611' title='bbox 1113 2139 1249 2164; x_wconf 86' lang='lat' dir='ltr'>Ecclesiam</span> <span class='ocrx_word' id='word_1_612' title='bbox 1267 2139 1402 2168; x_wconf 87' lang='lat' dir='ltr'>intraturi,</span> <span class='ocrx_word' id='word_1_613' title='bbox 1415 2145 1519 2168; x_wconf 86' lang='lat' dir='ltr'>manus,</span> <span class='ocrx_word' id='word_1_614' title='bbox 1539 2139 1560 2163; x_wconf 90' lang='lat' dir='ltr'>si</span> <span class='ocrx_word' id='word_1_615' title='bbox 1579 2145 1676 2163; x_wconf 87' lang='lat' dir='ltr'>necesse</span> <span class='ocrx_word' id='word_1_616' title='bbox 1694 2137 1842 2166; x_wconf 82' lang='lat' dir='ltr'>habuerint,</span> 
     </span>
     <span class='ocr_line' id='line_1_86' title="bbox 997 2180 1844 2213; baseline -0.002 -6"><span class='ocrx_word' id='word_1_617' title='bbox 997 2182 1092 2207; x_wconf 90' lang='lat' dir='ltr'>lavent.</span> <span class='ocrx_word' id='word_1_618' title='bbox 1111 2182 1212 2211; x_wconf 85' lang='lat' dir='ltr'>Vestes,</span> <span class='ocrx_word' id='word_1_619' title='bbox 1232 2183 1337 2207; x_wconf 83' lang='lat' dir='ltr'>maxime</span> <span class='ocrx_word' id='word_1_620' title='bbox 1364 2182 1390 2207; x_wconf 88' lang='lat' dir='ltr'>in</span> <span class='ocrx_word' id='word_1_621' title='bbox 1417 2181 1469 2211; x_wconf 87' lang='lat' dir='ltr'>die,</span> <span class='ocrx_word' id='word_1_622' title='bbox 1500 2181 1614 2213; x_wconf 86' lang='lat' dir='ltr'>religiose</span> <span class='ocrx_word' id='word_1_623' title='bbox 1632 2180 1794 2212; x_wconf 87' lang='lat' dir='ltr'>componant,</span> <span class='ocrx_word' id='word_1_624' title='bbox 1814 2188 1844 2205; x_wconf 91' lang='lat' dir='ltr'>ne</span> 
     </span>
     <span class='ocr_line' id='line_1_87' title="bbox 998 2223 1845 2250; baseline -0.002 0"><span class='ocrx_word' id='word_1_625' title='bbox 998 2225 1163 2250; x_wconf 87' lang='lat' dir='ltr'>irreverenter</span> <span class='ocrx_word' id='word_1_626' title='bbox 1181 2225 1226 2250; x_wconf 86' lang='lat' dir='ltr'>aut</span> <span class='ocrx_word' id='word_1_627' title='bbox 1244 2225 1384 2250; x_wconf 87' lang='lat' dir='ltr'>indecenter</span> <span class='ocrx_word' id='word_1_628' title='bbox 1402 2224 1530 2250; x_wconf 85' lang='lat' dir='ltr'>introeant</span> <span class='ocrx_word' id='word_1_629' title='bbox 1547 2224 1631 2249; x_wconf 88' lang='lat' dir='ltr'>aulam</span> <span class='ocrx_word' id='word_1_630' title='bbox 1651 2224 1703 2248; x_wconf 90' lang='lat' dir='ltr'>Dei.</span> <span class='ocrx_word' id='word_1_631' title='bbox 1722 2223 1754 2248; x_wconf 92' lang='lat' dir='ltr'>In</span> <span class='ocrx_word' id='word_1_632' title='bbox 1773 2223 1845 2248; x_wconf 85' lang='lat' dir='ltr'>eccle-</span> 
     </span>
     <span class='ocr_line' id='line_1_88' title="bbox 999 2266 1845 2299; baseline -0.002 -7"><span class='ocrx_word' id='word_1_633' title='bbox 999 2269 1035 2292; x_wconf 92' lang='lat' dir='ltr'>sia</span> <span class='ocrx_word' id='word_1_634' title='bbox 1054 2268 1105 2293; x_wconf 91' lang='lat' dir='ltr'>Deo</span> <span class='ocrx_word' id='word_1_635' title='bbox 1125 2268 1274 2299; x_wconf 85' lang='lat' dir='ltr'>psallentes,</span> <span class='ocrx_word' id='word_1_636' title='bbox 1295 2267 1436 2292; x_wconf 89' lang='lat' dir='ltr'>Creatorem</span> <span class='ocrx_word' id='word_1_637' title='bbox 1456 2274 1527 2291; x_wconf 89' lang='lat' dir='ltr'>suum</span> <span class='ocrx_word' id='word_1_638' title='bbox 1548 2266 1608 2291; x_wconf 87' lang='lat' dir='ltr'>totis</span> <span class='ocrx_word' id='word_1_639' title='bbox 1627 2266 1722 2291; x_wconf 88' lang='lat' dir='ltr'>viribus</span> <span class='ocrx_word' id='word_1_640' title='bbox 1741 2273 1795 2290; x_wconf 91' lang='lat' dir='ltr'>cum</span> <span class='ocrx_word' id='word_1_641' title='bbox 1809 2273 1845 2290; x_wconf 81' lang='lat' dir='ltr'>re-</span> 
     </span>
     <span class='ocr_line' id='line_1_89' title="bbox 998 2310 1341 2336; baseline -0.003 -1"><span class='ocrx_word' id='word_1_642' title='bbox 998 2311 1110 2336; x_wconf 86' lang='lat' dir='ltr'>verentia</span> <span class='ocrx_word' id='word_1_643' title='bbox 1129 2310 1211 2335; x_wconf 85' lang='lat' dir='ltr'>debita</span> <span class='ocrx_word' id='word_1_644' title='bbox 1230 2310 1341 2335; x_wconf 88' lang='lat' dir='ltr'>laudent.</span> 
     </span>
    </p>
   </div>
   <div class='ocr_carea' id='block_1_27' title="bbox 722 2405 1226 2409">
    <p class='ocr_par' dir='ltr' id='par_1_31' title="bbox 722 2405 1226 2409">
     <span class='ocr_line' id='line_1_90' title="bbox 722 2405 1226 2409; baseline 0 0"><span class='ocrx_word' id='word_1_645' title='bbox 722 2405 1226 2409; x_wconf 95' lang='lat' dir='ltr'> </span> 
     </span>
    </p>
   </div>
   <div class='ocr_carea' id='block_1_28' title="bbox 101 2471 945 3031">
    <p class='ocr_par' dir='ltr' id='par_1_32' title="bbox 101 2471 944 2534">
     <span class='ocr_line' id='line_1_91' title="bbox 162 2471 944 2501; baseline -0.003 -4"><span class='ocrx_word' id='word_1_646' title='bbox 162 2474 170 2487; x_wconf 89' lang='lat'><strong>¹</strong></span> <span class='ocrx_word' id='word_1_647' title='bbox 187 2474 261 2498; x_wconf 87' lang='lat' dir='ltr'>Codd.</span> <span class='ocrx_word' id='word_1_648' title='bbox 274 2474 290 2496; x_wconf 88' lang='lat' dir='ltr'>C</span> <span class='ocrx_word' id='word_1_649' title='bbox 300 2474 317 2496; x_wconf 88' lang='lat' dir='ltr'>D</span> <span class='ocrx_word' id='word_1_650' title='bbox 326 2475 343 2496; x_wconf 88' lang='lat' dir='ltr'>E</span> <span class='ocrx_word' id='word_1_651' title='bbox 354 2476 376 2496; x_wconf 81' lang='lat' dir='ltr'>et</span> <span class='ocrx_word' id='word_1_652' title='bbox 387 2474 425 2496; x_wconf 84' lang='lat' dir='ltr'>ed.</span> <span class='ocrx_word' id='word_1_653' title='bbox 441 2474 446 2495; x_wconf 90' lang='grc'>1</span> <span class='ocrx_word' id='word_1_654' title='bbox 463 2475 509 2501; x_wconf 80' lang='lat' dir='ltr'>est,</span> <span class='ocrx_word' id='word_1_655' title='bbox 522 2473 574 2496; x_wconf 82' lang='lat' dir='ltr'>Vat.</span> <span class='ocrx_word' id='word_1_656' title='bbox 591 2473 660 2500; x_wconf 75' lang='lat' dir='ltr'>legit:</span> <span class='ocrx_word' id='word_1_657' title='bbox 672 2473 697 2496; x_wconf 88' lang='lat' dir='ltr'>S.</span> <span class='ocrx_word' id='word_1_658' title='bbox 709 2473 796 2496; x_wconf 67' lang='lat' dir='ltr'>Bonan.</span> <span class='ocrx_word' id='word_1_659' title='bbox 810 2471 893 2496; x_wconf 67' lang='lat' dir='ltr'>ezr-imit*</span> <span class='ocrx_word' id='word_1_660' title='bbox 903 2472 944 2496; x_wconf 86' lang='lat' dir='ltr'>Ec-</span> 
     </span>
     <span class='ocr_line' id='line_1_92' title="bbox 101 2504 786 2534; baseline -0.004 -5"><span class='ocrx_word' id='word_1_661' title='bbox 101 2505 183 2529; x_wconf 77' lang='lat' dir='ltr'>clesiae</span> <span class='ocrx_word' id='word_1_662' title='bbox 200 2505 307 2529; x_wconf 78' lang='lat' dir='ltr'>Doctoris</span> <span class='ocrx_word' id='word_1_663' title='bbox 325 2504 420 2534; x_wconf 73' lang='lat' dir='ltr'>Speculi</span> <span class='ocrx_word' id='word_1_664' title='bbox 436 2504 468 2527; x_wconf 78' lang='lat' dir='ltr'>ml</span> <span class='ocrx_word' id='word_1_665' title='bbox 483 2504 583 2528; x_wconf 70' lang='lat' dir='ltr'>novicios</span> <span class='ocrx_word' id='word_1_666' title='bbox 598 2510 658 2533; x_wconf 80' lang='lat' dir='ltr'>pars</span> <span class='ocrx_word' id='word_1_667' title='bbox 674 2504 786 2527; x_wconf 75' lang='lat' dir='ltr'>secunda.</span> 
     </span>
    </p>

    <p class='ocr_par' dir='ltr' id='par_1_33' title="bbox 101 2533 943 2596">
     <span class='ocr_line' id='line_1_93' title="bbox 163 2533 943 2565; baseline -0.004 -6"><span class='ocrx_word' id='word_1_668' title='bbox 163 2536 173 2549; x_wconf 81' lang='lat'><strong>²</strong></span> <span class='ocrx_word' id='word_1_669' title='bbox 190 2537 234 2560; x_wconf 78' lang='lat' dir='ltr'>Csr.</span> <span class='ocrx_word' id='word_1_670' title='bbox 252 2542 322 2565; x_wconf 79' lang='lat' dir='ltr'>supra</span> <span class='ocrx_word' id='word_1_671' title='bbox 341 2537 430 2564; x_wconf 77' lang='lat' dir='ltr'>Prolog.</span> <span class='ocrx_word' id='word_1_672' title='bbox 446 2543 469 2558; x_wconf 93' lang='lat' dir='ltr'>n.</span> <span class='ocrx_word' id='word_1_673' title='bbox 487 2537 509 2558; x_wconf 81' lang='lat'>5.</span> <span class='ocrx_word' id='word_1_674' title='bbox 525 2549 556 2551; x_wconf 97' lang='lat'><strong>—</strong></span> <span class='ocrx_word' id='word_1_675' title='bbox 573 2536 614 2558; x_wconf 82' lang='lat' dir='ltr'>Ed.</span> <span class='ocrx_word' id='word_1_676' title='bbox 631 2536 644 2557; x_wconf 77' lang='lat'>2</span> <span class='ocrx_word' id='word_1_677' title='bbox 662 2536 714 2558; x_wconf 81' lang='lat' dir='ltr'>voci</span> <span class='ocrx_word' id='word_1_678' title='bbox 736 2533 869 2564; x_wconf 74' lang='lat' dir='ltr'>Principalz‘</span> <span class='ocrx_word' id='word_1_679' title='bbox 884 2535 943 2556; x_wconf 83' lang='lat' dir='ltr'>lianc</span> 
     </span>
     <span class='ocr_line' id='line_1_94' title="bbox 101 2566 765 2596; baseline -0.002 -6"><span class='ocrx_word' id='word_1_680' title='bbox 101 2567 216 2591; x_wconf 79' lang='lat' dir='ltr'>rubricam</span> <span class='ocrx_word' id='word_1_681' title='bbox 234 2568 360 2596; x_wconf 74' lang='lat' dir='ltr'>praemittit</span> <span class='ocrx_word' id='word_1_682' title='bbox 376 2568 409 2590; x_wconf 78' lang='lat' dir='ltr'>De</span> <span class='ocrx_word' id='word_1_683' title='bbox 425 2567 501 2596; x_wconf 77' lang='lat' dir='ltr'>partis</span> <span class='ocrx_word' id='word_1_684' title='bbox 519 2566 593 2596; x_wconf 72' lang='lat' dir='ltr'>ipsius</span> <span class='ocrx_word' id='word_1_685' title='bbox 610 2566 765 2590; x_wconf 72' lang='lat' dir='ltr'>distinctione.</span> 
     </span>
    </p>

    <p class='ocr_par' dir='ltr' id='par_1_34' title="bbox 101 2597 944 2654">
     <span class='ocr_line' id='line_1_95' title="bbox 158 2597 944 2653; baseline -0.004 -31"><span class='ocrx_word' id='word_1_686' title='bbox 158 2598 264 2653; x_wconf 49' lang='lat' dir='ltr'>{Codd</span> <span class='ocrx_word' id='word_1_687' title='bbox 281 2600 298 2622; x_wconf 88' lang='lat' dir='ltr'>C</span> <span class='ocrx_word' id='word_1_688' title='bbox 309 2600 326 2622; x_wconf 84' lang='lat' dir='ltr'>D</span> <span class='ocrx_word' id='word_1_689' title='bbox 337 2600 353 2621; x_wconf 84' lang='grc' dir='ltr'>Ε</span> <span class='ocrx_word' id='word_1_690' title='bbox 369 2599 401 2622; x_wconf 81' lang='lat' dir='ltr'>De</span> <span class='ocrx_word' id='word_1_691' title='bbox 417 2598 509 2628; x_wconf 76' lang='lat' dir='ltr'>primo,</span> <span class='ocrx_word' id='word_1_692' title='bbox 531 2597 619 2621; x_wconf 71' lang='lat' dir='ltr'>scilic-et</span> <span class='ocrx_word' id='word_1_693' title='bbox 643 2597 671 2620; x_wconf 80' lang='lat' dir='ltr'>de</span> <span class='ocrx_word' id='word_1_694' title='bbox 695 2597 845 2620; x_wconf 77' lang='lat' dir='ltr'>ordinatione</span> <span class='ocrx_word' id='word_1_695' title='bbox 868 2603 944 2626; x_wconf 78' lang='lat' dir='ltr'>respe-</span> 
     </span>
     <span class='ocr_line' id='line_1_96' title="bbox 101 2630 206 2654; baseline -0.019 0"><span class='ocrx_word' id='word_1_696' title='bbox 101 2631 142 2654; x_wconf 79' lang='lat' dir='ltr'>clu</span> <span class='ocrx_word' id='word_1_697' title='bbox 179 2630 206 2653; x_wconf 86' lang='lat' dir='ltr'>ei.</span> 
     </span>
    </p>

    <p class='ocr_par' dir='ltr' id='par_1_35' title="bbox 101 2659 944 2746">
     <span class='ocr_line' id='line_1_97' title="bbox 163 2659 944 2689; baseline -0.003 -5"><span class='ocrx_word' id='word_1_698' title='bbox 163 2661 173 2674; x_wconf 81' lang='lat'>¹</span> <span class='ocrx_word' id='word_1_699' title='bbox 190 2662 272 2684; x_wconf 79' lang='lat' dir='ltr'>Psalni.</span> <span class='ocrx_word' id='word_1_700' title='bbox 290 2661 348 2688; x_wconf 69' lang='lat'>⁴18,</span> <span class='ocrx_word' id='word_1_701' title='bbox 367 2661 417 2683; x_wconf 72' lang='lat'>106.</span> <span class='ocrx_word' id='word_1_702' title='bbox 435 2673 466 2677; x_wconf 96' lang='lat'><strong>—</strong></span> <span class='ocrx_word' id='word_1_703' title='bbox 481 2661 593 2689; x_wconf 84' lang='lat' dir='ltr'>Superius</span> <span class='ocrx_word' id='word_1_704' title='bbox 615 2660 666 2682; x_wconf 77' lang='lat' dir='ltr'>voci</span> <span class='ocrx_word' id='word_1_705' title='bbox 691 2659 792 2689; x_wconf 65' lang='lat' dir='ltr'>super-ni</span> <span class='ocrx_word' id='word_1_706' title='bbox 807 2659 824 2681; x_wconf 88' lang='grc' dir='ltr'>Α</span> <span class='ocrx_word' id='word_1_707' title='bbox 841 2659 906 2682; x_wconf 81' lang='lat' dir='ltr'>addit</span> <span class='ocrx_word' id='word_1_708' title='bbox 922 2660 944 2682; x_wconf 80' lang='lat' dir='ltr'>el</span> 
     </span>
     <span class='ocr_line' id='line_1_98' title="bbox 101 2690 943 2720; baseline -0.004 -5"><span class='ocrx_word' id='word_1_709' title='bbox 101 2692 204 2719; x_wconf 78' lang='lat' dir='ltr'>aeterni,</span> <span class='ocrx_word' id='word_1_710' title='bbox 221 2693 258 2715; x_wconf 90' lang='lat' dir='ltr'>ed.</span> <span class='ocrx_word' id='word_1_711' title='bbox 275 2693 289 2715; x_wconf 76' lang='lat'>2</span> <span class='ocrx_word' id='word_1_712' title='bbox 306 2693 361 2720; x_wconf 78' lang='lat' dir='ltr'>legit</span> <span class='ocrx_word' id='word_1_713' title='bbox 376 2692 466 2715; x_wconf 76' lang='lat' dir='ltr'>summi</span> <span class='ocrx_word' id='word_1_714' title='bbox 481 2693 503 2715; x_wconf 78' lang='lat' dir='ltr'>et</span> <span class='ocrx_word' id='word_1_715' title='bbox 519 2690 622 2719; x_wconf 76' lang='lat' dir='ltr'>aeterni,</span> <span class='ocrx_word' id='word_1_716' title='bbox 640 2697 682 2719; x_wconf 84' lang='lat' dir='ltr'>pro</span> <span class='ocrx_word' id='word_1_717' title='bbox 706 2690 804 2714; x_wconf 67' lang='lat' dir='ltr'>militiaew</span> <span class='ocrx_word' id='word_1_718' title='bbox 821 2691 873 2713; x_wconf 78' lang='lat' dir='ltr'>vat.</span> <span class='ocrx_word' id='word_1_719' title='bbox 889 2696 943 2713; x_wconf 86' lang='lat' dir='ltr'>cum</span> 
     </span>
     <span class='ocr_line' id='line_1_99' title="bbox 101 2723 279 2746; baseline 0 0"><span class='ocrx_word' id='word_1_720' title='bbox 101 2723 140 2746; x_wconf 85' lang='lat' dir='ltr'>ed.</span> <span class='ocrx_word' id='word_1_721' title='bbox 158 2724 165 2745; x_wconf 79' lang='grc' dir='ltr'>Ι</span> <span class='ocrx_word' id='word_1_722' title='bbox 185 2723 279 2746; x_wconf 66' lang='lat' dir='ltr'>militm.</span> 
     </span>
    </p>

    <p class='ocr_par' dir='ltr' id='par_1_36' title="bbox 165 2753 383 2777">
     <span class='ocr_line' id='line_1_100' title="bbox 165 2753 383 2777; baseline 0 0"><span class='ocrx_word' id='word_1_723' title='bbox 165 2755 175 2770; x_wconf 82' lang='lat'><strong>⁵</strong></span> <span class='ocrx_word' id='word_1_724' title='bbox 190 2755 230 2777; x_wconf 85' lang='lat' dir='ltr'>Ed.</span> <span class='ocrx_word' id='word_1_725' title='bbox 249 2756 262 2777; x_wconf 78' lang='lat'><strong>2</strong></span> <span class='ocrx_word' id='word_1_726' title='bbox 283 2753 383 2777; x_wconf 79' lang='lat' dir='ltr'>Domini.</span> 
     </span>
    </p>

    <p class='ocr_par' dir='ltr' id='par_1_37' title="bbox 102 2783 944 2971">
     <span class='ocr_line' id='line_1_101' title="bbox 163 2783 944 2814; baseline -0.004 -6"><span class='ocrx_word' id='word_1_727' title='bbox 163 2784 175 2798; x_wconf 60' lang='grc' dir='ltr'><strong>θ</strong></span> <span class='ocrx_word' id='word_1_728' title='bbox 191 2787 213 2808; x_wconf 87' lang='lat' dir='ltr'>ln</span> <span class='ocrx_word' id='word_1_729' title='bbox 230 2786 356 2814; x_wconf 76' lang='lat' dir='ltr'>opusculo,</span> <span class='ocrx_word' id='word_1_730' title='bbox 372 2786 410 2808; x_wconf 87' lang='lat' dir='ltr'>cui</span> <span class='ocrx_word' id='word_1_731' title='bbox 428 2785 517 2808; x_wconf 74' lang='lat' dir='ltr'>titulus:</span> <span class='ocrx_word' id='word_1_732' title='bbox 535 2785 602 2807; x_wconf 85' lang='lat' dir='ltr'>Varia</span> <span class='ocrx_word' id='word_1_733' title='bbox 615 2787 637 2807; x_wconf 77' lang='lat' dir='ltr'>ct</span> <span class='ocrx_word' id='word_1_734' title='bbox 649 2784 728 2806; x_wconf 69' lang='lat' dir='ltr'>brevia</span> <span class='ocrx_word' id='word_1_735' title='bbox 745 2784 883 2807; x_wconf 80' lang='lat' dir='ltr'>documenta</span> <span class='ocrx_word' id='word_1_736' title='bbox 906 2783 944 2811; x_wconf 87' lang='lat' dir='ltr'>pie</span> 
     </span>
     <span class='ocr_line' id='line_1_102' title="bbox 102 2815 944 2845; baseline -0.002 -6"><span class='ocrx_word' id='word_1_737' title='bbox 102 2822 142 2839; x_wconf 77' lang='lat' dir='ltr'>seu</span> <span class='ocrx_word' id='word_1_738' title='bbox 153 2817 260 2845; x_wconf 76' lang='lat' dir='ltr'>religiose</span> <span class='ocrx_word' id='word_1_739' title='bbox 272 2817 365 2840; x_wconf 75' lang='lat' dir='ltr'>vivendi</span> <span class='ocrx_word' id='word_1_740' title='bbox 379 2817 446 2843; x_wconf 74' lang='lat' dir='ltr'>(inter</span> <span class='ocrx_word' id='word_1_741' title='bbox 457 2823 526 2844; x_wconf 84' lang='lat' dir='ltr'>opera</span> <span class='ocrx_word' id='word_1_742' title='bbox 546 2816 665 2844; x_wconf 81' lang='lat' dir='ltr'>Bernardi)</span> <span class='ocrx_word' id='word_1_743' title='bbox 679 2822 700 2837; x_wconf 91' lang='lat' dir='ltr'>u.</span> <span class='ocrx_word' id='word_1_744' title='bbox 716 2817 722 2837; x_wconf 81' lang='lat' dir='ltr'>l</span> <span class='ocrx_word' id='word_1_745' title='bbox 734 2823 739 2838; x_wconf 78' lang='lat' dir='ltr'><strong><em>z</em></strong></span> <span class='ocrx_word' id='word_1_746' title='bbox 757 2815 874 2844; x_wconf 83' lang='lat' dir='ltr'>Quidquid</span> <span class='ocrx_word' id='word_1_747' title='bbox 892 2821 944 2837; x_wconf 88' lang='lat' dir='ltr'>con-</span> 
     </span>
     <span class='ocr_line' id='line_1_103' title="bbox 102 2846 943 2877; baseline -0.002 -7"><span class='ocrx_word' id='word_1_748' title='bbox 102 2847 174 2876; x_wconf 74' lang='lat' dir='ltr'>tingat</span> <span class='ocrx_word' id='word_1_749' title='bbox 189 2848 230 2870; x_wconf 81' lang='lat' dir='ltr'>ubi</span> <span class='ocrx_word' id='word_1_750' title='bbox 247 2848 283 2870; x_wconf 70' lang='lat' dir='ltr'>vei</span> <span class='ocrx_word' id='word_1_751' title='bbox 300 2848 335 2870; x_wconf 86' lang='lat' dir='ltr'>alii</span> <span class='ocrx_word' id='word_1_752' title='bbox 361 2851 566 2877; x_wconf 82' lang='lat' dir='ltr'>quantumcunque</span> <span class='ocrx_word' id='word_1_753' title='bbox 583 2847 713 2874; x_wconf 79' lang='lat' dir='ltr'>coniuncto,</span> <span class='ocrx_word' id='word_1_754' title='bbox 729 2853 775 2869; x_wconf 82' lang='lat' dir='ltr'>non</span> <span class='ocrx_word' id='word_1_755' title='bbox 792 2852 869 2872; x_wconf 88' lang='lat' dir='ltr'>cures,</span> <span class='ocrx_word' id='word_1_756' title='bbox 886 2848 909 2868; x_wconf 79' lang='lat' dir='ltr'>ct</span> <span class='ocrx_word' id='word_1_757' title='bbox 925 2846 943 2868; x_wconf 89' lang='lat' dir='ltr'>si</span> 
     </span>
     <span class='ocr_line' id='line_1_104' title="bbox 103 2877 944 2907; baseline -0.004 -5"><span class='ocrx_word' id='word_1_758' title='bbox 103 2881 138 2902; x_wconf 74' lang='lat' dir='ltr'>eut</span> <span class='ocrx_word' id='word_1_759' title='bbox 153 2879 291 2906; x_wconf 76' lang='lat' dir='ltr'>adversum,</span> <span class='ocrx_word' id='word_1_760' title='bbox 308 2885 355 2901; x_wconf 90' lang='lat' dir='ltr'>non</span> <span class='ocrx_word' id='word_1_761' title='bbox 380 2879 487 2907; x_wconf 73' lang='lat' dir='ltr'>tristeris3</span> <span class='ocrx_word' id='word_1_762' title='bbox 504 2879 523 2901; x_wconf 83' lang='lat' dir='ltr'>si</span> <span class='ocrx_word' id='word_1_763' title='bbox 548 2882 583 2901; x_wconf 79' lang='lat' dir='ltr'>est</span> <span class='ocrx_word' id='word_1_764' title='bbox 605 2884 755 2906; x_wconf 80' lang='lat' dir='ltr'>prosperum,</span> <span class='ocrx_word' id='word_1_765' title='bbox 781 2884 826 2900; x_wconf 90' lang='lat' dir='ltr'>non</span> <span class='ocrx_word' id='word_1_766' title='bbox 843 2877 944 2904; x_wconf 78' lang='lat' dir='ltr'>laeteris,</span> 
     </span>
     <span class='ocr_line' id='line_1_105' title="bbox 102 2907 944 2939; baseline -0.004 -6"><span class='ocrx_word' id='word_1_767' title='bbox 102 2910 144 2932; x_wconf 75' lang='lat' dir='ltr'>sed</span> <span class='ocrx_word' id='word_1_768' title='bbox 161 2913 233 2933; x_wconf 70' lang='lat' dir='ltr'>lotum</span> <span class='ocrx_word' id='word_1_769' title='bbox 250 2911 305 2933; x_wconf 79' lang='lat' dir='ltr'>nihil</span> <span class='ocrx_word' id='word_1_770' title='bbox 322 2913 378 2939; x_wconf 78' lang='lat' dir='ltr'>puta</span> <span class='ocrx_word' id='word_1_771' title='bbox 393 2913 417 2933; x_wconf 73' lang='lat' dir='ltr'>et</span> <span class='ocrx_word' id='word_1_772' title='bbox 441 2910 509 2932; x_wconf 90' lang='lat' dir='ltr'>lauda</span> <span class='ocrx_word' id='word_1_773' title='bbox 535 2910 615 2932; x_wconf 84' lang='lat' dir='ltr'>Deum.</span> <span class='ocrx_word' id='word_1_774' title='bbox 632 2921 664 2926; x_wconf 89' lang='lat'><strong>—</strong></span> <span class='ocrx_word' id='word_1_775' title='bbox 684 2909 796 2937; x_wconf 83' lang='lat' dir='ltr'>Superius</span> <span class='ocrx_word' id='word_1_776' title='bbox 813 2914 855 2936; x_wconf 88' lang='lat' dir='ltr'>pro</span> <span class='ocrx_word' id='word_1_777' title='bbox 875 2907 944 2937; x_wconf 80' lang='lat' dir='ltr'>cespi-</span> 
     </span>
     <span class='ocr_line' id='line_1_106' title="bbox 105 2941 451 2971; baseline 0 -7"><span class='ocrx_word' id='word_1_778' title='bbox 105 2941 151 2964; x_wconf 73' lang='lat' dir='ltr'>tent</span> <span class='ocrx_word' id='word_1_779' title='bbox 167 2943 185 2964; x_wconf 86' lang='grc' dir='ltr'>Α</span> <span class='ocrx_word' id='word_1_780' title='bbox 202 2945 224 2964; x_wconf 78' lang='lat' dir='ltr'>et</span> <span class='ocrx_word' id='word_1_781' title='bbox 240 2942 277 2964; x_wconf 86' lang='lat' dir='ltr'>ed.</span> <span class='ocrx_word' id='word_1_782' title='bbox 294 2942 308 2964; x_wconf 82' lang='lat'><strong>2</strong></span> <span class='ocrx_word' id='word_1_783' title='bbox 325 2942 451 2971; x_wconf 74' lang='lat' dir='ltr'>tepescant.</span> 
     </span>
    </p>

    <p class='ocr_par' dir='ltr' id='par_1_38' title="bbox 165 2970 945 3001">
     <span class='ocr_line' id='line_1_107' title="bbox 165 2970 945 3001; baseline -0.004 -6"><span class='ocrx_word' id='word_1_784' title='bbox 165 2971 174 2985; x_wconf 85' lang='lat'>&#39;¹</span> <span class='ocrx_word' id='word_1_785' title='bbox 191 2972 248 2995; x_wconf 81' lang='lat' dir='ltr'>Cod.</span> <span class='ocrx_word' id='word_1_786' title='bbox 264 2973 281 2995; x_wconf 84' lang='grc' dir='ltr'>Β</span> <span class='ocrx_word' id='word_1_787' title='bbox 297 2976 320 2995; x_wconf 79' lang='lat' dir='ltr'>ct</span> <span class='ocrx_word' id='word_1_788' title='bbox 335 2973 390 2995; x_wconf 86' lang='lat' dir='ltr'>cdd.</span> <span class='ocrx_word' id='word_1_789' title='bbox 413 2974 436 3000; x_wconf 83' lang='lat' dir='ltr'>i,</span> <span class='ocrx_word' id='word_1_790' title='bbox 453 2973 467 2994; x_wconf 79' lang='lat'>2</span> <span class='ocrx_word' id='word_1_791' title='bbox 484 2972 600 3001; x_wconf 72' lang='lat' dir='ltr'>ferventer</span> <span class='ocrx_word' id='word_1_792' title='bbox 617 2971 670 2999; x_wconf 78' lang='lat' dir='ltr'>(cfr.</span> <span class='ocrx_word' id='word_1_793' title='bbox 686 2977 755 2999; x_wconf 86' lang='lat' dir='ltr'>supra</span> <span class='ocrx_word' id='word_1_794' title='bbox 773 2977 793 2994; x_wconf 89' lang='lat' dir='ltr'>c.</span> <span class='ocrx_word' id='word_1_795' title='bbox 812 2971 847 2993; x_wconf 71' lang='lat'>12.</span> <span class='ocrx_word' id='word_1_796' title='bbox 864 2976 886 2992; x_wconf 91' lang='lat' dir='ltr'>n.</span> <span class='ocrx_word' id='word_1_797' title='bbox 905 2970 945 2999; x_wconf 69' lang='grc'>1.).</span> 
     </span>
    </p>

    <p class='ocr_par' dir='ltr' id='par_1_39' title="bbox 165 3002 945 3031">
     <span class='ocr_line' id='line_1_108' title="bbox 165 3002 945 3031; baseline -0.004 -5"><span class='ocrx_word' id='word_1_798' title='bbox 165 3002 174 3015; x_wconf 86' lang='lat'>⁸</span> <span class='ocrx_word' id='word_1_799' title='bbox 192 3004 267 3026; x_wconf 72' lang='lat' dir='ltr'>Malui.</span> <span class='ocrx_word' id='word_1_800' title='bbox 285 3004 311 3031; x_wconf 84' lang='lat'>6,</span> <span class='ocrx_word' id='word_1_801' title='bbox 329 3004 350 3026; x_wconf 83' lang='lat' dir='ltr'>fi.</span> <span class='ocrx_word' id='word_1_802' title='bbox 368 3016 397 3019; x_wconf 97' lang='lat'><strong>—</strong></span> <span class='ocrx_word' id='word_1_803' title='bbox 415 3003 517 3026; x_wconf 73' lang='lat' dir='ltr'>subinde</span> <span class='ocrx_word' id='word_1_804' title='bbox 535 3004 662 3030; x_wconf 81' lang='lat' dir='ltr'>allegantur</span> <span class='ocrx_word' id='word_1_805' title='bbox 679 3003 713 3024; x_wconf 60' lang='grc' dir='ltr'>ΡΞ.</span> <span class='ocrx_word' id='word_1_806' title='bbox 726 3003 769 3029; x_wconf 78' lang='lat'>50,</span> <span class='ocrx_word' id='word_1_807' title='bbox 783 3002 880 3024; x_wconf 74' lang='lat' dir='ltr'>¹9zCor</span> <span class='ocrx_word' id='word_1_808' title='bbox 891 3007 945 3024; x_wconf 86' lang='lat' dir='ltr'>con-</span> 
     </span>
    </p>
   </div>
   <div class='ocr_carea' id='block_1_29' title="bbox 999 2468 1846 3026">
    <p class='ocr_par' dir='ltr' id='par_1_40' title="bbox 1000 2468 1845 2562">
     <span class='ocr_line' id='line_1_109' title="bbox 1000 2468 1844 2499; baseline -0.005 -5"><span class='ocrx_word' id='word_1_809' title='bbox 1000 2472 1077 2494; x_wconf 77' lang='lat' dir='ltr'>tritum</span> <span class='ocrx_word' id='word_1_810' title='bbox 1096 2474 1150 2499; x_wconf 75' lang='lat' dir='ltr'>et(:.;</span> <span class='ocrx_word' id='word_1_811' title='bbox 1168 2471 1194 2498; x_wconf 78' lang='lat'>5,</span> <span class='ocrx_word' id='word_1_812' title='bbox 1212 2471 1238 2493; x_wconf 81' lang='lat'>5:</span> <span class='ocrx_word' id='word_1_813' title='bbox 1256 2471 1321 2492; x_wconf 83' lang='lat' dir='ltr'>Mane</span> <span class='ocrx_word' id='word_1_814' title='bbox 1338 2469 1417 2492; x_wconf 80' lang='lat' dir='ltr'>astabo</span> <span class='ocrx_word' id='word_1_815' title='bbox 1443 2469 1484 2491; x_wconf 81' lang='lat' dir='ltr'>tibi</span> <span class='ocrx_word' id='word_1_816' title='bbox 1509 2471 1530 2492; x_wconf 78' lang='lat' dir='ltr'>ei</span> <span class='ocrx_word' id='word_1_817' title='bbox 1553 2468 1651 2496; x_wconf 55' lang='lat' dir='ltr'>videbam</span> <span class='ocrx_word' id='word_1_818' title='bbox 1669 2469 1737 2491; x_wconf 77' lang='lat' dir='ltr'>Prov.</span> <span class='ocrx_word' id='word_1_819' title='bbox 1755 2469 1783 2496; x_wconf 89' lang='lat'>8,</span> <span class='ocrx_word' id='word_1_820' title='bbox 1802 2468 1844 2490; x_wconf 58' lang='lat'>117:</span> 
     </span>
     <span class='ocr_line' id='line_1_110' title="bbox 1000 2498 1845 2531; baseline -0.004 -7"><span class='ocrx_word' id='word_1_821' title='bbox 1000 2503 1044 2531; x_wconf 88' lang='lat' dir='ltr'>Qui</span> <span class='ocrx_word' id='word_1_822' title='bbox 1062 2508 1129 2524; x_wconf 85' lang='lat' dir='ltr'>mane</span> <span class='ocrx_word' id='word_1_823' title='bbox 1147 2502 1241 2529; x_wconf 78' lang='lat' dir='ltr'>vigilant</span> <span class='ocrx_word' id='word_1_824' title='bbox 1258 2501 1287 2523; x_wconf 84' lang='lat' dir='ltr'>ad</span> <span class='ocrx_word' id='word_1_825' title='bbox 1305 2507 1343 2523; x_wconf 88' lang='lat' dir='ltr'>me</span> <span class='ocrx_word' id='word_1_826' title='bbox 1369 2500 1486 2523; x_wconf 78' lang='lat' dir='ltr'>invenient</span> <span class='ocrx_word' id='word_1_827' title='bbox 1510 2506 1555 2523; x_wconf 80' lang='lat' dir='ltr'>ine.</span> <span class='ocrx_word' id='word_1_828' title='bbox 1572 2512 1604 2516; x_wconf 98' lang='lat'><strong>—</strong></span> <span class='ocrx_word' id='word_1_829' title='bbox 1620 2500 1663 2522; x_wconf 85' lang='lat' dir='ltr'>Pro</span> <span class='ocrx_word' id='word_1_830' title='bbox 1680 2501 1702 2523; x_wconf 81' lang='lat' dir='ltr'>et</span> <span class='ocrx_word' id='word_1_831' title='bbox 1723 2499 1749 2522; x_wconf 80' lang='lat' dir='ltr'>in.</span> <span class='ocrx_word' id='word_1_832' title='bbox 1774 2498 1845 2522; x_wconf 76' lang='lat' dir='ltr'>corde</span> 
     </span>
     <span class='ocr_line' id='line_1_111' title="bbox 1000 2531 1497 2562; baseline -0.004 -6"><span class='ocrx_word' id='word_1_833' title='bbox 1000 2534 1069 2557; x_wconf 87' lang='lat' dir='ltr'>CDE</span> <span class='ocrx_word' id='word_1_834' title='bbox 1086 2536 1107 2555; x_wconf 77' lang='lat' dir='ltr'>et</span> <span class='ocrx_word' id='word_1_835' title='bbox 1124 2533 1178 2556; x_wconf 82' lang='lat' dir='ltr'>edd.</span> <span class='ocrx_word' id='word_1_836' title='bbox 1196 2533 1217 2560; x_wconf 74' lang='lat' dir='ltr'>i,</span> <span class='ocrx_word' id='word_1_837' title='bbox 1234 2534 1248 2555; x_wconf 78' lang='lat'><strong>2</strong></span> <span class='ocrx_word' id='word_1_838' title='bbox 1265 2531 1360 2562; x_wconf 74' lang='lat' dir='ltr'>quando</span> <span class='ocrx_word' id='word_1_839' title='bbox 1378 2531 1402 2554; x_wconf 78' lang='lat' dir='ltr'>in</span> <span class='ocrx_word' id='word_1_840' title='bbox 1420 2531 1497 2555; x_wconf 76' lang='lat' dir='ltr'>corde.</span> 
     </span>
    </p>

    <p class='ocr_par' dir='ltr' id='par_1_41' title="bbox 999 2561 1846 2650">
     <span class='ocr_line' id='line_1_112' title="bbox 1062 2561 1846 2590; baseline -0.003 -5"><span class='ocrx_word' id='word_1_841' title='bbox 1062 2563 1072 2577; x_wconf 80' lang='lat'>⁹</span> <span class='ocrx_word' id='word_1_842' title='bbox 1089 2564 1134 2587; x_wconf 67' lang='grc' dir='ltr'><strong>(Σίν.</strong></span> <span class='ocrx_word' id='word_1_843' title='bbox 1150 2565 1218 2586; x_wconf 86' lang='lat' dir='ltr'>Marc.</span> <span class='ocrx_word' id='word_1_844' title='bbox 1236 2564 1278 2590; x_wconf 69' lang='lat'>116,</span> <span class='ocrx_word' id='word_1_845' title='bbox 1295 2564 1317 2586; x_wconf 77' lang='lat'>2.</span> <span class='ocrx_word' id='word_1_846' title='bbox 1329 2575 1360 2580; x_wconf 86' lang='lat'>—</span> <span class='ocrx_word' id='word_1_847' title='bbox 1372 2562 1475 2586; x_wconf 87' lang='lat' dir='ltr'>Subinde</span> <span class='ocrx_word' id='word_1_848' title='bbox 1491 2562 1612 2590; x_wconf 79' lang='lat' dir='ltr'>respicitur</span> <span class='ocrx_word' id='word_1_849' title='bbox 1630 2562 1664 2584; x_wconf 78' lang='lat' dir='ltr'>Ps.</span> <span class='ocrx_word' id='word_1_850' title='bbox 1678 2562 1735 2589; x_wconf 72' lang='lat'>436,</span> <span class='ocrx_word' id='word_1_851' title='bbox 1753 2561 1846 2584; x_wconf 81' lang='lat' dir='ltr'>9:13ea-</span> 
     </span>
     <span class='ocr_line' id='line_1_113' title="bbox 1000 2592 1845 2624; baseline -0.005 -6"><span class='ocrx_word' id='word_1_852' title='bbox 1000 2599 1048 2623; x_wconf 78' lang='lat' dir='ltr'>lus,</span> <span class='ocrx_word' id='word_1_853' title='bbox 1065 2596 1104 2624; x_wconf 84' lang='lat' dir='ltr'>qui</span> <span class='ocrx_word' id='word_1_854' title='bbox 1123 2595 1209 2618; x_wconf 73' lang='lat' dir='ltr'>tenebit</span> <span class='ocrx_word' id='word_1_855' title='bbox 1233 2598 1256 2617; x_wconf 72' lang='lat' dir='ltr'>et</span> <span class='ocrx_word' id='word_1_856' title='bbox 1279 2594 1356 2617; x_wconf 76' lang='lat' dir='ltr'>allidet</span> <span class='ocrx_word' id='word_1_857' title='bbox 1380 2594 1490 2622; x_wconf 77' lang='lat' dir='ltr'>parvulos</span> <span class='ocrx_word' id='word_1_858' title='bbox 1508 2596 1559 2616; x_wconf 75' lang='lat' dir='ltr'>tuos</span> <span class='ocrx_word' id='word_1_859' title='bbox 1581 2593 1610 2616; x_wconf 84' lang='lat' dir='ltr'>ad</span> <span class='ocrx_word' id='word_1_860' title='bbox 1631 2595 1728 2620; x_wconf 77' lang='lat' dir='ltr'>petram.</span> <span class='ocrx_word' id='word_1_861' title='bbox 1745 2605 1774 2609; x_wconf 87' lang='lat'>—-</span> <span class='ocrx_word' id='word_1_862' title='bbox 1793 2592 1845 2614; x_wconf 67' lang='lat' dir='ltr'>Yat.</span> 
     </span>
     <span class='ocr_line' id='line_1_114' title="bbox 999 2626 1142 2650; baseline -0.007 0"><span class='ocrx_word' id='word_1_863' title='bbox 999 2626 1142 2650; x_wconf 70' lang='lat' dir='ltr'>resurrexit.</span> 
     </span>
    </p>

    <p class='ocr_par' dir='ltr' id='par_1_42' title="bbox 1000 2654 1844 2717">
     <span class='ocr_line' id='line_1_115' title="bbox 1063 2654 1844 2684; baseline -0.004 -4"><span class='ocrx_word' id='word_1_864' title='bbox 1063 2656 1082 2670; x_wconf 92' lang='lat'>¹⁰</span> <span class='ocrx_word' id='word_1_865' title='bbox 1099 2657 1143 2680; x_wconf 87' lang='lat' dir='ltr'>Csr.</span> <span class='ocrx_word' id='word_1_866' title='bbox 1160 2656 1274 2684; x_wconf 65' lang='lat' dir='ltr'>Ambros„</span> <span class='ocrx_word' id='word_1_867' title='bbox 1291 2657 1319 2679; x_wconf 85' lang='lat' dir='ltr'>V.</span> <span class='ocrx_word' id='word_1_868' title='bbox 1336 2656 1444 2679; x_wconf 73' lang='lat' dir='ltr'>llexaem.</span> <span class='ocrx_word' id='word_1_869' title='bbox 1460 2662 1480 2679; x_wconf 92' lang='lat' dir='ltr'>c.</span> <span class='ocrx_word' id='word_1_870' title='bbox 1500 2656 1535 2679; x_wconf 77' lang='grc'>12.</span> <span class='ocrx_word' id='word_1_871' title='bbox 1550 2661 1572 2678; x_wconf 85' lang='lat' dir='ltr'>n.</span> <span class='ocrx_word' id='word_1_872' title='bbox 1585 2655 1623 2678; x_wconf 86' lang='grc'>36.</span> <span class='ocrx_word' id='word_1_873' title='bbox 1635 2657 1657 2677; x_wconf 77' lang='grc' dir='ltr'>οι</span> <span class='ocrx_word' id='word_1_874' title='bbox 1668 2654 1689 2677; x_wconf 89' lang='lat' dir='ltr'>in</span> <span class='ocrx_word' id='word_1_875' title='bbox 1702 2654 1796 2684; x_wconf 75' lang='lat' dir='ltr'>antiqua</span> <span class='ocrx_word' id='word_1_876' title='bbox 1807 2654 1844 2677; x_wconf 87' lang='lat' dir='ltr'>ed.</span> 
     </span>
     <span class='ocr_line' id='line_1_116' title="bbox 1000 2686 1717 2717; baseline -0.006 -5"><span class='ocrx_word' id='word_1_877' title='bbox 1000 2696 1038 2717; x_wconf 81' lang='lat' dir='ltr'>op.</span> <span class='ocrx_word' id='word_1_878' title='bbox 1055 2688 1172 2712; x_wconf 82' lang='lat' dir='ltr'>Ambrosii</span> <span class='ocrx_word' id='word_1_879' title='bbox 1189 2689 1263 2711; x_wconf 77' lang='lat' dir='ltr'>Serui.</span> <span class='ocrx_word' id='word_1_880' title='bbox 1280 2687 1317 2714; x_wconf 72' lang='lat'>43,</span> <span class='ocrx_word' id='word_1_881' title='bbox 1334 2687 1374 2716; x_wconf 89' lang='lat' dir='ltr'>qui</span> <span class='ocrx_word' id='word_1_882' title='bbox 1391 2687 1413 2710; x_wconf 95' lang='lat' dir='ltr'>iu</span> <span class='ocrx_word' id='word_1_883' title='bbox 1431 2687 1468 2709; x_wconf 87' lang='lat' dir='ltr'>ed.</span> <span class='ocrx_word' id='word_1_884' title='bbox 1485 2687 1579 2709; x_wconf 85' lang='lat' dir='ltr'>Maurin.</span> <span class='ocrx_word' id='word_1_885' title='bbox 1597 2686 1717 2709; x_wconf 72' lang='lat' dir='ltr'>omittitur.</span> 
     </span>
    </p>

    <p class='ocr_par' dir='ltr' id='par_1_43' title="bbox 1001 2717 1845 2809">
     <span class='ocr_line' id='line_1_117' title="bbox 1063 2717 1845 2746; baseline -0.004 -4"><span class='ocrx_word' id='word_1_886' title='bbox 1063 2719 1082 2733; x_wconf 83' lang='lat'>¹¹</span> <span class='ocrx_word' id='word_1_887' title='bbox 1100 2720 1176 2742; x_wconf 71' lang='lat' dir='ltr'>Maus.</span> <span class='ocrx_word' id='word_1_888' title='bbox 1193 2720 1216 2746; x_wconf 90' lang='lat'>7,</span> <span class='ocrx_word' id='word_1_889' title='bbox 1234 2720 1276 2741; x_wconf 78' lang='lat'>21:</span> <span class='ocrx_word' id='word_1_890' title='bbox 1293 2719 1341 2741; x_wconf 78' lang='lat' dir='ltr'>Non</span> <span class='ocrx_word' id='word_1_891' title='bbox 1357 2719 1443 2746; x_wconf 84' lang='lat' dir='ltr'>omnis,</span> <span class='ocrx_word' id='word_1_892' title='bbox 1465 2718 1505 2746; x_wconf 85' lang='lat' dir='ltr'>qui</span> <span class='ocrx_word' id='word_1_893' title='bbox 1523 2717 1578 2740; x_wconf 74' lang='lat' dir='ltr'>dicit</span> <span class='ocrx_word' id='word_1_894' title='bbox 1595 2717 1663 2740; x_wconf 85' lang='lat' dir='ltr'>milii:</span> <span class='ocrx_word' id='word_1_895' title='bbox 1682 2717 1789 2745; x_wconf 86' lang='lat' dir='ltr'>Domine,</span> <span class='ocrx_word' id='word_1_896' title='bbox 1803 2717 1845 2739; x_wconf 91' lang='lat' dir='ltr'>Do—</span> 
     </span>
     <span class='ocr_line' id='line_1_118' title="bbox 1001 2747 1844 2779; baseline -0.004 -6"><span class='ocrx_word' id='word_1_897' title='bbox 1001 2751 1073 2779; x_wconf 86' lang='lat' dir='ltr'>mine,</span> <span class='ocrx_word' id='word_1_898' title='bbox 1092 2750 1184 2773; x_wconf 67' lang='lat' dir='ltr'>intrabit</span> <span class='ocrx_word' id='word_1_899' title='bbox 1200 2751 1223 2773; x_wconf 91' lang='lat' dir='ltr'>in</span> <span class='ocrx_word' id='word_1_900' title='bbox 1241 2756 1338 2777; x_wconf 81' lang='lat' dir='ltr'>regnum</span> <span class='ocrx_word' id='word_1_901' title='bbox 1356 2750 1482 2776; x_wconf 86' lang='lat' dir='ltr'>caelorum,</span> <span class='ocrx_word' id='word_1_902' title='bbox 1498 2749 1539 2771; x_wconf 82' lang='lat' dir='ltr'>sed</span> <span class='ocrx_word' id='word_1_903' title='bbox 1560 2749 1600 2778; x_wconf 86' lang='lat' dir='ltr'>qui</span> <span class='ocrx_word' id='word_1_904' title='bbox 1625 2749 1677 2770; x_wconf 75' lang='lat' dir='ltr'>facit</span> <span class='ocrx_word' id='word_1_905' title='bbox 1702 2747 1844 2770; x_wconf 69' lang='lat' dir='ltr'>voluntatem</span> 
     </span>
     <span class='ocr_line' id='line_1_119' title="bbox 1001 2779 1844 2809; baseline -0.004 -5"><span class='ocrx_word' id='word_1_906' title='bbox 1001 2783 1072 2805; x_wconf 73' lang='lat' dir='ltr'>Palris</span> <span class='ocrx_word' id='word_1_907' title='bbox 1089 2782 1132 2804; x_wconf 88' lang='lat' dir='ltr'>mei</span> <span class='ocrx_word' id='word_1_908' title='bbox 1151 2785 1193 2804; x_wconf 82' lang='lat' dir='ltr'>ele.</span> <span class='ocrx_word' id='word_1_909' title='bbox 1211 2794 1240 2798; x_wconf 82' lang='grc'>-</span> <span class='ocrx_word' id='word_1_910' title='bbox 1260 2782 1353 2804; x_wconf 79' lang='lat' dir='ltr'>inferius</span> <span class='ocrx_word' id='word_1_911' title='bbox 1370 2787 1412 2809; x_wconf 84' lang='lat' dir='ltr'>pro</span> <span class='ocrx_word' id='word_1_912' title='bbox 1428 2780 1479 2804; x_wconf 71' lang='lat' dir='ltr'>sine</span> <span class='ocrx_word' id='word_1_913' title='bbox 1495 2779 1602 2803; x_wconf 76' lang='lat' dir='ltr'>oratione</span> <span class='ocrx_word' id='word_1_914' title='bbox 1613 2780 1650 2802; x_wconf 88' lang='lat' dir='ltr'>ed.</span> <span class='ocrx_word' id='word_1_915' title='bbox 1668 2781 1681 2801; x_wconf 79' lang='lat'>2</span> <span class='ocrx_word' id='word_1_916' title='bbox 1692 2779 1743 2802; x_wconf 77' lang='lat' dir='ltr'>siue</span> <span class='ocrx_word' id='word_1_917' title='bbox 1754 2785 1844 2802; x_wconf 81' lang='lat' dir='ltr'>amore.</span> 
     </span>
    </p>

    <p class='ocr_par' dir='ltr' id='par_1_44' title="bbox 1001 2809 1845 2966">
     <span class='ocr_line' id='line_1_120' title="bbox 1065 2809 1845 2840; baseline -0.005 -4"><span class='ocrx_word' id='word_1_918' title='bbox 1065 2812 1085 2825; x_wconf 74' lang='lat'>¹²</span> <span class='ocrx_word' id='word_1_919' title='bbox 1100 2813 1162 2836; x_wconf 88' lang='lat' dir='ltr'>Libr.</span> <span class='ocrx_word' id='word_1_920' title='bbox 1179 2813 1202 2835; x_wconf 86' lang='lat' dir='ltr'>ll.</span> <span class='ocrx_word' id='word_1_921' title='bbox 1220 2813 1291 2835; x_wconf 78' lang='lat' dir='ltr'>Maeli.</span> <span class='ocrx_word' id='word_1_922' title='bbox 1308 2818 1329 2835; x_wconf 90' lang='lat' dir='ltr'>c.</span> <span class='ocrx_word' id='word_1_923' title='bbox 1347 2813 1371 2840; x_wconf 78' lang='lat' dir='ltr'>l,</span> <span class='ocrx_word' id='word_1_924' title='bbox 1389 2812 1415 2834; x_wconf 83' lang='lat'>3:</span> <span class='ocrx_word' id='word_1_925' title='bbox 1433 2812 1458 2834; x_wconf 84' lang='grc' dir='ltr'>Ει</span> <span class='ocrx_word' id='word_1_926' title='bbox 1482 2811 1522 2834; x_wconf 73' lang='lat' dir='ltr'>det</span> <span class='ocrx_word' id='word_1_927' title='bbox 1538 2811 1606 2833; x_wconf 81' lang='lat' dir='ltr'>vobis</span> <span class='ocrx_word' id='word_1_928' title='bbox 1622 2816 1662 2834; x_wconf 84' lang='lat' dir='ltr'>cor</span> <span class='ocrx_word' id='word_1_929' title='bbox 1682 2809 1802 2837; x_wconf 87' lang='lat' dir='ltr'>omnibus,</span> <span class='ocrx_word' id='word_1_930' title='bbox 1821 2813 1845 2832; x_wconf 78' lang='lat' dir='ltr'>ut</span> 
     </span>
     <span class='ocr_line' id='line_1_121' title="bbox 1001 2841 1844 2870; baseline -0.005 -3"><span class='ocrx_word' id='word_1_931' title='bbox 1001 2845 1079 2867; x_wconf 80' lang='lat' dir='ltr'>colatis</span> <span class='ocrx_word' id='word_1_932' title='bbox 1096 2850 1149 2866; x_wconf 85' lang='lat' dir='ltr'>eum</span> <span class='ocrx_word' id='word_1_933' title='bbox 1166 2847 1189 2866; x_wconf 77' lang='lat' dir='ltr'>et</span> <span class='ocrx_word' id='word_1_934' title='bbox 1206 2844 1293 2866; x_wconf 76' lang='lat' dir='ltr'>faciatis</span> <span class='ocrx_word' id='word_1_935' title='bbox 1308 2843 1359 2866; x_wconf 85' lang='lat' dir='ltr'>eius</span> <span class='ocrx_word' id='word_1_936' title='bbox 1376 2843 1517 2866; x_wconf 69' lang='lat' dir='ltr'>voluntatem</span> <span class='ocrx_word' id='word_1_937' title='bbox 1533 2842 1605 2865; x_wconf 83' lang='lat' dir='ltr'>corde</span> <span class='ocrx_word' id='word_1_938' title='bbox 1621 2848 1707 2870; x_wconf 86' lang='lat' dir='ltr'>magno</span> <span class='ocrx_word' id='word_1_939' title='bbox 1728 2845 1751 2863; x_wconf 73' lang='lat' dir='ltr'>et</span> <span class='ocrx_word' id='word_1_940' title='bbox 1766 2841 1844 2864; x_wconf 87' lang='lat' dir='ltr'>animo</span> 
     </span>
     <span class='ocr_line' id='line_1_122' title="bbox 1001 2871 1844 2903; baseline -0.004 -6"><span class='ocrx_word' id='word_1_941' title='bbox 1001 2876 1094 2898; x_wconf 80' lang='lat' dir='ltr'>volenti.</span> <span class='ocrx_word' id='word_1_942' title='bbox 1111 2887 1141 2891; x_wconf 91' lang='lat'>—</span> <span class='ocrx_word' id='word_1_943' title='bbox 1159 2875 1209 2897; x_wconf 80' lang='lat' dir='ltr'>vat.</span> <span class='ocrx_word' id='word_1_944' title='bbox 1226 2875 1294 2902; x_wconf 80' lang='lat' dir='ltr'>legit:</span> <span class='ocrx_word' id='word_1_945' title='bbox 1311 2880 1398 2903; x_wconf 63' lang='lat' dir='ltr'>maana</span> <span class='ocrx_word' id='word_1_946' title='bbox 1415 2875 1437 2896; x_wconf 75' lang='lat' dir='ltr'>ec</span> <span class='ocrx_word' id='word_1_947' title='bbox 1450 2875 1561 2903; x_wconf 77' lang='lat' dir='ltr'>prompto</span> <span class='ocrx_word' id='word_1_948' title='bbox 1584 2872 1654 2896; x_wconf 75' lang='lat' dir='ltr'>corde</span> <span class='ocrx_word' id='word_1_949' title='bbox 1678 2871 1844 2902; x_wconf 63' lang='lat' dir='ltr'>accingantur.</span> 
     </span>
     <span class='ocr_line' id='line_1_123' title="bbox 1001 2903 1844 2934; baseline -0.004 -5"><span class='ocrx_word' id='word_1_950' title='bbox 1001 2907 1097 2930; x_wconf 78' lang='lat' dir='ltr'>inferius</span> <span class='ocrx_word' id='word_1_951' title='bbox 1115 2912 1157 2934; x_wconf 88' lang='lat' dir='ltr'>pro</span> <span class='ocrx_word' id='word_1_952' title='bbox 1174 2906 1199 2928; x_wconf 81' lang='lat' dir='ltr'>in</span> <span class='ocrx_word' id='word_1_953' title='bbox 1215 2905 1279 2929; x_wconf 72' lang='lat' dir='ltr'>lectis</span> <span class='ocrx_word' id='word_1_954' title='bbox 1296 2909 1318 2928; x_wconf 77' lang='lat' dir='ltr'>et</span> <span class='ocrx_word' id='word_1_955' title='bbox 1342 2904 1454 2928; x_wconf 66' lang='lat' dir='ltr'>ultanum</span> <span class='ocrx_word' id='word_1_956' title='bbox 1478 2904 1630 2934; x_wconf 74' lang='lat' dir='ltr'>aliquatenus</span> <span class='ocrx_word' id='word_1_957' title='bbox 1652 2903 1750 2933; x_wconf 64' lang='lat' dir='ltr'>signum</span> <span class='ocrx_word' id='word_1_958' title='bbox 1775 2903 1812 2926; x_wconf 81' lang='lat' dir='ltr'>ed.</span> <span class='ocrx_word' id='word_1_959' title='bbox 1830 2904 1844 2926; x_wconf 78' lang='lat'><strong>2</strong></span> 
     </span>
     <span class='ocr_line' id='line_1_124' title="bbox 1001 2935 1616 2966; baseline -0.005 -5"><span class='ocrx_word' id='word_1_960' title='bbox 1001 2937 1026 2961; x_wconf 81' lang='lat' dir='ltr'>in</span> <span class='ocrx_word' id='word_1_961' title='bbox 1043 2937 1099 2961; x_wconf 78' lang='lat' dir='ltr'>lecto</span> <span class='ocrx_word' id='word_1_962' title='bbox 1116 2940 1139 2960; x_wconf 75' lang='lat' dir='ltr'>et</span> <span class='ocrx_word' id='word_1_963' title='bbox 1154 2936 1265 2960; x_wconf 75' lang='lat' dir='ltr'>ultimam</span> <span class='ocrx_word' id='word_1_964' title='bbox 1281 2936 1432 2966; x_wconf 72' lang='lat' dir='ltr'>aliquatenus</span> <span class='ocrx_word' id='word_1_965' title='bbox 1448 2935 1616 2965; x_wconf 73' lang='lat' dir='ltr'>pulsationem.</span> 
     </span>
    </p>

    <p class='ocr_par' dir='ltr' id='par_1_45' title="bbox 1001 2965 1846 3026">
     <span class='ocr_line' id='line_1_125' title="bbox 1064 2965 1845 2996; baseline -0.003 -6"><span class='ocrx_word' id='word_1_966' title='bbox 1064 2968 1083 2981; x_wconf 78' lang='lat'>¹³</span> <span class='ocrx_word' id='word_1_967' title='bbox 1101 2969 1182 2990; x_wconf 79' lang='lat' dir='ltr'>Psalin.</span> <span class='ocrx_word' id='word_1_968' title='bbox 1199 2969 1241 2996; x_wconf 82' lang='lat'>20,</span> <span class='ocrx_word' id='word_1_969' title='bbox 1259 2968 1285 2990; x_wconf 68' lang='lat' dir='ltr'>li:</span> <span class='ocrx_word' id='word_1_970' title='bbox 1303 2967 1416 2996; x_wconf 85' lang='lat' dir='ltr'>Quoniam</span> <span class='ocrx_word' id='word_1_971' title='bbox 1435 2967 1573 2995; x_wconf 79' lang='lat' dir='ltr'>praevenisti</span> <span class='ocrx_word' id='word_1_972' title='bbox 1595 2972 1648 2989; x_wconf 85' lang='lat' dir='ltr'>eum</span> <span class='ocrx_word' id='word_1_973' title='bbox 1667 2966 1689 2988; x_wconf 91' lang='lat' dir='ltr'>in</span> <span class='ocrx_word' id='word_1_974' title='bbox 1707 2965 1845 2988; x_wconf 79' lang='lat' dir='ltr'>henedictio-</span> 
     </span>
     <span class='ocr_line' id='line_1_126' title="bbox 1001 2995 1846 3026; baseline -0.004 -4"><span class='ocrx_word' id='word_1_975' title='bbox 1001 2999 1070 3022; x_wconf 85' lang='lat' dir='ltr'>nibus</span> <span class='ocrx_word' id='word_1_976' title='bbox 1087 2999 1223 3022; x_wconf 77' lang='lat' dir='ltr'>dulcedinis.</span> <span class='ocrx_word' id='word_1_977' title='bbox 1241 3000 1293 3022; x_wconf 73' lang='lat' dir='ltr'>Post</span> <span class='ocrx_word' id='word_1_978' title='bbox 1309 2998 1482 3022; x_wconf 71' lang='lat' dir='ltr'>eoeseculiont&#39;m</span> <span class='ocrx_word' id='word_1_979' title='bbox 1501 2999 1516 3020; x_wconf 83' lang='grc' dir='ltr'>Β</span> <span class='ocrx_word' id='word_1_980' title='bbox 1538 3001 1560 3020; x_wconf 83' lang='lat' dir='ltr'>ct</span> <span class='ocrx_word' id='word_1_981' title='bbox 1576 2998 1614 3021; x_wconf 85' lang='lat' dir='ltr'>ed.</span> <span class='ocrx_word' id='word_1_982' title='bbox 1631 2998 1644 3020; x_wconf 77' lang='lat'><strong>2</strong></span> <span class='ocrx_word' id='word_1_983' title='bbox 1663 2997 1752 3020; x_wconf 73' lang='lat' dir='ltr'>addunt</span> <span class='ocrx_word' id='word_1_984' title='bbox 1768 2995 1846 3026; x_wconf 77' lang='lat' dir='ltr'>officii.</span> 
     </span>
    </p>
   </div>
   <div class='ocr_carea' id='block_1_30' title="bbox 1857 1798 1991 1864">
    <p class='ocr_par' dir='ltr' id='par_1_46' title="bbox 1857 1798 1991 1864">
     <span class='ocr_line' id='line_1_127' title="bbox 1857 1798 1990 1822; baseline -0.008 -5"><span class='ocrx_word' id='word_1_985' title='bbox 1857 1798 1941 1822; x_wconf 75' lang='lat' dir='ltr'>Pronipti</span> <span class='ocrx_word' id='word_1_986' title='bbox 1953 1799 1990 1816; x_wconf 78' lang='lat' dir='ltr'>sint</span> 
     </span>
     <span class='ocr_line' id='line_1_128' title="bbox 1860 1822 1991 1840; baseline 0 0"><span class='ocrx_word' id='word_1_987' title='bbox 1860 1822 1885 1840; x_wconf 82' lang='lat' dir='ltr'>ad</span> <span class='ocrx_word' id='word_1_988' title='bbox 1897 1825 1949 1840; x_wconf 73' lang='lat' dir='ltr'>actus</span> <span class='ocrx_word' id='word_1_989' title='bbox 1958 1822 1991 1840; x_wconf 85' lang='lat' dir='ltr'>de-</span> 
     </span>
     <span class='ocr_line' id='line_1_129' title="bbox 1861 1847 1920 1864; baseline 0 -1"><span class='ocrx_word' id='word_1_990' title='bbox 1861 1847 1920 1864; x_wconf 73' lang='lat' dir='ltr'>veios.</span> 
     </span>
    </p>
   </div>
  </div>
 </body>
</html>
