2133 3317
163 341 270 369 Notandum

162 370 212 384 circa
225 370 271 383 scri-

151 388 213 407 bentis
220 389 284 407 vitam.

297 210 354 239 498

298 289 368 318 Haec
388 292 495 321 autem,
518 287 675 321 carissime,
697 295 751 315 non
768 287 828 315 ideo
843 287 892 316 tibi
907 287 1021 324 scripsi,
1044 287 1110 324 quia
1124 290 1151 316 te

299 335 440 364 crederem
457 336 466 351 ¹
490 334 592 362 talibus
623 333 762 371 indigere,
791 334 839 362 sed
867 334 933 371 quia
959 335 1026 363 haec
1054 334 1148 363 eadem

298 382 463 419 collegeram
481 390 531 418 pro
547 389 589 409 me
605 381 680 417 ipso,
696 389 869 418 cernensque
885 389 963 410 meae
981 382 1150 410 constantiae

297 429 475 466 parvitatem,
491 428 608 464 cogitavi
630 435 662 456 ea
683 427 731 456 tibi
755 430 887 465 tanquam
908 428 1061 457 coadiutori
1077 428 1149 457 fideli

297 475 516 509 communicare,
539 478 570 503 ut
592 475 667 512 quod
688 483 749 503 mea
770 475 996 512 pusillanimitate
1011 475 1150 512 negligen-

296 522 390 559 tiaque
419 522 523 559 teporis
554 522 692 550 omittitur
724 525 772 550 tua
802 522 1029 559 magnanimitate
1059 522 1150 551 fervo-

296 569 393 606 risque
412 568 596 597 sollicItudine
612 571 803 603 restauretur,
826 569 948 598 maxime
963 577 1026 598 cum
1044 572 1070 598 te
1085 578 1150 598 con-

298 616 409 645 cordem
432 616 512 653 quasi
534 616 663 644 omnibus
685 616 756 644 votis
777 616 847 644 meis
862 616 888 644 in
910 616 1069 645 huiusmodi
1085 616 1150 644 sim-

296 663 460 699 plicioribus
480 663 635 699 plurimum
658 663 787 691 delectari
803 671 966 700 cognoscam
982 663 1001 691 2.
1024 663 1149 700 Quapro-

296 713 373 746 pter,
396 710 537 739 carissime
569 710 597 738 in
619 710 745 743 Christo,
771 710 839 738 haec
860 718 901 744 ea,
933 718 1013 747 rogo,
1035 710 1149 739 caritate

296 757 447 794 suscipias,
469 765 525 794 qna
546 757 592 785 illa
614 757 662 786 tihi
685 765 729 786 me
755 757 812 786 scio
832 757 986 786 devotionis
1006 757 1149 786 affectione

729 208 927 237 OPUSCULUM
949 209 1014 237 XXI.
1038 209 1195 238 EPISTOLA
1217 210 1259 238 DE
1281 210 1351 239 XXV
1373 210 1626 240 MEMORIALIBUS.

1209 288 1324 323 misisse,
1339 292 1372 317 ut
1386 289 1512 318 videlicet
1526 290 1570 318 his
1584 290 1714 318 omnibus
1728 298 1815 327 supra
1828 290 1921 325 dictis,
1936 300 2055 328 qnorum

1208 335 1319 372 quidem
1331 336 1490 373 disciplina
1505 337 1537 364 in
1548 337 1700 374 praesenti
1712 345 1771 365 non
1785 337 1901 366 videtur
1915 346 1973 367 esse
1985 348 2055 376 qau-

1207 382 1260 416 dz’z',
1275 383 1325 411 sed
1339 384 1496 417 moeroris,
1512 384 1549 412 ita
1565 392 1614 420 per
1629 384 1788 413 caelestium
1804 384 1961 413 studiorum
1976 393 2056 415 exer-

1207 429 1271 457 citia
1286 432 1312 457 te
1327 429 1438 458 studeas
1460 430 1630 466 mancipare,
1642 434 1676 459 ut
1685 431 1914 467 pacatissimum
1929 431 2056 462 iustitiae

1206 475 1341 513 fructum
1363 476 1479 505 afferant
1503 477 1530 505 in
1552 477 1648 506 futuro
1662 478 1690 512 ³,
1716 481 1743 506 et
1763 478 1978 515 exspectationis
1998 479 2056 509 eius

1206 523 1280 552 dulci
1297 523 1431 552 memoria
1445 524 1526 552 etiam
1542 524 1568 552 in
1591 525 1729 561 praesenti
1744 525 1836 553 anima
1851 529 1898 554 tua
1912 528 1996 562 gustu
2010 526 2055 556 de-

1207 570 1334 605 votionis,
1349 570 1428 607 adipe
1443 573 1470 599 et
1484 570 1650 607 pinguedine
1665 571 1806 608 repleatur
1821 572 1848 600 in
1863 572 1973 601 Christo
1987 572 2055 608 Iesu,

1206 617 1323 646 Domino
1344 620 1452 651 nostro,
1468 618 1511 646 cui
1534 626 1578 646 me
1599 618 1709 646 aridum
1730 622 1757 647 et
1784 618 1934 647 verbosum
1966 619 2056 656 potius

1207 672 1291 700 quam
1313 664 1444 693 devotum
1472 665 1579 693 devotis
1601 665 1656 694 tuis
1684 665 1857 694 orationihus
1884 666 2055 695 commenda-

1207 711 1249 740 bis
1263 712 1290 745 4;
1312 712 1362 739 cni
1382 715 1423 740 est
1445 711 1537 740 honor
1559 715 1584 740 et
1603 712 1712 749 gloria,
1737 712 1822 741 decus
1843 716 1869 741 et
1899 713 2055 750 imperium

1203 766 1258 794 per
1279 758 1386 786 infinita
1407 758 1527 787 saecula
1548 758 1744 787 saeculorum.
1767 761 1860 788 Amen
1874 759 1894 787 ⁵.

790 881 916 909 Expmcn
938 881 1071 910 Emsrom
1094 889 1197 910 VIGINTI
1218 890 1339 914 QUINQUE
1360 890 1561 910 iiimtomALiuM.

360 1077 367 1089 ¹
386 1077 443 1100 Cod.
461 1078 476 1099 E
500 1076 636 1105 credebam,
662 1078 675 1099 ΙΓ
686 1078 703 1099 G
721 1077 826 1100 credam.
845 1078 940 1100 Inferius
958 1082 1009 1106 post
1032 1078 1073 1101 sed
1091 1078 1146 1108 qnia

296 1117 350 1139 edd.
367 1123 420 1139 cuni
438 1117 554 1139 nonnullis
571 1117 640 1139 codd.
663 1120 847 1146 prosequuntur:
864 1119 919 1140 ante
941 1117 1085 1147 (τοΗθῃθνιΠη
1102 1123 1146 1147 pro

295 1162 332 1179 me
350 1155 413 1185 ipso,
433 1162 578 1185 cernensque
596 1162 661 1179 meae
678 1156 851 1179 inconstantiae
866 1156 1009 1186 pronitatem
1034 1163 1074 1179 sen
1093 1162 1147 1180 con-

295 1195 396 1218 stantiae
410 1195 568 1224 parvitatem.
587 1195 689 1225 σοφίαι-ι·
705 1201 748 1217 etc.

358 1233 367 1247 ²
384 1234 440 1257 Cod.
460 1235 475 1256 E
492 1235 576 1257 omittit
591 1234 698 1257 maxime
715 1240 797 1258 cnm..
814 1241 964 1264 comtoseam.

358 1273 367 1286 ³
386 1274 454 1297 Ilebr.
477 1275 514 1301 12,
537 1275 575 1296 11:
592 1274 672 1297 Omnis
689 1278 766 1296 antem
785 1275 906 1303 disciplina
924 1275 944 1297 in
964 1275 1077 1303 praesenti
1099 1275 1147 1303 qni-

295 1314 348 1335 deni
368 1314 459 1335 videtur
485 1320 530 1335 non
549 1320 599 1336 esse
626 1313 717 1341 gaudii,
744 1314 784 1336 sed
811 1314 935 1342 moeroris,
962 1318 1040 1342 postea
1068 1318 1146 1336 autern

295 1354 393 1375 srucunn
416 1353 589 1381 pacatissimum
612 1353 740 1375 exercitatis
761 1359 802 1381 per
819 1359 871 1375 eam
894 1353 976 1376 reddet
994 1354 1099 1376 institiae.
1116 1366 1147 1369 -Λ

295 1393 406 1420 Superius
433 1393 484 1415 voci
510 1392 632 1422 affectione
657 1399 683 1415 ex
703 1392 769 1414 CEF
793 1393 944 1421 praefigiinus
965 1392 1105 1419 iterationis,
1128 1393 1146 1414 G

295 1431 364 1453 habet
381 1431 524 1454 [tonationis.
543 1432 638 1454 Interius
655 1438 697 1459 pro
715 1431 780 1455 dulci
797 1432 839 1460 (ita
859 1432 911 1460 EF)
930 1432 984 1454 edd.
1002 1431 1085 1455 (lalcis.

1267 1077 1275 1089 4
1294 1077 1351 1100 Cod.
1370 1078 1384 1099 E
1402 1077 1486 1099 omittit
1503 1076 1542 1100 cni
1558 1083 1594 1100 me
1611 1076 1708 1099 aridum
1732 1078 1752 1100 et
1774 1076 1924 1100 verbosam...
1942 1083 2055 1101 commen-

1204 1116 1279 1140 [labis.

1267 1155 1276 1168 ⁵
1293 1157 1361 1179 Rom.
1379 1156 1420 1184 sie,
1439 1156 1476 1177 ⁴27.
1493 1159 1515 1177 et
1533 1156 1546 1177 l.
1566 1156 1624 1178 Detr.
1642 1156 1670 1182 Ji,
1692 1156 1699 1177 rl
1708 1156 1729 1178 l.
1746 1169 1775 1171 —
1795 1156 1867 1178 Codd.
1888 1155 1929 1178 CF
1951 1156 2053 1179 addunt:

1208 1195 1276 1224 Vale,
1293 1196 1377 1225 frater,
1397 1195 1420 1218 in
1440 1196 1539 1218 Domino
1558 1196 1609 1218 lesa
1628 1195 1732 1222 (Ἰν-ΜΟ,
1753 1195 1804 1218 sine
1826 1201 1872 1225 qao
1895 1195 1975 1218 omnia
1995 1195 2055 1219 m'ltil

1204 1234 1289 1258 valent.
1303 1234 1444 1264 Eoeplictunt
1455 1234 1604 1258 memorialia
1612 1234 1727 1264 pauperis
1736 1234 1828 1258 servuli
1837 1234 1960 1265 Crucifioez'.
1974 1235 2054 1258 Amen.

1204 1274 1277 1297 Codd.
1300 1275 1319 1296 A
1330 1275 1361 1297 D:
1384 1274 1491 1304 Empta-it
1511 1274 1610 1304 epistola
1626 1274 1705 1297 sancti
1726 1275 1921 1302 Bonaventurae,
1944 1280 2004 1304 quae
2021 1276 2054 1298 est

1204 1313 1322 1343 quaedam
1339 1314 1424 1343 reputa
1443 1313 1551 1336 omnium
1565 1313 1604 1343 pie
1621 1316 1642 1336 et
1658 1313 1815 1343 spiritualiter
1827 1313 1852 1336 in
1871 1313 1963 1337 Christo
1978 1314 2055 1337 vvevere

1204 1352 1340 1376 solentiam.
1359 1352 1414 1375 Cod.
1439 1353 1468 1375 B:
1486 1352 1592 1382 Empticit
1602 1358 1658 1375 vera
1676 1352 1756 1381 forma
1768 1351 1829 1375 vilae
1843 1352 1962 1382 perfectae
1974 1352 1998 1375 in
2010 1352 2054 1376 hac

1203 1391 1300 1414 miseria
1319 1391 1409 1414 domini
1427 1387 1610 1414 Bonareniurae
1627 1391 1766 1414 cardinalis.
