2133 3317
0 1370 17 1389 ia
22 1369 76 1397 ,01110-

6 1462 81 1483 50111110.

334 215 529 244 OPUSCULUM
550 214 615 243 XVl.
638 213 810 242 ExpostTtO
832 214 934 242 SUPER
956 214 1109 243 REGULAM
1130 215 1283 244 FRATRUM
1304 214 1464 243 MINORUM.
1486 214 1554 243 CAP.
1577 215 1606 243 11.

100 294 175 327 Ecce,
191 293 264 330 quod
279 293 405 321 Curistus
419 292 512 320 docuit
526 291 584 320 sine
601 291 791 320 calceamentis
806 291 941 325 incedere,

100 343 127 369 et
146 339 221 376 quod
241 339 298 375 ipse
319 339 400 367 etiam
423 338 474 366 hoc
495 337 660 366 observavit.
679 337 725 366 Hic
747 340 836 366 tamen
852 337 942 366 Hiero<

99 393 199 423 nymus
219 385 299 413 aliter
319 385 408 413 utitur
429 384 538 412 nomine
559 384 726 420 caligarum,
747 391 832 420 quam
856 391 941 420 supra

100 432 224 461 habitum
245 434 287 460 est
306 439 342 460 ex
364 431 434 460 Beda
455 435 482 459 et
503 431 591 467 Papia.
615 430 695 464 Item,
713 430 846 459 Eusebius
861 434 941 459 sexto

100 478 301 508 Ecclesiasticae
319 477 451 506 Historiae
465 478 474 494 ¹
495 477 576 511 dicit,
598 477 672 514 quod
693 477 825 514 Origenes
846 477 941 506 multis

98 524 177 553 annis
197 524 279 553 nudis
299 524 410 553 incessit
432 524 567 560 vestigiis,
589 524 654 560 quia
675 524 733 560 ipse
754 523 886 552 Dominus
900 523 941 551 di—

99 571 211 608 scipulis
225 570 408 599 calceamenta
422 570 550 599 inhibuit.
571 570 649 604 item,
664 570 813 607 Gregorius
828 570 938 598 Nazian-

98 625 183 646 zenus
203 617 274 645 libro
294 617 328 645 de
349 616 575 645 Reconciliatione
594 616 742 645 010030012
757 616 837 644 dicit:
864 627 878 640 «
890 616 940 644 De-

99 663 252 693 siderabam
274 663 367 692 videre
388 667 514 691 sanctum
537 663 613 691 illum
641 666 668 691 et
689 663 850 699 psallentem
875 662 941 691 cho-

98 719 177 744 rum,
199 710 246 747 qui
267 710 301 739 ad
322 710 483 747 exemplum
504 709 625 738 melioris
646 709 718 738 vitae
739 710 838 738 ceteris
853 709 940 738 omni-

98 758 151 787 bus
165 757 270 791 vivunt,
293 757 359 793 legis
374 757 421 785 Dei
436 760 519 793 atque
534 756 669 793 Evangelii
686 756 758 784 taciti
775 756 940 792 praedicato-

98 811 157 837 res,
172 803 200 832 in
215 803 318 840 quibus
333 803 390 840 ipse
405 802 516 831 habitus
538 802 659 839 praefert
680 802 792 830 virtutis
813 802 939 838 insignia,

98 850 239 879 hirsutum
267 853 365 887 caput,
394 849 477 886 pedes
505 849 587 883 nudi,
615 849 771 885 apostolicis
795 849 939 878 similes».

99 896 169 925 idem
191 899 266 933 patet
286 896 320 925 de
341 896 504 932 Hieronymo
525 899 552 924 et
573 895 615 924 sui
637 895 769 932 temporis
789 896 939 924 monachis.

97 943 169 972 Dicit
182 943 255 972 enim
271 943 297 971 in
309 943 377 971 Vitis
390 943 500 971 Petrum
512 942 632 979 capitulo
646 942 679 970 de
694 944 788 970 sancto
803 942 901 970 Ioanne
913 942 939 970 ⁶:

105 1002 119 1015 α
133 990 171 1018 113
185 990 277 1019 omnia
291 990 337 1018 illa
351 992 554 1026 exasperantur
575 989 648 1023 loca,
670 991 701 1017 ut
715 997 769 1017 non
785 989 873 1017 solum
889 997 941 1017 nu-

98 1036 147 1065 dos
167 1036 265 1073 pedes,
286 1039 318 1064 ut
339 1044 451 1064 eramus
472 1043 537 1069 nos,
558 1035 605 1064 sed
626 1038 654 1064 et
673 1035 864 1064 calceamentis
879 1043 941 1063 mu-

98 1083 169 1111 nitos
190 1082 330 1111 terebrent
351 1085 378 1111 et
398 1085 532 1111 secent».
555 1082 624 1110 Haec
645 1081 834 1118 Hieronymus.
858 1081 940 1115 Item,

98 1129 230 1163 obsecro,
252 1129 273 1158 si
294 1129 420 1157 Christus
441 1128 523 1157 nudis
545 1128 660 1165 pedibus
682 1128 793 1156 minime
815 1128 941 1157 incessis-

98 1178 154 1209 set,
175 1175 295 1212 qualiter
316 1175 515 1203 rationabiliter
543 1175 576 1203 de
606 1175 751 1203 Pharisaeo
772 1177 941 1211 conquestus

96 1222 194 1250 suisset
213 1222 362 1256 Dominus,
378 1222 466 1250 Lucae
481 1221 597 1258 septimo
608 1222 620 1238 ⁴¹
638 1221 745 1250 dicens:
762 1222 879 1259 Aquam
892 1229 941 1258 pe-

98 1268 184 1297 dibus
203 1268 275 1297 meis
294 1277 353 1297 non
373 1268 479 1297 dedisci·
498 1272 549 1297 etc.

179 1316 222 1344 18.
245 1315 296 1344 Sed
328 1315 372 1344 liic
400 1315 511 1352 quidam
540 1315 631 1344 sensui
660 1322 711 1343 suo
739 1314 886 1343 innitentes
914 1317 941 1344 et

97 1362 189 1399 ipsum
222 1362 323 1391 Christi
358 1362 450 1391 sensui
485 1361 671 1398 praeferentes
701 1361 812 1396 dicunt,
843 1362 942 1390 melius

97 1416 170 1442 esse,
184 1416 235 1445 pro
248 1408 373 1437 doctrina
393 1408 516 1437 veritatis
537 1408 687 1437 calceatum
709 1416 768 1437 esse
789 1417 871 1445 quam
887 1409 941 1437 dis-

97 1455 264 1489 calceatum,
293 1463 327 1484 ne
347 1455 513 1491 impediatur
543 1454 658 1484 verbum
688 1455 745 1483 Dei.
766 1471 806 1476 —
827 1455 878 1484 Sed
899 1458 940 1483 at-

97 1502 210 1531 tendant
231 1502 287 1536 illi,
308 1501 382 1539 quod
404 1502 479 1530 nulla
500 1502 589 1530 forma
616 1502 705 1538 aptior
733 1505 774 1530 est
802 1502 939 1539 Evangelii

97 1548 265 1586 propagandi
293 1556 376 1585 quam
398 1548 459 1582 1113,
481 1548 508 1576 10
531 1556 586 1585 qua
607 1548 654 1577 toti
686 1548 748 1577 orbi
776 1548 828 1577 fuit
854 1549 940 1577 Evan-

97 1595 198 1632 gelium
220 1595 417 1632 praedicatum.
440 1595 494 1624 Hoc
515 1598 607 1624 autern
623 1595 725 1624 factum
741 1598 783 1624 est
797 1595 879 1624 nudis
894 1604 940 1632 pe-

97 1641 186 1670 dibus.
208 1641 283 1670 Unde
304 1641 486 1678 Hieronymus
500 1641 526 1670 in
542 1641 656 1678 epistola
670 1641 704 1670 ad
719 1642 899 1678 Ageruchiam
911 1643 938 1670 ⁵:

101 1700 115 1714 «ι
130 1688 278 1725 Discipuli,
306 1691 363 1717 toto
390 1688 457 1717 orbe
485 1688 639 1725 peregrini,
665 1696 720 1716 non
740 1696 786 1717 aes
808 1688 834 1716 in
856 1697 939 1723 zona,

96 1743 151 1764 non
180 1735 280 1772 caligas
307 1735 432 1764 habuere
459 1735 487 1763 10
508 1735 625 1772 pedihus
639 1747 665 1763 ».
687 1735 799 1768 Fateor,
824 1743 939 1772 poenam

97 1790 157 1812 esse
183 1790 308 1819 asperam
338 1781 438 1819 pedum
466 1781 635 1816 nuditatem,
663 1781 691 1810 10
716 1782 806 1811 hieme
827 1782 939 1819 quidem

97 1829 265 1866 asperiorem
293 1832 408 1866 propter
435 1828 627 1865 frigiditatem,
659 1829 686 1857 in
715 1832 818 1857 aestate
845 1832 937 1858 autem

97 1875 275 1913 graviorem⁶
303 1878 417 1912 propter
444 1875 574 1904 duritiem
608 1875 756 1909 maiorem,
779 1875 844 1912 quia
865 1875 939 1904 calor

97 1921 160 1959 plus
180 1922 336 1959 comprimit
357 1924 448 1950 terrae
469 1921 562 1958 glebas
583 1930 667 1958 quam
696 1922 799 1958 frigus,
828 1924 855 1950 et
883 1922 939 1950 sole

97 1968 275 2003 ascendente,
297 1976 360 1997 cum
375 1969 438 2005 gelu
453 1968 602 1997 resolvitur
617 1968 644 1997 in
659 1968 762 2002 hieme,
781 1968 938 1997 exsiccatur

97 2014 215 2051 amplius
235 2015 262 2043 in
284 2018 402 2050 aestate;
424 2015 497 2043 calor
519 2014 600 2044 etiam
616 2015 694 2043 findit
715 2017 742 2044 et
762 2015 864 2052 frangit
877 2023 939 2052 gra-

161 2218 169 2231 ¹
186 2218 242 2247 Cap.
260 2220 280 2241 3.
298 2218 343 2241 Csr.
360 2226 429 2248 supra
448 2226 500 2248 pag.
519 2220 577 2247 387,
595 2224 647 2243 nota
664 2221 687 2243 6.
710 2221 814 2243 Errorem
838 2221 939 2249 plurium

99 2258 165 2281 codd.
182 2261 205 2280 et
221 2258 287 2286 edet,
303 2258 431 2281 secundum
450 2265 533 2287 quem,
551 2259 659 2282 omnibus
671 2266 730 2288 quae
748 2260 778 2282 de
794 2260 892 2288 Origene
909 2260 940 2283 di·

99 2300 182 2319 cuntur
198 2297 302 2324 omissis,
319 2297 429 2320 sententia
447 2298 553 2326 Gregorii
564 2298 616 2320 Naz.
628 2298 759 2321 attribuitur
770 2298 880 2327 Eusebio,
894 2299 940 2322 fide

98 2335 141 2359 BC
157 2336 334 2359 eliminavimus.

162 2373 170 2387 ²
188 2374 249 2397 Orat.
267 2376 289 2397 6.
306 2375 371 2403 <alias
391 2375 448 2403 l2.),
465 2381 526 2403 quae
543 2375 686 2398 inscribitur:
700 2376 774 2398 Prima
786 2376 815 2398 de
827 2382 897 2404 pace,
909 2376 940 2399 ob

100 2414 266 2436 monachorum
283 2413 490 2436 reconciliationem
501 2431 506 2440 ,
523 2417 575 2441 post
591 2414 718 2441 silentium,
735 2418 854 2442 praesente
867 2418 939 2442 patre.

99 2451 143 2475 Ct'r.
162 2458 232 2480 supra
250 2458 303 2480 pag.
322 2452 381 2479 307,
398 2455 451 2475 11013
469 2453 490 2475 8.
508 2455 530 2475 et
547 2458 601 2480 pag.
620 2452 677 2479 387,
694 2456 745 2475 nota
759 2453 781 2475 7.
796 2453 896 2476 Vocibus
908 2459 940 2477 ce-

99 2490 154 2514 teris
171 2490 279 2514 omnibus
297 2491 332 2513 ed.
352 2492 360 2513 ·1
383 2492 489 2519 praefigit
502 2497 572 2520 prae.

161 2528 170 2542 ³
188 2529 264 2552 Potius
280 2530 378 2552 Rufinus
394 2530 611 2558 (contemporaneus
628 2530 782 2558 Hieronymi),
795 2531 877 2553 Histor.
893 2537 941 2553 mo-

99 2569 239 2595 nachornm,
255 2569 376 2596 Epilogus,
398 2575 419 2590 n.
438 2570 464 2596 2,
482 2569 518 2591 cui
536 2569 653 2596 praecedit
673 2575 694 2591 c.
722 2569 768 2591 33:
790 2570 822 2592 De
844 2570 940 2592 Ioanne.

99 2607 142 2629 Pro
159 2609 336 2636 eaeasperantur
353 2607 405 2630 toea
423 2608 474 2630 Vat.
491 2609 648 2637 eoeasperante
660 2607 722 2636 loco,
740 2614 782 2636 pro
799 2609 825 2631 ut
841 2614 939 2631 eramus

99 2651 142 2668 nos
160 2649 232 2668 textus
248 2646 365 2674 originalis
381 2647 407 2668 ut
424 2646 566 2669 habebamus
589 2652 643 2674 nos,
669 2647 708 2675 qui
733 2647 800 2669 etiam
825 2653 866 2674 pro
885 2648 940 2670 tere·

100 2683 166 2707 breul
182 2686 203 2707 et
219 2686 295 2708 secent
311 2685 350 2713 (ita
367 2685 395 2713 D)
415 2685 477 2712 ponit
501 2684 600 2708 terebret
623 2687 644 2708 et
665 2687 734 2713 secet,
754 2686 839 2708 scilicet
856 2687 939 2708 humor

100 2724 172 2746 salsus
190 2723 220 2745 ibi
237 2730 342 2751 surgens.

161 2762 170 2774 ⁴
188 2762 254 2784 Vers.
272 2762 309 2785 44,

161 2800 171 2813 ⁵
188 2802 257 2829 Epist.
279 2802 328 2824 123.
347 2801 398 2827 (alis
419 2802 462 2829 ll.)
480 2808 502 2823 n.
524 2801 557 2824 15.
575 2802 652 2823 Plures
672 2801 739 2824 codd.
758 2805 780 2824 et
795 2802 832 2824 ed.
854 2803 858 2823 1
881 2802 940 2824 sicut

100 2845 168 2868 supra
186 2846 240 2868 pag.
257 2840 315 2868 276,
332 2843 384 2862 nota
402 2841 422 2862 3.
441 2843 463 2863 et
480 2846 533 2868 pag.
551 2841 609 2867 306,
626 2843 677 2862 0013
692 2841 714 2862 3.
727 2846 768 2868 pro
780 2840 939 2869 A9e›·ueltc'am

101 2876 241 2900 substituunt
266 2877 413 2901 Geruntiam.
440 2878 571 2906 Respicitur
596 2879 672 2900 Mattli.
701 2879 738 2906 lo,
764 2880 786 2901 9.
806 2885 870 2907 seqq.
891 2879 940 2906 (cfr.

103 2916 168 2938 Marc.
186 2917 211 2944 6,
229 2917 268 2945 8.).

164 2953 174 2966 ⁶
192 2955 254 2982 Vat.,
271 2955 378 2982 superins
395 2961 436 2982 pro
453 2955 598 2984 asperiorem
617 2955 690 2983 posito
705 2957 817 2985 apparet,
835 2956 870 2978 liic
888 2956 939 2978 sul]-

102 2993 174 3015 stituit
190 2993 287 3022 ⁸ararim·
305 2995 346 3016 est.
363 2994 456 3016 interius
474 3000 516 3022 pro
533 2994 645 3023 opprimit
664 2995 784 3022 posuimus
800 3002 826 3017 ex
844 2996 861 3017 G
879 3001 939 3018 com-

1784 215 1841 244 403

998 292 1068 320 viter
1090 292 1171 328 pedes
1192 292 1288 321 nudos.
1311 292 1343 321 Et
1364 295 1455 321 tamen
1476 292 1527 329 ipsi
1548 292 1658 321 Fratres
1682 300 1745 321 cum
1773 293 1842 329 Apo-

998 338 1090 366 stolo⁷
1112 338 1142 366 in
1163 337 1275 375 frigyore
1296 342 1320 367 et
1341 339 1472 367 nuditate
1493 339 1575 367 ibant
1594 339 1769 376 gaudentes,
1790 346 1840 367 nec

997 384 1138 421 algoribus
1160 385 1258 413 hiemis
1279 393 1328 414 nec
1349 385 1497 415 ardoribus
1520 386 1631 414 aestatis
1653 386 1786 414 hactenus
1800 385 1840 414 di-

998 431 1150 465 miserunt,
1172 431 1239 468 quin
1262 432 1342 460 nudis
1364 432 1479 469 pedibus
1500 432 1618 461 adierint
1642 432 1840 461 remotissimas

998 480 1090 513 partes
1111 478 1215 506 mundi.
1238 479 1331 507 Testes
1353 482 1417 507 sunt
1435 479 1541 507 Tartari
1557 483 1584 508 et
1599 479 1725 513 barbari,
1741 479 1836 516 pagani

998 526 1025 552 et
1036 524 1180 558 Saraceni,
1195 525 1320 553 catholici
1336 528 1363 553 et
1377 525 1542 554 schismatici
1559 526 1585 553 in
1601 525 1744 562 multiplici
1760 528 1839 562 parte

997 570 1102 600 mundi.
1123 571 1180 599 Non
1202 574 1243 600 est
1264 579 1330 608 ergo
1349 572 1388 600 eis
1404 572 1504 608 pedum
1519 572 1629 600 nuditas
1645 571 1840 608 impedimento

997 617 1074 645 verbi
1097 617 1160 650 Dei,
1183 618 1319 651 maxime,
1341 626 1404 646 cum
1426 621 1453 646 et
1474 618 1577 655 Regula
1600 618 1742 647 manifeste
1756 618 1836 647 dicit:

994 663 1122 701 possint,
1141 664 1306 693 necessitate
1327 668 1452 702 eoyente,
1474 664 1667 693 calceamenta
1685 668 1807 701 portare
1817 665 1837 693 Β.

1078 711 1121 738 19.
1144 710 1194 739 Sed
1216 710 1259 739 isti
1279 711 1429 739 sententiae
1443 711 1477 739 de
1492 711 1591 747 pedum
1608 711 1746 744 nuditate,
1762 719 1839 748 spre-
1850 716 1987 758 ’011113131πίῑεί-

997 756 1031 785 115
1046 757 1208 785 Sanctorum
1224 757 1387 786 testimoniis
1403 757 1564 794 praedictis,
1580 758 1691 794 quidam
1706 758 1839 786 obiiciunt

997 804 1023 832 in
1046 804 1120 832 hunc
1136 804 1258 832 modum.
1273 821 1312 825 —
1326 804 1396 832 Dicit
1410 804 1580 841 Augustinus
1595 805 1622 832 10
1639 805 1710 833 libro
1724 805 1757 834 de
1773 805 1838 833 Hae—
1853 809 1938 829 Obiectio
1949 810 1988 834 pri-

998 850 1106 879 resibns
1128 851 1299 887 sexagesimo
1320 854 1416 879 octavo
1437 850 1595 887 capitulo⁹:
1622 863 1636 876 «
1651 851 1696 880 Est
1718 852 1839 880 haeresis
1900 839 1937 852 ’Μ’

998 897 1079 925 nudis
1101 897 1216 933 pedibus
1237 897 1453 930 ambulantium,
1470 905 1520 933 pro
1534 905 1567 926 00
1581 897 1654 934 quod
1669 898 1772 926 dixerit
1787 899 1839 927 Do-

997 943 1090 971 minus
1110 943 1144 971 ad
1165 943 1293 979 Moysen:
1316 943 1396 972 Solve
1420 943 1646 972 calceamentum
1667 945 1700 972 de
1718 944 1840 981 pedibus

998 990 1076 1022 tuis;
1098 992 1125 1018 et
1146 989 1219 1026 quod
1242 990 1376 1026 propheta
1398 990 1479 1018 lsaias
1500 990 1581 1019 nudis
1602 990 1718 1027 pedibus
1734 991 1840 1028 legatur

997 1035 1162 1064 ambulasse.
1185 1035 1246 1064 Ideo
1267 1043 1333 1072 ergo
1355 1036 1477 1064 haeresis
1498 1039 1555 1070 est,
1578 1045 1631 1065 non
1647 1037 1712 1073 quia
1726 1041 1840 1074 propter

998 1082 1122 1118 corporis
1144 1082 1319 1110 afflictionem
1342 1082 1380 1110 510
1401 1082 1559 1116 ambulant,
1588 1083 1635 1111 sed
1663 1083 1728 1120 quia
1748 1083 1841 1112 divina

999 1129 1154 1157 testimonia
1169 1128 1260 1157 taliter
1275 1129 1431 1166 intelligunt
1447 1141 1472 1157 ».
1493 1130 1561 1158 Haec
1576 1130 1753 1166 Augustinus.
1770 1131 1840 1167 Ergo

997 1175 1168 1204 haereticum
1190 1175 1299 1204 videtur
1321 1183 1371 1212 pro
1392 1175 1491 1204 divinis
1514 1177 1676 1205 testimoniis
1697 1177 1779 1206 nudis
1794 1186 1840 1214 pe-

997 1221 1078 1250 dibus
1099 1222 1251 1250 ambulare.
1274 1238 1310 1243 —-
1332 1222 1414 1256 ltem,
1443 1222 1513 1251 idem
1544 1223 1614 1252 libro
1641 1223 1674 1252 de
1699 1223 1840 1252 Consensu

999 1268 1234 1305 Evangelistarum
1249 1269 1271 1285 ¹⁰
1285 1276 1427 1305 exponens
1442 1269 1509 1298 illud
1520 1270 1637 1298 verbum
1653 1270 1779 1299 Matthaei
1794 1270 1841 1299 de-

998 1315 1068 1344 cimo
1089 1315 1173 1343 dicit:
1199 1326 1213 1340 «
1227 1315 1416 1344 Calceamenta
1437 1324 1500 1344 cum
1522 1316 1588 1345 dicit
1612 1317 1766 1345 Matthaeus
1786 1325 1841 1345 non

998 1369 1057 1391 esse
1077 1362 1226 1399 portanda,
1248 1370 1343 1391 curam
1367 1363 1510 1399 prohibet,
1539 1371 1595 1400 qua
1622 1363 1682 1392 ideo
1707 1367 1841 1400 putantur

998 1409 1144 1445 portanda,
1166 1417 1200 1437 00
1221 1409 1318 1438 desint.
1341 1409 1394 1438 Hoc
1415 1409 1496 1438 etiam
1513 1410 1547 1438 de
1561 1409 1670 1438 duabus
1685 1410 1785 1439 tunicis
1799 1410 1840 1438 in-

998 1455 1175 1492 telligendum
1198 1459 1239 1484 est
1253 1467 1280 1483 ιι.
1302 1455 1371 1484 Η300
1385 1456 1562 1493 Augustinus.
1580 1473 1617 1476 —
1633 1457 1711 1491 item,
1734 1457 1840 1486 loannis

998 1501 1088 1538 primo
1101 1503 1122 1518 ¹¹
1144 1502 1245 1530 dicitur
1266 1502 1299 1531 de
1317 1502 1440 1531 Christo:
1459 1502 1550 1531 Cuius
1563 1511 1622 1531 nort
1636 1512 1701 1532 sam
1716 1504 1840 1541 difflues,

998 1552 1030 1577 ut
1049 1548 1161 1577 soleam
1183 1549 1345 1586 eorriyz'am
1367 1549 1554 1579 calceamenti
1574 1550 1645 1579 eius.

1076 1596 1121 1623 ΞΟ.
1144 1595 1181 1624 Ad
1204 1596 1323 1632 primum
1348 1596 1511 1631 dicendum,
1540 1597 1614 1634 quod
1642 1597 1679 1625 illi
1709 1597 1839 1626 haeretici

997 1642 1116 1678 turpiter
1137 1645 1318 1677 erraverunt,
1340 1645 1468 1680 putantes
1489 1651 1540 1680 pro
1561 1644 1620 1681 lege
1642 1644 1780 1672 communi
1804 1644 1842 1672 di-

997 1692 1071 1717 ctum
1094 1688 1178 1717 fuisse
1198 1689 1284 1717 Exodi
1306 1689 1388 1718 tertio
1401 1690 1423 1706 ¹2
1445 1690 1547 1726 Moysi:
1570 1690 1650 1719 Solve
1664 1690 1840 1719 calceamen-

997 1739 1059 1764 tum
1080 1736 1114 1764 (le
1131 1735 1254 1772 pedibus
1275 1736 1334 1764 tuis
1345 1747 1355 1770 ;
1369 1739 1396 1765 01
1411 1737 1494 1766 Isaiae
1509 1737 1659 1774 vigesimo:
1681 1737 1761 1766 Solve
1774 1746 1839 1766 sac-

997 1790 1063 1810 cum
1091 1783 1125 1811 (le
1153 1782 1258 1811 lambis
1286 1783 1346 1811 tuis
1370 1787 1396 1811 et
1423 1783 1618 1812 calceamenta
1640 1787 1692 1812 tua
1716 1783 1779 1812 tolle
1807 1784 1840 1812 de

995 1829 1116 1866 pedibus
1137 1830 1212 1863 tuis,
1234 1829 1312 1866 quasi
1335 1830 1401 1859 haec
1416 1830 1455 1859 eis
1470 1830 1507 1858 ita
1521 1830 1696 1864 dicerentur,
1712 1834 1743 1859 ut
1757 1831 1838 1859 etiam

996 1876 1030 1904 ab
1051 1876 1111 1905 aliis
1134 1876 1294 1905 litteratorie
1309 1880 1497 1906 servarentur.
1513 1878 1567 1906 Hoc
1582 1877 1654 1906 enim
1670 1877 1768 1906 falsum
1783 1881 1838 1911 est,

996 1922 1061 1959 quia
1083 1923 1167 1951 verba
1189 1923 1234 1951 illa
1254 1923 1406 1952 secundum
1430 1924 1548 1952 litteram
1570 1924 1603 1952 ad
1618 1924 1678 1952 illas
1691 1924 1760 1952 duas
1774 1932 1837 1961 per-

996 1977 1076 1998 sonas
1098 1973 1206 1998 tantum
1228 1970 1416 2006 pertinebant,
1445 1973 1476 1999 01
1503 1970 1598 1999 futura
1623 1970 1757 1999 Ecclesiae
1778 1978 1838 2007 my-

996 2016 1080 2045 steria
1100 2016 1289 2053 figurarentur
1302 2017 1333 2045 ¹³.
1355 2017 1464 2046 Fratres
1481 2020 1573 2046 autem
1588 2017 1706 2046 Minores
1720 2017 1791 2046 absit
1805 2026 1839 2046 ne

1858 1229 1943 1247 Secunda
1946 1242 1950 1247 .

1858 1462 1929 1480 Tertia.

1858 1602 1930 1629 Salutio
1943 1602 1979 1626 pri-

1901 1631 1934 1644 ml.

993 2221 1089 2251 prI'mt't,
1108 2228 1150 2250 pro
1167 2221 1303 2245 exsiccatur
1321 2222 1350 2249 (D
1366 2221 1481 2247 siccatur)
1498 2222 1534 2244 ed.
1557 2222 1562 2243 1
1585 2221 1701 2244 substituit
1717 2221 1834 2250 duratur,

997 2263 1019 2283 et
1037 2267 1078 2289 pro
1095 2260 1161 2284 calor
1179 2260 1249 2284 etiam
1266 2261 1285 2283 D
1302 2260 1368 2284 calor
1385 2261 1456 2283 enim.

1060 2299 1068 2312 ⁷
1086 2300 1156 2327 Epist.
1174 2300 1197 2322 ll.
1214 2299 1265 2321 Cor.
1286 2300 1320 2327 tt,
1339 2300 1383 2321 27:
1402 2300 1423 2321 ln
1441 2300 1526 2327 frigore
1541 2302 1563 2322 et
1574 2299 1689 2326 nuditate;
1702 2300 1750 2322 Act.
1763 2299 1784 2326 ὃ,
1798 2299 1838 2321 cil:

997 2339 1022 2361 Et
1039 2339 1068 2361 illi
1086 2339 1180 2367 quidem
1199 2338 1325 2368 [Apostoli]
1337 2338 1399 2361 ibant
1411 2339 1539 2366 gaudentes
1549 2341 1608 2365 etc.;
1625 2339 1642 2360 Α
1660 2342 1682 2360 01
1693 2338 1729 2360 ed.
1750 2339 1755 2359 1
1772 2338 1839 2360 omit-

996 2380 1046 2400 tunt
1063 2377 1099 2400 hic
1116 2377 1181 2400 ibant
1197 2377 1336 2406 pandentes,
1350 2378 1424 2405 posito
1438 2381 1514 2399 tamen
1527 2376 1655 2406 ¹qaudentes
1668 2380 1719 2404 post
1731 2376 1836 2399 Fratres.

1059 2415 1068 2427 ⁸
1087 2416 1262 2438 Praecedentem
1280 2416 1460 2443 propositionem
1480 2416 1556 2438 Testes
1573 2417 1651 2438 sunt...
1666 2417 1766 2444 portare
1777 2415 1835 2438 sicut

996 2457 1018 2476 et
1034 2454 1124 2481 omnia,
1144 2460 1204 2482 quae
1221 2460 1294 2482 usque
1319 2454 1348 2475 ad
1373 2460 1396 2475 n.
1422 2453 1460 2476 24.
1482 2457 1609 2482 sequuntur
1627 2453 1683 2482 (uno
1700 2456 1837 2481 argumento

996 2492 1117 2522 Amplius,
1134 2493 1233 2522 posito...
1250 2492 1332 2516 docere
1349 2496 1455 2521 excepto,
1467 2493 1543 2522 quod,
1561 2495 1585 2515 nt
1602 2493 1657 2515 infra
1676 2493 1792 2519 dicemus,
1810 2493 1838 2515 la-

996 2537 1079 2553 cunam
1091 2537 1141 2553 esse
1153 2532 1175 2553 in
1189 2532 1238 2553 Vnt.
1250 2532 1352 2560 testatur)
1364 2532 1525 2559 supplevimus
1542 2538 1568 2554 ex
1585 2532 1601 2553 A
1613 2532 1629 2553 Β
1639 2531 1655 2554 C
1664 2532 1680 2553 F
1690 2532 1708 2553 G
1725 2535 1747 2554 et
1763 2531 1799 2554 ed.
1821 2532 1837 2553 Ι.

1060 2569 1069 2582 ⁹
1086 2571 1139 2593 Sive
1157 2571 1248 2592 1130105.
1266 2571 1303 2592 68.
1320 2570 1363 2592 Csr.
1381 2576 1451 2598 supra
1470 2577 1525 2598 pag.
1542 2571 1600 2597 305,
1613 2572 1664 2592 nota
1683 2571 1703 2592 ¹l.
1721 2570 1836 2597 Allegatnr

996 2609 1065 2631 Exod.
1084 2609 1111 2636 3,
1129 2609 1150 2630 ὅ.
1168 2612 1189 2631 01
1206 2609 1327 2636 respicitur
1344 2609 1393 2631 lsai.
1410 2609 1451 2635 20,
1469 2610 1490 2631 2.
1510 2609 1551 2631 Pro
1569 2608 1663 2638 leantur
1682 2609 1720 2637 (ita
1733 2609 1758 2638 C)
1771 2609 1786 2631 F
1804 2608 1839 2631 [Ii-

996 2647 1071 2675 citur,
1090 2648 1126 2670 alii
1144 2654 1197 2670 cum
1215 2648 1250 2670 ed.
1270 2649 1278 2669 rl
1301 2647 1395 2677 legiter.

1060 2686 1079 2698 ¹⁰
1096 2686 1156 2708 Libr.
1182 2688 1204 2709 11.
1229 2693 1249 2709 0.
1267 2687 1304 2708 30.
1327 2693 1348 2708 n.
1369 2686 1411 2713 75,
1430 2686 1468 2708 ubi
1488 2689 1560 2708 textus
1577 2687 1694 2714 originalis
1711 2690 1762 2714 post
1778 2686 1836 2710 Mat-

996 2725 1079 2748 thaeus
1097 2725 1149 2754 [10,
1170 2726 1211 2747 1οε
1228 2726 1275 2747 Non
1298 2731 1376 2752 peram
1396 2725 1417 2747 in
1436 2725 1486 2753 via,
1513 2731 1588 2754 neque
1604 2726 1663 2748 duas
1680 2726 1779 2753 1001035,
1798 2732 1837 2747 00-

996 2770 1042 2792 que
1058 2763 1220 2792 calceamenta]
1239 2764 1303 2786 addit
1320 2763 1342 2786 in
1360 2764 1398 2786 eut
1415 2767 1437 2786 et
1454 2764 1571 2787 substituit
1582 2764 1718 2793 coyt'tanlur
1736 2771 1777 2792 pro
1791 2771 1837 2793 pu-

996 2804 1085 2825 [antur.

1060 2840 1077 2853 ¹²
1097 2841 1161 2862 Vers.
1179 2841 1215 2862 27.

1059 2879 1078 2891 ¹²
1097 2879 1162 2901 Vers.
1179 2880 1200 2901 ὅ.
1218 2883 1239 2901 et
1256 2879 1340 2901 deinde
1358 2880 1406 2901 lsai.
1424 2880 1466 2907 20,
1485 2881 1505 2902 2.

1059 2917 1078 2930 ¹¹¹
1096 2918 1187 2944 Isidor.,
1205 2919 1247 2946 Qq.
1265 2918 1286 2940 in
1305 2918 1373 2941 Exod.
1390 2925 1410 2941 c.
1427 2919 1449 2941 7.
1467 2925 1488 2940 n.
1507 2919 1527 2941 3.
1545 2925 1628 2947 seqq:
1646 2919 1712 2947 Quod
1728 2925 1783 2941 vero
1796 2920 1836 2941 Do-

997 2957 1072 2978 minus
1090 2957 1160 2983 Moysi
1178 2957 1198 2978 in
1216 2957 1298 2979 eodem
1315 2956 1373 2979 rubo
1390 2957 1527 2985 apparuisse
1550 2958 1644 2985 legitur,
1662 2958 1771 2985 ostendit,
1789 2964 1834 2980 non

996 2995 1047 3017 alibi
1074 3002 1143 3024 qnam
1170 2995 1191 3017 in
1218 2996 1315 3018 Ecclesia
1340 3002 1393 3018 euni
1420 2996 1566 3018 credentibus
1591 3003 1718 3025 appai·ere;
1744 2997 1765 3019 in
1789 3003 1834 3025 qua
