2133 3317
0 511 16 554 3¹⁵.
25 524 73 544 dolo-

5 857 14 871 s
23 851 68 876 mei.

555 205 752 234 OPUSCULUM
773 205 828 233 XX.
851 205 978 234 REGULA
999 205 1216 235 NOVlTlORUM.
1238 206 1306 235 CAP.
1331 207 1370 235 lit.

90 284 122 313 Et
153 287 183 312 tu
215 283 340 320 ingratus
369 283 500 312 beneficia
527 282 665 311 Creatoris
686 282 725 311 tui
755 291 808 311 non
831 290 931 319 cogno-

89 331 157 364 scis,
179 338 242 359 cum
264 331 301 359 sis
328 338 379 359 sna
399 332 491 358 morte
512 329 687 365 redemptus,
709 333 737 358 et
758 337 811 358 non
841 329 930 358 solum

89 385 152 406 eum
173 377 317 406 ardentius
337 385 391 405 non
413 376 526 410 amasti,
547 376 595 405 sed
616 375 753 413 peccando
775 376 866 412 potius
881 376 931 404 im-

88 424 232 461 pugnasti,
261 423 333 452 sicut
360 423 418 459 ipse
446 423 628 460 conqueritur
656 430 706 459 per
734 422 931 459 Prophetam1‚

87 470 195 500 dicens:
211 469 415 499 Retribuebant
428 468 503 498 milti
522 469 604 498 mala
615 469 769 507 pro‘bonis
789 472 813 497 et
831 469 932 497 odium

84 525 141 555 pro
155 516 303 545 dilectione
316 525 389 545 mea.
403 532 440 537 —
452 517 484 545 Et
498 516 607 553 prolixa
622 517 691 545 hora
705 516 793 553 cogita
808 523 871 544 cum
884 515 932 544 do-

87 564 158 597 lore,
180 566 316 600 quantum
343 567 370 592 et
398 563 516 600 qualiter
542 564 629 592 Deum
651 563 802 597 offendisti,
831 566 858 591 et
882 570 931 599 per

87 618 258 647 consequens
278 613 409 646 quantam
431 610 546 647 gloriam
568 610 682 638 amisisti
694 613 721 638 et
742 613 845 646 quanta
866 617 931 646 sup-

85 657 166 694 plicia
187 657 343 693 acquisisti;
365 660 392 685 et
413 657 440 685 in
469 657 521 685 hoc
546 656 670 693 liquefiat
697 656 788 684 anima
810 659 857 685 tua
884 657 931 685 do-

86 703 165 733 lendo
192 706 219 732 et
247 703 410 740 poenitendo
434 704 462 732 in
493 703 677 732 amaritudine
699 703 872 739 lacrymeris,
900 707 931 732 ut

84 751 172 788 possis
193 750 284 779 dicere
305 758 369 779 cum
392 750 564 787 Propheta2:
590 750 693 778 Exitus
714 758 863 788 aquaram
884 751 931 779 de-

85 797 234 826 duxerant
255 797 332 825 oculi
357 797 431 830 mei,
452 797 524 834 quia
545 805 603 826 noia
624 796 822 825 custodierant
844 797 930 834 leyem

85 847 175 872 taam.
191 861 230 864 —
244 844 281 872 Ad
296 844 425 872 ultimum
441 851 507 872 vero
521 851 604 880 surge
625 843 760 880 sperando
775 843 808 872 de
824 844 930 872 miseri-

85 891 178 922 cordia
199 891 258 919 lesu
289 891 405 924 Christi;
425 890 541 927 patiens
572 891 645 919 enim
677 894 718 919 est
748 894 773 919 et
804 890 928 919 multum

84 937 270 971 misericors,
293 937 364 965 sicut
385 937 486 965 dicitur
508 937 535 965 in
558 937 663 965 Psalmo
675 937 694 964 ⁸.
718 937 749 965 Et
770 937 830 965 ideo
845 937 930 965 conti-

84 984 180 1013 denter
201 987 228 1012 et
250 984 391 1012 humiliter
413 992 479 1021 roga
500 992 579 1017 eum,
595 987 639 1018 ut,
655 984 702 1021 qui
724 992 775 1013 sua
795 987 883 1013 morte
904 987 929 1013 te

85 1030 200 1059 redemit
221 1034 248 1059 et
272 1030 445 1067 redemptum
470 1030 503 1059 de
525 1030 627 1059 mundo
646 1034 673 1059 te
694 1031 813 1064 vocavit,
836 1031 862 1059 in
879 1031 928 1059 Re-

85 1077 183 1115 ligione
204 1077 337 1114 positum,
360 1078 567 1106 immaculatum
590 1077 708 1106 finaliter
734 1081 760 1106 te
784 1081 928 1106 conservet

85 1123 113 1153 in
135 1125 297 1153 Sanctorum
319 1124 441 1161 collegio.

1777 209 1833 237 479

1069 284 1094 312 9.
1117 284 1218 312 Deinde
1244 293 1300 321 pro
1324 285 1451 314 Ecclesia
1479 286 1627 319 Romana,
1653 286 1756 314 scilicet
1784 294 1835 322 pro

991 330 1060 366 Papa
1074 338 1123 358 ora
1137 334 1164 359 et
1185 331 1371 360 cardinalibus
1389 335 1415 360 et
1436 332 1535 360 ceteris
1550 332 1680 369 praelatis
1702 332 1835 361 Ecclesiae

990 377 1147 411 militantis,
1163 380 1206 410 ut,
1221 377 1356 406 debellato
1378 378 1490 406 humani
1512 379 1621 415 generis
1640 379 1757 413 inimico,
1777 387 1837 416 pos-

989 423 1044 451 sint
1066 430 1129 451 cum
1151 431 1202 451 suo
1229 432 1312 460 grege
1333 424 1367 452 ad
1388 425 1503 453 caeleste
1533 425 1660 454 bravium
1686 426 1834 455 ascendere

989 476 1054 497 cum
1076 469 1233 506 triumpbo;
1256 474 1350 507 postea
1371 479 1421 507 pro
1449 472 1577 500 omnibus
1598 473 1754 509 Religiosis,
1776 481 1834 501 ma—

990 515 1065 544 xime
1086 524 1137 552 pro
1158 516 1260 545 Ordine
1281 521 1392 551 nostro,
1414 521 1446 546 ut
1466 519 1513 555 qui
1536 527 1601 555 prae
1623 519 1722 548 ceteris
1747 519 1836 548 omni-

990 562 1042 591 bus
1063 563 1096 591 ad
1117 563 1293 600 perfectionis
1315 564 1504 593 celsitudinem
1527 574 1576 593 nos
1591 566 1697 594 vocavit
1717 570 1743 594 et
1766 574 1834 602 pau-

989 609 1104 645 pertatis
1132 610 1273 646 signaculo
1303 611 1458 644 decoravit,
1490 611 1523 639 ad
1546 619 1661 648 regnum
1693 612 1832 641 caelorum

989 664 1038 684 nos
1059 659 1190 685 convocet
1211 657 1394 691 coronandos,
1416 658 1490 694 quod
1512 658 1569 695 ipse
1592 659 1719 695 perfectis
1747 659 1834 687 omni-

989 702 1041 731 bus
1062 703 1228 739 repromisit.
1251 704 1353 733 Deinde
1374 713 1423 733 ora
1443 713 1493 741 pro
1514 709 1614 734 cuncto
1633 707 1735 742 populo
1760 706 1835 735 chri-

988 749 1076 778 stiano
1097 753 1124 778 et
1151 750 1306 787 specialiter
1328 759 1379 788 pro
1407 751 1628 781 benefactoribus
1650 753 1764 786 nostris,
1787 756 1833 787 ut,

988 797 1035 833 qui
1064 805 1130 834 opes
1161 805 1225 826 suas
1247 798 1433 835 indigentibus
1458 799 1681 833 subministrant,
1710 808 1834 828 merean-

988 846 1033 872 tur
1061 844 1186 881 accipere
1206 853 1257 881 pro
1287 845 1378 881 parvis
1406 854 1519 882 magna,
1548 854 1599 882 pro
1631 847 1749 875 terrenis
1777 854 1835 875 cae-

987 890 1078 923 lestia,
1100 899 1151 927 pro
1173 891 1373 927 temporalibus
1394 892 1569 928 sempiterna.
1593 893 1687 921 Postea
1712 901 1761 921 ora
1782 901 1833 929 pro

986 936 1123 966 defunctis
1144 941 1170 966 et
1191 941 1285 974 postea
1315 946 1366 975 pro
1397 938 1568 972 infidelibus,
1595 942 1641 972 ut,
1671 940 1717 976 qui
1739 940 1833 968 diabo-

987 984 1038 1012 lica
1058 984 1155 1013 fraude
1177 987 1242 1012 sunt
1262 985 1382 1021 decepti,
1398 985 1431 1013 ad
1447 985 1539 1013 lumen
1556 986 1616 1014 tidei
1639 986 1731 1014 divina
1753 986 1833 1015 mise-

986 1030 1104 1059 ricordia
1126 1035 1302 1059 revocentur.
1325 1032 1378 1060 Nec
1399 1031 1482 1060 debes
1503 1032 1536 1060 de
1557 1032 1650 1069 aliquo
1671 1032 1832 1069 desperare,

985 1077 1062 1114 quia,
1085 1081 1153 1106 teste
1175 1078 1258 1106 Paulo
1269 1079 1289 1111 4,
1312 1087 1370 1106 non
1394 1082 1435 1107 est
1456 1078 1575 1107 volentis
1595 1087 1684 1117 aeque
1711 1088 1834 1108 carren—

985 1125 1038 1158 tis,
1059 1125 1110 1152 secl
1131 1125 1295 1153 miserentis
1316 1128 1357 1153 est
1379 1125 1437 1153 Dei.

845 1246 1006 1275 CAPt'rtJLUM
1028 1247 1067 1274 ΙΙΙ.

832 1365 869 1392 De
897 1364 1082 1402 confessione.

164 1488 187 1516 1.
210 1488 279 1523 Quia
300 1487 333 1515 ad
355 1487 544 1515 remissionem
568 1490 744 1523 peccatorum
774 1486 929 1523 requiritur

84 1534 218 1562 contritio
239 1542 362 1567 amara,
379 1532 520 1570 confessio
538 1542 621 1570 pura
635 1536 662 1561 et
683 1532 848 1570 satisfactio
863 1542 928 1561 con-

83 1581 189 1619 cliyaa,
217 1581 332 1615 idcirco,
363 1584 512 1617 antequam
535 1580 618 1609 vadas
648 1580 683 1608 ad
714 1580 928 1615 confessionem,

84 1628 175 1663 omnia
196 1632 323 1665 peccata,
344 1636 415 1664 quae
439 1631 499 1664 post
519 1627 752 1664 praecedeutem⁵
781 1627 928 1656 confessio-

83 1683 144 1709 nem
166 1675 252 1704 fecisti
274 1675 317 1704 vel
339 1675 435 1709 corde,
456 1675 499 1703 vel
520 1682 581 1709 ore,
603 1674 646 1703 vel
667 1682 763 1711 opere,
785 1677 833 1702 aut
847 1674 928 1702 omit-

83 1722 164 1751 tendo
185 1722 269 1756 bona,
297 1725 345 1750 aut
370 1721 565 1750 committendo
593 1721 746 1755 contraria,
775 1729 837 1750 cum
864 1729 928 1758 pro-

83 1768 167 1803 funda
188 1769 280 1798 cordis
301 1768 465 1797 contritione
485 1768 518 1796 ad
547 1772 666 1797 mentem
689 1776 789 1797 revoca
813 1768 927 1805 diligen-

84 1819 142 1850 ter,
157 1823 191 1844 ne
212 1823 243 1844 ea
264 1815 291 1844 in
313 1815 482 1844 confessione
503 1815 715 1852 praetermittas.
739 1815 769 1843 Et
787 1823 850 1844 cum
873 1815 928 1844 sin-

82 1862 147 1899 gula
174 1864 285 1899 peccata
312 1870 374 1890 cum
404 1861 498 1891 dolore
529 1861 563 1890 ad
590 1862 712 1890 animum
739 1862 927 1896 revocaveris,

83 1902 239 1938 verecunde
261 1909 329 1937 vade
343 1909 376 1937 ad
398 1908 581 1943 sacerdotem,
596 1912 624 1938 et
644 1909 768 1946 deposito
783 1910 925 1944 mantello,

84 1957 226 1986 humiliter
253 1956 420 1994 genuflecte,
441 1959 469 1985 et
497 1956 583 1985 cum⁶
608 1959 735 1985 extracto
763 1956 873 1993 caputio
901 1959 928 1986 et

84 2003 185 2042 iunctis
206 2003 333 2032 manibus
347 2003 435 2032 dicas:
452 2003 593 2040 Confiteor
608 2011 698 2040 usque
722 2003 788 2032 Ideo
809 2011 927 2040 precor,-

985 1490 1012 1515 et
1033 1487 1077 1515 hic
1093 1486 1207 1523 incipias
1221 1487 1312 1516 dicere
1328 1488 1373 1516 illa
1388 1491 1512 1524 peccata,
1527 1496 1598 1525 quae
1612 1489 1742 1525 superius
1757 1489 1831 1526 cogi-

986 1534 1065 1568 lasti,
1087 1538 1114 1562 et
1136 1543 1186 1571 pro
1201 1535 1309 1571 singulo
1325 1539 1436 1571 peccato
1450 1535 1524 1563 diras
1540 1539 1614 1563 tuam
1630 1537 1749 1573 culpam.
1765 1537 1831 1573 Qui-

985 1580 1037 1609 bus
1058 1580 1150 1614 dictis,
1172 1581 1325 1618 subiungas
1346 1582 1443 1610 ultimo
1457 1582 1565 1611 dicens:
1588 1583 1661 1611 etde
1677 1583 1735 1611 istis
1750 1586 1777 1611 et
1797 1583 1830 1612 de

984 1628 1113 1656 omnibus
1133 1628 1193 1657 aliis
1214 1629 1332 1665 peccatis
1353 1629 1420 1657 meis
1435 1629 1599 1658 mortalibus
1619 1633 1646 1658 et
1665 1630 1829 1664 venialibus,

985 1674 1116 1703 confessis
1130 1678 1157 1703 el
1171 1675 1279 1704 omissis
1290 1675 1310 1709 ⁷,
1326 1676 1429 1712 quibus
1449 1676 1548 1704 offendi
1564 1676 1720 1705 Creatorem
1736 1685 1828 1705 meum

985 1721 1062 1755 visu,
1084 1721 1197 1755 auditu,
1218 1725 1319 1758 gustu,
1341 1722 1457 1751 odoratu
1485 1726 1512 1751 et
1541 1726 1628 1756 tactu,
1650 1723 1711 1751 dico
1739 1732 1827 1752 meam

985 1768 1104 1804 culpam.
1118 1768 1148 1796 Et
1163 1768 1214 1797 ista
1228 1768 1371 1797 sufficiunt
1385 1769 1417 1797 ad
1433 1769 1630 1798 confessionem
1645 1769 1826 1806 frequentem.

1064 1816 1089 1843 Ξ,
1112 1815 1179 1844 Cum
1209 1815 1331 1844 volueris
1361 1816 1499 1852 prolixius
1526 1816 1667 1850 confiteri,
1693 1817 1767 1845 dicas
1794 1817 1828 1845 de

984 1862 1203 1891 offensionibus⁸
1226 1862 1356 1899 Regulae,
1378 1862 1501 1891 maxime
1515 1862 1548 1891 de
1569 1863 1738 1897 obedientia,
1761 1871 1829 1900 pau-

985 1912 1090 1946 pertate
1105 1912 1132 1938 et
1153 1909 1288 1943 castitate,
1304 1913 1331 1938 et
1345 1910 1502 1946 exprimas,
1517 1909 1538 1937 si
1555 1910 1580 1937 in
1596 1910 1690 1946 aliquo
1712 1910 1828 1939 istorum

984 1956 1139 1992 specialiter
1160 1956 1305 1985 offendisti.
1328 1972 1365 1977 —-
1387 1956 1469 1990 item,
1491 1956 1524 1985 de
1549 1957 1636 1985 multa
1663 1957 1828 1994 negligentia

984 2006 1011 2031 et
1031 2002 1213 2031 irreverentia
1233 2002 1307 2031 circa
1327 2003 1425 2037 Horas,
1447 2003 1513 2039 quia
1530 2011 1576 2032 eas
1597 2004 1783 2032 somnolenter
1801 2006 1828 2033 et

145 2141 153 2154 ²
171 2142 252 2163 Psalm.
270 2141 314 2168 34,
336 2142 374 2163 12:
394 2140 558 2163 Retribuebant
575 2141 630 2163 mihi
649 2142 706 2163 mala
731 2148 772 2169 pro
795 2141 874 2169 bonis;
892 2142 925 2164 Ps.

84 2181 140 2208 108,
159 2179 185 2202 5;
203 2180 228 2202 Ει
245 2182 372 2207 posuerunt
388 2180 513 2202 adversum
531 2186 569 2202 me
589 2180 647 2202 mala
664 2186 707 2208 pro
725 2179 790 2202 bonis
807 2184 829 2202 et
846 2181 925 2202 odium

83 2225 125 2246 pro
142 2219 262 2241 dilectione
279 2224 337 2240 inea.

144 2257 154 2270 ²
172 2259 253 2280 Psalm.
274 2258 328 2284 118,
349 2258 398 2280 136,
410 2270 441 2274 —
453 2258 564 2285 Superius
581 2264 623 2286 pro
642 2257 740 2287 prolixa
759 2258 818 2280 liora
837 2259 871 2280 111
889 2257 926 2281 liic

82 2297 188 2326 prolixe,
207 2301 258 2324 post
276 2297 348 2319 Deum
362 2297 379 2319 Il
392 2297 455 2319 addit
470 2297 606 2320 Creatorem
624 2298 691 2319 tuum
710 2301 731 2319 et
746 2303 787 2324 pro
804 2297 927 2326 acquisisti

83 2341 136 2365 cum
154 2337 160 2358 l
177 2336 294 2358 substituit
310 2336 426 2359 meruisti.
443 2335 545 2358 Subinde
557 2342 599 2363 pro
617 2335 757 2365 lacrymeris
776 2336 817 2361 (ita
830 2337 857 2365 A)
881 2337 925 2358 Bit

85 2373 240 2405 lacrymetur,
258 2375 274 2397 F
291 2374 385 2397 animae
402 2376 468 2402 tuae,
486 2375 539 2397 edd.
557 2374 730 2404 lacrymarum.

145 2412 154 2426 ³
172 2414 254 2436 Psalm.
275 2413 329 2441 tlt,
348 2414 368 2435 8.

144 2451 154 2464 ⁴
171 2453 238 2475 Rom.
256 2453 282 2480 9,
302 2452 339 2479 16,
359 2459 401 2480 pro
418 2458 465 2481 quo
485 2452 492 2474 l
509 2453 576 2474 Rom.
597 2453 636 2479 ll,
654 2452 694 2474 29:
713 2451 768 2475 Sine
782 2451 925 2481 poenitentia

83 2493 140 2515 sunt
155 2491 217 2514 dona
234 2493 256 2514 et
271 2491 362 2514 vocatio
380 2491 423 2514 Dei
439 2491 475 2520 (in
497 2492 602 2519 margine
627 2491 718 2513 additur
743 2492 808 2513 Rom.
834 2492 861 2519 9,
880 2491 924 2512 ⁴6:

85 2530 138 2553 Non
154 2532 189 2553 est
204 2529 302 2553 volentis
319 2533 374 2557 etc.;
392 2530 410 2552 Η
428 2530 556 2552 substituit:
573 2529 629 2553 Sine
645 2530 691 2560 sine
708 2531 764 2552 sant
781 2529 843 2553 dona
860 2529 924 2558 Dei).

85 2568 140 2592 Cod.
158 2570 174 2591 L
190 2569 257 2597 legit:
272 2570 316 2592 Nec
333 2569 405 2592 debes
422 2569 559 2597 desperare,
576 2569 595 2591 si
613 2568 653 2591 tibi
671 2568 798 2596 videbitur,
816 2575 860 2590 non
879 2571 924 2590 tam

84 2607 128 2630 cito
146 2608 247 2630 exaudiri
272 2608 331 2630 iuxta
351 2608 493 2630 desiderium
516 2611 591 2636 tuum,
616 2608 707 2630 dicens:
728 2608 799 2635 «Ego
823 2607 926 2635 quotidie

84 2652 136 2674 oro,
153 2647 192 2669 sed
211 2647 319 2669 orationis
345 2653 410 2669 meae
435 2648 522 2669 nullum
544 2648 643 2669 fructum
669 2647 762 2669 video...
779 2649 801 2669 ct
818 2652 889 2669 unum
913 2652 925 2668 a

85 2684 175 2708 duobus
193 2685 346 2708 indubitanter
363 2692 456 2713 sperare
474 2685 599 2712 debemus,
616 2686 727 2714 quoniam
749 2688 788 2707 aut
804 2684 867 2708 dabit
888 2691 927 2707 no-

85 2722 120 2746 bis
136 2724 197 2752 quod
216 2725 326 2752 petimus,
344 2728 383 2746 aut
403 2725 465 2753 quod
489 2724 557 2747 nobis
573 2725 663 2747 noverit
683 2731 734 2747 esse
758 2725 833 2746 utilius
850 2724 928 2753 [titedi-

85 2764 123 2784 tat.
139 2763 255 2791 piissimae
272 2763 301 2786 de
319 2765 417 2787 humana
438 2764 580 2791 conditione,
597 2763 654 2786 intur
671 2769 741 2791 opera
764 2763 882 2789 Bernardi,
906 2769 925 2785 c.

86 2800 106 2822 6.
124 2807 145 2823 n.
163 2802 203 2828 48,
221 2802 260 2824 ubi
278 2805 357 2824 auctor
374 2804 478 2831 sequitur
494 2802 615 2829 Bernard.,
633 2803 706 2824 serm.
729 2802 749 2823 6.
769 2801 789 2823 in
808 2801 924 2829 Quadrag.

85 2845 106 2861 n.
124 2839 164 2869 3.].
181 2840 243 2863 Unde
261 2841 343 2863 Paulus
360 2841 402 2863 ait:
421 2841 473 2864 Noa
491 2843 525 2864 est
542 2840 658 2864 volentis·
674 2844 717 2863 ete.
729 2853 759 2856 —
770 2840 827 2863 Edd.
841 2840 925 2862 dehoc

85 2883 107 2900 n.
118 2878 140 2906 9,
151 2879 319 2907 refragantibus
330 2880 347 2902 A
357 2880 373 2902 Β
382 2879 399 2902 C
410 2881 427 2902 D
437 2881 453 2902 E
462 2880 480 2902 Η
491 2881 495 2902 Ι
507 2880 535 2907 L,
547 2879 654 2902 exhibent
666 2882 752 2902 tantum
766 2878 853 2903 Deinde
864 2885 925 2908 roya

88 2916 159 2940 Deum
178 2924 224 2948 pro
245 2918 350 2943 Ecclesia
369 2919 483 2942 Romana.
506 2919 562 2941 Cod.
585 2920 603 2941 Η
626 2919 730 2946 adiungit
751 2919 923 2946 paragraphum

86 2954 113 2978 de
128 2956 265 2988 gratiarum
281 2957 382 2985 actione,
401 2958 421 2980 in
439 2964 497 2987 qua,
515 2958 675 2980 commendata
693 2957 818 2985 gratiarum
836 2957 925 2980 actione

86 2999 112 3016 ex
129 2994 206 3017 verbis
218 2996 317 3024 Apostoli
335 2996 402 3026 [Phil.
416 2996 440 3024 4,
452 2995 500 3026 6.],
512 2996 643 3024 Augustini,
661 2996 768 3019 nerum-di
788 2995 836 3025 [cfr.
854 3002 923 3024 supra

983 2141 1068 2169 Opusc.
1087 2141 1122 2163 Vl.
1140 2141 1169 2163 de
1187 2141 1325 2163 Persectione
1347 2141 1408 2162 vitae
1424 2140 1453 2162 ad
1472 2140 1578 2167 Sorores,
1595 2146 1615 2163 e.
1632 2141 1652 2163 5.
1671 2147 1693 2163 ῐι.
1712 2141 1758 2170 3.],
1775 2148 1826 2169 pro-

983 2181 1087 2208 ponitur.
1109 2180 1171 2208 quod
1190 2180 1276 2207 gratiae
1294 2180 1397 2207 agendae
1414 2180 1457 2201 sint
1474 2180 1601 2206 specialiter
1618 2186 1660 2208 pro
1683 2181 1826 2208 septemplici

983 2219 1106 2245 bcticlicio,
1123 2219 1208 2241 scilicet
1225 2219 1396 2245 iucarnationis,
1414 2218 1542 2240 dominicae
1556 2219 1680 2246 passionis,
1699 2220 1827 2242 vocationis

982 2259 1010 2280 nd
1030 2259 1185 2286 Religionem,
1203 2258 1362 2285 promissionis
1380 2259 1450 2280 sartae
1463 2258 1558 2280 finaliter
1577 2258 1597 2280 iu
1616 2259 1734 2286 Religione
1752 2265 1826 2286 perse-

983 2298 1084 2324 veranti,
1101 2297 1219 2324 angelicae
1232 2296 1390 2324 protectionis,
1409 2299 1517 2324 pateruae
1529 2297 1682 2319 miserationis
1699 2297 1826 2319 custodien-

983 2336 1012 2358 tis
1028 2342 1040 2357 a
1059 2335 1159 2363 peccatis
1176 2338 1197 2356 et
1214 2335 1314 2361 interno,
1331 2335 1454 2362 singularis
1475 2336 1613 2362 provisionis
1635 2336 1777 2358 immittentis
1795 2336 1826 2357 in-

982 2375 1118 2402 spirationes
1144 2374 1215 2396 bonas
1234 2377 1256 2396 et
1281 2374 1424 2401 procurantis
1443 2375 1570 2402 corporalia
1590 2375 1657 2397 dona.
1680 2383 1689 2394 α
1703 2376 1743 2397 ista
1770 2381 1826 2403 ergo

982 2416 1070 2440 septem
1089 2412 1198 2434 beneficia
1217 2416 1270 2434 sunt
1286 2412 1352 2440 quasi
1369 2414 1454 2441 septem
1473 2412 1616 2435 candelabra
1638 2413 1721 2442 [Apoc.
1743 2415 1760 2440 l,
1782 2413 1824 2443 12]

983 2452 1079 2473 lucentia
1097 2457 1175 2473 coram
1194 2451 1240 2473 Deo
1258 2451 1280 2473 in
1297 2451 1427 2473 sanctuario
1445 2451 1521 2473 cordis
1539 2452 1582 2479 tui,
1599 2452 1617 2474 si
1636 2456 1711 2474 tamen
1729 2459 1771 2480 pro
1783 2453 1826 2474 sin-

982 2491 1042 2518 gulis
1059 2490 1127 2518 dIgnn
1146 2488 1255 2518 sequetur
1272 2490 1397 2518 gratiarum
1416 2490 1474 2512 actio
1486 2499 1507 2512 1>.

1044 2529 1053 2541 ⁵
1071 2529 1127 2551 Edd.
1146 2535 1267 2557 perperam
1282 2528 1438 2558 praedictam.
1457 2529 1550 2552 interius
1567 2536 1609 2557 pro
1626 2536 1655 2553 ne
1677 2533 1699 2552 et
1718 2532 1825 2559 praeter-

982 2568 1062 2592 mittas
1080 2568 1122 2591 BC
1133 2569 1150 2590 H
1161 2569 1176 2590 1,
1194 2569 1221 2591 ut
1237 2571 1258 2590 et
1272 2568 1422 2597 praemittas.

1045 2606 1054 2619 ⁸
1071 2607 1127 2629 Cod.
1145 2608 1150 2629 l
1169 2608 1191 2630 et
1206 2608 1269 2630 tnnc.
1287 2606 1390 2629 Subinde
1402 2610 1455 2635 post
1466 2606 1530 2630 dicas
1548 2607 1615 2630 BCL
1633 2608 1735 2630 addunt:
1755 2607 1825 2631 Diru-

980 2646 1050 2676 pisti,
1077 2646 1186 2674 Domine,
1205 2645 1299 2669 vincula
1317 2652 1382 2674 mea,
1401 2645 1442 2668 tibi
1464 2645 1602 2673 sacrificabo
1627 2646 1729 2669 hostiam
1746 2646 1824 2670 laudis

982 2685 1029 2715 [ΡΞ.
1049 2685 1105 2712 tis,
1125 2686 1161 2707 16.
1178 2691 1226 2714 seq.
1244 2685 1281 2707 vel
1293 2685 1315 2707 7.
1332 2685 1400 2713 seql.
1413 2685 1480 2712 Deus,
1498 2684 1523 2707 in
1539 2684 1686 2708 adiutorium
1700 2691 1779 2708 oneum
1792 2685 1824 2709 in-

983 2724 1061 2752 tende,
1083 2723 1186 2751 Domine,
1199 2723 1231 2746 acl
1243 2723 1406 2747 adiuuandum
1423 2730 1460 2746 ‘me
1476 2724 1559 2752 festina
1574 2724 1617 2753 [Ps.
1631 2724 1672 2751 69,
1685 2724 1728 2754 2.];
1744 2724 1825 2748 deinde

982 2762 1052 2786 [licus.
1071 2763 1165 2785 interius
1177 2769 1218 2790 pro
1230 2762 1340 2792 saperius
1357 2762 1466 2791 copitasli
1483 2763 1525 2790 (ita
1543 2763 1560 2784 A
1572 2762 1612 2784 11ίῖ
1623 2763 1640 2784 D
1650 2764 1665 2785 E
1675 2763 1705 2791 t.)
1724 2763 1776 2786 edd.
1789 2769 1824 2786 co-

982 2801 1063 2831 yitasti
1078 2801 1180 2830 saepius.

1045 2839 1053 2852 ⁷
1070 2840 1144 2863 Codd.
1162 2841 1177 2862 Ε
1188 2840 1221 2862 lli
1239 2841 1262 2863 et
1277 2839 1360 2863 oblitis.
1379 2840 1474 2862 inferius
1491 2842 1542 2868 post
1562 2839 1656 2870 culpam
1667 2841 1690 2863 ·Ε
1701 2841 1717 2863 tl
1735 2841 1824 2864 addunt

982 2880 1011 2903 El
1026 2879 1077 2902 ideo
1094 2879 1207 2908 deprecor
1223 2882 1266 2901 etc.

1043 2917 1052 2930 ⁸
1069 2917 1142 2940 Codd.
1155 2918 1170 2939 tt
1180 2918 1197 2940 ti
1210 2918 1216 2940 Ι
1234 2917 1368 2947 offensione.
1380 2917 1483 2940 Subinde
1494 2920 1546 2946 post
1558 2917 1663 2941 mamime
1674 2919 1692 2940 11
1705 2919 1822 2948 prosequi·

981 2959 1029 2979 tur:
1047 2956 1074 2979 de
1086 2956 1213 2986 offensione
1224 2956 1377 2984 obedientiae,
1393 2956 1541 2986 paupertatis
1557 2958 1580 2980 et
1595 2957 1709 2980 castitatis·
1726 2960 1783 2984 ete,
1800 2961 1822 2980 et

981 3002 1023 3024 pro
1036 2995 1169 3025 specialiter
1186 2996 1228 3023 (ita
1247 2996 1263 3017 A
1274 2996 1289 3018 E
1299 2996 1327 3024 ll)
1345 2996 1351 3018 1
1364 2995 1480 3018 substituit
1491 2995 1636 3025 notabiliter,
1655 2997 1669 3018 B
1679 2996 1696 3019 C
1706 2997 1721 3019 L
1741 2997 1822 3019 Deam.

1857 293 1892 311 Pro
1906 292 1974 316 quibus

1848 316 1873 334 sit
1881 316 1982 335 orandum.

1855 1829 1952 1848 Confessio

1855 1853 1952 1876 prolixior.
