2133 3317
129 678 245 698 Notandum.

118 1052 249 1071 confirmatur.

124 1946 246 1970 Reprobatur

121 1970 248 1990 adversarius.

264 221 320 251 326

264 308 331 328 cum
352 299 432 328 clives
452 302 538 332 esset,
561 305 656 326 amore
677 299 788 325 nostrae
810 295 906 324 salutis
927 294 998 323 effici
1025 294 1114 323 voluit

264 354 370 383 egenus
390 348 417 374 et
439 352 544 381 pauper
557 344 584 377 ¹,
606 342 740 371 celsitudo
761 341 950 378 paupertatis,
973 349 1029 378 qua
1051 340 1114 377 quis

263 392 355 421 omnia
369 392 456 420 calcat
470 393 497 419 et
511 398 540 419 se
554 390 646 426 ipsum
668 397 732 418 cum
757 388 900 422 omnibus,
922 396 1035 417 sursum
1051 390 1114 424 agat

263 439 291 467 in
313 438 417 471 Deum,
438 445 494 465 non
513 436 603 465 solum
618 438 732 472 propter
747 435 863 472 spiritus
877 434 1050 468 libertatem,
1066 442 1113 463 ve-

263 493 327 514 rum
359 485 440 513 etiam
472 485 587 520 propter
618 482 820 519 experientiam
855 481 1111 515 incommodorum,

264 539 335 568 quae
363 537 501 567 pauperes
529 529 713 563 comitantur,
744 537 807 557 cum
830 528 902 557 dicat
923 528 1113 565 Gregorius2,

263 578 336 615 quod
363 589 376 602 «
391 577 479 610 mala,
501 584 573 613 quae
594 584 644 604 nos
665 576 711 604 hic
732 578 879 612 premunt,
901 575 935 603 ad
956 575 1043 603 Deum
1073 574 1114 603 ire

263 624 432 660 compellunt
448 635 473 651 ».
497 623 570 652 Licet
591 625 683 651 autem
705 623 797 651 avaris
812 622 847 651 sit
862 622 976 651 molesta
994 621 1112 658 penuria

263 673 290 700 et
311 670 440 707 superbis
465 669 659 699 erubescentia
680 672 707 698 et
728 669 837 698 lascivis
858 668 1003 706 frugalitas
1024 671 1051 697 et
1072 668 1113 696 in-

262 718 368 746 devotis
389 717 461 746 actio
482 717 635 754 gratiarum
657 719 684 745 et
706 716 864 744 infidelibus
886 715 1064 744 conformitas
1078 715 1112 743 ad

262 765 403 793 Christum
426 767 452 793 et
473 763 626 800 desperatis
640 763 756 791 elevatio
771 762 871 791 mentis
885 762 913 790 in
927 762 1031 796 Deum;
1048 769 1113 790 vere

262 816 353 841 tamen
375 811 547 848 pauperibus
569 810 697 839 solatium
713 812 755 838 est
766 809 927 847 penuriam
939 809 1005 846 pati
1017 808 1044 842 ³,
1060 808 1114 837 hu-

262 858 376 887 milibus
397 857 516 894 despici,
545 856 751 886 continentibus
777 855 939 889 castificari‚
962 854 1113 884 caritativis

262 905 403 934 conciliari
424 904 573 938 beneficio,
596 904 774 932 credentibus
799 902 968 940 configurari
990 902 1112 935 Christo,

262 952 439 990 sperantibus
454 951 623 988 sequestrari
640 959 656 979 a
670 950 774 979 mundo
789 953 816 979 et
831 950 907 987 iungi
920 950 976 978 Deo
991 952 1111 978 aeterno.

342 999 387 1027 29.
406 998 441 1027 Ad
457 1006 577 1035 quorum
593 997 718 1026 omnium
734 997 972 1025 confirmationem
990 997 1041 1025 hoc
1056 996 1113 1024 suf-

262 1046 333 1080 ficit,
349 1045 423 1083 quod
437 1045 503 1074 dicit
514 1045 664 1082 Gregorius
676 1044 766 1081 primo
778 1044 956 1081 Dialogorum
968 1044 995 1071 4:
1013 1055 1025 1068 «
1038 1043 1114 1072 Sicut

263 1093 376 1130 superbi
405 1093 574 1126 honoribus,
598 1092 636 1120 sic
659 1092 825 1128 plerumque
846 1091 967 1120 humiles
988 1099 1038 1119 sua
1066 1091 1112 1119 de-

263 1140 401 1177 spectione
430 1140 626 1176 gratulantur,
655 1146 776 1175 cumque
798 1145 826 1166 se
848 1138 875 1166 in
904 1138 1000 1166 aliems
1025 1137 1113 1166 oculis

262 1187 394 1215 vilescere
416 1186 555 1219 sentiunt,
584 1185 687 1214 idcirco
715 1184 850 1221 gaudent,
880 1185 945 1221 quia
967 1184 1019 1212 hoc
1041 1184 1111 1212 iudi-

262 1234 335 1262 cium
357 1232 517 1261 confirmari
539 1232 712 1269 intelligunt,
734 1231 808 1268 quod
830 1231 863 1260 de
885 1239 914 1260 se
935 1234 962 1260 et
983 1231 1033 1268 ipsi
1063 1231 1112 1259 lia—

262 1280 426 1309 buerunt».
449 1278 584 1315 Quoniam
611 1278 696 1315 igitur
725 1279 791 1306 huic
820 1278 1003 1306 mendicitatis
1032 1277 1112 1306 modo

262 1328 288 1356 in
312 1327 482 1364 pauperibus
504 1326 577 1354 veris
598 1329 624 1354 et
648 1325 801 1354 humilibus
823 1333 964 1353 annexum
987 1328 1028 1353 est
1047 1332 1110 1353 cum

262 1374 420 1403 extrinseco
448 1373 576 1402 cruciatu
604 1373 787 1401 lutrinsecum
816 1372 965 1408 gaudium,
988 1371 1048 1400 ideo
1070 1379 1112 1400 se-

262 1421 385 1450 cundum
407 1420 657 1457 Cbrysostomum5
679 1422 759 1448 recte.
779 1419 940 1456 designatur
963 1426 1012 1455 per
1035 1418 1111 1447 illum

262 1468 430 1501 caminam,
454 1467 480 1495 in
503 1475 584 1504 quem
606 1466 684 1503 pueri
700 1465 913 1499 descendentes,
935 1473 969 1494 ne
991 1468 1110 1494 statuam

261 1522 375 1543 auream
399 1514 563 1547 adorarent,
586 1513 700 1542 caelitus
721 1512 838 1541 irrorari
860 1515 1034 1541 meruerunt.
1058 1512 1112 1540 Hu*

262 1561 380 1590 iusmodi
403 1561 547 1598 spirituale
568 1560 714 1594 solatium,
737 1560 813 1597 quod
828 1560 879 1588 viri
895 1560 1020 1588 carnales
1036 1560 1112 1597 igno-

262 1613 339 1642 rant,
362 1608 498 1644 cuiusque
521 1607 678 1636 laudatores
703 1607 913 1635 Pharisaeorum
937 1614 1013 1635 more
1035 1607 1110 1635 avari

261 1656 402 1690 derident,
425 1656 526 1684 mulier
548 1655 667 1683 eximiae
686 1654 812 1688 virtutis,
830 1654 912 1682 Paula
927 1654 1046 1687 scilicet,
1063 1662 1112 1682 ex-

262 1702 347 1739 periri
375 1701 520 1738 cupiebat,
549 1701 629 1729 iuxta
663 1701 737 1738 quod
766 1708 843 1730 sacer
872 1701 1055 1737 Hieronymus
1085 1701 1111 1728 in

261 1749 348 1785 ipsius
371 1748 548 1782 Laudibusss,
570 1749 605 1777 ob
629 1748 680 1777 hoc
702 1747 825 1777 eiusdem
840 1747 1008 1776 desiderium
1025 1748 1113 1776 admi—

262 1796 349 1824 rabile
370 1795 532 1832 praedicans
554 1796 698 1832 ipsamque
724 1795 898 1829 collaudans,
927 1794 1009 1828 dicit,
1038 1795 1113 1831 quod

267 1854 280 1867 «
292 1843 344 1871 hoc
360 1842 479 1871 habebat
494 1842 560 1876 voti,
576 1845 607 1870 ut
623 1842 781 1870 mendicans
796 1850 846 1878 pro
862 1842 971 1871 Christo
990 1849 1112 1870 morere-

263 1892 309 1918 tur
325 1893 351 1919 et
366 1898 455 1918 unum
472 1897 621 1918 nummum
642 1889 713 1918 filiae
728 1897 783 1917 non
799 1889 971 1925 relinqueret
986 1892 1012 1917 et
1028 1889 1054 1917 in
1070 1889 1113 1917 fu-

262 1945 328 1965 nere
344 1945 394 1965 suo
409 1937 497 1965 aliena
511 1936 625 1965 sindone
641 1936 831 1965 involveretur
844 1948 869 1963 ».
884 1952 920 1956 ——
932 1936 1112 1973 Nequaquam

262 1983 363 2020 igitur,
385 1987 416 2012 ut
438 1984 622 2012 calumniator
646 1986 773 2012 astruere
789 1983 903 2017 nititur,
920 1991 951 2011 ea
967 1983 1024 2012 sola
1039 1991 1113 2011 men-

262 2031 358 2059 dicitas
386 2030 572 2067 approbabilis
601 2034 658 2064 est,
687 2038 758 2067 quae
784 2038 820 2058 ex
842 2038 926 2058 mera
947 2030 1113 2058 necessitate

263 2077 305 2105 vel
328 2077 495 2105 calamitate
521 2077 661 2113 procedit,
686 2085 736 2113 pro
758 2084 790 2105 eo
812 2076 886 2113 quod
908 2077 995 2105 multo
1018 2076 1112 2105 lauda-

263 2124 344 2152 bilior
372 2127 413 2152 est
441 2126 590 2160 paupertas
619 2123 791 2152 voluntaria
812 2132 896 2160 quam
920 2126 1031 2157 coacta;
1060 2123 1112 2151 nisi

262 2171 325 2207 quis
346 2171 383 2199 ita
404 2170 537 2207 desipiat,
552 2173 584 2199 ut
599 2170 625 2198 in
643 2170 775 2207 operibus
797 2170 1050 2207 supererogationis
1064 2178 1111 2198 ne-

263 2217 397 2246 cessitatis
418 2217 586 2246 coactionem
609 2217 747 2253 praeferat
775 2216 986 2253 promptitudini
1014 2216 1112 2245 volun-

326 2390 333 2403 ¹
352 2391 422 2419 Epist.
440 2392 464 2413 ll.
482 2390 533 2413 Cor.
552 2391 577 2418 8,
595 2391 625 2412 9:
645 2390 759 2419 Quoniam
778 2393 872 2418 propter
884 2397 926 2413 vos
938 2397 1026 2419 egenus
1040 2392 1112 2413 sactus

261 2433 303 2457 est,
324 2436 378 2453 cum
396 2433 456 2453 esset
472 2430 539 2452 dives
556 2432 598 2452 etc.

326 2468 334 2481 ²
352 2468 413 2491 Libr.
431 2469 460 2491 V.
478 2468 547 2496 Epist.
566 2468 631 2496 episi.
651 2468 687 2490 42.
706 2468 770 2496 (alias
789 2468 851 2497 350:
872 2468 985 2497 Quamvis
1002 2469 1063 2490 enim
1082 2469 1112 2490 in-

262 2508 410 2531 aestimabilis
427 2508 455 2531 sit
473 2508 577 2531 caelestis
595 2508 683 2536 patriae
700 2508 812 2534 dulcedo,
829 2514 890 2536 quae
906 2509 992 2536 trahat,
1005 2508 1069 2530 multi
1083 2510 1112 2530 ta·

261 2554 314 2569 men
333 2548 355 2569 in
374 2549 415 2569 hac
433 2548 479 2569 vita
498 2547 590 2570 dolores
607 2549 672 2573 sunt,
690 2547 730 2575 qui
743 2547 772 2569 ad
785 2553 889 2569 amorem
907 2547 1039 2569 caelestium
1057 2553 1112 2575 quo-

263 2586 316 2609 tidie
334 2587 459 2614 impellant.
478 2586 538 2609 Libr.
557 2586 640 2608 XXVI.
658 2586 736 2608 Moral.
753 2592 773 2608 c.
793 2586 829 2607 l3.
842 2592 864 2607 n.
878 2586 920 2608 2¹:
936 2585 986 2607 Mali
999 2586 1059 2607 enim
1073 2585 1111 2607 bo-

263 2631 305 2647 nos
322 2626 397 2653 magis
414 2625 444 2647 ab
462 2625 530 2647 huius
548 2625 630 2647 mundi
643 2624 765 2647 desideriis
777 2624 912 2653 expediunt,
925 2625 982 2647 dum
995 2624 1111 2652 affligunt,

263 2664 328 2693 quia⁷
346 2664 403 2686 dum
421 2664 491 2686 multa
509 2664 541 2687 eis
565 2664 601 2686 hic
624 2664 723 2687 violenta
748 2664 868 2692 ingerunt,
885 2663 993 2686 festinare
1009 2664 1060 2686 illos
1083 2663 1112 2685 ad

262 2709 363 2731 superna
381 2704 544 2732 compellunt...
570 2704 630 2726 Haec
648 2703 728 2732 utique
745 2710 814 2726 causa
832 2706 877 2732 est,
895 2704 959 2732 quod
976 2703 1006 2726 ab
1023 2703 1113 2726 iniustis

263 2743 315 2765 iusti
333 2743 440 2765 sinuntur
457 2743 540 2771 affligi,
553 2745 578 2765 ut
589 2743 681 2770 scilicet,
694 2743 751 2765 dum
764 2743 838 2765 sutura
856 2743 954 2765 audiunt
965 2742 1025 2765 bona
1034 2760 1040 2770 ‚
1052 2748 1113 2771 quae

263 2781 368 2809 cupiant,
386 2781 502 2809 patiantur
519 2781 587 2804 etiam
612 2782 670 2804 mala
688 2782 830 2810 praesentia,
847 2788 908 2811 quae
924 2783 1113 2810 perhorrescant,

263 2822 332 2848 atque
350 2820 380 2842 ad
396 2820 521 2843 faciliorem
538 2820 635 2848 exitum,
649 2820 705 2843 dum
718 2827 783 2843 amor
800 2823 925 2848 provocat,
942 2821 1058 2843 cruciatus
1074 2820 1113 2842 im-

264 2859 339 2886 pellat.
357 2858 401 2881 Gfr.
419 2861 475 2881 tom.
493 2859 538 2882 Vll.
557 2865 611 2888 pag.
630 2859 688 2888 146,
706 2862 759 2882 nota
778 2860 798 2882 9.
817 2862 839 2882 et
855 2866 911 2888 pag.
928 2860 986 2888 620,
1004 2862 1057 2882 nota
1075 2860 1097 2881 9.

327 2895 336 2909 ⁸
354 2897 408 2920 Phil.
428 2897 452 2926 t,
471 2899 507 2920 42.
525 2910 555 2914 —
573 2898 668 2921 Inferius
684 2905 728 2927 pro
745 2898 875 2929 castificari
890 2898 960 2922 ΑΒΕ
971 2899 988 2921 D
1005 2901 1027 2921 et
1044 2898 1081 2921 ed.
1101 2899 1108 2920 1

265 2936 387 2966 οαειὶῃανί.

327 2974 338 2987 4
355 2975 411 3003 Cap.
429 2976 455 3004 5,
473 2976 514 2998 ubi
530 2983 573 3005 pro
591 2976 702 3000 vilescere
719 2977 824 3001 sentium
841 2980 915 3000 textus
927 2977 1044 3006 originalis
1055 2977 1113 3001 viles

265 3013 395 3043 aspiciunt,
416 3015 456 3043 qui
473 3015 542 3038 etiam
559 3019 611 3044 post
628 3017 649 3039 et
666 3015 713 3045 ipsi
728 3016 792 3039 addit
809 3016 874 3046 apud
890 3016 1034 3046 semetipsos.

735 218 932 247 OPUSCULUM
954 217 996 245 XI.
1019 215 1181 245 APOLOGIA
1204 216 1385 245 PAUPERUM.
1407 216 1475 244 CAP.
1498 216 1550 244 XII.

1171 294 1249 327 tatis;
1272 293 1347 331 quod
1367 294 1412 322 ita¹
1426 294 1581 323 absurdum
1596 296 1652 328 est,
1669 293 1902 330 quemadmodum
1918 294 1938 322 si
1954 302 2015 330 pas-

1170 339 1294 368 sionibus
1315 340 1469 377 Martyrum
1484 343 1635 377 praeponat
1656 340 1719 377 quis
1740 340 1911 377 suspendia⁷
1933 341 2017 370 latro-

1170 395 1255 421 num,
1270 387 1336 415 dum
1351 387 1486 423 Martyres
1501 387 1673 421 voluntarie,
1689 387 1810 416 latrones
1831 387 2016 417 involuntarie

1170 434 1324 471 patiuntur.
1347 434 1447 468 Porro,
1469 434 1491 462 si
1513 434 1576 471 quis
1596 437 1724 463 astruere
1749 434 1830 469 velit,
1860 434 2017 464 mendicita-

1170 484 1226 510 tem
1247 489 1302 510 non
1323 489 1383 510 esse
1403 480 1437 509 de
1458 488 1559 517 genere
1574 481 1754 510 honestorum
1776 484 1803 510 et
1821 481 2014 518 laudabilium,

1171 528 1302 565 quoniam
1324 528 1358 557 ad
1379 528 1467 564 ipsam
1488 535 1524 556 ex
1546 527 1637 564 inopia
1658 535 1753 556 rerum
1775 531 1803 557 et
1816 528 1955 565 exigentia
1969 538 2016 558 na-

1171 578 1251 603 turae
1272 574 1480 611 compellimur3
1503 574 1636 602 consimili
1653 574 1759 603 ratione
1780 583 1830 604 nec
1850 576 2015 612 martyrium

1171 621 1335 649 Sanctorum
1356 620 1408 649 fuit
1429 620 1583 657 perfectum
1598 628 1649 649 nec
1664 621 1816 656 laudabile,
1838 622 1968 658 quoniam
1983 623 2016 652 ad

1171 667 1239 696 illud
1261 667 1457 704 perferendum
1476 667 1713 704 compellebantur
1728 675 1778 704 per
1793 668 1951 697 violentiam
1966 669 2018 698 im-

1172 714 1288 751 probam
1309 714 1487 751 malignitatis
1507 714 1627 749 alienae,
1650 722 1713 743 cum
1728 715 1811 743 etiam
1826 715 1913 753 magis
1927 719 2018 745 teneat

1172 761 1307 789 rationem
1329 760 1500 789 voluntarii8
1523 761 1695 797 paupertatis
1710 762 1827 798 penuria
1848 770 1931 799 quam
1953 770 2017 799 poe-

1171 807 1269 836 nalitas
1290 807 1441 844 passionis,
1462 815 1514 844 pro
1535 815 1567 836 eo
1588 807 1663 845 quod
1690 808 1736 836 illa
1764 808 1919 838 voluntarie
1939 817 2017 838 assu-

1171 855 1258 883 mitur
1280 857 1307 883 et
1327 854 1485 883 voluntarie
1513 854 1668 891 perfertur,
1697 855 1765 884 haec
1792 858 1887 884 autem
1908 856 2018 885 aliunde

1171 902 1305 931 violenter
1327 901 1479 938 infligitur,
1495 909 1665 938 quamquam
1679 902 1836 931 voluntarie
1850 902 2016 939 perferatur.

1251 948 1296 977 30.
1321 948 1365 977 Est
1387 951 1414 977 et
1435 948 1487 976 alia
1509 948 1660 982 cavillatio,
1683 956 1739 985 qua
1753 948 1853 978 nobilis
1867 952 1894 978 et
1908 949 2017 978 Christo

1172 996 1287 1024 Domino
1298 998 1410 1033 accepta
1425 995 1586 1024 mendicitas
1601 996 1770 1025 calumniose
1784 996 1923 1033 arguitur,
1938 997 2016 1034 quasi

1171 1050 1308 1071 annexam
1331 1042 1431 1071 habeat
1452 1050 1506 1071 non
1528 1042 1714 1079 evangelicam
1736 1042 1950 1078 beatitudinem,
1971 1043 2018 1073 sed

1171 1090 1317 1118 mentalem
1347 1089 1598 1126 imperfectionem,
1628 1098 1679 1126 pro
1708 1097 1740 1118 eo
1762 1090 1836 1127 quod
1857 1090 1885 1119 in
1906 1091 2017 1120 Actibus

1171 1137 1387 1173 Apostolorum⁹
1420 1137 1570 1165 scribitur:
1600 1137 1721 1165 Beatius
1749 1140 1789 1165 est
1817 1137 1914 1174 magis
1944 1138 2017 1166 dare

1171 1192 1261 1221 qztam
1283 1184 1421 1220 accipere.
1445 1183 1485 1211 Ex
1508 1192 1563 1220 quo
1585 1184 1663 1220 sequi
1685 1183 1808 1218 videtur,
1828 1184 1902 1221 quod
1916 1185 2020 1214 beatio-

1171 1238 1216 1259 res
1237 1234 1264 1259 et
1285 1230 1464 1267 perfectiores
1485 1233 1576 1259 essent
1594 1230 1753 1259 huiusmodi
1769 1239 1923 1268 pauperes,
1939 1231 1961 1260 si
1976 1240 2018 1261 es-

1171 1280 1232 1306 sent
1260 1277 1287 1305 in
1316 1280 1390 1306 statu
1418 1277 1606 1313 eleemosynas
1633 1277 1774 1312 dantium,
1803 1287 1887 1315 quam
1915 1279 1969 1308 sint
1990 1279 2018 1307 in

1171 1327 1244 1353 statu
1273 1324 1483 1361 accipientium,
1513 1324 1650 1353 beatiores
1678 1324 1791 1361 utique,
1821 1325 1842 1354 si
1871 1328 1963 1355 essent
1990 1326 2018 1354 in

1171 1374 1245 1400 statu
1273 1371 1385 1399 illorum
1413 1371 1461 1408 qui
1489 1371 1676 1407 eleemosynas
1704 1371 1855 1401 liberaliter
1884 1372 2019 1408 offerunt,

1171 1426 1254 1455 quam
1276 1418 1324 1455 qui
1345 1421 1459 1454 petunt,
1489 1426 1553 1446 cum
1581 1418 1653 1447 dicat
1674 1418 1855 1455 Hieronymus
1876 1419 1909 1448 ad
1930 1420 2017 1457 Nepo-

1171 1465 1276 1493 tianum
1290 1465 1312 1481 ¹0
1326 1476 1330 1492 :
1352 1476 1365 1489 «
1380 1465 1526 1502 Nunquam
1549 1468 1690 1502 petentes,
1706 1474 1770 1494 raro
1785 1466 1952 1503 accipiamus
1972 1475 2017 1495 ro-

1170 1512 1225 1549 gati
1240 1524 1267 1539 ».
1297 1512 1329 1540 Et
1356 1512 1526 1549 Augustinus
1555 1520 1640 1549 super
1669 1513 1809 1541 Psalmum
1837 1513 2017 1542 centesimum

1170 1559 1285 1588 tertium
1299 1560 1320 1575 11
1335 1570 1339 1587 :
1367 1570 1379 1584 «
1396 1559 1423 1587 In
1446 1558 1543 1587 loculis
1564 1559 1698 1588 habendis
1716 1563 1742 1588 et
1757 1560 1785 1588 in
1801 1560 1937 1597 exigenda
1951 1569 2019 1598 quo-

1170 1606 1232 1634 dam
1251 1606 1332 1634 modo
1347 1614 1470 1640 annona,
1493 1606 1620 1634 Christus
1642 1615 1696 1635 non
1718 1607 1851 1643 petendo,
1873 1608 1920 1636 sed
1940 1616 2020 1645 prae-

1171 1653 1260 1682 bendo
1274 1653 1451 1690 indigentiam
1468 1653 1626 1690 suscepit».
1640 1653 1680 1681 Ex
1696 1654 1799 1690 quibus
1813 1654 1924 1683 videtur
1938 1662 2017 1692 posse

1171 1700 1282 1734 inferri,
1299 1700 1373 1736 quod
1388 1702 1476 1728 status
1491 1700 1655 1729 clericorum
1672 1701 1842 1737 praebendas
1857 1702 2017 1731 habentium

1171 1747 1280 1776 Christo
1301 1747 1336 1776 sit
1358 1747 1473 1776 similior
1495 1750 1522 1775 et
1544 1747 1691 1784 perfectior
1706 1750 1780 1777 statu
1801 1748 2017 1778 mendicantium

1172 1802 1337 1831 pauperum.

1251 1841 1296 1870 31.
1320 1841 1438 1875 Verum,
1461 1841 1483 1870 si
1506 1841 1665 1870 huiusmodi
1687 1842 1903 1871 ratiocinationis
1924 1842 2020 1871 funda-

1172 1891 1296 1917 mentum
1319 1888 1478 1925 vigilantius
1499 1888 1656 1917 discussum
1684 1888 1785 1923 fuerit,
1814 1889 1902 1926 magis
1929 1891 2020 1926 potest

1171 1944 1207 1964 ex
1229 1936 1280 1963 hoc
1303 1935 1460 1972 oppositum
1482 1943 1564 1972 quam
1587 1936 1761 1972 propositum
1783 1936 1888 1965 inferri.
1904 1936 1931 1965 Si
1945 1937 2018 1965 enim

1171 1982 1283 2010 beatius
1305 1985 1346 2010 est
1366 1982 1463 2019 magis
1484 1982 1557 2010 dare
1578 1990 1670 2020 quam
1684 1982 1830 2019 accipere,
1845 1982 1891 2012 ille
1904 1983 2017 2012 minime

1170 2029 1267 2057 beatus
1288 2032 1344 2062 est,
1368 2029 1416 2065 qui
1437 2029 1509 2057 bona
1531 2029 1613 2065 plura
1634 2029 1733 2065 accipit
1747 2032 1774 2058 et
1788 2037 1876 2066 pauca
1891 2029 2018 2067 largitur.

1170 2076 1239 2104 Cum
1262 2076 1347 2112 igitur
1368 2075 1459 2104 omnia
1481 2075 1664 2104 ecclesiastica
1685 2076 1772 2110 bona,
1788 2076 1861 2105 sicut
1874 2076 1940 2105 dicit
1954 2077 2019 2105 Pro-

1170 2130 1234 2159 sper
1246 2122 1285 2155 12,
1301 2122 1355 2150 sint
1375 2133 1388 2146 «
1403 2124 1465 2150 vota
1480 2121 1616 2156 fidelium,
1632 2122 1721 2159 pretia
1735 2126 1913 2159 peccatorum
1929 2126 1956 2152 et
1969 2132 2016 2160 pa-

2034 953 2076 980 Alia
2086 955 2126 976 uela·

2046 978 2072 996 tio
2082 982 2117 999 0011

2046 1000 2122 1022 mendu-

2068 1025 2102 1043 tem

2037 1846 2106 1871 Respon

2070 1872 2105 1889 tur.

1171 2169 1300 2197 trimonia
1321 2176 1477 2206 pauperum
1493 2180 1520 2203 >›,
1542 2169 1683 2206 sequitur,
1699 2169 1774 2206 quod
1789 2170 1959 2207 quicumque
1974 2178 2017 2199 re—
2040 2195 2049 2199 -

1170 2216 1244 2244 ditus
1263 2215 1464 2244 ecclesiasticos
1494 2216 1592 2250 habet,
1615 2224 1678 2244 cum
1701 2216 1780 2253 longe
1801 2216 1865 2253 plus
1886 2217 2015 2254 accipiat,

1232 2389 1240 2402 ⁵
1258 2390 1343 2412 Homil.
1361 2390 1381 2412 4..
1400 2390 1421 2412 in
1439 2391 1515 2412 Matth.
1534 2396 1555 2412 n.
1577 2390 1610 2411 12.
1628 2396 1698 2417 supra
1716 2396 1769 2418 pag.
1789 2390 1841 2418 301,
1858 2392 1911 2413 nota
1930 2390 1950 2412 il.
1967 2390 2016 2413 alle-

1186 2433 1230 2452 ata.

1169 2436 1184 2457 g
1232 2468 1241 2481 ‘⁵
1259 2469 1330 2497 Epist.
1349 2469 1401 2490 1108.
1421 2468 1485 2496 (alias
1505 2468 1551 2496 27.)
1570 2474 1592 2490 n.
1605 2469 1642 2490 115.
1657 2467 1703 2490 Cfr.
1715 2474 1785 2496 supra
1797 2474 1851 2496 pag.
1864 2468 1917 2495 280,
1929 2470 1981 2491 nota
1995 2468 2015 2490 3.

1233 2507 1241 2519 ⁷
1260 2508 1311 2530 Vat.
1327 2506 1451 2537 stipendia.

1233 2545 1241 2558 Β
1260 2547 1310 2569 Vnt.
1328 2549 1350 2569 et
1367 2546 1402 2569 ed.
1422 2547 1435 2568 2
1453 2545 1610 2569 voluntariae.
1628 2546 1722 2568 Inferius
1735 2552 1778 2574 pro
1789 2545 1908 2575 infliqitur
1920 2545 2018 2568 1731.ῑή-

1170 2585 1219 2609 teltz'
1236 2585 1293 2609 itur.

1218 2592 1242 2637 ⁹⁹
1259 2625 1314 2653 Cap.
1334 2626 1375 2652 20,
1393 2625 1430 2647 35.
1447 2624 1492 2648 Cfr.
1520 2625 1621 2652 Bonav.‚
1647 2625 1690 2653 Qq.
1713 2624 1799 2652 disput.
1824 2624 1854 2647 de
1875 2624 2015 2647 Perre-ctione

1170 2665 1315 2693 evangelica,
1333 2671 1356 2693 q.
1374 2665 1394 2686 2.
1413 2670 1432 2686 a.
1452 2665 1472 2686 2.
1490 2670 1539 2692 arg.
1558 2664 1579 2686 5.
1596 2664 1626 2686 ad
1643 2670 1725 2692 oppos.
1743 2676 1775 2680 —
1793 2664 1904 2692 Superius
1919 2670 1962 2692 pro
1977 2669 2016 2687 πο-

1171 2703 1222 2727 bilis
1240 2703 1285 2726 CD
1302 2703 1377 2727 nobis.

1233 2742 1253 2755 ¹⁰
1270 2743 1341 2771 Epist.
1360 2743 1396 2765 52.
1415 2742 1480 2771 (alias
1498 2742 1528 2771 2.)
1547 2749 1569 2764 n.
1589 2743 1625 2764 lss.

1234 2781 1252 2793 ¹¹
1271 2781 1345 2804 Serm.
1363 2782 1383 2803 3.
1401 2788 1424 2804 n.
1442 2782 1450 2802 1
1458 2781 1479 2803 11.
1497 2781 1539 2803 Pro
1564 2780 1671 2804 Christus
1690 2786 1739 2804 nou
1753 2780 1865 2810 petendo,
1890 2779 1931 2804 sed
1947 2786 2018 2810 prae-

1171 2820 1243 2843 bendo
1262 2823 1334 2843 textus
1352 2820 1468 2848 originalis
1484 2826 1533 2843 non
1541 2819 1654 2850 petenda,
1666 2819 1708 2843 sed
1715 2819 1853 2849 praebenda
1865 2819 1897 2848 (in
1908 2820 1946 2842 ecl.
1957 2820 2016 2842 Mau-

1170 2860 1212 2882 rIn.
1230 2859 1296 2882 lectio
1313 2862 1391 2882 nostra
1409 2860 1548 2888 annotatur).

1234 2898 1253 2911 ¹²
1270 2898 1331 2921 Libr.
1351 2899 1373 2921 ll.
1391 2899 1421 2921 de
1438 2899 1490 2921 Vita
1508 2899 1652 2926 contemplat.
1671 2905 1690 2921 c.
1708 2899 1730 2921 9.
1748 2905 1770 2920 n.
1789 2900 1810 2921 2.
1822 2898 1866 2921 Cfr.
1879 2904 1949 2926 supra
1961 2904 2016 2926 pag.

1171 2937 1229 2966 285,
1248 2940 1300 2960 nota
1322 2938 1340 2960 1.
1358 2950 1389 2954 -
1406 2937 1517 2965 Superius
1542 2943 1584 2965 pro
1606 2936 1667 2960 bona
1680 2936 1757 2967 plura
1775 2937 1813 2965 (ita
1831 2936 1938 2966 ABCD)
1962 2937 2014 2960 edd.

1172 2976 1233 3000 bona
1246 2976 1364 3005 plurima.
