2133 3317
527 210 724 239 OPUSCULUM
746 209 763 237 1.
786 209 956 238 SPECULUM
977 209 1185 238 DISCIPLINAE.
1210 210 1288 239 PARS
1310 211 1416 239 PfflMA.

104 290 276 322 requirendum
296 289 474 320 praetendant,
493 296 524 313 ne
542 288 619 317 forte,
639 288 698 312 dum
711 288 837 319 sapienter
849 288 874 312 et
887 287 947 312 bene

104 333 250 365 respondere
269 339 294 357 se
314 332 418 363 putant,
438 331 545 356 stultum
563 330 656 362 aliquid
675 330 700 355 et
712 330 777 362 quod
789 331 888 355 omnino
901 330 947 355 dici

103 384 152 402 non
172 376 298 407 oporteat,
319 375 410 400 dicant.
429 375 528 399 Secreta
546 374 646 399 Ordinis
663 374 740 402 nulli,
760 374 948 405 quantumcum-

104 427 150 451 que
168 419 282 451 religioso
301 419 340 443 vel
359 418 476 443 familiari
494 417 605 442 revelent
629 424 673 442 nec
698 416 823 441 statutum
848 416 948 448 aliquod

80 486 85 492 ,
103 462 242 494 publicent,
263 461 310 486 nisi
329 461 393 492 quod
411 460 474 485 forte
493 460 616 485 commode
635 460 710 485 celari
732 467 782 485 non
807 460 897 490 potest.
917 459 948 484 Id

101 506 183 536 ipsum
202 504 285 529 autem
304 511 354 528 non
372 504 512 534 statutum,
531 510 580 528 non
595 503 775 533 praeceptum,
793 502 835 527 sed
847 502 947 527 tantum

103 547 201 573 Ordinis
219 546 305 572 intra¹
325 547 423 572 domum
442 545 649 571 consuetudinem
674 545 775 574 vocent,
795 546 824 569 ut
848 552 892 576 per
911 552 948 570 eo-

103 598 158 615 rum
177 597 322 621 responsum
341 590 460 614 tentionis
472 589 581 613 debitum
595 588 739 613 excludatur
753 589 823 613 extra
835 588 946 617 domum,

102 640 133 658 ue
146 633 299 661 saeculares,
313 633 333 657 si
347 631 444 663 quando
457 632 610 657 contrarium
623 631 744 660 viderint,
759 631 876 662 reputent
889 631 947 655 Fra-

103 675 154 700 tres
173 676 211 700 sui
230 674 328 700 Ordinis
347 675 560 706 transgressores,
580 682 635 699 cum
662 674 746 698 tamen
774 673 854 698 multa
880 673 947 698 licite

103 719 200 751 possint
218 726 247 743 ex
265 718 364 743 Ordinis
383 718 423 743 vel
442 718 596 749 superiorum
616 717 800 748 dispensatione
819 717 919 742 mutari.

173 761 197 786 3.
217 761 333 787 Ordinem
352 761 467 786 nostrum
485 768 612 792 nunquam
631 760 663 785 ad
676 760 838 791 particularia
851 760 947 785 descen-

103 805 194 834 dendo,
216 805 258 830 sed
277 805 298 829 si
317 812 414 829 necesse
433 804 521 832 fuerit,
541 804 566 828 in
585 803 695 835 generali
720 803 800 828 solum
811 801 828 832 ²,
854 802 946 834 absque

102 848 207 873 aliorum
226 847 345 872 Ordinum
364 847 494 872 collatione
512 847 551 871 vel
571 846 749 871 obtrectatione
768 846 946 871 commendent.

81 902 89 907 -
102 890 228 915 Pessimus
246 890 365 915 laudandi
383 890 483 919 modus,
503 897 528 914 se
547 890 628 920 ipsum
647 896 702 913 cum
726 889 831 914 aliorum
856 889 947 913 iniuria

76 929 81 935 '
102 933 252 965 praedicare.
272 933 383 957 Pessima
401 932 455 957 vitii
475 932 630 962 corruptela,
650 931 784 960 detractio,
809 938 872 962 quae
896 932 947 956 ani-

101 983 167 1001 mam
186 976 309 1005 maculat,
328 975 406 1000 Deum
427 975 540 1004 offendit,
567 975 705 1005 proximum
731 974 890 999 scandalizat.
913 974 947 998 Et

102 1019 172 1051 quia,
192 1019 221 1043 ut
239 1019 360 1050 scriptum
379 1019 418 1043 est
428 1018 445 1047 ³,
465 1025 546 1043 sermo
565 1017 687 1042 obscurus
711 1017 738 1041 in
762 1024 870 1041 vacuwm
894 1024 947 1041 non

102 1062 163 1093 ibit,
182 1062 206 1086 et
225 1061 350 1086 twmultus
368 1061 605 1085 murmurationum
622 1067 675 1085 non
693 1060 869 1091 abscondetur,
893 1059 946 1089 his,

102 1110 184 1130 coram
203 1104 292 1136 quibus
310 1104 458 1133 detrahitur,
484 1103 628 1128 scandalum
654 1104 784 1128 excitatur.
817 1113 828 1124 ιι
842 1103 948 1128 Constat

102 1147 199 1177 autem,
219 1147 248 1172 ut
266 1147 368 1172 sanctus
387 1147 530 1172 Bernardus
549 1146 659 1178 loquitur
670 1145 687 1175 ⁴,
707 1146 749 1171 ubi
765 1146 858 1171 veritas
872 1146 897 1170 et
909 1153 948 1171 ve-

101 1190 164 1215 ritas
182 1191 321 1215 necessaria
339 1191 365 1215 in
383 1197 459 1215 causa
477 1197 526 1215 non
554 1190 606 1219 est,
635 1197 679 1214 nec
706 1189 773 1214 licite
802 1189 946 1214 scandalum

101 1233 227 1265 quodlibet
246 1240 317 1264 posse
336 1240 351 1257 a
369 1232 479 1264 quolibet
497 1232 618 1257 committi
636 1240 680 1257 nec
698 1232 763 1257 iuste
782 1232 890 1263 praecipi
903 1239 947 1257 uec

101 1277 198 1301 innoxie
215 1276 349 1301 consentiri
361 1286 386 1300 ³.
405 1276 430 1300 Si
449 1276 477 1300 de
497 1276 609 1307 personis
626 1275 785 1304 absentibus,
800 1275 947 1306 praesertim

101 1319 240 1351 Religiosis,
259 1319 360 1344 sinistre
371 1318 379 1331 ⁵
399 1319 492 1350 aliquid
511 1318 676 1350 suggeratur3
695 1325 791 1349 semper
804 1325 849 1349 pro
862 1318 948 1343 absen-

102 1362 164 1387 tium
183 1362 255 1394 parte
273 1362 416 1394 loquentes,
436 1362 505 1387 nullo
524 1362 595 1387 modo
613 1361 644 1386 ad
669 1361 801 1386 favendum
826 1361 948 1386 detracto-

103 1405 172 1430 ribus
189 1405 349 1429 inclinentur.
368 1404 465 1429 Accidit
492 1404 639 1435 aliquando,
664 1403 783 1435 quosdam
811 1404 891 1435 magis
916 1403 947 1428 ad

102 1447 250 1473 tentandum
268 1455 342 1479 quam
362 1455 390 1472 ex
409 1448 491 1472 animo
510 1447 538 1472 de
557 1447 596 1472 his
621 1447 727 1478 obloqui.
752 1447 895 1476 Narrabat,
919 1446 948 1471 ut

102 1490 190 1520 fertur,
209 1491 290 1516 senior
309 1491 408 1522 quidam
428 1490 475 1515 fide
495 1490 669 1522 dignissimus,
694 1490 726 1514 ad
751 1497 776 1514 se
801 1490 947 1521 quandoque

102 1534 224 1566 quendam
243 1534 394 1559 saecularem
411 1534 521 1563 venisse,
541 1534 583 1564 qui
602 1533 722 1558 adversus
741 1533 860 1564 quosdam
885 1533 948 1558 Reli-

102 1577 184 1608 giosos
195 1575 204 1588 ⁶
223 1577 359 1608 plurimum
376 1576 460 1601 invehi
479 1575 616 1600 videbatur.
638 1575 682 1600 Oui
700 1575 790 1600 Frater
802 1575 909 1600 viriliter
922 1583 948 1600 se

103 1626 243 1650 opponens,
263 1627 331 1648 eum,
352 1619 447 1650 quoties
466 1618 580 1648 advenit,
600 1618 683 1643 eadem
697 1625 794 1649 semper
807 1617 948 1643 constantia

102 1662 196 1693 repulit
214 1662 239 1686 et
256 1661 383 1687 incusatos
402 1669 447 1693 pro
466 1661 561 1686 viribus
580 1661 714 1686 excusavit.
729 1660 837 1685 Miratus
850 1660 948 1686 oblocu-

103 1705 143 1730 tor
161 1704 304 1730 benevolam
324 1705 427 1730 senioris
446 1703 628 1735 constantiam,
656 1703 755 1735 aperuit
782 1703 896 1733 tandem,
923 1710 948 1728 se

103 1748 128 1773 id
145 1748 177 1773 ad
196 1748 351 1780 probandum
369 1748 397 1773 de
417 1748 505 1772 mutua
523 1747 624 1772 illorum
648 1747 768 1772 Ordinum
793 1746 898 1772 caritate
917 1746 949 1771 fe-

104 1792 179 1821 cisse,
199 1791 329 1821 adiiciens,
348 1799 374 1816 se
392 1791 421 1816 de
440 1790 531 1816 Ordine
551 1791 654 1816 senioris
673 1790 760 1820 istius,
780 1791 822 1821 qui
836 1797 879 1821 pro
892 1790 949 1814 aliis

104 1834 241 1859 advocabat
251 1833 268 1864 ⁷,
289 1841 343 1859 cum
363 1834 469 1865 quodam
489 1834 559 1865 prius
577 1833 684 1858 incusati
703 1832 803 1858 Ordinis
815 1832 905 1857 Fratre
919 1833 949 1858 ob

103 1884 204 1902 causam
223 1877 328 1902 similem
346 1877 488 1902 oblocutum
506 1876 596 1906 fuisse,
624 1876 739 1901 Fratrem
767 1876 850 1900 autem
878 1876 949 1900 illum

104 1920 266 1945 oblocutionis
285 1920 361 1945 verba
380 1920 502 1951 imprimis
522 1919 720 1951 aliquantulum,
739 1919 825 1944 deinde
844 1926 901 1944 vero
915 1926 950 1944 re-

104 1963 204 1987 missius
222 1962 375 1988 refellentem
394 1962 494 1987 tandem
513 1962 655 1993 obloquenti
673 1962 787 1992 cessisse;
808 1969 884 1993 super
902 1968 949 1993 quo

104 2005 168 2030 idem
187 2006 322 2030 saecularis
340 2013 389 2031 non
408 2005 529 2030 modicum
550 2005 672 2034 offensus,
685 2005 752 2036 apud
764 2005 821 2030 illos
834 2012 883 2030 non
896 2011 949 2029 esse

104 2049 217 2073 caritatis
235 2049 366 2073 veritatem
385 2049 506 2078 asseruit,
526 2049 567 2080 qui
586 2048 617 2073 ad
634 2048 738 2073 invicem
749 2046 758 2060 ⁸
772 2047 949 2073 detractionem

104 2091 235 2117 admittere
253 2099 302 2117 non
321 2092 459 2116 curassent.
478 2091 589 2122 Denique
607 2091 746 2122 Religiosus
771 2098 820 2116 non
845 2091 884 2115 est
908 2091 949 2122 qui

104 2134 298 2160 detractionibus
317 2134 398 2166 pascit
421 2135 466 2159 aut
485 2135 596 2166 pascitur
614 2134 710 2159 alienis.

174 2177 200 2202 4.
219 2177 331 2202 Caveaut
349 2178 436 2207 etiam,
447 2184 477 2202 ne
491 2177 543 2202 sint
561 2184 708 2206 rumorum,
722 2177 780 2201 licet
792 2176 912 2201 bonorum
925 2176 950 2201 et

84 2230 91 2234 -
105 2220 289 2250 verisimilium,
308 2220 440 2245 delatores.
458 2220 595 2251 Religiosos
613 2220 680 2244 viros
699 2220 792 2251 passim
811 2220 950 2251 rumigeru-

84 2257 162 2289 'los'·⁷
181 2271 235 2288 esse
253 2270 303 2288 non
322 2263 398 2288 decet.
417 2263 541 2292 Falsitas‚
561 2270 623 2294 quae
649 2262 846 2294 frequentissime
870 2270 950 2288 rumo-

105 2306 174 2331 ribus
192 2306 272 2335 inest,
291 2306 330 2330 vel
350 2313 412 2337 quae
431 2313 475 2337 per
495 2305 652 2330 secundarios
671 2305 791 2330 relatores
804 2305 950 2336 apponitur,

105 2349 191 2380 primis
211 2356 294 2374 eorum
312 2348 455 2373 auctoribus
474 2348 623 2379 imputatur.
642 2348 706 2372 Hinc
725 2347 763 2372 est
782 2347 843 2372 illud
858 2346 892 2372 ¹⁰:

204 2439 316 2461 Rumores
334 2439 401 2466 suge,
418 2444 447 2460 ne
465 2437 560 2465 incipias
577 2443 652 2459 novus
669 2439 748 2459 auctor
766 2435 854 2458 haberi.

1794 212 1849 241 613

1002 288 1058 312 Sint
1075 289 1101 312 in
1119 288 1242 313 locutione
1261 288 1360 313 honesti
1377 289 1402 313 et
1421 289 1482 314 serii
1500 296 1544 314 nec
1563 297 1588 314 se
1605 290 1631 314 in
1644 289 1812 314 saecularibus
1826 290 1851 314 et

1002 331 1034 355 ad
1052 331 1130 355 risum
1150 331 1305 355 moventibus
1325 331 1406 356 verbis
1425 332 1564 357 saeculares
1586 332 1728 357 ostendant.
1747 332 1850 357 Servum

1003 374 1048 398 Dei
1063 374 1092 398 de
1105 373 1156 398 Deo
1169 374 1236 404 loqui
1249 374 1327 403 decet,
1342 374 1371 398 ut
1383 374 1429 399 fiat
1441 375 1505 406 quod
1519 375 1639 406 scriptum
1653 375 1691 400 est
1702 374 1735 399 ¹²:
1749 375 1779 400 Si
1793 376 1850 406 quis

1004 416 1127 448 loquitur,
1147 417 1222 447 quasi
1240 424 1369 442 sermones
1387 418 1453 447 Dei;
1471 418 1580 449 alioquin
1600 418 1676 443 verba
1694 426 1760 443 vana
1785 426 1850 443 men-

1002 459 1036 484 tis
1054 459 1171 490 aperiunt
1190 459 1336 484 vanitatem.
1356 460 1399 484 Ex
1412 460 1573 484 abundantia
1586 460 1670 485 cordis
1683 468 1711 485 os
1725 460 1848 492 loquitur.

1073 502 1098 526 5.
1118 501 1189 526 Circa
1201 502 1268 527 vocis
1281 509 1372 526 sonum
1386 503 1411 527 in
1424 503 1546 528 locutione
1560 503 1706 533 attendant,
1720 503 1760 533 ut,
1774 503 1850 534 prout
1861 499 1914 520 stem·
1929 499 1998 517 demis-

1002 545 1098 569 tactum
1116 545 1155 569 est
1173 544 1233 569 alibi
1245 544 1273 573 ¹²,
1293 545 1327 569 sit
1346 545 1469 571 demissus
1483 547 1577 576 pariter
1591 547 1616 571 et
1628 547 1724 571 suavis.
1737 546 1850 571 Vitiosis-

1002 588 1079 612 simus
1099 587 1172 618 plane
1185 587 1309 619 Religioso
1328 588 1414 613 modus
1433 589 1562 620 loquendi,
1580 589 1601 613 si
1620 589 1765 614 notabiliter
1779 596 1850 613 suam

1002 631 1027 655 in
1046 630 1144 661 loquela
1163 631 1285 655 communi
1304 638 1387 655 vocem
1406 631 1510 655 exaltat.
1529 631 1641 656 Sufficiat
1660 632 1695 661 ei,
1712 632 1776 663 quod
1796 639 1850 662 pro-

1002 674 1065 698 xime
1084 674 1105 698 ei
1124 674 1238 698 astantes
1257 674 1355 705 possint
1373 674 1498 705 loquentis
1516 675 1656 706 intelligere
1674 675 1784 699 verbum.
1806 675 1852 699 Sa-

1003 716 1094 747 pientis
1113 717 1151 741 est
1170 716 1237 747 loqui
1256 717 1367 741 suaviter
1386 717 1411 742 et
1429 717 1542 742 demisse.
1556 717 1611 742 Nox
1624 717 1706 742 autem
1720 718 1849 749 amplioris

1002 760 1068 784 vocis
1087 759 1270 790 depressionem
1284 760 1396 791 requirIt.
1410 760 1465 785 Nox
1478 760 1517 785 est
1530 760 1629 791 tempus
1643 761 1736 785 silentii
1749 760 1774 785 et
1786 761 1850 792 quie-

1002 801 1044 826 tis.
1057 802 1089 826 In
1102 802 1186 831 nocte,
1201 803 1305 827 maxime
1325 803 1382 833 post
1396 803 1602 834 Completorium,
1617 804 1642 828 in
1655 804 1716 832 alta,
1730 803 1759 828 ut
1772 804 1850 835 prius,

1002 845 1078 870 verba
1097 853 1239 876 erumpere,
1259 846 1352 870 silentii
1377 846 1503 878 gravitate
1531 847 1657 878 neglecta,
1687 847 1850 871 saecularium

1002 887 1054 917 est,
1074 887 1210 919 Religionis
1228 895 1277 913 non
1296 888 1437 913 curantium
1456 888 1621 913 honestatem.
1634 889 1740 914 Proinde
1754 889 1850 914 honesti

1002 929 1120 961 Fratres,
1139 930 1285 961 ubicumque
1304 930 1411 960 fuerint,
1440 931 1553 962 religiose
1582 938 1686 962 semper,
1706 932 1732 956 in
1761 932 1850 963 quibus

1003 973 1134 1003 poterunt,
1154 981 1182 998 ac
1201 973 1222 997 si
1240 974 1324 998 essent
1342 974 1368 998 in
1387 974 1506 998 Fratrum
1531 974 1647 1005 collegio,
1676 982 1731 999 cum
1758 975 1851 999 silentii

1003 1016 1041 1040 sui
1060 1015 1231 1041 observatione
1250 1017 1429 1041 conversentur
1441 1015 1469 1041 ¹⁸.

1293 1102 1440 1127 Ctfflrumm
1459 1102 1564 1127 XXXII.

1200 1187 1241 1212 De
1259 1187 1398 1218 disciplina
1416 1188 1445 1212 in
1463 1188 1613 1212 comestione
1625 1187 1653 1212 ¹⁴.

1074 1273 1098 1298 1.
1117 1273 1252 1304 Praecipue
1270 1273 1351 1302 decet,
1377 1274 1419 1303 ut,
1448 1281 1503 1298 cum
1531 1274 1655 1299 extraneis
1683 1275 1850 1304 comedentes,

1002 1317 1105 1342 honeste
1125 1324 1150 1341 se
1168 1316 1289 1346 habeant,
1303 1317 1332 1341 ut
1345 1324 1389 1342 nec
1401 1318 1427 1342 in
1440 1317 1495 1342 cibo
1508 1325 1552 1342 nec
1564 1318 1589 1342 in
1603 1319 1677 1343 modo
1691 1319 1849 1349 comedendi,

1003 1359 1042 1384 vel
1060 1367 1149 1390 mora,
1168 1360 1214 1384 aut
1231 1360 1257 1384 in
1270 1359 1346 1391 aliis,
1359 1367 1422 1391 quae
1435 1360 1625 1385 disconveniunt
1638 1368 1713 1392 super
1726 1368 1848 1390 mensam,

1002 1403 1031 1427 ut
1049 1403 1088 1427 est
1108 1402 1239 1427 verborum
1257 1403 1445 1434 multiplicatio,
1465 1404 1510 1428 aut
1538 1403 1644 1429 exterior
1672 1404 1782 1435 corporis
1812 1404 1851 1428 vel

1003 1445 1106 1470 habitus
1125 1445 1254 1476 dispositio
1273 1445 1418 1475 inhonesta,
1438 1446 1467 1470 de
1486 1446 1570 1478 aliqua
1589 1447 1686 1477 possint
1711 1447 1852 1478 irreligiosi-

1003 1489 1056 1513 tate
1067 1487 1087 1501 ¹⁵
1100 1489 1191 1514 notari.
1201 1503 1237 1506 —
1247 1488 1317 1513 Circa
1330 1489 1412 1513 cibum
1426 1489 1567 1518 attendant,
1580 1489 1644 1520 quod
1658 1490 1761 1521 propter
1774 1497 1852 1520 quan-

1005 1532 1103 1557 titatem
1111 1551 1117 1563 ,
1137 1532 1176 1557 vel
1195 1532 1347 1563 qualitatem
1365 1532 1394 1556 de
1407 1532 1480 1563 gulae
1493 1532 1554 1557 vitio
1567 1532 1670 1557 iudicari
1683 1540 1732 1558 non
1746 1533 1851 1564 possint.

1003 1589 1039 1592 —
1057 1575 1093 1599 De
1106 1575 1194 1606 primo
1214 1575 1317 1606 Sapiens
1328 1573 1349 1587 ¹⁶
1367 1575 1416 1599 ait:
1442 1575 1515 1601 Utere
1534 1576 1610 1606 quasi
1628 1576 1702 1600 homo
1719 1575 1793 1607 fruyi
1811 1576 1852 1601 his

1004 1625 1069 1649 quae
1089 1618 1135 1642 tibi
1154 1619 1331 1649 apponuntur,
1350 1625 1396 1649 ne,
1416 1618 1477 1642 dum
1495 1618 1605 1643 multum
1623 1619 1779 1649 manducas,
1793 1619 1851 1644 odio

1004 1661 1134 1686 habearis.
1153 1661 1223 1685 Unde
1247 1661 1312 1685 inter
1341 1661 1481 1686 saeculares
1508 1668 1557 1686 non
1585 1661 1683 1692 expedit
1711 1662 1852 1693 appositam

1005 1711 1102 1735 semper
1119 1704 1257 1735 portionem
1277 1704 1356 1729 totam
1381 1704 1505 1729 comedere
1532 1704 1577 1728 aut
1605 1704 1704 1735 penitus
1733 1711 1852 1729 evacuare

1005 1746 1150 1776 scutellam,
1169 1754 1200 1771 ne
1219 1746 1282 1772 sorte
1302 1747 1327 1771 id
1344 1746 1456 1772 homines
1475 1747 1606 1772 voracitati
1626 1747 1705 1778 magis
1725 1755 1798 1778 quam
1812 1755 1852 1772 ne-

1005 1790 1117 1815 cessitati
1136 1789 1286 1814 attribuant.

1076 1832 1100 1856 2.
1118 1832 1190 1857 Inter
1209 1832 1290 1857 cetera
1308 1832 1431 1864 Religioso
1443 1831 1463 1844 ¹⁷
1482 1832 1596 1857 habenda
1615 1833 1654 1857 est
1678 1840 1774 1864 semper
1793 1832 1852 1857 tem-

1006 1875 1121 1906 perantia
1140 1875 1204 1899 circa
1219 1876 1320 1905 poium.
1339 1875 1521 1906 Turpissimum
1540 1875 1605 1900 enim
1623 1875 1673 1905 est,
1694 1876 1715 1899 si
1728 1875 1756 1899 de
1775 1875 1851 1899 nimia

1006 1918 1133 1949 potatione
1159 1918 1286 1942 notentur.
1311 1918 1447 1949 Religionis
1475 1918 1555 1949 quivis
1580 1919 1689 1950 insignia
1709 1918 1851 1949 praeferens

1007 1960 1147 1985 meribibuli
1166 1967 1255 1985 nomen
1273 1961 1435 1992 ignominiose
1454 1961 1569 1985 sortitur.
1594 1961 1647 1986 Hoc
1666 1961 1755 1985 vitium
1774 1960 1853 1985 homi-

1006 2010 1062 2027 nem
1081 2010 1163 2028 coram
1182 2003 1233 2027 Deo
1253 2002 1278 2027 et
1296 2002 1436 2027 hominibus
1456 2003 1530 2028 vilem
1549 2003 1637 2028 reddit.
1657 2003 1697 2027 Ad
1709 2003 1794 2028 uotam
1807 2003 1854 2028 hu-

1006 2047 1045 2071 ius
1063 2046 1118 2071 vitii
1136 2046 1278 2077 fugiendam
1303 2053 1389 2071 cavere
1417 2046 1521 2076 debent,
1546 2054 1577 2071 ne
1596 2047 1654 2078 post
1678 2046 1851 2074 refectionem,

1006 2089 1104 2114 etiamsi
1122 2090 1207 2114 vinum
1227 2090 1326 2120 saepius
1349 2089 1467 2114 offeratur
1479 2089 1508 2119 ¹⁸,
1528 2090 1669 2121 frequenter
1688 2090 1788 2119 bibant,
1808 2089 1853 2114 aut

1006 2133 1139 2164 postquam
1158 2133 1184 2157 in
1203 2133 1326 2157 communi
1344 2133 1459 2164 potatum
1478 2133 1530 2163 est,
1551 2134 1653 2158 seorsim
1672 2133 1724 2158 sine
1744 2132 1851 2164 urgente

1006 2176 1154 2200 necessitate
1173 2175 1260 2206 potum
1279 2176 1304 2200 in
1324 2176 1423 2207 privato
1442 2176 1585 2207 requirant,
1605 2183 1649 2201 nec
1667 2177 1773 2205 omnino,
1788 2175 1852 2207 quod

1006 2218 1088 2249 potus,
1101 2218 1144 2243 ubi
1156 2218 1287 2248 dormitur,
1301 2218 1444 2248 remaneat,
1459 2218 1597 2249 patiantur.
1611 2218 1672 2244 Post
1690 2225 1790 2244 coenam
1803 2225 1851 2243 non

1006 2261 1066 2286 sunt
1083 2261 1115 2286 ad
1134 2261 1209 2286 verba
1228 2261 1253 2286 et
1272 2261 1360 2292 pocula
1379 2261 1478 2293 vigiliae
1492 2261 1683 2293 protrahendae.
1697 2261 1808 2293 Vigilare
1821 2261 1851 2285 ad

1005 2304 1088 2335 ignem
1108 2304 1176 2329 sitim
1195 2304 1313 2335 provocat
1326 2304 1351 2328 et
1364 2304 1469 2329 bibitare
1487 2304 1627 2335 compellit,
1646 2304 1738 2335 gravat
1750 2311 1851 2334 corpus,

1006 2346 1121 2371 exhaurit
1149 2347 1280 2378 spiritum,
1301 2346 1401 2378 tempus
1428 2347 1453 2371 in
1481 2347 1563 2371 verbis
1583 2354 1644 2378 pene
1663 2346 1852 2377 imperceptibili

1006 2389 1167 2414 subductione
1185 2389 1322 2419 consumit,
1342 2389 1489 2420 tempestive
1516 2389 1548 2414 ad
1575 2389 1711 2414 orationem
1735 2396 1850 2420 surgere,

1006 2432 1079 2458 officii
1098 2432 1208 2457 debitum
1236 2432 1337 2462 devote,
1356 2432 1385 2457 ut
1404 2432 1509 2463 expedit,
1530 2432 1625 2457 solvere
1650 2440 1699 2457 non
1718 2432 1850 2463 permittit.

169 2595 176 2608 ¹
194 2596 268 2618 Codd.
284 2595 300 2618 C
311 2596 329 2618 D
340 2597 355 2618 Ε
372 2599 394 2618 et
411 2596 447 2618 ed.
465 2597 478 2618 2
497 2594 576 2625 infra‚·
593 2596 635 2617 cfr.
651 2601 721 2623 supra
743 2601 797 2623 pag.
817 2595 874 2621 606,
897 2597 949 2617 nota

109 2627 145 2649 Η.
162 2628 256 2650 inferius
272 2633 314 2655 pro
332 2628 401 2650 eoetrn
419 2626 516 2650 domum
534 2626 550 2649 C
561 2627 604 2648 DE
621 2629 643 2648 et
659 2626 696 2648 ed.
711 2627 723 2648 Ξ
741 2626 811 2649 eliam
828 2625 893 2655 infra
910 2625 950 2648 do-

107 2663 180 2702 mumss
195 2689 267 2712 Codd.
285 2689 302 2712 C
313 2689 355 2712 DE
372 2692 394 2712 et
410 2689 448 2712 ed.
466 2691 479 2711 2
497 2689 632 2712 dumtaaeai.

169 2720 178 2733 ³³
195 2722 248 2749 Sap.
267 2721 291 2748 4,
311 2721 345 2742 11.
363 2724 384 2743 et
406 2721 443 2742 10:
462 2721 487 2742 Et
504 2720 614 2743 tumultus
631 2723 673 2742 etc.

168 2751 178 2764 ⁴
195 2752 264 2780 Epist.
281 2752 303 2774 7.
320 2758 342 2774 n.
359 2752 381 2774 9.

169 2782 178 2795 ¹⁵
196 2783 236 2806 Ed.
254 2784 267 2805 2
284 2782 454 2812 suspiciosum,
472 2789 532 2812 quae
549 2782 617 2804 etiam
635 2782 730 2804 inferius
747 2787 800 2803 cum
817 2782 835 2803 Α
852 2780 880 2804 de
896 2780 950 2804 aliis

109 2813 178 2858 loqm⁶
190 2813 287 2868 {godet
294 2813 455 2874 hgfidli’tblfflggr'·
472 2844 566 2872 multis,
584 2844 620 2866 ed.
639 2845 651 2865 2
669 2849 762 2873 semper
777 2843 866 2866 multis.

169 2875 178 2888 ⁷
197 2877 229 2899 Du
248 2876 339 2904 Gange,
350 2877 490 2899 Glossarium
503 2879 558 2898 etc:
572 2875 704 2902 Advocare,
716 2875 855 2897 advocatum
868 2880 948 2902 agere,

108 2912 201 2930 causam
225 2907 321 2930 alicuius
346 2908 476 2930 defendere.
494 2920 524 2924 —
542 2907 635 2929 interius
659 2912 701 2934 pro
723 2905 824 2929 similem
841 2905 910 2928 GDE
928 2907 950 2927 et

109 2938 161 2961 edd.
180 2939 203 2966 l,
222 2940 234 2960 2
252 2938 404 2961 consimilem.

170 2968 179 2982 ⁸
196 2969 269 2993 Codd.
285 2970 302 2993 C
315 2971 330 2992 E
347 2973 369 2992 et
385 2970 422 2992 ed.
440 2970 453 2992 2
471 2969 579 2992 omittunt
594 2968 626 2991 ad
642 2967 749 2991 invicem.

171 2999 180 3012 ⁹
197 3000 242 3023 Ctr.
258 3007 328 3029 supra
346 3007 401 3029 pag.
418 3001 474 3027 602,
493 3003 543 3023 nota
563 3001 585 3022 8.
603 3000 653 3022 Vat.
670 2998 812 3028 rumiyeros.

1069 2593 1089 2606 ¹⁰
1106 2594 1200 2621 Dionys.
1217 2594 1309 2620 Cutem,
1327 2594 1341 2615 l.
1359 2593 1453 2615 Distich.
1480 2593 1521 2620 -12,
1539 2592 1577 2614 ubi
1603 2598 1646 2619 pro
1671 2592 1786 2615 numm-es
1811 2592 1849 2615 ed.

1007 2625 1170 2647 Amsteladam.
1190 2624 1257 2652 ⁴754,
1276 2625 1412 2647 Rumor-em.

1069 2655 1087 2668 ¹¹
1106 2656 1176 2684 Epist.
1194 2657 1207 2678 Ι.
1225 2656 1282 2678 Petr.
1297 2655 1323 2683 4,
1342 2656 1346 2677 1
1358 2656 1375 2677 1.
1392 2667 1423 2671 -
1435 2654 1538 2677 Subinde
1549 2654 1659 2682 allegatur
1671 2655 1746 2676 Matth.
1760 2655 1800 2680 rl-Z,
1814 2654 1850 2676 34.

1070 2686 1089 2699 ¹⁹
1108 2688 1181 2715 Supra
1199 2693 1219 2709 c.
1237 2688 1274 2709 20.
1291 2693 1315 2709 n.
1333 2686 1352 2708 l.
1371 2688 1392 2708 et
1406 2686 1429 2708 7.
1441 2698 1472 2702 —
1483 2686 1578 2708 inferius
1590 2685 1627 2708 ed.
1639 2686 1652 2707 2
1665 2686 1747 2707 omittit
1758 2684 1851 2714 loquela

1007 2722 1029 2741 et
1046 2718 1163 2741 substituit
1179 2724 1232 2740 cum
1250 2717 1266 2740 C
1277 2718 1320 2740 DE
1337 2720 1359 2740 et
1376 2717 1412 2739 ed.
1432 2718 1439 2739 l
1461 2716 1549 2740 exaltet
1566 2723 1608 2744 pro
1624 2716 1724 2739 exaltat.
1747 2716 1851 2739 Subinde

1007 2756 1050 2778 W,
1067 2749 1089 2793 ῗὲ
1102 2749 1306 2803 ‘satiem
1323 2747 1848 2808 ⁶2⁶3.istit.atsteigai..fagia-”53⁴

1006 2811 1102 2835 nebunt.

1070 2842 1088 2855 ¹⁴
1107 2843 1157 2864 Vat.
1174 2848 1227 2864 cum
1245 2842 1314 2864 CDE
1331 2844 1353 2864 et
1369 2841 1406 2864 ed.
1425 2842 1433 2864 l
1455 2840 1591 2864 comedendi
1605 2840 1666 2864 inter
1682 2840 1825 2864 saeculares.

1069 2872 1088 2886 ¹⁵
1108 2874 1156 2895 Vat.
1174 2879 1227 2896 cum
1246 2874 1262 2895 E
1278 2876 1300 2895 et
1317 2873 1354 2895 ed.
1375 2873 1380 2894 1
1399 2872 1491 2902 possint
1508 2871 1535 2894 de
1552 2871 1737 2901 irregularitate.

1069 2904 1088 2917 ¹⁶
1106 2905 1171 2927 Eccli.
1189 2905 1230 2931 31,
1249 2904 1289 2932 19,
1307 2904 1346 2926 uhi
1364 2910 1406 2931 pro
1424 2903 1481 2926 dum
1498 2903 1597 2931 Vulgata
1614 2909 1676 2926 cum.

1069 2934 1087 2948 ¹⁷
1106 2936 1157 2958 Vat.
1174 2939 1196 2958 et
1212 2935 1250 2958 ed.
1271 2936 1275 2957 1
1297 2935 1404 2957 omittunt
1422 2934 1544 2964 Reliqioso.

1068 2965 1087 2979 ¹⁸
1104 2967 1143 2989 Ed.
1157 2968 1170 2989 2
1184 2966 1277 2989 etiamsi
1288 2967 1357 2996 potus
1369 2965 1485 2996 offeratur
1496 2968 1518 2988 et
1530 2965 1625 2988 inferius
1635 2965 1743 2995 patiam}-
1754 2971 1796 2993 pro
1806 2971 1850 2994 pa—

1005 2997 1105 3021 tiantur.

1885 527 1906 540 sa
1920 527 1971 541 *1⁰00-

1869 1271 1946 1290 Divisio.

1869 1486 1922 1505 Circa
1935 1487 1998 1505 cibum

1883 1511 1980 1528 attendant

1910 1534 1953 1552 duo.

1896 1572 1965 1599 Primo,

1866 1598 1997 1619 quantitatem.

1873 1829 1937 1852 Quoad
1952 1834 1984 1852 po-

1904 1855 1950 1871 tum.
