<?xml version="1.0" encoding="UTF-8"?>
<!DOCTYPE html PUBLIC "-//W3C//DTD XHTML 1.0 Transitional//EN"
    "http://www.w3.org/TR/xhtml1/DTD/xhtml1-transitional.dtd">
<html xmlns="http://www.w3.org/1999/xhtml" xml:lang="en" lang="en">
 <head>
  <title>
</title>
<meta http-equiv="Content-Type" content="text/html;charset=utf-8" />
  <meta name='ocr-system' content='tesseract 3.04.00' />
  <meta name='ocr-capabilities' content='ocr_page ocr_carea ocr_par ocr_line ocrx_word'/>
</head>
<body>
  <div class='ocr_page' id='page_1' title='image "./doctorisseraphic08bona_0261.png"; bbox 0 0 2133 3317; ppageno 0'>
   <div class='ocr_carea' id='block_1_1' title="bbox 663 215 1324 244">
    <p class='ocr_par' dir='ltr' id='par_1_1' title="bbox 663 215 1324 244">
     <span class='ocr_line' id='line_1_1' title="bbox 663 215 1324 244; baseline -0.002 0"><span class='ocrx_word' id='word_1_1' title='bbox 663 215 859 244; x_wconf 89' lang='lat' dir='ltr'>OPUSCULUM</span> <span class='ocrx_word' id='word_1_2' title='bbox 881 215 933 244; x_wconf 87' lang='lat' dir='ltr'>Vll.</span> <span class='ocrx_word' id='word_1_3' title='bbox 956 215 998 244; x_wconf 88' lang='lat' dir='ltr'>DE</span> <span class='ocrx_word' id='word_1_4' title='bbox 1020 215 1174 244; x_wconf 84' lang='lat' dir='ltr'>REGlMlNE</span> <span class='ocrx_word' id='word_1_5' title='bbox 1197 215 1324 243; x_wconf 68' lang='lat' dir='ltr'>ANIMAE.</span> 
     </span>
    </p>
   </div>
   <div class='ocr_carea' id='block_1_2' title="bbox 0 292 968 2106">
    <p class='ocr_par' dir='ltr' id='par_1_2' title="bbox 122 292 968 844">
     <span class='ocr_line' id='line_1_2' title="bbox 124 292 967 331; baseline -0.004 -8"><span class='ocrx_word' id='word_1_6' title='bbox 124 294 250 323; x_wconf 84' lang='lat' dir='ltr'>Sanetus</span> <span class='ocrx_word' id='word_1_7' title='bbox 276 294 436 331; x_wconf 82' lang='lat' dir='ltr'>proclamas.</span> <span class='ocrx_word' id='word_1_8' title='bbox 459 293 585 322; x_wconf 77' lang='lat' dir='ltr'>Sanetus</span> <span class='ocrx_word' id='word_1_9' title='bbox 610 293 715 329; x_wconf 87' lang='lat' dir='ltr'>primo,</span> <span class='ocrx_word' id='word_1_10' title='bbox 738 292 790 321; x_wconf 86' lang='lat' dir='ltr'>boc</span> <span class='ocrx_word' id='word_1_11' title='bbox 818 295 859 321; x_wconf 88' lang='lat' dir='ltr'>est</span> <span class='ocrx_word' id='word_1_12' title='bbox 886 293 918 321; x_wconf 84' lang='lat' dir='ltr'>in</span> <span class='ocrx_word' id='word_1_13' title='bbox 938 301 967 321; x_wconf 79' lang='lat' dir='ltr'>se</span> 
     </span>
     <span class='ocr_line' id='line_1_3' title="bbox 123 339 967 378; baseline -0.004 -9"><span class='ocrx_word' id='word_1_14' title='bbox 123 341 186 378; x_wconf 81' lang='lat' dir='ltr'>ipso</span> <span class='ocrx_word' id='word_1_15' title='bbox 207 340 378 369; x_wconf 72' lang='lat' dir='ltr'>sanctitatem</span> <span class='ocrx_word' id='word_1_16' title='bbox 399 340 437 368; x_wconf 75' lang='lat' dir='ltr'>ita</span> <span class='ocrx_word' id='word_1_17' title='bbox 451 347 558 368; x_wconf 89' lang='lat' dir='ltr'>summe</span> <span class='ocrx_word' id='word_1_18' title='bbox 579 347 610 368; x_wconf 90' lang='lat' dir='ltr'>ac</span> <span class='ocrx_word' id='word_1_19' title='bbox 626 339 773 376; x_wconf 82' lang='lat' dir='ltr'><strong>purissime</strong></span> <span class='ocrx_word' id='word_1_20' title='bbox 795 339 913 372; x_wconf 86' lang='lat' dir='ltr'>habens,</span> <span class='ocrx_word' id='word_1_21' title='bbox 936 342 967 367; x_wconf 89' lang='lat' dir='ltr'>ut</span> 
     </span>
     <span class='ocr_line' id='line_1_4' title="bbox 123 385 967 424; baseline -0.002 -9"><span class='ocrx_word' id='word_1_22' title='bbox 123 386 290 424; x_wconf 88' lang='lat' dir='ltr'>impossibile</span> <span class='ocrx_word' id='word_1_23' title='bbox 310 386 360 420; x_wconf 89' lang='lat' dir='ltr'>sit,</span> <span class='ocrx_word' id='word_1_24' title='bbox 382 386 472 422; x_wconf 89' lang='lat' dir='ltr'>ipsum</span> <span class='ocrx_word' id='word_1_25' title='bbox 495 385 599 422; x_wconf 90' lang='lat' dir='ltr'>aliquid</span> <span class='ocrx_word' id='word_1_26' title='bbox 614 385 665 414; x_wconf 92' lang='lat' dir='ltr'>nisi</span> <span class='ocrx_word' id='word_1_27' title='bbox 685 388 810 414; x_wconf 90' lang='lat' dir='ltr'>sanctum</span> <span class='ocrx_word' id='word_1_28' title='bbox 833 385 903 413; x_wconf 89' lang='lat' dir='ltr'>velle</span> <span class='ocrx_word' id='word_1_29' title='bbox 925 385 967 413; x_wconf 84' lang='lat' dir='ltr'>vel</span> 
     </span>
     <span class='ocr_line' id='line_1_5' title="bbox 122 432 967 471; baseline -0.004 -9"><span class='ocrx_word' id='word_1_30' title='bbox 122 433 291 471; x_wconf 85' lang='lat' dir='ltr'>approhare;</span> <span class='ocrx_word' id='word_1_31' title='bbox 314 433 440 462; x_wconf 84' lang='lat' dir='ltr'>Sanetus</span> <span class='ocrx_word' id='word_1_32' title='bbox 461 432 595 466; x_wconf 90' lang='lat' dir='ltr'>secundo,</span> <span class='ocrx_word' id='word_1_33' title='bbox 618 433 670 461; x_wconf 87' lang='lat' dir='ltr'>hoc</span> <span class='ocrx_word' id='word_1_34' title='bbox 685 436 726 461; x_wconf 90' lang='lat' dir='ltr'>est</span> <span class='ocrx_word' id='word_1_35' title='bbox 741 432 913 461; x_wconf 80' lang='lat' dir='ltr'>sanctitatem</span> <span class='ocrx_word' id='word_1_36' title='bbox 930 432 967 460; x_wconf 88' lang='lat' dir='ltr'>ita</span> 
     </span>
     <span class='ocr_line' id='line_1_6' title="bbox 122 478 966 518; baseline -0.004 -9"><span class='ocrx_word' id='word_1_37' title='bbox 122 480 242 518; x_wconf 81' lang='lat' dir='ltr'>perfecte</span> <span class='ocrx_word' id='word_1_38' title='bbox 264 480 295 508; x_wconf 90' lang='lat' dir='ltr'>in</span> <span class='ocrx_word' id='word_1_39' title='bbox 316 479 385 508; x_wconf 82' lang='lat' dir='ltr'>aliis</span> <span class='ocrx_word' id='word_1_40' title='bbox 405 480 537 516; x_wconf 86' lang='lat' dir='ltr'>diligens,</span> <span class='ocrx_word' id='word_1_41' title='bbox 560 483 591 508; x_wconf 90' lang='lat' dir='ltr'>ut</span> <span class='ocrx_word' id='word_1_42' title='bbox 612 478 781 516; x_wconf 88' lang='lat' dir='ltr'>impossibile</span> <span class='ocrx_word' id='word_1_43' title='bbox 802 478 852 512; x_wconf 87' lang='lat' dir='ltr'>sit,</span> <span class='ocrx_word' id='word_1_44' title='bbox 875 478 966 515; x_wconf 92' lang='lat' dir='ltr'>ipsum</span> 
     </span>
     <span class='ocr_line' id='line_1_7' title="bbox 122 525 968 563; baseline -0.004 -7"><span class='ocrx_word' id='word_1_45' title='bbox 122 535 187 556; x_wconf 88' lang='lat' dir='ltr'>vere</span> <span class='ocrx_word' id='word_1_46' title='bbox 208 527 379 556; x_wconf 81' lang='lat' dir='ltr'>sanctitatem</span> <span class='ocrx_word' id='word_1_47' title='bbox 412 527 588 556; x_wconf 82' lang='lat' dir='ltr'>servantibus</span> <span class='ocrx_word' id='word_1_48' title='bbox 618 530 667 555; x_wconf 88' lang='lat' dir='ltr'>aut</span> <span class='ocrx_word' id='word_1_49' title='bbox 687 526 792 563; x_wconf 85' lang='lat' dir='ltr'>gratiae</span> <span class='ocrx_word' id='word_1_50' title='bbox 812 525 884 554; x_wconf 88' lang='lat' dir='ltr'>dona</span> <span class='ocrx_word' id='word_1_51' title='bbox 905 525 968 554; x_wconf 90' lang='lat' dir='ltr'>sub-</span> 
     </span>
     <span class='ocr_line' id='line_1_8' title="bbox 123 573 967 610; baseline -0.002 -8"><span class='ocrx_word' id='word_1_52' title='bbox 123 574 234 602; x_wconf 90' lang='lat' dir='ltr'>trahere</span> <span class='ocrx_word' id='word_1_53' title='bbox 255 577 303 602; x_wconf 82' lang='lat' dir='ltr'>aut</span> <span class='ocrx_word' id='word_1_54' title='bbox 324 574 426 610; x_wconf 82' lang='lat' dir='ltr'>gloriae</span> <span class='ocrx_word' id='word_1_55' title='bbox 449 573 571 610; x_wconf 89' lang='lat' dir='ltr'>praemia</span> <span class='ocrx_word' id='word_1_56' title='bbox 590 573 741 610; x_wconf 80' lang='lat' dir='ltr'>denegare3</span> <span class='ocrx_word' id='word_1_57' title='bbox 765 573 890 601; x_wconf 82' lang='lat' dir='ltr'>Sanctus</span> <span class='ocrx_word' id='word_1_58' title='bbox 911 575 967 600; x_wconf 91' lang='lat' dir='ltr'>ter-</span> 
     </span>
     <span class='ocr_line' id='line_1_9' title="bbox 123 619 967 657; baseline -0.001 -9"><span class='ocrx_word' id='word_1_59' title='bbox 123 620 175 654; x_wconf 89' lang='lat' dir='ltr'>tio,</span> <span class='ocrx_word' id='word_1_60' title='bbox 197 620 249 649; x_wconf 90' lang='lat' dir='ltr'>hoc</span> <span class='ocrx_word' id='word_1_61' title='bbox 269 623 310 649; x_wconf 92' lang='lat' dir='ltr'>est</span> <span class='ocrx_word' id='word_1_62' title='bbox 331 620 369 648; x_wconf 89' lang='lat' dir='ltr'>ita</span> <span class='ocrx_word' id='word_1_63' title='bbox 389 628 485 649; x_wconf 92' lang='lat' dir='ltr'>severe</span> <span class='ocrx_word' id='word_1_64' title='bbox 506 620 664 657; x_wconf 90' lang='lat' dir='ltr'>oppositum</span> <span class='ocrx_word' id='word_1_65' title='bbox 692 619 844 648; x_wconf 81' lang='lat' dir='ltr'>sanctitatis</span> <span class='ocrx_word' id='word_1_66' title='bbox 865 619 967 647; x_wconf 90' lang='lat' dir='ltr'>abhor-</span> 
     </span>
     <span class='ocr_line' id='line_1_10' title="bbox 123 667 968 704; baseline -0.001 -9"><span class='ocrx_word' id='word_1_67' title='bbox 123 674 202 700; x_wconf 86' lang='lat' dir='ltr'>rens,</span> <span class='ocrx_word' id='word_1_68' title='bbox 223 670 255 695; x_wconf 94' lang='lat' dir='ltr'>ut</span> <span class='ocrx_word' id='word_1_69' title='bbox 286 667 453 703; x_wconf 90' lang='lat' dir='ltr'>impossibile</span> <span class='ocrx_word' id='word_1_70' title='bbox 484 667 531 700; x_wconf 85' lang='lat' dir='ltr'>sit,</span> <span class='ocrx_word' id='word_1_71' title='bbox 554 667 644 704; x_wconf 87' lang='lat' dir='ltr'>ipsum</span> <span class='ocrx_word' id='word_1_72' title='bbox 666 669 777 703; x_wconf 84' lang='lat' dir='ltr'>peccata</span> <span class='ocrx_word' id='word_1_73' title='bbox 798 674 852 694; x_wconf 94' lang='lat' dir='ltr'>non</span> <span class='ocrx_word' id='word_1_74' title='bbox 875 673 968 702; x_wconf 89' lang='lat' dir='ltr'>repro-</span> 
     </span>
     <span class='ocr_line' id='line_1_11' title="bbox 122 712 966 750; baseline 0 -9"><span class='ocrx_word' id='word_1_75' title='bbox 122 712 189 741; x_wconf 92' lang='lat' dir='ltr'>bare</span> <span class='ocrx_word' id='word_1_76' title='bbox 215 716 263 741; x_wconf 88' lang='lat' dir='ltr'>ant</span> <span class='ocrx_word' id='word_1_77' title='bbox 286 713 421 750; x_wconf 86' lang='lat' dir='ltr'>impunita</span> <span class='ocrx_word' id='word_1_78' title='bbox 441 713 608 749; x_wconf 85' lang='lat' dir='ltr'>relinquere.</span> <span class='ocrx_word' id='word_1_79' title='bbox 634 713 735 749; x_wconf 85' lang='lat' dir='ltr'>Quodsi</span> <span class='ocrx_word' id='word_1_80' title='bbox 765 713 804 741; x_wconf 89' lang='lat' dir='ltr'>sic</span> <span class='ocrx_word' id='word_1_81' title='bbox 831 712 966 746; x_wconf 87' lang='lat' dir='ltr'>senseris,</span> 
     </span>
     <span class='ocr_line' id='line_1_12' title="bbox 122 759 967 797; baseline -0.001 -9"><span class='ocrx_word' id='word_1_82' title='bbox 122 766 186 788; x_wconf 87' lang='lat' dir='ltr'>cum</span> <span class='ocrx_word' id='word_1_83' title='bbox 218 760 373 796; x_wconf 83' lang='lat' dir='ltr'>legislatore</span> <span class='ocrx_word' id='word_1_84' title='bbox 404 760 526 788; x_wconf 86' lang='lat' dir='ltr'>cantabis</span> <span class='ocrx_word' id='word_1_85' title='bbox 540 761 564 788; x_wconf 89' lang='lat'>¹:</span> <span class='ocrx_word' id='word_1_86' title='bbox 587 760 664 788; x_wconf 80' lang='lat' dir='ltr'>Deus</span> <span class='ocrx_word' id='word_1_87' title='bbox 693 759 786 796; x_wconf 78' lang='lat' dir='ltr'>fidelis</span> <span class='ocrx_word' id='word_1_88' title='bbox 810 763 835 788; x_wconf 88' lang='lat' dir='ltr'>et</span> <span class='ocrx_word' id='word_1_89' title='bbox 859 759 967 797; x_wconf 79' lang='lat' dir='ltr'>absque</span> 
     </span>
     <span class='ocr_line' id='line_1_13' title="bbox 122 805 661 844; baseline 0.002 -10"><span class='ocrx_word' id='word_1_90' title='bbox 122 805 184 834; x_wconf 90' lang='lat' dir='ltr'>ulla</span> <span class='ocrx_word' id='word_1_91' title='bbox 205 806 374 844; x_wconf 69' lang='lat' dir='ltr'>iniquitate,</span> <span class='ocrx_word' id='word_1_92' title='bbox 395 807 492 835; x_wconf 85' lang='lat' dir='ltr'>iustus</span> <span class='ocrx_word' id='word_1_93' title='bbox 512 810 537 835; x_wconf 86' lang='lat' dir='ltr'>et</span> <span class='ocrx_word' id='word_1_94' title='bbox 558 810 661 835; x_wconf 78' lang='lat' dir='ltr'>rectus,</span> 
     </span>
    </p>

    <p class='ocr_par' dir='ltr' id='par_1_3' title="bbox 0 852 968 1125">
     <span class='ocr_line' id='line_1_14' title="bbox 201 852 968 890; baseline 0 -9"><span class='ocrx_word' id='word_1_95' title='bbox 201 853 227 882; x_wconf 86' lang='lat'>3.</span> <span class='ocrx_word' id='word_1_96' title='bbox 249 853 310 882; x_wconf 85' lang='lat' dir='ltr'>Post</span> <span class='ocrx_word' id='word_1_97' title='bbox 342 854 393 882; x_wconf 94' lang='lat' dir='ltr'>hoc</span> <span class='ocrx_word' id='word_1_98' title='bbox 423 854 518 882; x_wconf 92' lang='lat' dir='ltr'>oculos</span> <span class='ocrx_word' id='word_1_99' title='bbox 540 854 639 882; x_wconf 89' lang='lat' dir='ltr'>mentis</span> <span class='ocrx_word' id='word_1_100' title='bbox 660 857 723 882; x_wconf 86' lang='lat' dir='ltr'>tuae</span> <span class='ocrx_word' id='word_1_101' title='bbox 750 853 784 881; x_wconf 86' lang='lat' dir='ltr'>ad</span> <span class='ocrx_word' id='word_1_102' title='bbox 806 853 893 890; x_wconf 76' lang='lat' dir='ltr'>leyem</span> <span class='ocrx_word' id='word_1_103' title='bbox 915 852 968 881; x_wconf 86' lang='lat' dir='ltr'>Dei</span> 
     </span>
     <span class='ocr_line' id='line_1_15' title="bbox 0 898 967 937; baseline -0.003 -7"><span class='ocrx_word' id='word_1_104' title='bbox 0 911 42 932; x_wconf 71' lang='grc' dir='ltr'>ιω,</span> <span class='ocrx_word' id='word_1_105' title='bbox 51 910 109 934; x_wconf 65' lang='lat' dir='ltr'>respi-</span> <span class='ocrx_word' id='word_1_106' title='bbox 121 903 266 933; x_wconf 88' lang='lat' dir='ltr'>converte,</span> <span class='ocrx_word' id='word_1_107' title='bbox 287 908 358 937; x_wconf 84' lang='lat' dir='ltr'>quae</span> <span class='ocrx_word' id='word_1_108' title='bbox 380 900 464 934; x_wconf 83' lang='lat' dir='ltr'>iubet,</span> <span class='ocrx_word' id='word_1_109' title='bbox 487 903 512 928; x_wconf 85' lang='lat' dir='ltr'>te</span> <span class='ocrx_word' id='word_1_110' title='bbox 533 900 667 929; x_wconf 84' lang='lat' dir='ltr'>exhibere</span> <span class='ocrx_word' id='word_1_111' title='bbox 688 900 824 928; x_wconf 77' lang='lat' dir='ltr'>Altissimo</span> <span class='ocrx_word' id='word_1_112' title='bbox 845 908 892 928; x_wconf 87' lang='lat' dir='ltr'>cor</span> <span class='ocrx_word' id='word_1_113' title='bbox 914 898 967 927; x_wconf 80' lang='lat' dir='ltr'>ltu-</span> 
     </span>
     <span class='ocr_line' id='line_1_16' title="bbox 0 933 967 981; baseline -0.001 -6"><span class='ocrx_word' id='word_1_114' title='bbox 0 933 201 981; x_wconf 47' lang='lat' dir='ltr'>ffiuiieiffdmile,</span> <span class='ocrx_word' id='word_1_115' title='bbox 223 946 346 975; x_wconf 88' lang='lat' dir='ltr'>Piissimo</span> <span class='ocrx_word' id='word_1_116' title='bbox 367 955 415 975; x_wconf 81' lang='lat' dir='ltr'>ror</span> <span class='ocrx_word' id='word_1_117' title='bbox 435 947 584 981; x_wconf 72' lang='lat' dir='ltr'>deuotum,</span> <span class='ocrx_word' id='word_1_118' title='bbox 606 947 783 976; x_wconf 86' lang='lat' dir='ltr'>Sanctissimo</span> <span class='ocrx_word' id='word_1_119' title='bbox 804 955 851 976; x_wconf 90' lang='lat' dir='ltr'>cor</span> <span class='ocrx_word' id='word_1_120' title='bbox 873 946 967 975; x_wconf 84' lang='lat' dir='ltr'>illiba-</span> 
     </span>
     <span class='ocr_line' id='line_1_17' title="bbox 0 992 967 1030; baseline -0.001 -7"><span class='ocrx_word' id='word_1_121' title='bbox 0 1003 106 1030; x_wconf 60' lang='lat' dir='ltr'>meiana</span> <span class='ocrx_word' id='word_1_122' title='bbox 122 996 193 1021; x_wconf 81' lang='lat' dir='ltr'>tum.</span> <span class='ocrx_word' id='word_1_123' title='bbox 214 1009 253 1013; x_wconf 95' lang='lat'>—</span> <span class='ocrx_word' id='word_1_124' title='bbox 273 993 339 1027; x_wconf 89' lang='lat' dir='ltr'>Cor,</span> <span class='ocrx_word' id='word_1_125' title='bbox 361 993 488 1030; x_wconf 89' lang='lat' dir='ltr'>inquam,</span> <span class='ocrx_word' id='word_1_126' title='bbox 511 992 618 1022; x_wconf 71' lang='lat' dir='ltr'>humile</span> <span class='ocrx_word' id='word_1_127' title='bbox 631 993 714 1022; x_wconf 90' lang='lat' dir='ltr'>debes</span> <span class='ocrx_word' id='word_1_128' title='bbox 728 993 863 1022; x_wconf 87' lang='lat' dir='ltr'>exhibere</span> <span class='ocrx_word' id='word_1_129' title='bbox 879 994 967 1022; x_wconf 82' lang='lat' dir='ltr'>Altis-</span> 
     </span>
     <span class='ocr_line' id='line_1_18' title="bbox 0 1027 966 1077; baseline -0.001 -7"><span class='ocrx_word' id='word_1_130' title='bbox 0 1027 57 1070; x_wconf 54' lang='lat'>5⁰53,</span> <span class='ocrx_word' id='word_1_131' title='bbox 81 1032 106 1069; x_wconf 63' lang='grc' dir='ltr'>’ἐῖ</span> <span class='ocrx_word' id='word_1_132' title='bbox 120 1039 195 1068; x_wconf 80' lang='lat' dir='ltr'>sinzo</span> <span class='ocrx_word' id='word_1_133' title='bbox 216 1047 265 1076; x_wconf 91' lang='lat' dir='ltr'>per</span> <span class='ocrx_word' id='word_1_134' title='bbox 286 1040 477 1068; x_wconf 82' lang='lat' dir='ltr'>reuerentiam</span> <span class='ocrx_word' id='word_1_135' title='bbox 502 1040 528 1068; x_wconf 91' lang='lat' dir='ltr'>in</span> <span class='ocrx_word' id='word_1_136' title='bbox 560 1040 664 1074; x_wconf 88' lang='lat' dir='ltr'>animo,</span> <span class='ocrx_word' id='word_1_137' title='bbox 696 1048 745 1077; x_wconf 90' lang='lat' dir='ltr'>per</span> <span class='ocrx_word' id='word_1_138' title='bbox 777 1040 966 1069; x_wconf 85' lang='lat' dir='ltr'>obedientiam</span> 
     </span>
     <span class='ocr_line' id='line_1_19' title="bbox 0 1073 966 1125; baseline 0.002 -11"><span class='ocrx_word' id='word_1_139' title='bbox 0 1073 30 1093; x_wconf 70' lang='lat'>⁵¹⁶¹</span> <span class='ocrx_word' id='word_1_140' title='bbox 122 1085 149 1114; x_wconf 95' lang='lat' dir='ltr'>in</span> <span class='ocrx_word' id='word_1_141' title='bbox 171 1086 250 1119; x_wconf 83' lang='lat' dir='ltr'>facto,</span> <span class='ocrx_word' id='word_1_142' title='bbox 272 1094 321 1123; x_wconf 91' lang='lat' dir='ltr'>per</span> <span class='ocrx_word' id='word_1_143' title='bbox 343 1086 592 1123; x_wconf 74' lang='lat' dir='ltr'>honorificentiam</span> <span class='ocrx_word' id='word_1_144' title='bbox 609 1087 635 1115; x_wconf 92' lang='lat' dir='ltr'>in</span> <span class='ocrx_word' id='word_1_145' title='bbox 651 1087 736 1116; x_wconf 89' lang='lat' dir='ltr'>verbo</span> <span class='ocrx_word' id='word_1_146' title='bbox 751 1090 778 1116; x_wconf 89' lang='lat' dir='ltr'>et</span> <span class='ocrx_word' id='word_1_147' title='bbox 791 1088 883 1124; x_wconf 80' lang='lat' dir='ltr'>signo,</span> <span class='ocrx_word' id='word_1_148' title='bbox 898 1096 966 1125; x_wconf 88' lang='lat' dir='ltr'>qua-</span> 
     </span>
    </p>

    <p class='ocr_par' dir='ltr' id='par_1_4' title="bbox 0 1133 967 1779">
     <span class='ocr_line' id='line_1_20' title="bbox 122 1133 966 1171; baseline 0.002 -10"><span class='ocrx_word' id='word_1_149' title='bbox 122 1135 203 1161; x_wconf 89' lang='lat' dir='ltr'>tenus</span> <span class='ocrx_word' id='word_1_150' title='bbox 223 1133 375 1161; x_wconf 92' lang='lat' dir='ltr'>secundum</span> <span class='ocrx_word' id='word_1_151' title='bbox 406 1134 582 1170; x_wconf 88' lang='lat' dir='ltr'>apostolicam</span> <span class='ocrx_word' id='word_1_152' title='bbox 610 1134 734 1171; x_wconf 82' lang='lat' dir='ltr'>regulam</span> <span class='ocrx_word' id='word_1_153' title='bbox 762 1137 789 1163; x_wconf 89' lang='lat' dir='ltr'>et</span> <span class='ocrx_word' id='word_1_154' title='bbox 813 1134 966 1163; x_wconf 81' lang='lat' dir='ltr'>doctrinam</span> 
     </span>
     <span class='ocr_line' id='line_1_21' title="bbox 0 1179 967 1217; baseline 0 -8"><span class='ocrx_word' id='word_1_155' title='bbox 0 1189 110 1211; x_wconf 63' lang='lat' dir='ltr'>memor</span> <span class='ocrx_word' id='word_1_156' title='bbox 122 1179 222 1207; x_wconf 84' lang='lat' dir='ltr'>omnia</span> <span class='ocrx_word' id='word_1_157' title='bbox 243 1179 275 1207; x_wconf 85' lang='lat' dir='ltr'>in</span> <span class='ocrx_word' id='word_1_158' title='bbox 293 1179 420 1216; x_wconf 76' lang='lat' dir='ltr'>yloriam</span> <span class='ocrx_word' id='word_1_159' title='bbox 446 1180 497 1208; x_wconf 88' lang='lat' dir='ltr'>Dei</span> <span class='ocrx_word' id='word_1_160' title='bbox 516 1179 615 1217; x_wconf 77' lang='lat' dir='ltr'>facias</span> <span class='ocrx_word' id='word_1_161' title='bbox 628 1181 646 1208; x_wconf 76' lang='lat'>2.</span> <span class='ocrx_word' id='word_1_162' title='bbox 669 1198 707 1201; x_wconf 86' lang='lat'>—</span> <span class='ocrx_word' id='word_1_163' title='bbox 728 1181 781 1209; x_wconf 90' lang='lat' dir='ltr'>Cor</span> <span class='ocrx_word' id='word_1_164' title='bbox 805 1184 898 1209; x_wconf 90' lang='lat' dir='ltr'>autem</span> <span class='ocrx_word' id='word_1_165' title='bbox 920 1181 967 1209; x_wconf 87' lang='lat' dir='ltr'>de-</span> 
     </span>
     <span class='ocr_line' id='line_1_22' title="bbox 0 1213 966 1264; baseline 0.003 -11"><span class='ocrx_word' id='word_1_166' title='bbox 0 1213 88 1233; x_wconf 68' lang='lat'>&#39;¹⁰&#39;⁰²&#39;²¹¹¹&#39;</span> <span class='ocrx_word' id='word_1_167' title='bbox 121 1229 220 1253; x_wconf 81' lang='lat' dir='ltr'>votum</span> <span class='ocrx_word' id='word_1_168' title='bbox 237 1225 320 1254; x_wconf 88' lang='lat' dir='ltr'>debes</span> <span class='ocrx_word' id='word_1_169' title='bbox 341 1226 475 1255; x_wconf 88' lang='lat' dir='ltr'>exhibere</span> <span class='ocrx_word' id='word_1_170' title='bbox 491 1227 629 1255; x_wconf 79' lang='lat' dir='ltr'>Piissimo</span> <span class='ocrx_word' id='word_1_171' title='bbox 644 1235 693 1264; x_wconf 88' lang='lat' dir='ltr'>per</span> <span class='ocrx_word' id='word_1_172' title='bbox 709 1227 966 1264; x_wconf 75' lang='lat' dir='ltr'>interpellationem</span> 
     </span>
     <span class='ocr_line' id='line_1_23' title="bbox 121 1272 965 1311; baseline 0.004 -11"><span class='ocrx_word' id='word_1_173' title='bbox 121 1279 236 1308; x_wconf 91' lang='lat' dir='ltr'>precum</span> <span class='ocrx_word' id='word_1_174' title='bbox 258 1272 437 1306; x_wconf 84' lang='lat' dir='ltr'>ferventium,</span> <span class='ocrx_word' id='word_1_175' title='bbox 460 1281 509 1310; x_wconf 87' lang='lat' dir='ltr'>per</span> <span class='ocrx_word' id='word_1_176' title='bbox 530 1274 757 1310; x_wconf 73' lang='lat' dir='ltr'>deyuslationem</span> <span class='ocrx_word' id='word_1_177' title='bbox 779 1274 965 1311; x_wconf 83' lang='lat' dir='ltr'>spiritualium</span> 
     </span>
     <span class='ocr_line' id='line_1_24' title="bbox 121 1319 965 1358; baseline 0.004 -11"><span class='ocrx_word' id='word_1_178' title='bbox 121 1319 305 1353; x_wconf 86' lang='lat' dir='ltr'>suavitatum,</span> <span class='ocrx_word' id='word_1_179' title='bbox 328 1328 376 1356; x_wconf 86' lang='lat' dir='ltr'>per</span> <span class='ocrx_word' id='word_1_180' title='bbox 408 1321 549 1349; x_wconf 77' lang='lat' dir='ltr'>actionem</span> <span class='ocrx_word' id='word_1_181' title='bbox 580 1321 774 1358; x_wconf 82' lang='lat' dir='ltr'>multiplicium</span> <span class='ocrx_word' id='word_1_182' title='bbox 796 1322 965 1358; x_wconf 82' lang='lat' dir='ltr'>gratiarum,</span> 
     </span>
     <span class='ocr_line' id='line_1_25' title="bbox 121 1365 965 1404; baseline 0.005 -11"><span class='ocrx_word' id='word_1_183' title='bbox 121 1367 153 1394; x_wconf 91' lang='lat' dir='ltr'>ut</span> <span class='ocrx_word' id='word_1_184' title='bbox 183 1365 275 1394; x_wconf 88' lang='lat' dir='ltr'>anima</span> <span class='ocrx_word' id='word_1_185' title='bbox 305 1369 353 1394; x_wconf 85' lang='lat' dir='ltr'>tua</span> <span class='ocrx_word' id='word_1_186' title='bbox 384 1367 484 1404; x_wconf 85' lang='lat' dir='ltr'>iugiter</span> <span class='ocrx_word' id='word_1_187' title='bbox 509 1376 564 1404; x_wconf 83' lang='lat' dir='ltr'>per</span> <span class='ocrx_word' id='word_1_188' title='bbox 594 1367 739 1396; x_wconf 81' lang='lat' dir='ltr'>desertum</span> <span class='ocrx_word' id='word_1_189' title='bbox 771 1369 909 1397; x_wconf 75' lang='lat' dir='ltr'>ascendat</span> <span class='ocrx_word' id='word_1_190' title='bbox 938 1369 965 1397; x_wconf 93' lang='lat' dir='ltr'>in</span> 
     </span>
     <span class='ocr_line' id='line_1_26' title="bbox 121 1412 966 1453; baseline 0.002 -12"><span class='ocrx_word' id='word_1_191' title='bbox 121 1412 210 1441; x_wconf 87' lang='lat' dir='ltr'>Deum</span> <span class='ocrx_word' id='word_1_192' title='bbox 233 1413 310 1441; x_wconf 82' lang='lat' dir='ltr'>sieut</span> <span class='ocrx_word' id='word_1_193' title='bbox 331 1413 448 1451; x_wconf 66' lang='lat' dir='ltr'>virgula</span> <span class='ocrx_word' id='word_1_194' title='bbox 468 1413 548 1451; x_wconf 82' lang='lat' dir='ltr'>fumi</span> <span class='ocrx_word' id='word_1_195' title='bbox 567 1423 601 1442; x_wconf 73' lang='lat' dir='ltr'>ex</span> <span class='ocrx_word' id='word_1_196' title='bbox 620 1414 805 1443; x_wconf 81' lang='lat' dir='ltr'>aromatibus</span> <span class='ocrx_word' id='word_1_197' title='bbox 825 1414 966 1453; x_wconf 77' lang='lat' dir='ltr'>myrrhae</span> 
     </span>
     <span class='ocr_line' id='line_1_27' title="bbox 0 1458 966 1512; baseline 0.004 -25"><span class='ocrx_word' id='word_1_198' title='bbox 0 1469 106 1512; x_wconf 56' lang='lat' dir='ltr'>ffiiiss&#39;luff‘</span> <span class='ocrx_word' id='word_1_199' title='bbox 122 1462 148 1487; x_wconf 87' lang='lat' dir='ltr'>et</span> <span class='ocrx_word' id='word_1_200' title='bbox 168 1458 264 1488; x_wconf 73' lang='lat' dir='ltr'>thuris</span> <span class='ocrx_word' id='word_1_201' title='bbox 275 1460 294 1488; x_wconf 84' lang='lat'>³.</span> <span class='ocrx_word' id='word_1_202' title='bbox 317 1477 355 1480; x_wconf 98' lang='lat'><strong>—</strong></span> <span class='ocrx_word' id='word_1_203' title='bbox 377 1461 429 1489; x_wconf 89' lang='lat' dir='ltr'>Cor</span> <span class='ocrx_word' id='word_1_204' title='bbox 450 1469 516 1489; x_wconf 91' lang='lat' dir='ltr'>vero</span> <span class='ocrx_word' id='word_1_205' title='bbox 541 1461 686 1490; x_wconf 85' lang='lat' dir='ltr'>illibatum</span> <span class='ocrx_word' id='word_1_206' title='bbox 717 1462 851 1491; x_wconf 83' lang='lat' dir='ltr'>exhihere</span> <span class='ocrx_word' id='word_1_207' title='bbox 882 1462 966 1491; x_wconf 89' lang='lat' dir='ltr'>debes</span> 
     </span>
     <span class='ocr_line' id='line_1_28' title="bbox 92 1506 965 1545; baseline 0.005 -12"><span class='ocrx_word' id='word_1_208' title='bbox 92 1507 96 1511; x_wconf 95' lang='grc'><em>“</em></span> <span class='ocrx_word' id='word_1_209' title='bbox 121 1506 306 1535; x_wconf 81' lang='lat' dir='ltr'>sanctissimo</span> <span class='ocrx_word' id='word_1_210' title='bbox 327 1508 447 1543; x_wconf 88' lang='lat' dir='ltr'>Sponso,</span> <span class='ocrx_word' id='word_1_211' title='bbox 462 1510 494 1536; x_wconf 93' lang='lat' dir='ltr'>ut</span> <span class='ocrx_word' id='word_1_212' title='bbox 514 1508 608 1536; x_wconf 89' lang='lat' dir='ltr'>nullus</span> <span class='ocrx_word' id='word_1_213' title='bbox 623 1508 649 1536; x_wconf 90' lang='lat' dir='ltr'>in</span> <span class='ocrx_word' id='word_1_214' title='bbox 666 1511 692 1536; x_wconf 91' lang='lat' dir='ltr'>te</span> <span class='ocrx_word' id='word_1_215' title='bbox 708 1511 804 1545; x_wconf 85' lang='lat' dir='ltr'>regnet</span> <span class='ocrx_word' id='word_1_216' title='bbox 817 1516 867 1537; x_wconf 90' lang='lat' dir='ltr'>nec</span> <span class='ocrx_word' id='word_1_217' title='bbox 882 1516 965 1538; x_wconf 90' lang='lat' dir='ltr'>sensu</span> 
     </span>
     <span class='ocr_line' id='line_1_29' title="bbox 121 1554 966 1592; baseline 0.004 -12"><span class='ocrx_word' id='word_1_218' title='bbox 121 1560 172 1581; x_wconf 88' lang='lat' dir='ltr'>nec</span> <span class='ocrx_word' id='word_1_219' title='bbox 192 1560 327 1582; x_wconf 90' lang='lat' dir='ltr'>consensu</span> <span class='ocrx_word' id='word_1_220' title='bbox 343 1562 393 1582; x_wconf 91' lang='lat' dir='ltr'>nec</span> <span class='ocrx_word' id='word_1_221' title='bbox 408 1554 507 1583; x_wconf 84' lang='lat' dir='ltr'>affectu</span> <span class='ocrx_word' id='word_1_222' title='bbox 522 1562 671 1591; x_wconf 85' lang='lat' dir='ltr'>corporeae</span> <span class='ocrx_word' id='word_1_223' title='bbox 687 1555 836 1591; x_wconf 89' lang='lat' dir='ltr'>voluptatis</span> <span class='ocrx_word' id='word_1_224' title='bbox 850 1555 966 1592; x_wconf 87' lang='lat' dir='ltr'>applau-</span> 
     </span>
     <span class='ocr_line' id='line_1_30' title="bbox 121 1599 965 1638; baseline 0.004 -11"><span class='ocrx_word' id='word_1_225' title='bbox 121 1606 183 1633; x_wconf 88' lang='lat' dir='ltr'>sus,</span> <span class='ocrx_word' id='word_1_226' title='bbox 204 1599 299 1629; x_wconf 85' lang='lat' dir='ltr'>nullus</span> <span class='ocrx_word' id='word_1_227' title='bbox 320 1603 446 1629; x_wconf 83' lang='lat' dir='ltr'>terrenae</span> <span class='ocrx_word' id='word_1_228' title='bbox 467 1601 625 1638; x_wconf 84' lang='lat' dir='ltr'>cupiditatis</span> <span class='ocrx_word' id='word_1_229' title='bbox 644 1602 793 1638; x_wconf 87' lang='lat' dir='ltr'>appetitus,</span> <span class='ocrx_word' id='word_1_230' title='bbox 815 1602 909 1631; x_wconf 91' lang='lat' dir='ltr'>nullus</span> <span class='ocrx_word' id='word_1_231' title='bbox 924 1602 965 1630; x_wconf 93' lang='lat' dir='ltr'>in-</span> 
     </span>
     <span class='ocr_line' id='line_1_31' title="bbox 122 1647 966 1685; baseline 0.004 -11"><span class='ocrx_word' id='word_1_232' title='bbox 122 1648 217 1674; x_wconf 89' lang='lat' dir='ltr'>ternae</span> <span class='ocrx_word' id='word_1_233' title='bbox 238 1647 415 1684; x_wconf 83' lang='lat' dir='ltr'>malignitatis</span> <span class='ocrx_word' id='word_1_234' title='bbox 436 1648 565 1682; x_wconf 80' lang='lat' dir='ltr'>affectus,</span> <span class='ocrx_word' id='word_1_235' title='bbox 587 1652 741 1685; x_wconf 89' lang='lat' dir='ltr'>quatenus,</span> <span class='ocrx_word' id='word_1_236' title='bbox 756 1649 830 1677; x_wconf 91' lang='lat' dir='ltr'>omni</span> <span class='ocrx_word' id='word_1_237' title='bbox 849 1649 966 1678; x_wconf 85' lang='lat' dir='ltr'>exclusa</span> 
     </span>
     <span class='ocr_line' id='line_1_32' title="bbox 120 1692 965 1731; baseline 0.005 -11"><span class='ocrx_word' id='word_1_238' title='bbox 120 1692 229 1721; x_wconf 88' lang='lat' dir='ltr'>macula</span> <span class='ocrx_word' id='word_1_239' title='bbox 248 1694 365 1730; x_wconf 85' lang='lat' dir='ltr'>peccati,</span> <span class='ocrx_word' id='word_1_240' title='bbox 387 1694 475 1731; x_wconf 89' lang='lat' dir='ltr'>possis</span> <span class='ocrx_word' id='word_1_241' title='bbox 496 1703 560 1723; x_wconf 87' lang='lat' dir='ltr'>cum</span> <span class='ocrx_word' id='word_1_242' title='bbox 575 1695 716 1724; x_wconf 82' lang='lat' dir='ltr'>Psalmista</span> <span class='ocrx_word' id='word_1_243' title='bbox 727 1696 738 1712; x_wconf 75' lang='lat'>4</span> <span class='ocrx_word' id='word_1_244' title='bbox 753 1698 880 1724; x_wconf 84' lang='lat' dir='ltr'>cantare:</span> <span class='ocrx_word' id='word_1_245' title='bbox 896 1696 965 1724; x_wconf 86' lang='lat' dir='ltr'>Fiat</span> 
     </span>
     <span class='ocr_line' id='line_1_33' title="bbox 120 1740 962 1779; baseline 0.005 -12"><span class='ocrx_word' id='word_1_246' title='bbox 120 1747 171 1767; x_wconf 87' lang='lat' dir='ltr'>eor</span> <span class='ocrx_word' id='word_1_247' title='bbox 190 1748 287 1768; x_wconf 86' lang='lat' dir='ltr'>meum</span> <span class='ocrx_word' id='word_1_248' title='bbox 309 1740 534 1770; x_wconf 86' lang='lat' dir='ltr'>immaculatum</span> <span class='ocrx_word' id='word_1_249' title='bbox 554 1741 586 1770; x_wconf 86' lang='lat' dir='ltr'>in</span> <span class='ocrx_word' id='word_1_250' title='bbox 607 1742 864 1779; x_wconf 73' lang='lat' dir='ltr'>iustificationibus</span> <span class='ocrx_word' id='word_1_251' title='bbox 887 1743 962 1777; x_wconf 80' lang='lat' dir='ltr'>tuis,</span> 
     </span>
    </p>

    <p class='ocr_par' dir='ltr' id='par_1_5' title="bbox 120 1785 429 1824">
     <span class='ocr_line' id='line_1_34' title="bbox 120 1785 429 1824; baseline 0.01 -11"><span class='ocrx_word' id='word_1_252' title='bbox 120 1788 153 1813; x_wconf 89' lang='lat' dir='ltr'>ut</span> <span class='ocrx_word' id='word_1_253' title='bbox 172 1794 231 1814; x_wconf 88' lang='lat' dir='ltr'>non</span> <span class='ocrx_word' id='word_1_254' title='bbox 251 1785 429 1824; x_wconf 75' lang='lat' dir='ltr'>confundar.</span> 
     </span>
    </p>

    <p class='ocr_par' dir='ltr' id='par_1_6' title="bbox 0 1832 964 1963">
     <span class='ocr_line' id='line_1_35' title="bbox 199 1832 964 1872; baseline 0.005 -11"><span class='ocrx_word' id='word_1_255' title='bbox 199 1832 226 1861; x_wconf 75' lang='grc' dir='ltr'>[ι.</span> <span class='ocrx_word' id='word_1_256' title='bbox 248 1833 384 1862; x_wconf 78' lang='lat' dir='ltr'>Attende⁵</span> <span class='ocrx_word' id='word_1_257' title='bbox 405 1834 490 1871; x_wconf 82' lang='lat' dir='ltr'>igitur</span> <span class='ocrx_word' id='word_1_258' title='bbox 521 1834 667 1872; x_wconf 81' lang='lat' dir='ltr'>diligenter</span> <span class='ocrx_word' id='word_1_259' title='bbox 688 1838 714 1864; x_wconf 88' lang='lat' dir='ltr'>et</span> <span class='ocrx_word' id='word_1_260' title='bbox 743 1835 820 1870; x_wconf 87' lang='lat' dir='ltr'>vide,</span> <span class='ocrx_word' id='word_1_261' title='bbox 842 1836 863 1864; x_wconf 90' lang='lat' dir='ltr'>si</span> <span class='ocrx_word' id='word_1_262' title='bbox 897 1836 964 1865; x_wconf 87' lang='lat' dir='ltr'>haec</span> 
     </span>
     <span class='ocr_line' id='line_1_36' title="bbox 0 1879 963 1918; baseline 0.004 -10"><span class='ocrx_word' id='word_1_263' title='bbox 0 1891 15 1909; x_wconf 68' lang='grc' dir='ltr'>»ο</span> <span class='ocrx_word' id='word_1_264' title='bbox 25 1889 53 1909; x_wconf 74' lang='lat' dir='ltr'>ns</span> <span class='ocrx_word' id='word_1_265' title='bbox 66 1892 104 1909; x_wconf 65' lang='lat' dir='ltr'>mia</span> <span class='ocrx_word' id='word_1_266' title='bbox 121 1879 213 1908; x_wconf 90' lang='lat' dir='ltr'>omnia</span> <span class='ocrx_word' id='word_1_267' title='bbox 233 1888 249 1908; x_wconf 88' lang='lat' dir='ltr'>a</span> <span class='ocrx_word' id='word_1_268' title='bbox 270 1880 414 1910; x_wconf 90' lang='lat' dir='ltr'>iuventute</span> <span class='ocrx_word' id='word_1_269' title='bbox 435 1882 560 1910; x_wconf 75' lang='lat' dir='ltr'>servasti.</span> <span class='ocrx_word' id='word_1_270' title='bbox 582 1882 684 1918; x_wconf 88' lang='lat' dir='ltr'>Quodsi</span> <span class='ocrx_word' id='word_1_271' title='bbox 705 1883 758 1911; x_wconf 90' lang='lat' dir='ltr'>hoc</span> <span class='ocrx_word' id='word_1_272' title='bbox 779 1882 806 1911; x_wconf 92' lang='lat' dir='ltr'>in</span> <span class='ocrx_word' id='word_1_273' title='bbox 822 1883 963 1912; x_wconf 85' lang='lat' dir='ltr'>conscien-</span> 
     </span>
     <span class='ocr_line' id='line_1_37' title="bbox 0 1915 964 1963; baseline 0.002 -7"><span class='ocrx_word' id='word_1_274' title='bbox 0 1915 105 1956; x_wconf 51' lang='lat' dir='ltr'>ssfflaffm‘</span> <span class='ocrx_word' id='word_1_275' title='bbox 121 1925 159 1954; x_wconf 87' lang='lat' dir='ltr'>tia</span> <span class='ocrx_word' id='word_1_276' title='bbox 188 1928 236 1954; x_wconf 91' lang='lat' dir='ltr'>tua</span> <span class='ocrx_word' id='word_1_277' title='bbox 266 1927 419 1963; x_wconf 88' lang='lat' dir='ltr'>repereris,</span> <span class='ocrx_word' id='word_1_278' title='bbox 447 1936 502 1956; x_wconf 89' lang='lat' dir='ltr'>non</span> <span class='ocrx_word' id='word_1_279' title='bbox 532 1928 579 1957; x_wconf 90' lang='lat' dir='ltr'>tibi</span> <span class='ocrx_word' id='word_1_280' title='bbox 606 1929 658 1957; x_wconf 90' lang='lat' dir='ltr'>hoc</span> <span class='ocrx_word' id='word_1_281' title='bbox 680 1929 802 1963; x_wconf 89' lang='lat' dir='ltr'>tribuas,</span> <span class='ocrx_word' id='word_1_282' title='bbox 825 1929 871 1958; x_wconf 85' lang='lat' dir='ltr'>sed</span> <span class='ocrx_word' id='word_1_283' title='bbox 893 1930 964 1958; x_wconf 89' lang='lat' dir='ltr'>dono</span> 
     </span>
    </p>

    <p class='ocr_par' dir='ltr' id='par_1_7' title="bbox 119 1972 964 2106">
     <span class='ocr_line' id='line_1_38' title="bbox 120 1972 964 2011; baseline 0.005 -10"><span class='ocrx_word' id='word_1_284' title='bbox 120 1972 169 2001; x_wconf 92' lang='lat' dir='ltr'>Dei</span> <span class='ocrx_word' id='word_1_285' title='bbox 190 1973 285 2010; x_wconf 87' lang='lat' dir='ltr'>illique</span> <span class='ocrx_word' id='word_1_286' title='bbox 306 1974 409 2010; x_wconf 85' lang='lat' dir='ltr'>gratias</span> <span class='ocrx_word' id='word_1_287' title='bbox 439 1982 512 2011; x_wconf 84' lang='lat' dir='ltr'>agas.</span> <span class='ocrx_word' id='word_1_288' title='bbox 545 1975 647 2011; x_wconf 85' lang='lat' dir='ltr'>Quodsi</span> <span class='ocrx_word' id='word_1_289' title='bbox 669 1978 695 2004; x_wconf 88' lang='lat' dir='ltr'>te</span> <span class='ocrx_word' id='word_1_290' title='bbox 720 1976 859 2005; x_wconf 87' lang='lat' dir='ltr'>inveneris</span> <span class='ocrx_word' id='word_1_291' title='bbox 880 1977 964 2005; x_wconf 89' lang='lat' dir='ltr'>semel</span> 
     </span>
     <span class='ocr_line' id='line_1_39' title="bbox 120 2020 964 2059; baseline 0.004 -11"><span class='ocrx_word' id='word_1_292' title='bbox 120 2020 163 2048; x_wconf 86' lang='lat' dir='ltr'>vel</span> <span class='ocrx_word' id='word_1_293' title='bbox 185 2020 289 2057; x_wconf 92' lang='lat' dir='ltr'>pluries</span> <span class='ocrx_word' id='word_1_294' title='bbox 309 2021 335 2049; x_wconf 89' lang='lat' dir='ltr'>in</span> <span class='ocrx_word' id='word_1_295' title='bbox 358 2029 414 2049; x_wconf 93' lang='lat' dir='ltr'>uno</span> <span class='ocrx_word' id='word_1_296' title='bbox 435 2021 546 2055; x_wconf 92' lang='lat' dir='ltr'>horum,</span> <span class='ocrx_word' id='word_1_297' title='bbox 569 2022 612 2050; x_wconf 90' lang='lat' dir='ltr'>vel</span> <span class='ocrx_word' id='word_1_298' title='bbox 632 2023 770 2059; x_wconf 88' lang='lat' dir='ltr'>pluribus,</span> <span class='ocrx_word' id='word_1_299' title='bbox 787 2023 829 2051; x_wconf 80' lang='lat' dir='ltr'>vel</span> <span class='ocrx_word' id='word_1_300' title='bbox 851 2023 921 2052; x_wconf 86' lang='lat' dir='ltr'>forte</span> <span class='ocrx_word' id='word_1_301' title='bbox 936 2023 964 2051; x_wconf 92' lang='lat' dir='ltr'>in</span> 
     </span>
     <span class='ocr_line' id='line_1_40' title="bbox 119 2067 964 2106; baseline 0.004 -11"><span class='ocrx_word' id='word_1_302' title='bbox 119 2067 249 2096; x_wconf 90' lang='lat' dir='ltr'>omnibus</span> <span class='ocrx_word' id='word_1_303' title='bbox 269 2070 318 2096; x_wconf 90' lang='lat' dir='ltr'>aut</span> <span class='ocrx_word' id='word_1_304' title='bbox 338 2068 459 2105; x_wconf 87' lang='lat' dir='ltr'>graviter</span> <span class='ocrx_word' id='word_1_305' title='bbox 480 2071 529 2097; x_wconf 89' lang='lat' dir='ltr'>aut</span> <span class='ocrx_word' id='word_1_306' title='bbox 549 2069 647 2098; x_wconf 90' lang='lat' dir='ltr'>leviter</span> <span class='ocrx_word' id='word_1_307' title='bbox 667 2069 816 2106; x_wconf 88' lang='lat' dir='ltr'>deliquisse</span> <span class='ocrx_word' id='word_1_308' title='bbox 837 2070 894 2099; x_wconf 91' lang='lat' dir='ltr'>sive</span> <span class='ocrx_word' id='word_1_309' title='bbox 915 2078 964 2106; x_wconf 86' lang='lat' dir='ltr'>per</span> 
     </span>
    </p>
   </div>
   <div class='ocr_carea' id='block_1_3' title="bbox 117 2264 965 3038">
    <p class='ocr_par' dir='ltr' id='par_1_8' title="bbox 120 2264 965 2375">
     <span class='ocr_line' id='line_1_41' title="bbox 184 2264 965 2297; baseline 0.005 -10"><span class='ocrx_word' id='word_1_310' title='bbox 184 2264 191 2277; x_wconf 89' lang='lat'><em>¹</em></span> <span class='ocrx_word' id='word_1_311' title='bbox 210 2265 276 2288; x_wconf 81' lang='lat' dir='ltr'>Dent.</span> <span class='ocrx_word' id='word_1_312' title='bbox 293 2266 334 2293; x_wconf 75' lang='lat'>32,</span> <span class='ocrx_word' id='word_1_313' title='bbox 353 2265 374 2287; x_wconf 76' lang='lat'>4.</span> <span class='ocrx_word' id='word_1_314' title='bbox 392 2279 422 2281; x_wconf 97' lang='lat'><strong>—</strong></span> <span class='ocrx_word' id='word_1_315' title='bbox 440 2267 514 2294; x_wconf 82' lang='lat' dir='ltr'>Supra</span> <span class='ocrx_word' id='word_1_316' title='bbox 533 2273 574 2295; x_wconf 86' lang='lat' dir='ltr'>pro</span> <span class='ocrx_word' id='word_1_317' title='bbox 591 2273 638 2290; x_wconf 81' lang='lat' dir='ltr'>non</span> <span class='ocrx_word' id='word_1_318' title='bbox 656 2267 785 2297; x_wconf 79' lang='lat' dir='ltr'>reprobare</span> <span class='ocrx_word' id='word_1_319' title='bbox 801 2270 843 2292; x_wconf 87' lang='lat' dir='ltr'>aut</span> <span class='ocrx_word' id='word_1_320' title='bbox 856 2269 906 2291; x_wconf 76' lang='lat' dir='ltr'>Vat.</span> <span class='ocrx_word' id='word_1_321' title='bbox 918 2268 965 2291; x_wconf 86' lang='lat' dir='ltr'>nisi</span> 
     </span>
     <span class='ocr_line' id='line_1_42' title="bbox 120 2302 964 2334; baseline 0.005 -8"><span class='ocrx_word' id='word_1_322' title='bbox 120 2302 250 2326; x_wconf 80' lang='lat' dir='ltr'>abliorrere</span> <span class='ocrx_word' id='word_1_323' title='bbox 265 2305 307 2326; x_wconf 84' lang='lat' dir='ltr'>aut</span> <span class='ocrx_word' id='word_1_324' title='bbox 324 2304 453 2333; x_wconf 79' lang='lat' dir='ltr'>reprobare</span> <span class='ocrx_word' id='word_1_325' title='bbox 468 2307 523 2333; x_wconf 83' lang='lat' dir='ltr'>aut,</span> <span class='ocrx_word' id='word_1_326' title='bbox 541 2306 709 2334; x_wconf 69' lang='lat' dir='ltr'>refragantibus</span> <span class='ocrx_word' id='word_1_327' title='bbox 726 2307 743 2329; x_wconf 84' lang='grc' dir='ltr'>Α</span> <span class='ocrx_word' id='word_1_328' title='bbox 754 2307 804 2329; x_wconf 84' lang='lat' dir='ltr'>BC.</span> <span class='ocrx_word' id='word_1_329' title='bbox 826 2321 857 2323; x_wconf 96' lang='lat'><strong>—</strong></span> <span class='ocrx_word' id='word_1_330' title='bbox 877 2309 899 2330; x_wconf 92' lang='lat' dir='ltr'>lu</span> <span class='ocrx_word' id='word_1_331' title='bbox 917 2308 934 2330; x_wconf 84' lang='grc' dir='ltr'>Α</span> <span class='ocrx_word' id='word_1_332' title='bbox 948 2309 964 2330; x_wconf 84' lang='grc' dir='ltr'>Β</span> 
     </span>
     <span class='ocr_line' id='line_1_43' title="bbox 120 2342 817 2375; baseline 0.006 -11"><span class='ocrx_word' id='word_1_333' title='bbox 120 2342 223 2371; x_wconf 86' lang='lat' dir='ltr'>sequitur</span> <span class='ocrx_word' id='word_1_334' title='bbox 239 2342 343 2365; x_wconf 82' lang='lat' dir='ltr'>rubrica:</span> <span class='ocrx_word' id='word_1_335' title='bbox 361 2342 474 2373; x_wconf 77' lang='lat' dir='ltr'>Sequitur</span> <span class='ocrx_word' id='word_1_336' title='bbox 491 2344 612 2368; x_wconf 74' lang='lat' dir='ltr'>conversio</span> <span class='ocrx_word' id='word_1_337' title='bbox 629 2345 661 2368; x_wconf 89' lang='lat' dir='ltr'>ad</span> <span class='ocrx_word' id='word_1_338' title='bbox 677 2345 751 2375; x_wconf 61' lang='lat' dir='ltr'>leuem</span> <span class='ocrx_word' id='word_1_339' title='bbox 769 2346 817 2369; x_wconf 87' lang='lat' dir='ltr'>Dei.</span> 
     </span>
    </p>

    <p class='ocr_par' dir='ltr' id='par_1_9' title="bbox 120 2380 964 2489">
     <span class='ocr_line' id='line_1_44' title="bbox 182 2380 964 2414; baseline 0.008 -11"><span class='ocrx_word' id='word_1_340' title='bbox 182 2380 191 2394; x_wconf 84' lang='lat'><strong>²</strong></span> <span class='ocrx_word' id='word_1_341' title='bbox 208 2382 279 2409; x_wconf 80' lang='lat' dir='ltr'>Epist.</span> <span class='ocrx_word' id='word_1_342' title='bbox 296 2383 310 2404; x_wconf 93' lang='grc'>1.</span> <span class='ocrx_word' id='word_1_343' title='bbox 333 2382 385 2405; x_wconf 89' lang='lat' dir='ltr'>Cor.</span> <span class='ocrx_word' id='word_1_344' title='bbox 409 2383 451 2409; x_wconf 58' lang='lat'>1¹0,</span> <span class='ocrx_word' id='word_1_345' title='bbox 472 2384 510 2405; x_wconf 78' lang='lat'>3¹.</span> <span class='ocrx_word' id='word_1_346' title='bbox 527 2396 557 2400; x_wconf 89' lang='lat'>—</span> <span class='ocrx_word' id='word_1_347' title='bbox 575 2384 648 2412; x_wconf 85' lang='lat' dir='ltr'>Supra</span> <span class='ocrx_word' id='word_1_348' title='bbox 672 2388 723 2412; x_wconf 87' lang='lat' dir='ltr'>post</span> <span class='ocrx_word' id='word_1_349' title='bbox 745 2385 899 2414; x_wconf 78' lang='lat' dir='ltr'>apostolicam</span> <span class='ocrx_word' id='word_1_350' title='bbox 917 2387 934 2408; x_wconf 79' lang='lat' dir='ltr'><strong>A</strong></span> <span class='ocrx_word' id='word_1_351' title='bbox 948 2387 964 2408; x_wconf 90' lang='grc' dir='ltr'><strong>Β</strong></span> 
     </span>
     <span class='ocr_line' id='line_1_45' title="bbox 120 2420 964 2452; baseline 0.006 -10"><span class='ocrx_word' id='word_1_352' title='bbox 120 2420 227 2443; x_wconf 90' lang='lat' dir='ltr'>omittunt</span> <span class='ocrx_word' id='word_1_353' title='bbox 243 2420 353 2450; x_wconf 61' lang='lat' dir='ltr'>regulam</span> <span class='ocrx_word' id='word_1_354' title='bbox 370 2423 398 2444; x_wconf 81' lang='lat' dir='ltr'>et.</span> <span class='ocrx_word' id='word_1_355' title='bbox 416 2423 473 2444; x_wconf 80' lang='lat' dir='ltr'>lutra</span> <span class='ocrx_word' id='word_1_356' title='bbox 491 2428 533 2450; x_wconf 86' lang='lat' dir='ltr'>pro</span> <span class='ocrx_word' id='word_1_357' title='bbox 550 2423 659 2450; x_wconf 82' lang='lat' dir='ltr'>singulari</span> <span class='ocrx_word' id='word_1_358' title='bbox 672 2423 688 2446; x_wconf 95' lang='lat' dir='ltr'>C</span> <span class='ocrx_word' id='word_1_359' title='bbox 701 2423 769 2446; x_wconf 85' lang='lat' dir='ltr'>habet</span> <span class='ocrx_word' id='word_1_360' title='bbox 780 2425 905 2452; x_wconf 79' lang='lat' dir='ltr'>pluralem,</span> <span class='ocrx_word' id='word_1_361' title='bbox 917 2425 964 2447; x_wconf 88' lang='lat' dir='ltr'>scil.</span> 
     </span>
     <span class='ocr_line' id='line_1_46' title="bbox 120 2458 681 2489; baseline 0.005 -7"><span class='ocrx_word' id='word_1_362' title='bbox 120 2458 340 2488; x_wconf 77' lang='lat' dir='ltr'>interpellationes...</span> <span class='ocrx_word' id='word_1_363' title='bbox 357 2460 554 2489; x_wconf 59' lang='lat' dir='ltr'>deminutiones...</span> <span class='ocrx_word' id='word_1_364' title='bbox 571 2461 681 2485; x_wconf 77' lang='lat' dir='ltr'>actiones.</span> 
     </span>
    </p>

    <p class='ocr_par' dir='ltr' id='par_1_10' title="bbox 119 2497 964 2638">
     <span class='ocr_line' id='line_1_47' title="bbox 183 2497 962 2529; baseline 0.008 -10"><span class='ocrx_word' id='word_1_365' title='bbox 183 2497 192 2510; x_wconf 77' lang='lat'><strong>³</strong></span> <span class='ocrx_word' id='word_1_366' title='bbox 209 2497 271 2520; x_wconf 87' lang='lat' dir='ltr'>Cant.</span> <span class='ocrx_word' id='word_1_367' title='bbox 290 2499 317 2526; x_wconf 84' lang='lat'>3,</span> <span class='ocrx_word' id='word_1_368' title='bbox 334 2499 360 2521; x_wconf 88' lang='lat'>6:</span> <span class='ocrx_word' id='word_1_369' title='bbox 378 2500 441 2528; x_wconf 83' lang='lat' dir='ltr'>Quae</span> <span class='ocrx_word' id='word_1_370' title='bbox 453 2503 487 2522; x_wconf 78' lang='lat' dir='ltr'>est</span> <span class='ocrx_word' id='word_1_371' title='bbox 499 2500 539 2522; x_wconf 79' lang='lat' dir='ltr'>ista</span> <span class='ocrx_word' id='word_1_372' title='bbox 553 2506 613 2529; x_wconf 85' lang='lat' dir='ltr'>quac</span> <span class='ocrx_word' id='word_1_373' title='bbox 624 2501 726 2523; x_wconf 84' lang='lat' dir='ltr'>ascendit</span> <span class='ocrx_word' id='word_1_374' title='bbox 737 2507 778 2529; x_wconf 84' lang='lat' dir='ltr'>per</span> <span class='ocrx_word' id='word_1_375' title='bbox 789 2501 906 2524; x_wconf 79' lang='lat' dir='ltr'>desertum</span> <span class='ocrx_word' id='word_1_376' title='bbox 919 2505 962 2525; x_wconf 87' lang='lat' dir='ltr'>etc.</span> 
     </span>
     <span class='ocr_line' id='line_1_48' title="bbox 119 2536 964 2569; baseline 0.005 -10"><span class='ocrx_word' id='word_1_377' title='bbox 119 2537 163 2559; x_wconf 88' lang='lat' dir='ltr'>Pro</span> <span class='ocrx_word' id='word_1_378' title='bbox 182 2543 227 2566; x_wconf 79' lang='lat' dir='ltr'>per</span> <span class='ocrx_word' id='word_1_379' title='bbox 246 2536 364 2560; x_wconf 78' lang='lat' dir='ltr'>desertum</span> <span class='ocrx_word' id='word_1_380' title='bbox 384 2539 425 2560; x_wconf 77' lang='lat' dir='ltr'>AB</span> <span class='ocrx_word' id='word_1_381' title='bbox 444 2545 488 2568; x_wconf 77' lang='lat' dir='ltr'>per</span> <span class='ocrx_word' id='word_1_382' title='bbox 510 2539 629 2569; x_wconf 77' lang='lat' dir='ltr'>affectum.</span> <span class='ocrx_word' id='word_1_383' title='bbox 650 2539 695 2562; x_wconf 87' lang='lat' dir='ltr'>Csr.</span> <span class='ocrx_word' id='word_1_384' title='bbox 717 2540 815 2563; x_wconf 82' lang='lat' dir='ltr'>itinerar.</span> <span class='ocrx_word' id='word_1_385' title='bbox 836 2541 918 2563; x_wconf 77' lang='lat' dir='ltr'>mentis</span> <span class='ocrx_word' id='word_1_386' title='bbox 940 2541 964 2563; x_wconf 91' lang='lat' dir='ltr'>in</span> 
     </span>
     <span class='ocr_line' id='line_1_49' title="bbox 120 2575 963 2608; baseline 0.006 -11"><span class='ocrx_word' id='word_1_387' title='bbox 120 2575 206 2602; x_wconf 86' lang='lat' dir='ltr'>Deum,</span> <span class='ocrx_word' id='word_1_388' title='bbox 224 2582 244 2598; x_wconf 92' lang='lat' dir='ltr'>c.</span> <span class='ocrx_word' id='word_1_389' title='bbox 261 2576 282 2598; x_wconf 76' lang='lat'>4.</span> <span class='ocrx_word' id='word_1_390' title='bbox 299 2583 321 2598; x_wconf 90' lang='lat' dir='ltr'>n.</span> <span class='ocrx_word' id='word_1_391' title='bbox 339 2577 360 2598; x_wconf 87' lang='lat'>3.</span> <span class='ocrx_word' id='word_1_392' title='bbox 377 2590 408 2593; x_wconf 97' lang='lat'><strong>—</strong></span> <span class='ocrx_word' id='word_1_393' title='bbox 427 2578 477 2600; x_wconf 83' lang='lat' dir='ltr'>Vat.</span> <span class='ocrx_word' id='word_1_394' title='bbox 494 2578 558 2600; x_wconf 85' lang='lat' dir='ltr'>addit</span> <span class='ocrx_word' id='word_1_395' title='bbox 576 2580 601 2601; x_wconf 85' lang='lat' dir='ltr'>ut</span> <span class='ocrx_word' id='word_1_396' title='bbox 618 2577 645 2601; x_wconf 85' lang='lat' dir='ltr'>de</span> <span class='ocrx_word' id='word_1_397' title='bbox 660 2584 748 2608; x_wconf 77' lang='lat' dir='ltr'>sponsa</span> <span class='ocrx_word' id='word_1_398' title='bbox 771 2578 794 2601; x_wconf 89' lang='lat' dir='ltr'>in</span> <span class='ocrx_word' id='word_1_399' title='bbox 813 2579 915 2603; x_wconf 83' lang='lat' dir='ltr'>Canticis</span> <span class='ocrx_word' id='word_1_400' title='bbox 932 2579 963 2602; x_wconf 82' lang='lat' dir='ltr'>di-</span> 
     </span>
     <span class='ocr_line' id='line_1_50' title="bbox 120 2613 190 2638; baseline 0 -1"><span class='ocrx_word' id='word_1_401' title='bbox 120 2613 190 2638; x_wconf 81' lang='lat' dir='ltr'>citur.</span> 
     </span>
    </p>

    <p class='ocr_par' dir='ltr' id='par_1_11' title="bbox 117 2652 964 2800">
     <span class='ocr_line' id='line_1_51' title="bbox 182 2652 964 2687; baseline 0.006 -12"><span class='ocrx_word' id='word_1_402' title='bbox 182 2652 192 2665; x_wconf 80' lang='lat'><strong>⁴</strong></span> <span class='ocrx_word' id='word_1_403' title='bbox 209 2654 291 2676; x_wconf 81' lang='lat' dir='ltr'>Psalm.</span> <span class='ocrx_word' id='word_1_404' title='bbox 310 2654 367 2682; x_wconf 71' lang='lat'>418,</span> <span class='ocrx_word' id='word_1_405' title='bbox 385 2655 422 2677; x_wconf 78' lang='lat'>80.</span> <span class='ocrx_word' id='word_1_406' title='bbox 440 2668 469 2671; x_wconf 87' lang='lat'><strong>—</strong></span> <span class='ocrx_word' id='word_1_407' title='bbox 486 2656 560 2683; x_wconf 86' lang='lat' dir='ltr'>Supra</span> <span class='ocrx_word' id='word_1_408' title='bbox 582 2663 608 2678; x_wconf 82' lang='lat' dir='ltr'>ex</span> <span class='ocrx_word' id='word_1_409' title='bbox 633 2657 676 2678; x_wconf 87' lang='lat' dir='ltr'>AB</span> <span class='ocrx_word' id='word_1_410' title='bbox 698 2656 859 2679; x_wconf 81' lang='lat' dir='ltr'>substituimus</span> <span class='ocrx_word' id='word_1_411' title='bbox 885 2663 964 2687; x_wconf 76' lang='lat' dir='ltr'>corpo-</span> 
     </span>
     <span class='ocr_line' id='line_1_52' title="bbox 119 2692 964 2725; baseline 0.005 -10"><span class='ocrx_word' id='word_1_412' title='bbox 119 2698 176 2715; x_wconf 85' lang='lat' dir='ltr'>reae</span> <span class='ocrx_word' id='word_1_413' title='bbox 192 2692 319 2722; x_wconf 80' lang='lat' dir='ltr'>voluptatis</span> <span class='ocrx_word' id='word_1_414' title='bbox 335 2693 481 2723; x_wconf 74' lang='lat' dir='ltr'>applausus,</span> <span class='ocrx_word' id='word_1_415' title='bbox 492 2694 576 2718; x_wconf 80' lang='lat' dir='ltr'>nullus</span> <span class='ocrx_word' id='word_1_416' title='bbox 594 2697 702 2718; x_wconf 76' lang='lat' dir='ltr'>terrenae</span> <span class='ocrx_word' id='word_1_417' title='bbox 713 2695 847 2725; x_wconf 77' lang='lat' dir='ltr'>cupiditatis</span> <span class='ocrx_word' id='word_1_418' title='bbox 860 2702 902 2724; x_wconf 81' lang='lat' dir='ltr'>pro</span> <span class='ocrx_word' id='word_1_419' title='bbox 915 2703 964 2719; x_wconf 78' lang='lat' dir='ltr'>cor-</span> 
     </span>
     <span class='ocr_line' id='line_1_53' title="bbox 117 2732 963 2764; baseline 0.006 -11"><span class='ocrx_word' id='word_1_420' title='bbox 117 2737 205 2760; x_wconf 80' lang='lat' dir='ltr'>poreae</span> <span class='ocrx_word' id='word_1_421' title='bbox 221 2732 350 2755; x_wconf 70' lang='lat' dir='ltr'>venustatis</span> <span class='ocrx_word' id='word_1_422' title='bbox 367 2732 512 2762; x_wconf 80' lang='lat' dir='ltr'>applausus,</span> <span class='ocrx_word' id='word_1_423' title='bbox 530 2734 612 2757; x_wconf 77' lang='lat' dir='ltr'>nullus</span> <span class='ocrx_word' id='word_1_424' title='bbox 627 2736 736 2757; x_wconf 76' lang='lat' dir='ltr'>terrenae</span> <span class='ocrx_word' id='word_1_425' title='bbox 753 2734 877 2764; x_wconf 79' lang='lat' dir='ltr'>roluptatis</span> <span class='ocrx_word' id='word_1_426' title='bbox 896 2736 935 2763; x_wconf 80' lang='lat' dir='ltr'>(ita</span> <span class='ocrx_word' id='word_1_427' title='bbox 947 2735 963 2758; x_wconf 94' lang='lat' dir='ltr'>C</span> 
     </span>
     <span class='ocr_line' id='line_1_54' title="bbox 120 2770 812 2800; baseline 0.007 -9"><span class='ocrx_word' id='word_1_428' title='bbox 120 2772 142 2792; x_wconf 87' lang='lat' dir='ltr'>et</span> <span class='ocrx_word' id='word_1_429' title='bbox 158 2770 195 2792; x_wconf 85' lang='lat' dir='ltr'>ed.</span> <span class='ocrx_word' id='word_1_430' title='bbox 213 2771 315 2800; x_wconf 85' lang='lat' dir='ltr'>Bonelli).</span> <span class='ocrx_word' id='word_1_431' title='bbox 333 2772 428 2794; x_wconf 81' lang='lat' dir='ltr'>Interius</span> <span class='ocrx_word' id='word_1_432' title='bbox 445 2779 487 2800; x_wconf 86' lang='lat' dir='ltr'>pro</span> <span class='ocrx_word' id='word_1_433' title='bbox 504 2775 602 2796; x_wconf 82' lang='lat' dir='ltr'>eantare</span> <span class='ocrx_word' id='word_1_434' title='bbox 617 2774 634 2796; x_wconf 82' lang='grc' dir='ltr'>Α</span> <span class='ocrx_word' id='word_1_435' title='bbox 645 2774 661 2795; x_wconf 88' lang='grc' dir='ltr'>Β</span> <span class='ocrx_word' id='word_1_436' title='bbox 678 2773 812 2797; x_wconf 80' lang='lat' dir='ltr'>decantare.</span> 
     </span>
    </p>

    <p class='ocr_par' dir='ltr' id='par_1_12' title="bbox 120 2808 963 2998">
     <span class='ocr_line' id='line_1_55' title="bbox 182 2808 963 2841; baseline 0.006 -10"><span class='ocrx_word' id='word_1_437' title='bbox 182 2808 192 2821; x_wconf 85' lang='lat'>⁶</span> <span class='ocrx_word' id='word_1_438' title='bbox 209 2810 276 2838; x_wconf 88' lang='lat' dir='ltr'>Quod</span> <span class='ocrx_word' id='word_1_439' title='bbox 292 2811 396 2839; x_wconf 85' lang='lat' dir='ltr'>sequitur</span> <span class='ocrx_word' id='word_1_440' title='bbox 413 2811 434 2833; x_wconf 93' lang='lat' dir='ltr'>in</span> <span class='ocrx_word' id='word_1_441' title='bbox 452 2818 475 2834; x_wconf 92' lang='lat' dir='ltr'>n.</span> <span class='ocrx_word' id='word_1_442' title='bbox 489 2811 509 2834; x_wconf 81' lang='lat'>4.</span> <span class='ocrx_word' id='word_1_443' title='bbox 522 2819 596 2841; x_wconf 85' lang='lat' dir='ltr'>usque</span> <span class='ocrx_word' id='word_1_444' title='bbox 607 2812 637 2835; x_wconf 83' lang='lat' dir='ltr'>ad</span> <span class='ocrx_word' id='word_1_445' title='bbox 648 2819 672 2835; x_wconf 88' lang='lat' dir='ltr'>n.</span> <span class='ocrx_word' id='word_1_446' title='bbox 684 2813 705 2835; x_wconf 85' lang='lat'>5.</span> <span class='ocrx_word' id='word_1_447' title='bbox 719 2815 790 2835; x_wconf 87' lang='lat' dir='ltr'>totum</span> <span class='ocrx_word' id='word_1_448' title='bbox 807 2813 889 2836; x_wconf 83' lang='lat' dir='ltr'>excidit</span> <span class='ocrx_word' id='word_1_449' title='bbox 900 2814 963 2841; x_wconf 79' lang='lat' dir='ltr'>apud</span> 
     </span>
     <span class='ocr_line' id='line_1_56' title="bbox 120 2848 962 2881; baseline 0.006 -11"><span class='ocrx_word' id='word_1_450' title='bbox 120 2848 249 2876; x_wconf 85' lang='lat' dir='ltr'>Bonellnm;</span> <span class='ocrx_word' id='word_1_451' title='bbox 266 2849 329 2878; x_wconf 88' lang='lat' dir='ltr'>qnod</span> <span class='ocrx_word' id='word_1_452' title='bbox 346 2856 399 2872; x_wconf 88' lang='lat' dir='ltr'>cnm</span> <span class='ocrx_word' id='word_1_453' title='bbox 416 2851 546 2873; x_wconf 84' lang='lat' dir='ltr'>inveniatur</span> <span class='ocrx_word' id='word_1_454' title='bbox 563 2851 585 2873; x_wconf 93' lang='lat' dir='ltr'>in</span> <span class='ocrx_word' id='word_1_455' title='bbox 603 2852 666 2879; x_wconf 78' lang='lat' dir='ltr'>Vat,</span> <span class='ocrx_word' id='word_1_456' title='bbox 684 2852 705 2874; x_wconf 90' lang='lat' dir='ltr'>in</span> <span class='ocrx_word' id='word_1_457' title='bbox 723 2852 821 2881; x_wconf 82' lang='lat' dir='ltr'>antiquis</span> <span class='ocrx_word' id='word_1_458' title='bbox 837 2853 891 2875; x_wconf 88' lang='lat' dir='ltr'>edd.</span> <span class='ocrx_word' id='word_1_459' title='bbox 907 2856 929 2875; x_wconf 85' lang='lat' dir='ltr'>ct</span> <span class='ocrx_word' id='word_1_460' title='bbox 941 2853 962 2875; x_wconf 94' lang='lat' dir='ltr'>in</span> 
     </span>
     <span class='ocr_line' id='line_1_57' title="bbox 120 2888 963 2917; baseline 0.006 -8"><span class='ocrx_word' id='word_1_461' title='bbox 120 2888 202 2910; x_wconf 85' lang='lat' dir='ltr'>nostris</span> <span class='ocrx_word' id='word_1_462' title='bbox 219 2888 286 2911; x_wconf 83' lang='lat' dir='ltr'>codd.</span> <span class='ocrx_word' id='word_1_463' title='bbox 305 2888 321 2910; x_wconf 83' lang='grc' dir='ltr'>Α</span> <span class='ocrx_word' id='word_1_464' title='bbox 332 2889 348 2910; x_wconf 90' lang='grc' dir='ltr'>Β</span> <span class='ocrx_word' id='word_1_465' title='bbox 358 2889 376 2911; x_wconf 91' lang='lat' dir='ltr'>D</span> <span class='ocrx_word' id='word_1_466' title='bbox 386 2889 401 2911; x_wconf 86' lang='lat' dir='ltr'>E</span> <span class='ocrx_word' id='word_1_467' title='bbox 410 2889 438 2916; x_wconf 90' lang='lat' dir='ltr'>F,</span> <span class='ocrx_word' id='word_1_468' title='bbox 457 2890 512 2912; x_wconf 87' lang='lat' dir='ltr'>haec</span> <span class='ocrx_word' id='word_1_469' title='bbox 529 2891 636 2917; x_wconf 81' lang='lat' dir='ltr'>omissio,</span> <span class='ocrx_word' id='word_1_470' title='bbox 654 2891 715 2913; x_wconf 88' lang='lat' dir='ltr'>nullo</span> <span class='ocrx_word' id='word_1_471' title='bbox 727 2891 799 2913; x_wconf 79' lang='lat' dir='ltr'>verbo</span> <span class='ocrx_word' id='word_1_472' title='bbox 812 2891 905 2914; x_wconf 87' lang='lat' dir='ltr'>editoris</span> <span class='ocrx_word' id='word_1_473' title='bbox 918 2898 963 2914; x_wconf 87' lang='lat' dir='ltr'>mc-</span> 
     </span>
     <span class='ocr_line' id='line_1_58' title="bbox 120 2927 962 2956; baseline 0.007 -8"><span class='ocrx_word' id='word_1_474' title='bbox 120 2929 221 2953; x_wconf 81' lang='lat' dir='ltr'>morata,</span> <span class='ocrx_word' id='word_1_475' title='bbox 238 2927 310 2949; x_wconf 88' lang='lat' dir='ltr'>errori</span> <span class='ocrx_word' id='word_1_476' title='bbox 328 2929 496 2956; x_wconf 79' lang='lat' dir='ltr'>typographico</span> <span class='ocrx_word' id='word_1_477' title='bbox 514 2929 605 2952; x_wconf 87' lang='lat' dir='ltr'>videtur</span> <span class='ocrx_word' id='word_1_478' title='bbox 622 2936 672 2953; x_wconf 84' lang='lat' dir='ltr'>esse</span> <span class='ocrx_word' id='word_1_479' title='bbox 689 2929 818 2953; x_wconf 80' lang='lat' dir='ltr'>tribuenda.</span> <span class='ocrx_word' id='word_1_480' title='bbox 835 2943 866 2949; x_wconf 87' lang='lat'>--</span> <span class='ocrx_word' id='word_1_481' title='bbox 883 2932 905 2954; x_wconf 93' lang='lat' dir='ltr'>ln</span> <span class='ocrx_word' id='word_1_482' title='bbox 918 2932 935 2954; x_wconf 76' lang='lat' dir='ltr'><strong>A</strong></span> <span class='ocrx_word' id='word_1_483' title='bbox 946 2932 962 2954; x_wconf 87' lang='grc' dir='ltr'>Β</span> 
     </span>
     <span class='ocr_line' id='line_1_59' title="bbox 120 2964 781 2998; baseline 0.008 -11"><span class='ocrx_word' id='word_1_484' title='bbox 120 2967 154 2988; x_wconf 82' lang='lat' dir='ltr'>est</span> <span class='ocrx_word' id='word_1_485' title='bbox 170 2964 275 2988; x_wconf 80' lang='lat' dir='ltr'>rubrica:</span> <span class='ocrx_word' id='word_1_486' title='bbox 292 2965 405 2995; x_wconf 80' lang='lat' dir='ltr'>Sequitur</span> <span class='ocrx_word' id='word_1_487' title='bbox 422 2967 542 2991; x_wconf 80' lang='lat' dir='ltr'>conversio</span> <span class='ocrx_word' id='word_1_488' title='bbox 559 2968 592 2991; x_wconf 86' lang='lat' dir='ltr'>ad</span> <span class='ocrx_word' id='word_1_489' title='bbox 605 2969 781 2998; x_wconf 77' lang='lat' dir='ltr'>poenitentiam.</span> 
     </span>
    </p>

    <p class='ocr_par' dir='ltr' id='par_1_13' title="bbox 183 3003 962 3038">
     <span class='ocr_line' id='line_1_60' title="bbox 183 3003 962 3038; baseline 0.006 -11"><span class='ocrx_word' id='word_1_490' title='bbox 183 3003 192 3017; x_wconf 78' lang='lat'>⁶</span> <span class='ocrx_word' id='word_1_491' title='bbox 209 3005 280 3033; x_wconf 85' lang='lat' dir='ltr'>Epist.</span> <span class='ocrx_word' id='word_1_492' title='bbox 297 3005 326 3027; x_wconf 76' lang='lat' dir='ltr'>ad</span> <span class='ocrx_word' id='word_1_493' title='bbox 343 3006 409 3028; x_wconf 83' lang='lat' dir='ltr'>Rom.</span> <span class='ocrx_word' id='word_1_494' title='bbox 428 3007 453 3034; x_wconf 81' lang='lat'>8,</span> <span class='ocrx_word' id='word_1_495' title='bbox 472 3007 509 3029; x_wconf 83' lang='lat'>26.</span> <span class='ocrx_word' id='word_1_496' title='bbox 520 3019 552 3024; x_wconf 98' lang='lat'><strong>—</strong></span> <span class='ocrx_word' id='word_1_497' title='bbox 564 3008 638 3036; x_wconf 83' lang='lat' dir='ltr'>Supra</span> <span class='ocrx_word' id='word_1_498' title='bbox 652 3009 702 3031; x_wconf 84' lang='lat' dir='ltr'>vat.</span> <span class='ocrx_word' id='word_1_499' title='bbox 714 3009 778 3037; x_wconf 88' lang='lat' dir='ltr'>ponit</span> <span class='ocrx_word' id='word_1_500' title='bbox 789 3008 907 3032; x_wconf 75' lang='lat' dir='ltr'>attribuas</span> <span class='ocrx_word' id='word_1_501' title='bbox 919 3016 962 3038; x_wconf 90' lang='lat' dir='ltr'>pro</span> 
     </span>
    </p>
   </div>
   <div class='ocr_carea' id='block_1_4' title="bbox 213 3051 528 3076">
    <p class='ocr_par' dir='ltr' id='par_1_14' title="bbox 213 3051 528 3076">
     <span class='ocr_line' id='line_1_61' title="bbox 213 3051 528 3076; baseline 0.003 -1"><span class='ocrx_word' id='word_1_502' title='bbox 213 3051 239 3075; x_wconf 90' lang='lat' dir='ltr'>S.</span> <span class='ocrx_word' id='word_1_503' title='bbox 251 3052 340 3076; x_wconf 69' lang='lat' dir='ltr'>Borma.</span> <span class='ocrx_word' id='word_1_504' title='bbox 352 3065 383 3069; x_wconf 97' lang='lat'><strong>—</strong></span> <span class='ocrx_word' id='word_1_505' title='bbox 394 3053 462 3076; x_wconf 78' lang='lat' dir='ltr'>Toni.</span> <span class='ocrx_word' id='word_1_506' title='bbox 474 3054 528 3076; x_wconf 89' lang='lat' dir='ltr'>Vlll.</span> 
     </span>
    </p>
   </div>
   <div class='ocr_carea' id='block_1_5' title="bbox 1815 216 1867 244">
    <p class='ocr_par' dir='ltr' id='par_1_15' title="bbox 1815 216 1867 244">
     <span class='ocr_line' id='line_1_62' title="bbox 1815 216 1867 244; baseline 0.019 -1"><span class='ocrx_word' id='word_1_507' title='bbox 1815 216 1867 244; x_wconf 60' lang='lat'><strong>1⁹29</strong></span> 
     </span>
    </p>
   </div>
   <div class='ocr_carea' id='block_1_6' title="bbox 1019 292 2015 2055">
    <p class='ocr_par' dir='ltr' id='par_1_16' title="bbox 1023 292 2005 563">
     <span class='ocr_line' id='line_1_63' title="bbox 1024 292 2000 341; baseline 0 -20"><span class='ocrx_word' id='word_1_508' title='bbox 1024 293 1230 326; x_wconf 80' lang='lat' dir='ltr'>infirmitatem,</span> <span class='ocrx_word' id='word_1_509' title='bbox 1251 293 1308 322; x_wconf 89' lang='lat' dir='ltr'>sive</span> <span class='ocrx_word' id='word_1_510' title='bbox 1335 301 1384 329; x_wconf 87' lang='lat' dir='ltr'>per</span> <span class='ocrx_word' id='word_1_511' title='bbox 1406 292 1604 330; x_wconf 78' lang='lat' dir='ltr'>ignorantiam,</span> <span class='ocrx_word' id='word_1_512' title='bbox 1636 292 1693 321; x_wconf 89' lang='lat' dir='ltr'>sive</span> <span class='ocrx_word' id='word_1_513' title='bbox 1724 300 1760 321; x_wconf 87' lang='lat' dir='ltr'>ex</span> <span class='ocrx_word' id='word_1_514' title='bbox 1793 295 1868 321; x_wconf 85' lang='lat' dir='ltr'>certa</span> <span class='ocrx_word' id='word_1_515' title='bbox 1881 299 2000 341; x_wconf 54' lang='lat' dir='ltr'>glagffissgj</span> 
     </span>
     <span class='ocr_line' id='line_1_64' title="bbox 1023 335 2005 376; baseline 0 -9"><span class='ocrx_word' id='word_1_516' title='bbox 1023 339 1151 373; x_wconf 87' lang='lat' dir='ltr'>scientia;</span> <span class='ocrx_word' id='word_1_517' title='bbox 1174 339 1425 368; x_wconf 76' lang='lat' dir='ltr'>inenarrabilibus</span> <span class='ocrx_word' id='word_1_518' title='bbox 1444 339 1620 376; x_wconf 75' lang='lat' dir='ltr'>9ernitibus⁶</span> <span class='ocrx_word' id='word_1_519' title='bbox 1642 339 1753 368; x_wconf 84' lang='lat' dir='ltr'>studeas</span> <span class='ocrx_word' id='word_1_520' title='bbox 1773 347 1868 368; x_wconf 83' lang='lat' dir='ltr'>recon-</span> <span class='ocrx_word' id='word_1_521' title='bbox 2000 335 2005 341; x_wconf 82' lang='grc'><strong>’</strong></span> 
     </span>
     <span class='ocr_line' id='line_1_65' title="bbox 1023 385 1867 422; baseline 0.001 -9"><span class='ocrx_word' id='word_1_522' title='bbox 1023 385 1109 414; x_wconf 83' lang='lat' dir='ltr'>ciliari</span> <span class='ocrx_word' id='word_1_523' title='bbox 1133 386 1187 414; x_wconf 91' lang='lat' dir='ltr'>Deo</span> <span class='ocrx_word' id='word_1_524' title='bbox 1208 389 1236 414; x_wconf 88' lang='lat' dir='ltr'>et</span> <span class='ocrx_word' id='word_1_525' title='bbox 1256 386 1289 414; x_wconf 87' lang='lat' dir='ltr'>ad</span> <span class='ocrx_word' id='word_1_526' title='bbox 1311 386 1496 415; x_wconf 89' lang='lat' dir='ltr'>exhibendam</span> <span class='ocrx_word' id='word_1_527' title='bbox 1517 386 1541 415; x_wconf 94' lang='lat' dir='ltr'>ei</span> <span class='ocrx_word' id='word_1_528' title='bbox 1563 386 1705 415; x_wconf 82' lang='lat' dir='ltr'>emendam</span> <span class='ocrx_word' id='word_1_529' title='bbox 1737 385 1867 422; x_wconf 89' lang='lat' dir='ltr'>spiritum</span> 
     </span>
     <span class='ocr_line' id='line_1_66' title="bbox 1023 431 1867 470; baseline 0.002 -11"><span class='ocrx_word' id='word_1_530' title='bbox 1023 431 1134 460; x_wconf 86' lang='lat' dir='ltr'>virtutis</span> <span class='ocrx_word' id='word_1_531' title='bbox 1155 440 1278 466; x_wconf 84' lang='lat' dir='ltr'>assume,</span> <span class='ocrx_word' id='word_1_532' title='bbox 1304 435 1335 461; x_wconf 92' lang='lat' dir='ltr'>ut</span> <span class='ocrx_word' id='word_1_533' title='bbox 1360 433 1448 469; x_wconf 85' lang='lat' dir='ltr'>possis</span> <span class='ocrx_word' id='word_1_534' title='bbox 1469 440 1532 461; x_wconf 91' lang='lat' dir='ltr'>cum</span> <span class='ocrx_word' id='word_1_535' title='bbox 1554 433 1710 470; x_wconf 88' lang='lat' dir='ltr'>poenitente</span> <span class='ocrx_word' id='word_1_536' title='bbox 1731 432 1867 461; x_wconf 88' lang='lat' dir='ltr'>veraciter</span> 
     </span>
     <span class='ocr_line' id='line_1_67' title="bbox 1023 478 1866 516; baseline 0.001 -10"><span class='ocrx_word' id='word_1_537' title='bbox 1023 481 1135 506; x_wconf 87' lang='lat' dir='ltr'>cantare</span> <span class='ocrx_word' id='word_1_538' title='bbox 1156 486 1187 507; x_wconf 89' lang='lat' dir='ltr'>ac</span> <span class='ocrx_word' id='word_1_539' title='bbox 1210 479 1363 514; x_wconf 77' lang='lat' dir='ltr'>psalle1·e⁷:</span> <span class='ocrx_word' id='word_1_540' title='bbox 1387 479 1531 515; x_wconf 85' lang='lat' dir='ltr'>Quoniam</span> <span class='ocrx_word' id='word_1_541' title='bbox 1554 488 1604 516; x_wconf 73' lang='lat' dir='ltr'>eyo</span> <span class='ocrx_word' id='word_1_542' title='bbox 1626 479 1657 507; x_wconf 88' lang='lat' dir='ltr'>in</span> <span class='ocrx_word' id='word_1_543' title='bbox 1676 478 1793 516; x_wconf 73' lang='lat' dir='ltr'>flaqella</span> <span class='ocrx_word' id='word_1_544' title='bbox 1812 487 1866 515; x_wconf 85' lang='lat' dir='ltr'>pa-</span> 
     </span>
     <span class='ocr_line' id='line_1_68' title="bbox 1025 525 1865 563; baseline 0.004 -12"><span class='ocrx_word' id='word_1_545' title='bbox 1025 528 1112 552; x_wconf 77' lang='lat' dir='ltr'>ratus</span> <span class='ocrx_word' id='word_1_546' title='bbox 1126 533 1207 558; x_wconf 81' lang='lat' dir='ltr'>sum,</span> <span class='ocrx_word' id='word_1_547' title='bbox 1223 529 1248 553; x_wconf 87' lang='lat' dir='ltr'>et</span> <span class='ocrx_word' id='word_1_548' title='bbox 1262 525 1344 553; x_wconf 89' lang='lat' dir='ltr'>dolor</span> <span class='ocrx_word' id='word_1_549' title='bbox 1362 534 1443 554; x_wconf 86' lang='lat' dir='ltr'>meus</span> <span class='ocrx_word' id='word_1_550' title='bbox 1460 526 1489 554; x_wconf 83' lang='lat' dir='ltr'>in</span> <span class='ocrx_word' id='word_1_551' title='bbox 1503 529 1655 563; x_wconf 77' lang='lat' dir='ltr'>conspeetu·</span> <span class='ocrx_word' id='word_1_552' title='bbox 1669 534 1730 554; x_wconf 89' lang='lat' dir='ltr'>meo</span> <span class='ocrx_word' id='word_1_553' title='bbox 1744 534 1865 562; x_wconf 78' lang='lat' dir='ltr'>semper.</span> 
     </span>
    </p>

    <p class='ocr_par' dir='ltr' id='par_1_17' title="bbox 1022 571 2015 1255">
     <span class='ocr_line' id='line_1_69' title="bbox 1104 571 2015 620; baseline 0.001 -21"><span class='ocrx_word' id='word_1_554' title='bbox 1104 571 1129 599; x_wconf 80' lang='lat'>5.</span> <span class='ocrx_word' id='word_1_555' title='bbox 1153 571 1239 600; x_wconf 80' lang='lat' dir='ltr'>Debet</span> <span class='ocrx_word' id='word_1_556' title='bbox 1259 575 1351 600; x_wconf 86' lang='lat' dir='ltr'>autem</span> <span class='ocrx_word' id='word_1_557' title='bbox 1373 572 1456 600; x_wconf 86' lang='lat' dir='ltr'>dolor</span> <span class='ocrx_word' id='word_1_558' title='bbox 1477 572 1573 601; x_wconf 72' lang='lat' dir='ltr'>(mimi</span> <span class='ocrx_word' id='word_1_559' title='bbox 1599 572 1668 601; x_wconf 89' lang='lat' dir='ltr'>dnos</span> <span class='ocrx_word' id='word_1_560' title='bbox 1696 572 1800 601; x_wconf 86' lang='lat' dir='ltr'>habere</span> <span class='ocrx_word' id='word_1_561' title='bbox 1821 580 1866 601; x_wconf 89' lang='lat' dir='ltr'>co·</span> <span class='ocrx_word' id='word_1_562' title='bbox 1880 578 1937 620; x_wconf 35' lang='lat' dir='ltr'>1³¹3]ng</span> <span class='ocrx_word' id='word_1_563' title='bbox 1945 578 2015 620; x_wconf 43' lang='lat'>2213:</span> 
     </span>
     <span class='ocr_line' id='line_1_70' title="bbox 1023 617 1965 655; baseline 0.002 -10"><span class='ocrx_word' id='word_1_564' title='bbox 1023 617 1118 650; x_wconf 85' lang='lat' dir='ltr'>mites,</span> <span class='ocrx_word' id='word_1_565' title='bbox 1142 620 1172 645; x_wconf 93' lang='lat' dir='ltr'>nt</span> <span class='ocrx_word' id='word_1_566' title='bbox 1193 618 1227 646; x_wconf 90' lang='lat' dir='ltr'>sit</span> <span class='ocrx_word' id='word_1_567' title='bbox 1258 618 1423 654; x_wconf 82' lang='lat' dir='ltr'>purgativus</span> <span class='ocrx_word' id='word_1_568' title='bbox 1453 619 1560 647; x_wconf 87' lang='lat' dir='ltr'>animae</span> <span class='ocrx_word' id='word_1_569' title='bbox 1581 621 1608 647; x_wconf 88' lang='lat' dir='ltr'>et</span> <span class='ocrx_word' id='word_1_570' title='bbox 1629 619 1781 655; x_wconf 88' lang='lat' dir='ltr'>placativus</span> <span class='ocrx_word' id='word_1_571' title='bbox 1802 619 1866 653; x_wconf 83' lang='lat' dir='ltr'>Dei,</span> <span class='ocrx_word' id='word_1_572' title='bbox 1931 627 1965 644; x_wconf 75' lang='lat' dir='ltr'>tes.</span> 
     </span>
     <span class='ocr_line' id='line_1_71' title="bbox 1024 664 1868 694; baseline 0.002 -2"><span class='ocrx_word' id='word_1_573' title='bbox 1024 664 1128 692; x_wconf 86' lang='lat' dir='ltr'>scilicet</span> <span class='ocrx_word' id='word_1_574' title='bbox 1149 664 1280 692; x_wconf 85' lang='lat' dir='ltr'>timorem</span> <span class='ocrx_word' id='word_1_575' title='bbox 1302 665 1397 693; x_wconf 83' lang='lat' dir='ltr'>divini</span> <span class='ocrx_word' id='word_1_576' title='bbox 1417 665 1522 693; x_wconf 75' lang='lat' dir='ltr'>iudicii</span> <span class='ocrx_word' id='word_1_577' title='bbox 1551 669 1578 694; x_wconf 85' lang='lat' dir='ltr'>et</span> <span class='ocrx_word' id='word_1_578' title='bbox 1599 666 1737 694; x_wconf 86' lang='lat' dir='ltr'>ardorem</span> <span class='ocrx_word' id='word_1_579' title='bbox 1759 665 1868 694; x_wconf 80' lang='lat' dir='ltr'>interni</span> 
     </span>
     <span class='ocr_line' id='line_1_72' title="bbox 1023 710 1865 748; baseline 0.002 -9"><span class='ocrx_word' id='word_1_580' title='bbox 1023 710 1177 744; x_wconf 81' lang='lat' dir='ltr'>desiderii,</span> <span class='ocrx_word' id='word_1_581' title='bbox 1199 714 1231 739; x_wconf 90' lang='lat' dir='ltr'>ut</span> <span class='ocrx_word' id='word_1_582' title='bbox 1252 719 1401 748; x_wconf 82' lang='lat' dir='ltr'>recuperes</span> <span class='ocrx_word' id='word_1_583' title='bbox 1430 712 1549 741; x_wconf 90' lang='lat' dir='ltr'>timendo</span> <span class='ocrx_word' id='word_1_584' title='bbox 1580 721 1630 741; x_wconf 83' lang='lat' dir='ltr'>eor</span> <span class='ocrx_word' id='word_1_585' title='bbox 1651 712 1772 746; x_wconf 81' lang='lat' dir='ltr'>humile,</span> <span class='ocrx_word' id='word_1_586' title='bbox 1794 712 1865 741; x_wconf 91' lang='lat' dir='ltr'>desi-</span> 
     </span>
     <span class='ocr_line' id='line_1_73' title="bbox 1023 757 2001 794; baseline 0.002 -9"><span class='ocrx_word' id='word_1_587' title='bbox 1023 757 1144 786; x_wconf 86' lang='lat' dir='ltr'>derando</span> <span class='ocrx_word' id='word_1_588' title='bbox 1158 766 1209 786; x_wconf 85' lang='lat' dir='ltr'>eor</span> <span class='ocrx_word' id='word_1_589' title='bbox 1223 758 1365 791; x_wconf 77' lang='lat' dir='ltr'>deuotum,</span> <span class='ocrx_word' id='word_1_590' title='bbox 1380 758 1496 787; x_wconf 91' lang='lat' dir='ltr'>dolendo</span> <span class='ocrx_word' id='word_1_591' title='bbox 1507 767 1558 787; x_wconf 87' lang='lat' dir='ltr'>eor</span> <span class='ocrx_word' id='word_1_592' title='bbox 1569 758 1721 787; x_wconf 85' lang='lat' dir='ltr'>illibatum.</span> <span class='ocrx_word' id='word_1_593' title='bbox 1735 776 1770 779; x_wconf 97' lang='lat'><strong>—</strong></span> <span class='ocrx_word' id='word_1_594' title='bbox 1789 759 1868 788; x_wconf 84' lang='lat' dir='ltr'>Time</span> <span class='ocrx_word' id='word_1_595' title='bbox 1894 766 2001 794; x_wconf 49' lang='lat' dir='ltr'>&amp;ignaue</span> 
     </span>
     <span class='ocr_line' id='line_1_74' title="bbox 1023 790 2013 843; baseline -0.001 -11"><span class='ocrx_word' id='word_1_596' title='bbox 1023 804 1108 840; x_wconf 85' lang='lat' dir='ltr'>igitur</span> <span class='ocrx_word' id='word_1_597' title='bbox 1130 804 1232 833; x_wconf 80' lang='lat' dir='ltr'>diuina</span> <span class='ocrx_word' id='word_1_598' title='bbox 1254 804 1383 838; x_wconf 81' lang='lat' dir='ltr'>iudicia,</span> <span class='ocrx_word' id='word_1_599' title='bbox 1405 813 1476 841; x_wconf 86' lang='lat' dir='ltr'>quae</span> <span class='ocrx_word' id='word_1_600' title='bbox 1498 808 1563 833; x_wconf 89' lang='lat' dir='ltr'>sunt</span> <span class='ocrx_word' id='word_1_601' title='bbox 1594 805 1719 843; x_wconf 78' lang='lat' dir='ltr'>abyssus</span> <span class='ocrx_word' id='word_1_602' title='bbox 1739 806 1864 834; x_wconf 73' lang='lat' dir='ltr'>multa8.</span> <span class='ocrx_word' id='word_1_603' title='bbox 1880 790 2013 840; x_wconf 50' lang='lat' dir='ltr'>‘izmissiiifflff&#39;</span> 
     </span>
     <span class='ocr_line' id='line_1_75' title="bbox 1023 837 2009 889; baseline 0 -11"><span class='ocrx_word' id='word_1_604' title='bbox 1023 851 1108 884; x_wconf 90' lang='lat' dir='ltr'>Time,</span> <span class='ocrx_word' id='word_1_605' title='bbox 1130 851 1253 888; x_wconf 88' lang='lat' dir='ltr'>inquam,</span> <span class='ocrx_word' id='word_1_606' title='bbox 1277 850 1464 885; x_wconf 66' lang='lat' dir='ltr'>veliementer,</span> <span class='ocrx_word' id='word_1_607' title='bbox 1486 860 1520 880; x_wconf 91' lang='lat' dir='ltr'>ne</span> <span class='ocrx_word' id='word_1_608' title='bbox 1541 851 1627 885; x_wconf 84' lang='lat' dir='ltr'>sorte,</span> <span class='ocrx_word' id='word_1_609' title='bbox 1642 860 1810 889; x_wconf 85' lang='lat' dir='ltr'>quamquam</span> <span class='ocrx_word' id='word_1_610' title='bbox 1830 852 1867 881; x_wconf 89' lang='lat' dir='ltr'>sis</span> <span class='ocrx_word' id='word_1_611' title='bbox 1883 837 2009 878; x_wconf 51' lang='lat' dir='ltr'>‘umrudffm&#39;</span> 
     </span>
     <span class='ocr_line' id='line_1_76' title="bbox 1023 897 1866 935; baseline 0.002 -10"><span class='ocrx_word' id='word_1_612' title='bbox 1023 897 1179 934; x_wconf 84' lang='lat' dir='ltr'>aliqualiter</span> <span class='ocrx_word' id='word_1_613' title='bbox 1200 898 1358 935; x_wconf 87' lang='lat' dir='ltr'>poenitens,</span> <span class='ocrx_word' id='word_1_614' title='bbox 1390 898 1480 926; x_wconf 90' lang='lat' dir='ltr'>adhuc</span> <span class='ocrx_word' id='word_1_615' title='bbox 1512 901 1601 927; x_wconf 84' lang='lat' dir='ltr'>tamen</span> <span class='ocrx_word' id='word_1_616' title='bbox 1625 899 1680 927; x_wconf 82' lang='lat' dir='ltr'>Deo</span> <span class='ocrx_word' id='word_1_617' title='bbox 1707 899 1866 935; x_wconf 87' lang='lat' dir='ltr'>displiceas;</span> 
     </span>
     <span class='ocr_line' id='line_1_77' title="bbox 1023 943 1868 982; baseline 0.002 -10"><span class='ocrx_word' id='word_1_618' title='bbox 1023 944 1089 973; x_wconf 88' lang='lat' dir='ltr'>time</span> <span class='ocrx_word' id='word_1_619' title='bbox 1109 943 1317 979; x_wconf 77' lang='lat' dir='ltr'>vehementius,</span> <span class='ocrx_word' id='word_1_620' title='bbox 1340 953 1374 974; x_wconf 90' lang='lat' dir='ltr'>ne</span> <span class='ocrx_word' id='word_1_621' title='bbox 1396 948 1457 982; x_wconf 89' lang='lat' dir='ltr'>post</span> <span class='ocrx_word' id='word_1_622' title='bbox 1479 945 1530 973; x_wconf 93' lang='lat' dir='ltr'>hoc</span> <span class='ocrx_word' id='word_1_623' title='bbox 1552 945 1638 974; x_wconf 90' lang='lat' dir='ltr'>Deum</span> <span class='ocrx_word' id='word_1_624' title='bbox 1661 946 1762 974; x_wconf 88' lang='lat' dir='ltr'>iterum</span> <span class='ocrx_word' id='word_1_625' title='bbox 1783 946 1868 974; x_wconf 79' lang='lat' dir='ltr'>offen-</span> 
     </span>
     <span class='ocr_line' id='line_1_78' title="bbox 1022 990 1866 1025; baseline 0.001 -6"><span class='ocrx_word' id='word_1_626' title='bbox 1022 991 1085 1025; x_wconf 88' lang='lat' dir='ltr'>das;</span> <span class='ocrx_word' id='word_1_627' title='bbox 1108 991 1172 1020; x_wconf 90' lang='lat' dir='ltr'>time</span> <span class='ocrx_word' id='word_1_628' title='bbox 1193 992 1275 1020; x_wconf 87' lang='lat' dir='ltr'>etiam</span> <span class='ocrx_word' id='word_1_629' title='bbox 1299 990 1556 1025; x_wconf 77' lang='lat' dir='ltr'>vehementissime,</span> <span class='ocrx_word' id='word_1_630' title='bbox 1579 1000 1612 1020; x_wconf 92' lang='lat' dir='ltr'>ne</span> <span class='ocrx_word' id='word_1_631' title='bbox 1634 992 1753 1020; x_wconf 84' lang='lat' dir='ltr'>finaliter</span> <span class='ocrx_word' id='word_1_632' title='bbox 1774 1000 1790 1020; x_wconf 85' lang='lat' dir='ltr'>a</span> <span class='ocrx_word' id='word_1_633' title='bbox 1811 992 1866 1020; x_wconf 90' lang='lat' dir='ltr'>Deo</span> 
     </span>
     <span class='ocr_line' id='line_1_79' title="bbox 1023 1037 1867 1075; baseline -0.001 -8"><span class='ocrx_word' id='word_1_634' title='bbox 1023 1037 1162 1072; x_wconf 86' lang='lat' dir='ltr'>discedas,</span> <span class='ocrx_word' id='word_1_635' title='bbox 1184 1046 1293 1075; x_wconf 89' lang='lat' dir='ltr'>semper</span> <span class='ocrx_word' id='word_1_636' title='bbox 1308 1047 1405 1067; x_wconf 86' lang='lat' dir='ltr'>carens</span> <span class='ocrx_word' id='word_1_637' title='bbox 1420 1038 1539 1072; x_wconf 71' lang='lat' dir='ltr'>lumine,</span> <span class='ocrx_word' id='word_1_638' title='bbox 1554 1046 1663 1075; x_wconf 82' lang='lat' dir='ltr'>semper</span> <span class='ocrx_word' id='word_1_639' title='bbox 1678 1038 1778 1067; x_wconf 84' lang='lat' dir='ltr'>ardens</span> <span class='ocrx_word' id='word_1_640' title='bbox 1792 1038 1867 1075; x_wconf 71' lang='lat' dir='ltr'>iyne,</span> 
     </span>
     <span class='ocr_line' id='line_1_80' title="bbox 1023 1085 1866 1122; baseline -0.001 -8"><span class='ocrx_word' id='word_1_641' title='bbox 1023 1093 1165 1122; x_wconf 89' lang='lat' dir='ltr'>nunquam</span> <span class='ocrx_word' id='word_1_642' title='bbox 1188 1094 1285 1114; x_wconf 87' lang='lat' dir='ltr'>carens</span> <span class='ocrx_word' id='word_1_643' title='bbox 1304 1094 1417 1120; x_wconf 80' lang='lat' dir='ltr'>verme,</span> <span class='ocrx_word' id='word_1_644' title='bbox 1440 1085 1491 1114; x_wconf 86' lang='lat' dir='ltr'>nisi</span> <span class='ocrx_word' id='word_1_645' title='bbox 1523 1093 1571 1122; x_wconf 90' lang='lat' dir='ltr'>per</span> <span class='ocrx_word' id='word_1_646' title='bbox 1603 1093 1696 1114; x_wconf 88' lang='lat' dir='ltr'>veram</span> <span class='ocrx_word' id='word_1_647' title='bbox 1726 1085 1866 1122; x_wconf 87' lang='lat' dir='ltr'>poeniten-</span> 
     </span>
     <span class='ocr_line' id='line_1_81' title="bbox 1023 1132 1866 1169; baseline -0.001 -8"><span class='ocrx_word' id='word_1_648' title='bbox 1023 1132 1088 1160; x_wconf 83' lang='lat' dir='ltr'>tiam</span> <span class='ocrx_word' id='word_1_649' title='bbox 1110 1133 1137 1161; x_wconf 89' lang='lat' dir='ltr'>iu</span> <span class='ocrx_word' id='word_1_650' title='bbox 1159 1133 1247 1169; x_wconf 84' lang='lat' dir='ltr'>gratia</span> <span class='ocrx_word' id='word_1_651' title='bbox 1269 1132 1342 1161; x_wconf 83' lang='lat' dir='ltr'>finali</span> <span class='ocrx_word' id='word_1_652' title='bbox 1364 1133 1495 1166; x_wconf 87' lang='lat' dir='ltr'>decedas,</span> <span class='ocrx_word' id='word_1_653' title='bbox 1517 1136 1548 1161; x_wconf 89' lang='lat' dir='ltr'>ut</span> <span class='ocrx_word' id='word_1_654' title='bbox 1569 1133 1608 1161; x_wconf 89' lang='lat' dir='ltr'>sic</span> <span class='ocrx_word' id='word_1_655' title='bbox 1629 1140 1692 1161; x_wconf 88' lang='lat' dir='ltr'>cnm</span> <span class='ocrx_word' id='word_1_656' title='bbox 1710 1132 1866 1168; x_wconf 80' lang='lat' dir='ltr'>Propheta⁹</span> 
     </span>
     <span class='ocr_line' id='line_1_82' title="bbox 1022 1178 1868 1216; baseline -0.001 -9"><span class='ocrx_word' id='word_1_657' title='bbox 1022 1178 1166 1207; x_wconf 87' lang='lat' dir='ltr'>decantes:</span> <span class='ocrx_word' id='word_1_658' title='bbox 1190 1179 1305 1216; x_wconf 71' lang='lat' dir='ltr'>Confiqe</span> <span class='ocrx_word' id='word_1_659' title='bbox 1320 1179 1422 1208; x_wconf 86' lang='lat' dir='ltr'>timore</span> <span class='ocrx_word' id='word_1_660' title='bbox 1437 1183 1485 1207; x_wconf 87' lang='lat' dir='ltr'>tuo</span> <span class='ocrx_word' id='word_1_661' title='bbox 1506 1187 1611 1207; x_wconf 78' lang='lat' dir='ltr'>earnes</span> <span class='ocrx_word' id='word_1_662' title='bbox 1632 1187 1712 1207; x_wconf 77' lang='lat' dir='ltr'>meas</span> <span class='ocrx_word' id='word_1_663' title='bbox 1719 1189 1729 1212; x_wconf 92' lang='lat'><em>;</em></span> <span class='ocrx_word' id='word_1_664' title='bbox 1750 1187 1770 1207; x_wconf 87' lang='lat' dir='ltr'>a</span> <span class='ocrx_word' id='word_1_665' title='bbox 1791 1178 1868 1207; x_wconf 87' lang='lat' dir='ltr'>iudi-</span> 
     </span>
     <span class='ocr_line' id='line_1_83' title="bbox 1023 1226 1368 1255; baseline 0.003 -1"><span class='ocrx_word' id='word_1_666' title='bbox 1023 1226 1076 1254; x_wconf 82' lang='lat' dir='ltr'>ciis</span> <span class='ocrx_word' id='word_1_667' title='bbox 1097 1226 1173 1254; x_wconf 81' lang='lat' dir='ltr'>enini</span> <span class='ocrx_word' id='word_1_668' title='bbox 1195 1227 1254 1255; x_wconf 85' lang='lat' dir='ltr'>tuis</span> <span class='ocrx_word' id='word_1_669' title='bbox 1274 1226 1368 1255; x_wconf 83' lang='lat' dir='ltr'>timui.</span> 
     </span>
    </p>

    <p class='ocr_par' dir='ltr' id='par_1_18' title="bbox 1019 1272 2014 1827">
     <span class='ocr_line' id='line_1_84' title="bbox 1102 1272 2013 1321; baseline -0.003 -20"><span class='ocrx_word' id='word_1_670' title='bbox 1102 1273 1127 1301; x_wconf 83' lang='lat'>6.</span> <span class='ocrx_word' id='word_1_671' title='bbox 1152 1273 1219 1301; x_wconf 87' lang='lat' dir='ltr'>Dole</span> <span class='ocrx_word' id='word_1_672' title='bbox 1245 1281 1357 1310; x_wconf 88' lang='lat' dir='ltr'>quoque</span> <span class='ocrx_word' id='word_1_673' title='bbox 1388 1275 1416 1301; x_wconf 87' lang='lat' dir='ltr'>et</span> <span class='ocrx_word' id='word_1_674' title='bbox 1446 1276 1538 1309; x_wconf 83' lang='lat' dir='ltr'>satage</span> <span class='ocrx_word' id='word_1_675' title='bbox 1566 1276 1680 1309; x_wconf 81' lang='lat' dir='ltr'>propter</span> <span class='ocrx_word' id='word_1_676' title='bbox 1711 1272 1867 1300; x_wconf 78' lang='lat' dir='ltr'>eonunissa</span> <span class='ocrx_word' id='word_1_677' title='bbox 1885 1279 1930 1321; x_wconf 60' lang='lat' dir='ltr'>dne</span> <span class='ocrx_word' id='word_1_678' title='bbox 1944 1279 2013 1303; x_wconf 81' lang='lat' dir='ltr'>triplici</span> 
     </span>
     <span class='ocr_line' id='line_1_85' title="bbox 1019 1307 2014 1368; baseline -0.002 -20"><span class='ocrx_word' id='word_1_679' title='bbox 1019 1324 1148 1357; x_wconf 75' lang='lat' dir='ltr'>peecata.</span> <span class='ocrx_word' id='word_1_680' title='bbox 1164 1320 1246 1354; x_wconf 92' lang='lat' dir='ltr'>Dole,</span> <span class='ocrx_word' id='word_1_681' title='bbox 1262 1321 1391 1357; x_wconf 85' lang='lat' dir='ltr'>inquam,</span> <span class='ocrx_word' id='word_1_682' title='bbox 1406 1319 1582 1348; x_wconf 80' lang='lat' dir='ltr'>veliementer</span> <span class='ocrx_word' id='word_1_683' title='bbox 1597 1322 1710 1356; x_wconf 89' lang='lat' dir='ltr'>propter</span> <span class='ocrx_word' id='word_1_684' title='bbox 1732 1319 1867 1348; x_wconf 86' lang='lat' dir='ltr'>annihila·</span> <span class='ocrx_word' id='word_1_685' title='bbox 1885 1307 2014 1368; x_wconf 51' lang='lat' dir='ltr'>fje‘i‘epessssgss</span> 
     </span>
     <span class='ocr_line' id='line_1_86' title="bbox 1023 1364 1910 1399; baseline -0.002 -4"><span class='ocrx_word' id='word_1_686' title='bbox 1023 1367 1123 1396; x_wconf 89' lang='lat' dir='ltr'>tionem</span> <span class='ocrx_word' id='word_1_687' title='bbox 1145 1367 1234 1396; x_wconf 87' lang='lat' dir='ltr'>omnis</span> <span class='ocrx_word' id='word_1_688' title='bbox 1255 1367 1319 1396; x_wconf 87' lang='lat' dir='ltr'>honi</span> <span class='ocrx_word' id='word_1_689' title='bbox 1341 1367 1474 1396; x_wconf 89' lang='lat' dir='ltr'>divinitus</span> <span class='ocrx_word' id='word_1_690' title='bbox 1496 1366 1543 1395; x_wconf 88' lang='lat' dir='ltr'>tibi</span> <span class='ocrx_word' id='word_1_691' title='bbox 1559 1366 1631 1399; x_wconf 86' lang='lat' dir='ltr'>dati;</span> <span class='ocrx_word' id='word_1_692' title='bbox 1647 1366 1708 1394; x_wconf 89' lang='lat' dir='ltr'>dole</span> <span class='ocrx_word' id='word_1_693' title='bbox 1725 1365 1868 1394; x_wconf 78' lang='lat' dir='ltr'>velteuzen-</span> <span class='ocrx_word' id='word_1_694' title='bbox 1907 1364 1910 1368; x_wconf 90' lang='lat'>&#39;</span> 
     </span>
     <span class='ocr_line' id='line_1_87' title="bbox 1023 1412 1868 1450; baseline -0.002 -8"><span class='ocrx_word' id='word_1_695' title='bbox 1023 1414 1081 1442; x_wconf 82' lang='lat' dir='ltr'>tius</span> <span class='ocrx_word' id='word_1_696' title='bbox 1102 1417 1215 1450; x_wconf 90' lang='lat' dir='ltr'>propter</span> <span class='ocrx_word' id='word_1_697' title='bbox 1237 1413 1471 1450; x_wconf 83' lang='lat' dir='ltr'>impugnationem</span> <span class='ocrx_word' id='word_1_698' title='bbox 1494 1413 1594 1441; x_wconf 85' lang='lat' dir='ltr'>Christi</span> <span class='ocrx_word' id='word_1_699' title='bbox 1617 1421 1668 1449; x_wconf 90' lang='lat' dir='ltr'>pro</span> <span class='ocrx_word' id='word_1_700' title='bbox 1700 1416 1725 1441; x_wconf 85' lang='lat' dir='ltr'>tc</span> <span class='ocrx_word' id='word_1_701' title='bbox 1756 1412 1812 1440; x_wconf 86' lang='lat' dir='ltr'>nati</span> <span class='ocrx_word' id='word_1_702' title='bbox 1841 1416 1868 1441; x_wconf 91' lang='lat' dir='ltr'>et</span> 
     </span>
     <span class='ocr_line' id='line_1_88' title="bbox 1022 1459 1869 1496; baseline -0.002 -7"><span class='ocrx_word' id='word_1_703' title='bbox 1022 1460 1202 1495; x_wconf 75' lang='lat' dir='ltr'>crucifixi103</span> <span class='ocrx_word' id='word_1_704' title='bbox 1223 1460 1284 1489; x_wconf 91' lang='lat' dir='ltr'>dole</span> <span class='ocrx_word' id='word_1_705' title='bbox 1314 1459 1557 1489; x_wconf 67' lang='lat' dir='ltr'>vehementissime</span> <span class='ocrx_word' id='word_1_706' title='bbox 1579 1463 1691 1496; x_wconf 85' lang='lat' dir='ltr'>propter</span> <span class='ocrx_word' id='word_1_707' title='bbox 1713 1459 1869 1496; x_wconf 88' lang='lat' dir='ltr'>vilipensio-</span> 
     </span>
     <span class='ocr_line' id='line_1_89' title="bbox 1022 1506 1866 1543; baseline -0.002 -7"><span class='ocrx_word' id='word_1_708' title='bbox 1022 1515 1084 1536; x_wconf 91' lang='lat' dir='ltr'>nem</span> <span class='ocrx_word' id='word_1_709' title='bbox 1116 1507 1180 1541; x_wconf 91' lang='lat' dir='ltr'>Dei,</span> <span class='ocrx_word' id='word_1_710' title='bbox 1212 1508 1293 1536; x_wconf 89' lang='lat' dir='ltr'>cuius</span> <span class='ocrx_word' id='word_1_711' title='bbox 1328 1506 1554 1543; x_wconf 77' lang='lat' dir='ltr'>transgrediendo</span> <span class='ocrx_word' id='word_1_712' title='bbox 1591 1506 1663 1543; x_wconf 76' lang='lat' dir='ltr'>leges</span> <span class='ocrx_word' id='word_1_713' title='bbox 1698 1506 1866 1535; x_wconf 86' lang='lat' dir='ltr'>inhonorasti</span> 
     </span>
     <span class='ocr_line' id='line_1_90' title="bbox 1021 1553 1868 1591; baseline -0.002 -8"><span class='ocrx_word' id='word_1_714' title='bbox 1021 1554 1217 1589; x_wconf 79' lang='lat' dir='ltr'>maiestatem,</span> <span class='ocrx_word' id='word_1_715' title='bbox 1238 1554 1378 1591; x_wconf 82' lang='lat' dir='ltr'>denegasti</span> <span class='ocrx_word' id='word_1_716' title='bbox 1410 1554 1577 1587; x_wconf 77' lang='lat' dir='ltr'>ueritatem,</span> <span class='ocrx_word' id='word_1_717' title='bbox 1599 1553 1733 1582; x_wconf 81' lang='lat' dir='ltr'>ostendisti</span> <span class='ocrx_word' id='word_1_718' title='bbox 1757 1553 1868 1581; x_wconf 85' lang='lat' dir='ltr'>bonita-</span> 
     </span>
     <span class='ocr_line' id='line_1_91' title="bbox 1022 1600 1867 1639; baseline -0.002 -9"><span class='ocrx_word' id='word_1_719' title='bbox 1022 1605 1075 1630; x_wconf 83' lang='lat' dir='ltr'>tem</span> <span class='ocrx_word' id='word_1_720' title='bbox 1105 1605 1250 1639; x_wconf 85' lang='lat' dir='ltr'>totumque</span> <span class='ocrx_word' id='word_1_721' title='bbox 1277 1602 1440 1630; x_wconf 86' lang='lat' dir='ltr'>universum</span> <span class='ocrx_word' id='word_1_722' title='bbox 1468 1600 1670 1634; x_wconf 84' lang='lat' dir='ltr'>dehonestasti,</span> <span class='ocrx_word' id='word_1_723' title='bbox 1692 1600 1867 1634; x_wconf 78' lang='lat' dir='ltr'>deformasti,</span> 
     </span>
     <span class='ocr_line' id='line_1_92' title="bbox 1020 1647 1866 1683; baseline -0.004 -6"><span class='ocrx_word' id='word_1_724' title='bbox 1020 1648 1203 1682; x_wconf 88' lang='lat' dir='ltr'>deordinasti‚</span> <span class='ocrx_word' id='word_1_725' title='bbox 1225 1648 1308 1682; x_wconf 87' lang='lat' dir='ltr'>dum,</span> <span class='ocrx_word' id='word_1_726' title='bbox 1330 1648 1429 1676; x_wconf 88' lang='lat' dir='ltr'>divinis</span> <span class='ocrx_word' id='word_1_727' title='bbox 1450 1647 1621 1676; x_wconf 84' lang='lat' dir='ltr'>adversando</span> <span class='ocrx_word' id='word_1_728' title='bbox 1642 1647 1761 1681; x_wconf 86' lang='lat' dir='ltr'>statutis,</span> <span class='ocrx_word' id='word_1_729' title='bbox 1781 1647 1866 1683; x_wconf 88' lang='lat' dir='ltr'>impe-</span> 
     </span>
     <span class='ocr_line' id='line_1_93' title="bbox 1021 1695 1866 1731; baseline -0.001 -7"><span class='ocrx_word' id='word_1_730' title='bbox 1021 1696 1070 1724; x_wconf 92' lang='lat' dir='ltr'>riis</span> <span class='ocrx_word' id='word_1_731' title='bbox 1090 1699 1117 1724; x_wconf 92' lang='lat' dir='ltr'>et</span> <span class='ocrx_word' id='word_1_732' title='bbox 1141 1695 1263 1730; x_wconf 88' lang='lat' dir='ltr'>iudiciis,</span> <span class='ocrx_word' id='word_1_733' title='bbox 1295 1695 1423 1724; x_wconf 88' lang='lat' dir='ltr'>omnibus</span> <span class='ocrx_word' id='word_1_734' title='bbox 1455 1695 1503 1724; x_wconf 92' lang='lat' dir='ltr'>tibi</span> <span class='ocrx_word' id='word_1_735' title='bbox 1535 1695 1721 1724; x_wconf 90' lang='lat' dir='ltr'>servientibus</span> <span class='ocrx_word' id='word_1_736' title='bbox 1752 1697 1866 1731; x_wconf 85' lang='lat' dir='ltr'>propter</span> 
     </span>
     <span class='ocr_line' id='line_1_94' title="bbox 1020 1741 1866 1779; baseline -0.002 -8"><span class='ocrx_word' id='word_1_737' title='bbox 1020 1743 1109 1772; x_wconf 90' lang='lat' dir='ltr'>Deum</span> <span class='ocrx_word' id='word_1_738' title='bbox 1130 1743 1216 1772; x_wconf 84' lang='lat' dir='ltr'>abusa</span> <span class='ocrx_word' id='word_1_739' title='bbox 1237 1750 1266 1771; x_wconf 89' lang='lat' dir='ltr'>es</span> <span class='ocrx_word' id='word_1_740' title='bbox 1297 1743 1420 1777; x_wconf 87' lang='lat' dir='ltr'>naturis,</span> <span class='ocrx_word' id='word_1_741' title='bbox 1443 1742 1610 1779; x_wconf 89' lang='lat' dir='ltr'>Scripturis‚</span> <span class='ocrx_word' id='word_1_742' title='bbox 1636 1741 1762 1775; x_wconf 88' lang='lat' dir='ltr'>iustitiis,</span> <span class='ocrx_word' id='word_1_743' title='bbox 1785 1741 1866 1770; x_wconf 90' lang='lat' dir='ltr'>mise-</span> 
     </span>
     <span class='ocr_line' id='line_1_95' title="bbox 1021 1788 1865 1827; baseline -0.001 -9"><span class='ocrx_word' id='word_1_744' title='bbox 1021 1790 1162 1824; x_wconf 89' lang='lat' dir='ltr'>ricordiis,</span> <span class='ocrx_word' id='word_1_745' title='bbox 1193 1790 1272 1819; x_wconf 87' lang='lat' dir='ltr'>donis</span> <span class='ocrx_word' id='word_1_746' title='bbox 1302 1790 1431 1827; x_wconf 84' lang='lat' dir='ltr'>gratuitis</span> <span class='ocrx_word' id='word_1_747' title='bbox 1462 1793 1489 1818; x_wconf 97' lang='lat' dir='ltr'>et</span> <span class='ocrx_word' id='word_1_748' title='bbox 1520 1789 1651 1826; x_wconf 88' lang='lat' dir='ltr'>praemiis</span> <span class='ocrx_word' id='word_1_749' title='bbox 1682 1788 1865 1825; x_wconf 86' lang='lat' dir='ltr'>repromissis.</span> 
     </span>
    </p>

    <p class='ocr_par' dir='ltr' id='par_1_19' title="bbox 1020 1833 2012 2055">
     <span class='ocr_line' id='line_1_96' title="bbox 1021 1833 1867 1873; baseline -0.004 -8"><span class='ocrx_word' id='word_1_750' title='bbox 1021 1836 1128 1873; x_wconf 90' lang='lat' dir='ltr'>Quibus</span> <span class='ocrx_word' id='word_1_751' title='bbox 1148 1836 1293 1873; x_wconf 80' lang='lat' dir='ltr'>diligenter</span> <span class='ocrx_word' id='word_1_752' title='bbox 1315 1836 1503 1869; x_wconf 84' lang='lat' dir='ltr'>consideratis,</span> <span class='ocrx_word' id='word_1_753' title='bbox 1522 1835 1631 1864; x_wconf 80' lang='lat' dir='ltr'>luctum</span> <span class='ocrx_word' id='word_1_754' title='bbox 1652 1835 1796 1872; x_wconf 76' lang='lat' dir='ltr'>uniyeniti</span> <span class='ocrx_word' id='word_1_755' title='bbox 1816 1833 1867 1872; x_wconf 77' lang='lat' dir='ltr'>fcte</span> 
     </span>
     <span class='ocr_line' id='line_1_97' title="bbox 1022 1881 1866 1920; baseline -0.002 -9"><span class='ocrx_word' id='word_1_756' title='bbox 1022 1883 1073 1912; x_wconf 85' lang='lat' dir='ltr'>tibi</span> <span class='ocrx_word' id='word_1_757' title='bbox 1084 1883 1236 1920; x_wconf 82' lang='lat' dir='ltr'>planetum</span> <span class='ocrx_word' id='word_1_758' title='bbox 1251 1891 1391 1911; x_wconf 80' lang='lat' dir='ltr'>amarum</span> <span class='ocrx_word' id='word_1_759' title='bbox 1401 1883 1440 1915; x_wconf 82' lang='lat'>¹¹;</span> <span class='ocrx_word' id='word_1_760' title='bbox 1452 1882 1543 1911; x_wconf 74' lang='lat' dir='ltr'>declae</span> <span class='ocrx_word' id='word_1_761' title='bbox 1554 1882 1642 1920; x_wconf 77' lang='lat' dir='ltr'>quast</span> <span class='ocrx_word' id='word_1_762' title='bbox 1655 1885 1808 1910; x_wconf 84' lang='lat' dir='ltr'>torrentem</span> <span class='ocrx_word' id='word_1_763' title='bbox 1824 1881 1866 1909; x_wconf 90' lang='lat' dir='ltr'>la-</span> 
     </span>
     <span class='ocr_line' id='line_1_98' title="bbox 1021 1927 1864 1967; baseline -0.002 -9"><span class='ocrx_word' id='word_1_764' title='bbox 1021 1938 1141 1967; x_wconf 77' lang='lat' dir='ltr'>crymas</span> <span class='ocrx_word' id='word_1_765' title='bbox 1159 1938 1213 1966; x_wconf 82' lang='lat' dir='ltr'>per</span> <span class='ocrx_word' id='word_1_766' title='bbox 1234 1929 1309 1958; x_wconf 83' lang='lat' dir='ltr'>diem</span> <span class='ocrx_word' id='word_1_767' title='bbox 1331 1933 1356 1958; x_wconf 83' lang='lat' dir='ltr'>et</span> <span class='ocrx_word' id='word_1_768' title='bbox 1376 1934 1502 1963; x_wconf 78' lang='lat' dir='ltr'>noctem,</span> <span class='ocrx_word' id='word_1_769' title='bbox 1517 1938 1576 1957; x_wconf 83' lang='lat' dir='ltr'>non</span> <span class='ocrx_word' id='word_1_770' title='bbox 1590 1928 1639 1957; x_wconf 78' lang='lat' dir='ltr'>des</span> <span class='ocrx_word' id='word_1_771' title='bbox 1654 1928 1781 1966; x_wconf 76' lang='lat' dir='ltr'>requiem</span> <span class='ocrx_word' id='word_1_772' title='bbox 1803 1927 1864 1962; x_wconf 85' lang='lat' dir='ltr'>tibi,</span> 
     </span>
     <span class='ocr_line' id='line_1_99' title="bbox 1020 1976 1531 2014; baseline 0 -10"><span class='ocrx_word' id='word_1_773' title='bbox 1020 1985 1110 2014; x_wconf 84' lang='lat' dir='ltr'>neque</span> <span class='ocrx_word' id='word_1_774' title='bbox 1132 1980 1225 2005; x_wconf 81' lang='lat' dir='ltr'>taceat</span> <span class='ocrx_word' id='word_1_775' title='bbox 1245 1976 1360 2014; x_wconf 82' lang='lat' dir='ltr'>pupilla</span> <span class='ocrx_word' id='word_1_776' title='bbox 1381 1976 1458 2004; x_wconf 81' lang='lat' dir='ltr'>oculi</span> <span class='ocrx_word' id='word_1_777' title='bbox 1479 1976 1531 2004; x_wconf 86' lang='lat' dir='ltr'>tui.</span> 
     </span>
     <span class='ocr_line' id='line_1_100' title="bbox 1100 2021 2012 2055; baseline -0.002 -4"><span class='ocrx_word' id='word_1_778' title='bbox 1100 2024 1126 2051; x_wconf 87' lang='lat'>7.</span> <span class='ocrx_word' id='word_1_779' title='bbox 1149 2023 1290 2051; x_wconf 84' lang='lat' dir='ltr'>Desidera</span> <span class='ocrx_word' id='word_1_780' title='bbox 1320 2022 1500 2051; x_wconf 88' lang='lat' dir='ltr'>nihilominus</span> <span class='ocrx_word' id='word_1_781' title='bbox 1530 2022 1633 2051; x_wconf 84' lang='lat' dir='ltr'>diuina</span> <span class='ocrx_word' id='word_1_782' title='bbox 1664 2021 1864 2055; x_wconf 78' lang='lat' dir='ltr'>charismata,</span> <span class='ocrx_word' id='word_1_783' title='bbox 1886 2027 2012 2050; x_wconf 81' lang='lat' dir='ltr'>Secundo.de</span> 
     </span>
    </p>
   </div>
   <div class='ocr_carea' id='block_1_7' title="bbox 1020 2051 2013 2106">
    <p class='ocr_par' dir='ltr' id='par_1_20' title="bbox 1020 2051 2013 2106">
     <span class='ocr_line' id='line_1_101' title="bbox 1020 2051 2013 2106; baseline -0.002 -8"><span class='ocrx_word' id='word_1_784' title='bbox 1020 2070 1104 2098; x_wconf 89' lang='lat' dir='ltr'>divini</span> <span class='ocrx_word' id='word_1_785' title='bbox 1126 2070 1228 2099; x_wconf 87' lang='lat' dir='ltr'>amoris</span> <span class='ocrx_word' id='word_1_786' title='bbox 1249 2070 1361 2098; x_wconf 80' lang='lat' dir='ltr'>flamma</span> <span class='ocrx_word' id='word_1_787' title='bbox 1373 2070 1395 2086; x_wconf 79' lang='lat'>¹2</span> <span class='ocrx_word' id='word_1_788' title='bbox 1414 2069 1441 2098; x_wconf 92' lang='lat' dir='ltr'>in</span> <span class='ocrx_word' id='word_1_789' title='bbox 1457 2070 1545 2098; x_wconf 86' lang='lat' dir='ltr'>Deum</span> <span class='ocrx_word' id='word_1_790' title='bbox 1560 2069 1761 2103; x_wconf 88' lang='lat' dir='ltr'>conscendens,</span> <span class='ocrx_word' id='word_1_791' title='bbox 1776 2069 1823 2106; x_wconf 92' lang='lat' dir='ltr'>qui</span> <span class='ocrx_word' id='word_1_792' title='bbox 1840 2072 1866 2097; x_wconf 92' lang='lat' dir='ltr'>te</span> <span class='ocrx_word' id='word_1_793' title='bbox 1878 2051 2013 2094; x_wconf 50' lang='grc' dir='ltr'>ἷῗρὲιὲἕίῖἕῗῑῗῖ</span> 
     </span>
    </p>
   </div>
   <div class='ocr_carea' id='block_1_8' title="bbox 1017 2266 1867 3038">
    <p class='ocr_par' dir='ltr' id='par_1_21' title="bbox 1020 2266 1867 2337">
     <span class='ocr_line' id='line_1_102' title="bbox 1021 2266 1867 2297; baseline -0.004 -5"><span class='ocrx_word' id='word_1_794' title='bbox 1021 2268 1125 2296; x_wconf 79' lang='lat' dir='ltr'>tribuas,</span> <span class='ocrx_word' id='word_1_795' title='bbox 1143 2271 1212 2297; x_wconf 89' lang='lat' dir='ltr'>atque</span> <span class='ocrx_word' id='word_1_796' title='bbox 1230 2268 1318 2291; x_wconf 75' lang='lat' dir='ltr'>invenis</span> <span class='ocrx_word' id='word_1_797' title='bbox 1331 2274 1373 2296; x_wconf 84' lang='lat' dir='ltr'>pro</span> <span class='ocrx_word' id='word_1_798' title='bbox 1386 2267 1503 2291; x_wconf 71' lang='lat' dir='ltr'>inveneris</span> <span class='ocrx_word' id='word_1_799' title='bbox 1515 2267 1542 2297; x_wconf 85' lang='lat' dir='ltr'>[F</span> <span class='ocrx_word' id='word_1_800' title='bbox 1555 2267 1687 2296; x_wconf 62' lang='lat' dir='ltr'>[utieiiies];</span> <span class='ocrx_word' id='word_1_801' title='bbox 1700 2270 1778 2295; x_wconf 80' lang='lat' dir='ltr'>postca</span> <span class='ocrx_word' id='word_1_802' title='bbox 1794 2266 1816 2289; x_wconf 84' lang='lat' dir='ltr'>in</span> <span class='ocrx_word' id='word_1_803' title='bbox 1830 2266 1867 2289; x_wconf 86' lang='lat' dir='ltr'>lto·</span> 
     </span>
     <span class='ocr_line' id='line_1_103' title="bbox 1020 2306 1866 2337; baseline -0.004 -7"><span class='ocrx_word' id='word_1_804' title='bbox 1020 2314 1077 2331; x_wconf 83' lang='lat' dir='ltr'>rum</span> <span class='ocrx_word' id='word_1_805' title='bbox 1094 2307 1175 2337; x_wconf 78' lang='lat' dir='ltr'>aliquo</span> <span class='ocrx_word' id='word_1_806' title='bbox 1192 2314 1234 2336; x_wconf 89' lang='lat' dir='ltr'>pro</span> <span class='ocrx_word' id='word_1_807' title='bbox 1252 2307 1277 2330; x_wconf 85' lang='lat' dir='ltr'>in</span> <span class='ocrx_word' id='word_1_808' title='bbox 1293 2313 1341 2330; x_wconf 84' lang='lat' dir='ltr'>uno</span> <span class='ocrx_word' id='word_1_809' title='bbox 1356 2307 1451 2330; x_wconf 74' lang='lat' dir='ltr'>lterum.</span> <span class='ocrx_word' id='word_1_810' title='bbox 1644 2306 1652 2319; x_wconf 90' lang='lat'>⁷</span> <span class='ocrx_word' id='word_1_811' title='bbox 1670 2307 1752 2329; x_wconf 85' lang='lat' dir='ltr'>Psalm.</span> <span class='ocrx_word' id='word_1_812' title='bbox 1770 2306 1810 2332; x_wconf 83' lang='lat'>37,</span> <span class='ocrx_word' id='word_1_813' title='bbox 1832 2307 1866 2328; x_wconf 71' lang='lat'>18.</span> 
     </span>
    </p>

    <p class='ocr_par' dir='ltr' id='par_1_22' title="bbox 1020 2345 1867 2415">
     <span class='ocr_line' id='line_1_104' title="bbox 1083 2345 1867 2374; baseline -0.004 -5"><span class='ocrx_word' id='word_1_814' title='bbox 1083 2346 1092 2359; x_wconf 71' lang='lat'><strong>⁸</strong></span> <span class='ocrx_word' id='word_1_815' title='bbox 1110 2347 1191 2369; x_wconf 83' lang='lat' dir='ltr'>Psalm.</span> <span class='ocrx_word' id='word_1_816' title='bbox 1209 2347 1251 2373; x_wconf 78' lang='lat'>35,</span> <span class='ocrx_word' id='word_1_817' title='bbox 1269 2347 1290 2369; x_wconf 89' lang='lat'>7.</span> <span class='ocrx_word' id='word_1_818' title='bbox 1309 2359 1339 2363; x_wconf 97' lang='lat'><strong>—</strong></span> <span class='ocrx_word' id='word_1_819' title='bbox 1357 2347 1413 2369; x_wconf 80' lang='lat' dir='ltr'>intra</span> <span class='ocrx_word' id='word_1_820' title='bbox 1437 2349 1490 2374; x_wconf 86' lang='lat' dir='ltr'>post</span> <span class='ocrx_word' id='word_1_821' title='bbox 1511 2345 1589 2369; x_wconf 78' lang='lat' dir='ltr'>adhuc</span> <span class='ocrx_word' id='word_1_822' title='bbox 1611 2347 1690 2368; x_wconf 82' lang='lat' dir='ltr'>tamen</span> <span class='ocrx_word' id='word_1_823' title='bbox 1711 2346 1763 2367; x_wconf 82' lang='lat' dir='ltr'>Vat.</span> <span class='ocrx_word' id='word_1_824' title='bbox 1784 2345 1867 2367; x_wconf 87' lang='lat' dir='ltr'>omittit</span> 
     </span>
     <span class='ocr_line' id='line_1_105' title="bbox 1020 2383 1770 2415; baseline -0.004 -6"><span class='ocrx_word' id='word_1_825' title='bbox 1020 2386 1083 2414; x_wconf 54' lang='grc' dir='ltr'>ΒΜ),-</span> <span class='ocrx_word' id='word_1_826' title='bbox 1100 2386 1184 2408; x_wconf 86' lang='lat' dir='ltr'>deinde</span> <span class='ocrx_word' id='word_1_827' title='bbox 1201 2389 1253 2408; x_wconf 81' lang='lat' dir='ltr'>ante</span> <span class='ocrx_word' id='word_1_828' title='bbox 1270 2385 1376 2415; x_wconf 68' lang='lat' dir='ltr'>offi&#39;ndas</span> <span class='ocrx_word' id='word_1_829' title='bbox 1393 2391 1419 2407; x_wconf 82' lang='lat' dir='ltr'>ex</span> <span class='ocrx_word' id='word_1_830' title='bbox 1436 2385 1480 2407; x_wconf 88' lang='lat' dir='ltr'>AB</span> <span class='ocrx_word' id='word_1_831' title='bbox 1498 2384 1659 2413; x_wconf 74' lang='lat' dir='ltr'>supplevimus</span> <span class='ocrx_word' id='word_1_832' title='bbox 1676 2383 1770 2407; x_wconf 85' lang='lat' dir='ltr'>iterum.</span> 
     </span>
    </p>

    <p class='ocr_par' dir='ltr' id='par_1_23' title="bbox 1020 2423 1866 2608">
     <span class='ocr_line' id='line_1_106' title="bbox 1083 2423 1865 2452; baseline -0.004 -5"><span class='ocrx_word' id='word_1_833' title='bbox 1083 2424 1092 2437; x_wconf 72' lang='lat'>⁹</span> <span class='ocrx_word' id='word_1_834' title='bbox 1110 2425 1193 2447; x_wconf 80' lang='lat' dir='ltr'>Psalm.</span> <span class='ocrx_word' id='word_1_835' title='bbox 1213 2426 1267 2452; x_wconf 54' lang='lat' dir='ltr'>mg,</span> <span class='ocrx_word' id='word_1_836' title='bbox 1287 2426 1338 2447; x_wconf 66' lang='lat'>120.</span> <span class='ocrx_word' id='word_1_837' title='bbox 1356 2425 1398 2447; x_wconf 87' lang='lat' dir='ltr'>Ct&#39;r.</span> <span class='ocrx_word' id='word_1_838' title='bbox 1418 2424 1495 2447; x_wconf 83' lang='lat' dir='ltr'>Collat.</span> <span class='ocrx_word' id='word_1_839' title='bbox 1508 2424 1537 2447; x_wconf 88' lang='lat' dir='ltr'>de</span> <span class='ocrx_word' id='word_1_840' title='bbox 1549 2426 1637 2451; x_wconf 84' lang='lat' dir='ltr'>septem</span> <span class='ocrx_word' id='word_1_841' title='bbox 1652 2423 1720 2445; x_wconf 84' lang='lat' dir='ltr'>Donis</span> <span class='ocrx_word' id='word_1_842' title='bbox 1732 2423 1830 2450; x_wconf 79' lang='lat' dir='ltr'>Spiritus</span> <span class='ocrx_word' id='word_1_843' title='bbox 1843 2423 1865 2444; x_wconf 51' lang='lat' dir='ltr'>S,</span> 
     </span>
     <span class='ocr_line' id='line_1_107' title="bbox 1021 2461 1866 2491; baseline -0.002 -6"><span class='ocrx_word' id='word_1_844' title='bbox 1021 2463 1095 2485; x_wconf 86' lang='lat' dir='ltr'>collat.</span> <span class='ocrx_word' id='word_1_845' title='bbox 1109 2464 1130 2485; x_wconf 76' lang='lat'>2.</span> <span class='ocrx_word' id='word_1_846' title='bbox 1142 2470 1163 2485; x_wconf 94' lang='lat' dir='ltr'>n.</span> <span class='ocrx_word' id='word_1_847' title='bbox 1178 2464 1255 2486; x_wconf 78' lang='grc'>10-13.</span> <span class='ocrx_word' id='word_1_848' title='bbox 1267 2464 1300 2486; x_wconf 88' lang='lat' dir='ltr'>De</span> <span class='ocrx_word' id='word_1_849' title='bbox 1312 2463 1392 2491; x_wconf 83' lang='lat' dir='ltr'>triplici</span> <span class='ocrx_word' id='word_1_850' title='bbox 1407 2469 1479 2491; x_wconf 83' lang='lat' dir='ltr'>poena</span> <span class='ocrx_word' id='word_1_851' title='bbox 1498 2463 1579 2485; x_wconf 77' lang='lat' dir='ltr'>interni</span> <span class='ocrx_word' id='word_1_852' title='bbox 1597 2463 1638 2484; x_wconf 67' lang='lat' dir='ltr'>etr.</span> <span class='ocrx_word' id='word_1_853' title='bbox 1655 2462 1692 2484; x_wconf 71' lang='lat' dir='ltr'>lV.</span> <span class='ocrx_word' id='word_1_854' title='bbox 1710 2463 1770 2484; x_wconf 76' lang='lat' dir='ltr'>sent.</span> <span class='ocrx_word' id='word_1_855' title='bbox 1787 2462 1810 2483; x_wconf 88' lang='lat' dir='ltr'>d.</span> <span class='ocrx_word' id='word_1_856' title='bbox 1829 2461 1866 2483; x_wconf 78' lang='lat'>50.</span> 
     </span>
     <span class='ocr_line' id='line_1_108' title="bbox 1021 2502 1866 2531; baseline -0.001 -8"><span class='ocrx_word' id='word_1_857' title='bbox 1021 2508 1044 2529; x_wconf 87' lang='lat' dir='ltr'>p.</span> <span class='ocrx_word' id='word_1_858' title='bbox 1062 2502 1076 2524; x_wconf 95' lang='grc'>1.</span> <span class='ocrx_word' id='word_1_859' title='bbox 1094 2508 1113 2523; x_wconf 83' lang='lat' dir='ltr'>a.</span> <span class='ocrx_word' id='word_1_860' title='bbox 1133 2503 1155 2524; x_wconf 78' lang='lat'>2.</span> <span class='ocrx_word' id='word_1_861' title='bbox 1172 2509 1193 2531; x_wconf 88' lang='lat' dir='ltr'>q.</span> <span class='ocrx_word' id='word_1_862' title='bbox 1212 2503 1239 2529; x_wconf 78' lang='lat'>2;</span> <span class='ocrx_word' id='word_1_863' title='bbox 1256 2509 1278 2530; x_wconf 91' lang='lat' dir='ltr'>p.</span> <span class='ocrx_word' id='word_1_864' title='bbox 1297 2503 1320 2525; x_wconf 91' lang='lat' dir='ltr'>ll.</span> <span class='ocrx_word' id='word_1_865' title='bbox 1337 2509 1358 2525; x_wconf 83' lang='lat' dir='ltr'>a.</span> <span class='ocrx_word' id='word_1_866' title='bbox 1376 2503 1396 2524; x_wconf 79' lang='lat'>2.</span> <span class='ocrx_word' id='word_1_867' title='bbox 1414 2509 1437 2531; x_wconf 84' lang='lat' dir='ltr'>q.</span> <span class='ocrx_word' id='word_1_868' title='bbox 1455 2503 1475 2524; x_wconf 81' lang='lat' dir='ltr'>l.</span> <span class='ocrx_word' id='word_1_869' title='bbox 1494 2514 1522 2517; x_wconf 83' lang='lat'>—-</span> <span class='ocrx_word' id='word_1_870' title='bbox 1540 2503 1614 2529; x_wconf 82' lang='lat' dir='ltr'>Supra</span> <span class='ocrx_word' id='word_1_871' title='bbox 1633 2507 1674 2529; x_wconf 85' lang='lat' dir='ltr'>pro</span> <span class='ocrx_word' id='word_1_872' title='bbox 1692 2506 1776 2523; x_wconf 80' lang='lat' dir='ltr'>carens</span> <span class='ocrx_word' id='word_1_873' title='bbox 1789 2506 1866 2523; x_wconf 78' lang='lat' dir='ltr'>verme</span> 
     </span>
     <span class='ocr_line' id='line_1_109' title="bbox 1020 2538 1866 2570; baseline -0.001 -8"><span class='ocrx_word' id='word_1_874' title='bbox 1020 2540 1065 2562; x_wconf 84' lang='lat' dir='ltr'>AB</span> <span class='ocrx_word' id='word_1_875' title='bbox 1081 2540 1132 2563; x_wconf 86' lang='lat' dir='ltr'>sine</span> <span class='ocrx_word' id='word_1_876' title='bbox 1150 2541 1329 2568; x_wconf 76' lang='lat' dir='ltr'>verme,·i1dem</span> <span class='ocrx_word' id='word_1_877' title='bbox 1354 2544 1526 2570; x_wconf 81' lang='lat' dir='ltr'>prosequuntur</span> <span class='ocrx_word' id='word_1_878' title='bbox 1550 2542 1574 2563; x_wconf 83' lang='lat' dir='ltr'>ut</span> <span class='ocrx_word' id='word_1_879' title='bbox 1597 2539 1621 2562; x_wconf 81' lang='lat' dir='ltr'>in</span> <span class='ocrx_word' id='word_1_880' title='bbox 1644 2545 1700 2562; x_wconf 71' lang='lat' dir='ltr'>vera</span> <span class='ocrx_word' id='word_1_881' title='bbox 1722 2538 1866 2568; x_wconf 76' lang='lat' dir='ltr'>poenitentia</span> 
     </span>
     <span class='ocr_line' id='line_1_110' title="bbox 1021 2578 1660 2608; baseline -0.002 -7"><span class='ocrx_word' id='word_1_882' title='bbox 1021 2585 1075 2602; x_wconf 84' lang='lat' dir='ltr'>cum</span> <span class='ocrx_word' id='word_1_883' title='bbox 1092 2579 1173 2608; x_wconf 66' lang='lat' dir='ltr'>aratia</span> <span class='ocrx_word' id='word_1_884' title='bbox 1189 2579 1322 2607; x_wconf 79' lang='lat' dir='ltr'>discedens,</span> <span class='ocrx_word' id='word_1_885' title='bbox 1339 2586 1393 2603; x_wconf 83' lang='lat' dir='ltr'>cum</span> <span class='ocrx_word' id='word_1_886' title='bbox 1410 2579 1528 2608; x_wconf 72' lang='lat' dir='ltr'>Propheta</span> <span class='ocrx_word' id='word_1_887' title='bbox 1544 2578 1660 2601; x_wconf 71' lang='lat' dir='ltr'>decantes.</span> 
     </span>
    </p>

    <p class='ocr_par' dir='ltr' id='par_1_24' title="bbox 1018 2616 1867 2720">
     <span class='ocr_line' id='line_1_111' title="bbox 1084 2616 1867 2648; baseline -0.003 -7"><span class='ocrx_word' id='word_1_888' title='bbox 1084 2617 1103 2631; x_wconf 79' lang='lat'>¹⁰</span> <span class='ocrx_word' id='word_1_889' title='bbox 1122 2619 1171 2641; x_wconf 80' lang='lat' dir='ltr'>Vat.</span> <span class='ocrx_word' id='word_1_890' title='bbox 1190 2624 1238 2648; x_wconf 83' lang='lat' dir='ltr'>pro</span> <span class='ocrx_word' id='word_1_891' title='bbox 1261 2620 1282 2641; x_wconf 78' lang='lat' dir='ltr'>te</span> <span class='ocrx_word' id='word_1_892' title='bbox 1303 2618 1371 2641; x_wconf 77' lang='lat' dir='ltr'>cruci</span> <span class='ocrx_word' id='word_1_893' title='bbox 1391 2618 1460 2648; x_wconf 58' lang='lat' dir='ltr'>assiri</span> <span class='ocrx_word' id='word_1_894' title='bbox 1474 2621 1553 2640; x_wconf 82' lang='lat' dir='ltr'>contra</span> <span class='ocrx_word' id='word_1_895' title='bbox 1571 2617 1640 2640; x_wconf 74' lang='grc' dir='ltr'>ΑΒΕ</span> <span class='ocrx_word' id='word_1_896' title='bbox 1659 2617 1707 2646; x_wconf 83' lang='lat' dir='ltr'>(sed</span> <span class='ocrx_word' id='word_1_897' title='bbox 1726 2616 1742 2639; x_wconf 94' lang='lat' dir='ltr'>C</span> <span class='ocrx_word' id='word_1_898' title='bbox 1760 2617 1867 2644; x_wconf 78' lang='lat' dir='ltr'>praefigit</span> 
     </span>
     <span class='ocr_line' id='line_1_112' title="bbox 1018 2655 1864 2686; baseline -0.001 -7"><span class='ocrx_word' id='word_1_899' title='bbox 1018 2658 1117 2686; x_wconf 78' lang='lat' dir='ltr'>propter</span> <span class='ocrx_word' id='word_1_900' title='bbox 1134 2658 1171 2685; x_wconf 77' lang='lat' dir='ltr'>te).</span> <span class='ocrx_word' id='word_1_901' title='bbox 1189 2658 1274 2680; x_wconf 84' lang='lat' dir='ltr'>Eadem</span> <span class='ocrx_word' id='word_1_902' title='bbox 1292 2658 1375 2680; x_wconf 82' lang='lat' dir='ltr'>omittit</span> <span class='ocrx_word' id='word_1_903' title='bbox 1392 2657 1443 2680; x_wconf 79' lang='lat' dir='ltr'>dole</span> <span class='ocrx_word' id='word_1_904' title='bbox 1468 2660 1517 2679; x_wconf 89' lang='lat' dir='ltr'>tum</span> <span class='ocrx_word' id='word_1_905' title='bbox 1542 2659 1594 2679; x_wconf 83' lang='lat' dir='ltr'>ante</span> <span class='ocrx_word' id='word_1_906' title='bbox 1618 2655 1791 2683; x_wconf 77' lang='lat' dir='ltr'>vehementius,</span> <span class='ocrx_word' id='word_1_907' title='bbox 1816 2659 1864 2678; x_wconf 90' lang='lat' dir='ltr'>tum</span> 
     </span>
     <span class='ocr_line' id='line_1_113' title="bbox 1021 2696 1296 2720; baseline 0.004 -2"><span class='ocrx_word' id='word_1_908' title='bbox 1021 2699 1073 2718; x_wconf 86' lang='lat' dir='ltr'>ante</span> <span class='ocrx_word' id='word_1_909' title='bbox 1091 2696 1296 2720; x_wconf 67' lang='lat' dir='ltr'>vehementissime.</span> 
     </span>
    </p>

    <p class='ocr_par' dir='ltr' id='par_1_25' title="bbox 1019 2735 1866 2881">
     <span class='ocr_line' id='line_1_114' title="bbox 1083 2735 1866 2764; baseline -0.001 -6"><span class='ocrx_word' id='word_1_910' title='bbox 1083 2735 1102 2748; x_wconf 84' lang='lat'>¹¹</span> <span class='ocrx_word' id='word_1_911' title='bbox 1121 2737 1159 2758; x_wconf 85' lang='lat' dir='ltr'>ter.</span> <span class='ocrx_word' id='word_1_912' title='bbox 1178 2737 1204 2764; x_wconf 75' lang='lat'>6,</span> <span class='ocrx_word' id='word_1_913' title='bbox 1222 2737 1264 2764; x_wconf 79' lang='lat'>‘26;</span> <span class='ocrx_word' id='word_1_914' title='bbox 1282 2736 1366 2759; x_wconf 72' lang='lat' dir='ltr'>deinde</span> <span class='ocrx_word' id='word_1_915' title='bbox 1384 2736 1469 2758; x_wconf 80' lang='lat' dir='ltr'>Thren.</span> <span class='ocrx_word' id='word_1_916' title='bbox 1486 2736 1512 2763; x_wconf 78' lang='lat'>2,</span> <span class='ocrx_word' id='word_1_917' title='bbox 1532 2736 1568 2757; x_wconf 84' lang='grc'>18.</span> <span class='ocrx_word' id='word_1_918' title='bbox 1585 2735 1648 2763; x_wconf 75' lang='lat' dir='ltr'>Vat.,</span> <span class='ocrx_word' id='word_1_919' title='bbox 1665 2735 1772 2757; x_wconf 87' lang='lat' dir='ltr'>omittens</span> <span class='ocrx_word' id='word_1_920' title='bbox 1793 2740 1866 2764; x_wconf 79' lang='lat' dir='ltr'>neque</span> 
     </span>
     <span class='ocr_line' id='line_1_115' title="bbox 1020 2774 1864 2805; baseline -0.002 -7"><span class='ocrx_word' id='word_1_921' title='bbox 1020 2777 1097 2799; x_wconf 82' lang='lat' dir='ltr'>taceat</span> <span class='ocrx_word' id='word_1_922' title='bbox 1109 2775 1204 2805; x_wconf 78' lang='lat' dir='ltr'>pupilla</span> <span class='ocrx_word' id='word_1_923' title='bbox 1221 2775 1286 2799; x_wconf 77' lang='lat' dir='ltr'>oculi</span> <span class='ocrx_word' id='word_1_924' title='bbox 1302 2775 1348 2803; x_wconf 83' lang='lat' dir='ltr'>tui,</span> <span class='ocrx_word' id='word_1_925' title='bbox 1367 2775 1431 2803; x_wconf 89' lang='lat' dir='ltr'>ponit</span> <span class='ocrx_word' id='word_1_926' title='bbox 1446 2781 1489 2797; x_wconf 81' lang='lat' dir='ltr'>nec</span> <span class='ocrx_word' id='word_1_927' title='bbox 1505 2781 1617 2798; x_wconf 84' lang='lat' dir='ltr'>somnum</span> <span class='ocrx_word' id='word_1_928' title='bbox 1633 2774 1708 2798; x_wconf 74' lang='lat' dir='ltr'>oculis</span> <span class='ocrx_word' id='word_1_929' title='bbox 1725 2774 1772 2797; x_wconf 82' lang='lat' dir='ltr'>tuis</span> <span class='ocrx_word' id='word_1_930' title='bbox 1788 2774 1864 2803; x_wconf 74' lang='lat' dir='ltr'>[Prov.</span> 
     </span>
     <span class='ocr_line' id='line_1_116' title="bbox 1020 2813 1865 2844; baseline -0.001 -8"><span class='ocrx_word' id='word_1_931' title='bbox 1020 2815 1046 2842; x_wconf 83' lang='lat'>6,</span> <span class='ocrx_word' id='word_1_932' title='bbox 1065 2814 1106 2844; x_wconf 71' lang='lat'>4.].</span> <span class='ocrx_word' id='word_1_933' title='bbox 1121 2826 1153 2831; x_wconf 51' lang='grc' dir='ltr'>-η</span> <span class='ocrx_word' id='word_1_934' title='bbox 1170 2815 1254 2837; x_wconf 80' lang='lat' dir='ltr'>Eadem</span> <span class='ocrx_word' id='word_1_935' title='bbox 1272 2820 1342 2842; x_wconf 81' lang='lat' dir='ltr'>snpra</span> <span class='ocrx_word' id='word_1_936' title='bbox 1360 2814 1429 2836; x_wconf 81' lang='lat' dir='ltr'>habet</span> <span class='ocrx_word' id='word_1_937' title='bbox 1445 2813 1584 2837; x_wconf 76' lang='lat' dir='ltr'>universum</span> <span class='ocrx_word' id='word_1_938' title='bbox 1604 2813 1730 2837; x_wconf 80' lang='lat' dir='ltr'>debilitasti</span> <span class='ocrx_word' id='word_1_939' title='bbox 1750 2820 1792 2842; x_wconf 89' lang='lat' dir='ltr'>pro</span> <span class='ocrx_word' id='word_1_940' title='bbox 1815 2813 1865 2836; x_wconf 84' lang='lat' dir='ltr'>uni-</span> 
     </span>
     <span class='ocr_line' id='line_1_117' title="bbox 1019 2851 1712 2881; baseline -0.001 -5"><span class='ocrx_word' id='word_1_941' title='bbox 1019 2859 1116 2877; x_wconf 62' lang='lat' dir='ltr'>‘uersum</span> <span class='ocrx_word' id='word_1_942' title='bbox 1133 2853 1303 2881; x_wconf 80' lang='lat' dir='ltr'>dehonestasti,</span> <span class='ocrx_word' id='word_1_943' title='bbox 1321 2853 1364 2876; x_wconf 83' lang='lat' dir='ltr'>AB</span> <span class='ocrx_word' id='word_1_944' title='bbox 1381 2853 1471 2876; x_wconf 81' lang='lat' dir='ltr'>abusus</span> <span class='ocrx_word' id='word_1_945' title='bbox 1488 2859 1511 2876; x_wconf 84' lang='lat' dir='ltr'>es</span> <span class='ocrx_word' id='word_1_946' title='bbox 1529 2859 1571 2881; x_wconf 87' lang='lat' dir='ltr'>pro</span> <span class='ocrx_word' id='word_1_947' title='bbox 1588 2851 1664 2876; x_wconf 81' lang='lat' dir='ltr'>abusa</span> <span class='ocrx_word' id='word_1_948' title='bbox 1681 2859 1712 2876; x_wconf 86' lang='lat' dir='ltr'>es.</span> 
     </span>
    </p>

    <p class='ocr_par' dir='ltr' id='par_1_26' title="bbox 1017 2891 1865 3038">
     <span class='ocr_line' id='line_1_118' title="bbox 1082 2891 1864 2921; baseline -0.001 -6"><span class='ocrx_word' id='word_1_949' title='bbox 1082 2892 1101 2906; x_wconf 81' lang='lat'>¹²</span> <span class='ocrx_word' id='word_1_950' title='bbox 1119 2894 1150 2916; x_wconf 83' lang='lat' dir='ltr'>tta</span> <span class='ocrx_word' id='word_1_951' title='bbox 1167 2893 1196 2920; x_wconf 89' lang='lat' dir='ltr'>C;</span> <span class='ocrx_word' id='word_1_952' title='bbox 1214 2893 1265 2915; x_wconf 85' lang='lat' dir='ltr'>Vat.</span> <span class='ocrx_word' id='word_1_953' title='bbox 1286 2892 1369 2915; x_wconf 81' lang='lat' dir='ltr'>omittit</span> <span class='ocrx_word' id='word_1_954' title='bbox 1391 2892 1506 2921; x_wconf 81' lang='lat' dir='ltr'>flamma‚·</span> <span class='ocrx_word' id='word_1_955' title='bbox 1523 2892 1566 2915; x_wconf 89' lang='lat' dir='ltr'>AB</span> <span class='ocrx_word' id='word_1_956' title='bbox 1589 2893 1669 2920; x_wconf 85' lang='lat' dir='ltr'>legunt</span> <span class='ocrx_word' id='word_1_957' title='bbox 1685 2891 1760 2915; x_wconf 84' lang='lat' dir='ltr'>diuini</span> <span class='ocrx_word' id='word_1_958' title='bbox 1774 2891 1864 2914; x_wconf 75' lang='lat' dir='ltr'>autoris</span> 
     </span>
     <span class='ocr_line' id='line_1_119' title="bbox 1018 2930 1865 2961; baseline -0.002 -7"><span class='ocrx_word' id='word_1_959' title='bbox 1018 2932 1143 2961; x_wconf 79' lang='lat' dir='ltr'>flammam</span> <span class='ocrx_word' id='word_1_960' title='bbox 1159 2931 1323 2955; x_wconf 76' lang='lat' dir='ltr'>ascendentem</span> <span class='ocrx_word' id='word_1_961' title='bbox 1342 2931 1367 2960; x_wconf 87' lang='lat' dir='ltr'>[B</span> <span class='ocrx_word' id='word_1_962' title='bbox 1385 2930 1598 2961; x_wconf 80' lang='lat' dir='ltr'>conscendentem],</span> <span class='ocrx_word' id='word_1_963' title='bbox 1617 2930 1680 2960; x_wconf 82' lang='lat' dir='ltr'>quod</span> <span class='ocrx_word' id='word_1_964' title='bbox 1690 2932 1711 2954; x_wconf 87' lang='lat' dir='ltr'>te</span> <span class='ocrx_word' id='word_1_965' title='bbox 1723 2933 1765 2953; x_wconf 86' lang='lat' dir='ltr'>etc.</span> <span class='ocrx_word' id='word_1_966' title='bbox 1778 2930 1865 2952; x_wconf 84' lang='lat' dir='ltr'>Deinde</span> 
     </span>
     <span class='ocr_line' id='line_1_120' title="bbox 1019 2968 1865 3000; baseline -0.002 -7"><span class='ocrx_word' id='word_1_967' title='bbox 1019 2974 1096 2993; x_wconf 85' lang='lat' dir='ltr'>contra</span> <span class='ocrx_word' id='word_1_968' title='bbox 1114 2972 1131 2993; x_wconf 86' lang='grc' dir='ltr'>Α</span> <span class='ocrx_word' id='word_1_969' title='bbox 1142 2970 1209 2994; x_wconf 89' lang='lat' dir='ltr'>BCF</span> <span class='ocrx_word' id='word_1_970' title='bbox 1228 2971 1277 2994; x_wconf 81' lang='lat' dir='ltr'>Vat.</span> <span class='ocrx_word' id='word_1_971' title='bbox 1295 2971 1378 2993; x_wconf 85' lang='lat' dir='ltr'>omittit</span> <span class='ocrx_word' id='word_1_972' title='bbox 1394 2972 1443 2993; x_wconf 87' lang='lat' dir='ltr'>tam</span> <span class='ocrx_word' id='word_1_973' title='bbox 1461 2973 1513 2993; x_wconf 84' lang='lat' dir='ltr'>ante</span> <span class='ocrx_word' id='word_1_974' title='bbox 1530 2970 1706 3000; x_wconf 56' lang='lat' dir='ltr'>(annuntiatur,</span> <span class='ocrx_word' id='word_1_975' title='bbox 1725 2973 1747 2992; x_wconf 83' lang='lat' dir='ltr'>et</span> <span class='ocrx_word' id='word_1_976' title='bbox 1761 2972 1812 2992; x_wconf 80' lang='lat' dir='ltr'>ante</span> <span class='ocrx_word' id='word_1_977' title='bbox 1824 2968 1865 2991; x_wconf 86' lang='lat' dir='ltr'>mi-</span> 
     </span>
     <span class='ocr_line' id='line_1_121' title="bbox 1017 3009 1473 3038; baseline 0 -6"><span class='ocrx_word' id='word_1_978' title='bbox 1017 3009 1169 3033; x_wconf 64' lang='lat' dir='ltr'>sericorditer</span> <span class='ocrx_word' id='word_1_979' title='bbox 1186 3016 1228 3038; x_wconf 87' lang='lat' dir='ltr'>pro</span> <span class='ocrx_word' id='word_1_980' title='bbox 1245 3009 1428 3033; x_wconf 81' lang='lat' dir='ltr'>tamsubstitnit</span> <span class='ocrx_word' id='word_1_981' title='bbox 1444 3011 1473 3033; x_wconf 84' lang='lat' dir='ltr'>et.</span> 
     </span>
    </p>
   </div>
   <div class='ocr_carea' id='block_1_9' title="bbox 1745 3058 1769 3079">
    <p class='ocr_par' dir='ltr' id='par_1_27' title="bbox 1745 3058 1769 3079">
     <span class='ocr_line' id='line_1_122' title="bbox 1745 3058 1769 3079; baseline 0 0"><span class='ocrx_word' id='word_1_982' title='bbox 1745 3058 1769 3079; x_wconf 84' lang='grc'>17</span> 
     </span>
    </p>
   </div>
  </div>
 </body>
</html>
