2133 3317
272 220 349 249 CVIII

272 298 406 322 inauditam
424 298 459 327 (ut
475 298 575 321 editores
592 298 674 320 Veneti
692 297 819 326 dixerunt),
837 297 878 319 sed
899 296 1031 325 significare
1053 302 1124 325 quan-

272 346 327 368 dam
345 345 442 368 herbam
454 345 583 371 medicam,
595 350 669 372 quae,
681 344 740 366 sicut
752 343 815 371 apud
827 342 924 365 PlinIum
939 342 1031 371 (XXIV.
1043 349 1062 365 c.
1077 343 1122 371 16.)

273 392 437 415 dracunculus
455 391 547 418 (licitur,
564 390 627 419 apud
646 390 759 412 Isidorum
778 390 856 417 (XVII.
874 389 971 417 Etymol.
989 394 1009 411 c.
1026 388 1124 418 9.)d1-a-

273 441 367 467 contea,
385 442 407 461 et
424 439 487 466 apud
505 438 599 466 Papiam
616 437 763 464 draconem,
789 436 819 458 ita
841 436 921 459 vocari
944 436 1018 464 potuit
1040 435 1123 458 draco-

272 486 343 514 m'na,
362 492 374 508 a
392 488 459 514 poeta
475 484 619 513 praesertim.
637 485 691 506 Earn
709 484 904 512 pharmacopolae
926 486 978 511 post
1000 483 1124 511 Apuleium

274 533 317 562 (De
333 533 419 555 virtute
442 531 580 559 herbarum,
598 537 618 553 c.
636 530 667 560 ὅ.)
690 530 864 560 serpentariam
890 530 1006 558 appellant
1028 532 1073 552 ete.
1094 541 1124 545 —

273 580 303 602 Ex
321 581 432 608 sequente
450 578 544 600 elencho
563 577 591 599 15
609 577 716 600 codicum
735 579 808 605 patet,
826 577 885 599 duos
903 579 991 598 tantum
1012 576 1042 598 ad
1064 582 1126 598 saec.

275 626 335 649 XIV.
352 626 475 654 pertinere,
492 628 514 647 et
531 626 573 647 hos
591 631 638 647 non
655 624 741 647 habere
762 630 849 647 nomen
870 624 984 650 auctoris,
1001 623 1058 645 allos
1075 629 1126 645 esse

274 673 415 701 posteriores
422 681 427 700 3
444 673 504 694 inter
522 673 564 694 hos
582 674 670 694 tantum
687 672 791 701 quatuor
809 677 902 693 carmen
926 669 1029 693 tribuunt
1051 670 1126 692 Bona—

274 723 392 742 venturae.

557 811 694 841 Elenchus
714 810 845 841 codicum.

341 909 361 930 l.
378 907 513 936 Bruarellls,
532 906 670 930 bibliotheca
688 907 772 935 Regia,
800 907 894 929 Ἰ15003-
906 905 941 928 48.
968 906 1040 928 chart.
1066 910 1127 927 saec.

276 956 326 978 XV.
347 955 464 979 Ordinato
480 961 523 985 per
539 956 651 978 sanctum
668 955 871 977 Bouaoeuluram.
888 966 918 969 -
936 954 957 975 2.
971 952 1083 980 Londz'ni,
1096 951 1127 974 bi-

277 1002 390 1026 bliotheca
408 1002 507 1030 Musaei,
525 1002 611 1024 collect.
628 1001 738 1023 Arundel.
752 1001 805 1023 341.
817 999 917 1022 membr.
929 1006 990 1022 saec.
1002 999 1054 1022 XV.
1067 1000 1128 1022 Ano-

275 1057 340 1081 uym.
358 1063 389 1067 —
407 1051 427 1073 3.
447 1049 571 1080 Luqdum',
589 1049 728 1072 bibliotheca
741 1047 913 1074 Communalis,
927 1047 979 1069 161.
991 1046 1045 1069 anni
1062 1046 1126 1068 1394.

276 1100 394 1127 Auonym.
412 1110 442 1113 —
460 1097 481 1119 4.
499 1096 608 1124 Mellioii,
632 1095 770 1118 bibliotheca
793 1094 936 1121 Mouasaerst,
953 1094 977 1116 E.
996 1093 1034 1116 42.
1055 1094 1127 1116 chart.

276 1152 335 1168 saec.
355 1145 405 1168 XV.
428 1145 546 1174 Auonym.
568 1156 600 1160 —
625 1144 646 1166 5.
669 1142 817 1172 Meinz'nyeu,
841 1142 979 1164 bibliotheca
1003 1141 1127 1169 Principis,

276 1194 301 1215 II.
317 1193 354 1215 lat.
377 1193 394 1214 I.
412 1192 434 1213 in
454 1191 475 1214 4.
487 1197 606 1219 progress.
619 1191 655 1212 13.
667 1191 739 1212 chart.
751 1196 812 1212 saeC.
825 1190 876 1212 XV.
888 1189 996 1211 ineuntis.
1009 1189 1127 1217 Anouym.

276 1252 307 1256 —
324 1240 346 1261 6.
364 1238 497 1265 Monaclu'z',
515 1238 654 1260 bibliotheca
667 1237 752 1265 Regia,
765 1237 834 1259 3661.
847 1237 919 1258 chart.
931 1241 990 1258 saec.
1005 1234 1056 1257 XV.
1068 1235 1129 1257 Avo-

276 1292 342 1316 nym.
359 1298 391 1302 —
407 1286 429 1307 7.
447 1284 548 1313 Ibidem,
566 1284 634 1307 3702.
657 1285 730 1307 chart.
751 1284 804 1305 anni
832 1282 900 1305 1469.
923 1283 1041 1311 Anonym.
1058 1293 1089 1297 —-
1106 1280 1128 1302 8.

277 1332 377 1360 Ibidem,
396 1332 450 1355 908.
468 1333 540 1354 chart.
557 1337 618 1354 saec.
634 1331 684 1353 XV.
699 1331 810 1353 exeuntis.
822 1330 941 1359 Auonym.
952 1340 982 1344 —-
994 1328 1017 1349 9.
1029 1326 1128 1353 Ibidem,

278 1379 363 1402 10548.
375 1380 448 1401 chart.
459 1385 520 1401 saec.
532 1379 593 1401 XIV.
606 1379 723 1408 Anonymi.
736 1389 767 1393 —
780 1377 817 1398 10.
829 1375 924 1403 IbI‘cIem,
935 1374 1020 1397 114343.
1029 1371 1129 1395 membr.

277 1434 338 1450 saec.
356 1427 417 1449 XIV.
434 1428 552 1456 Ananym.
571 1438 600 1441 —
622 1426 655 1447 ll.
678 1424 791 1451 carisio,
815 1423 954 1446 bibliotheca
977 1421 1129 1446 Mazzarinea,

278 1475 331 1497 902.
349 1476 422 1497 chart.
438 1480 498 1497 saec.
516 1474 575 1496 XVI.
593 1473 699 1495 ineuntis.
718 1471 836 1495 Ordinato
855 1477 900 1501 per
921 1471 1033 1493 sanctum
1055 1468 1131 1492 docto-

278 1528 329 1545 rem
351 1520 503 1551 seraphicum
529 1521 731 1544 Bonaeenturam.
749 1531 780 1535 -
801 1519 835 1541 12.
852 1517 965 1547 Pelplon',
992 1516 1130 1539 bIbIIOtheca

279 1569 415 1596 Seminarh,
433 1569 463 1590 V.
479 1569 508 1590 Ii.
526 1574 547 1590 a.
565 1569 586 1590 8.
605 1567 700 1589 miscell.
716 1572 776 1589 saec.
795 1566 846 1588 XV.
864 1567 983 1595 Anonym.
996 1576 1027 1580 -—
1040 1564 1076 1585 13.
1089 1563 1132 1586 Sa-

280 1617 393 1647 Iisburgyz',
420 1616 557 1639 bibliotheca
584 1615 713 1638 ttIonasterii
739 1614 811 1637 sancti
838 1614 908 1640 Petri,
926 1613 950 1635 b.
969 1613 981 1635 Ι.
1001 1612 1039 1634 20.
1057 1613 1130 1634 chart.

280 1671 340 1688 saec.
358 1665 409 1688 XV.
427 1664 538 1687 exeuntis.
557 1662 675 1686 ommam
688 1668 734 1692 per
751 1663 863 1685 sanctum
880 1661 1085 1684 Bonavevtzoom.
1101 1671 1132 1675 —

281 1712 318 1735 44.
335 1712 419 1736 Sauclz'
437 1711 515 1740 Galli,
534 1710 674 1733 bibliotheca
692 1709 833 1737 monasterii,
847 1708 900 1731 482.
913 1709 986 1730 chart.
997 1707 1050 1729 anni
1066 1706 1132 1729 1475.

280 1761 398 1790 Auonym.
417 1772 446 1775 —
466 1759 502 1781 Ἰ15.
525 1757 705 1785 Wratz'slaviae,
723 1756 863 1779 bibli0theca
880 1755 1054 1783 universitatis,
1067 1754 1133 1776 class.

281 1809 296 1830 I.
314 1808 351 1830 35.
369 1808 441 1829 chart.
459 1812 519 1829 saec.
538 1805 589 1828 XV.
608 1805 715 1827 ineuntis.
736 1804 854 1828 Ordinato
868 1809 912 1833 per
930 1803 1041 1826 sanctum
1059 1801 1133 1824 Bona-

280 1855 414 1877 venturam.

344 1901 412 1924 Num.
424 1901 460 1923 IV.
474 1901 537 1923 Laus
549 1900 576 1923 Β.
592 1899 695 1929 Virqinis
707 1898 800 1922 Mariae
813 1898 874 1927 (Vat.
887 1902 943 1920 tom.
956 1897 994 1919 Vl.
1005 1902 1059 1925 pag.
1071 1895 1133 1924 491).

345 1948 437 1976 Incipit:
457 1956 468 1967 tt
480 1951 529 1970 Ave
546 1947 643 1969 caeleste
654 1946 734 1974 lilium,
746 1959 776 1961 —
788 1946 837 1968 Ave
849 1951 902 1968 rosa
913 1944 1018 1972 speci0sa
1026 1961 1031 1971 ,
1042 1955 1074 1959 —
1086 1944 1134 1965 Ave

282 1999 355 2018 mater
368 1995 503 2022 humilium,
513 2007 545 2011 —
557 1994 652 2022 Superis
664 1993 797 2022 imperiosa,
811 2005 841 2008 —
854 1992 946 2014 Deitatis
958 1991 1092 2018 triclinium,
1104 2002 1135 2006 —

282 2043 329 2065 Hac
342 2042 364 2064 in
376 2042 434 2064 valle
446 2042 601 2069 lacrymarum
612 2054 643 2057 —
656 2041 688 2063 Da
701 2039 780 2068 robur,
793 2040 825 2062 Ier
837 2039 959 2067 auxilium,
974 2051 1002 2054 -
1013 2037 1031 2060 Ο
1044 2042 1136 2060 excusa-

282 2090 324 2112 trix
337 2090 458 2117 culparum
468 2098 489 2110 n.
502 2088 621 2112 Canticum
634 2089 678 2110 hoc
690 2087 720 2110 ad
732 2087 835 2115 singulas
847 2086 931 2109 litteras
944 2085 1090 2108 salutationis
1098 2090 1136 2106 an-

285 2137 371 2165 gelicae
387 2137 468 2160 laudes
485 2136 574 2159 octonis
591 2134 698 2157 versibus
715 2134 811 2157 adhibet
827 2137 848 2156 et
861 2140 887 2156 ex
899 2139 962 2156 sacra
976 2133 1093 2160 Scriptura
1106 2132 1134 2154 19

284 2186 372 2213 figuras
389 2185 417 2207 ad
430 2184 455 2206 Β.
468 2183 561 2206 Mariam
574 2183 682 2211 applicat.
693 2182 751 2205 Cum
764 2181 856 2204 OudIno
868 2184 890 2203 et
902 2179 1030 2203 ediloribus
1042 2179 1136 2202 Venetis

286 2232 353 2260 (loce.
370 2231 426 2260 citt.)
445 2231 515 2253 etiam
533 2229 641 2252 Sbaralea
660 2230 712 2257 (loc.
729 2229 766 2251 cit.
783 2235 837 2257 pag.
851 2228 895 2250 159
909 2228 951 2251 col.
964 2227 999 2256 ll.)
1015 2227 1070 2249 illud
1087 2232 1137 2254 gra-

286 2279 381 2302 vissime
398 2281 506 2300 censurat
523 2280 547 2300 ut
563 2285 573 2297 ‹1
586 2276 690 2299 eiusdem
710 2276 795 2298 farinae
812 2279 835 2298 et
852 2276 926 2298 forsan
944 2274 1048 2297 eiusdem
1062 2276 1138 2296 aucto-

285 2327 316 2349 ris
328 2325 394 2356 [cum
407 2324 572 2354 praecedente]
582 2333 593 2344 n
613 2327 635 2346 et
647 2324 676 2346 de
688 2323 830 2352 quibusdam
843 2322 967 2351 phrasibus
979 2322 1045 2349 dIcit,
1060 2330 1071 2342 α
1081 2322 1137 2343 haec

285 2376 339 2396 sunt
355 2372 451 2401 puerilia
469 2375 491 2394 et
503 2372 597 2394 doctore
609 2371 703 2399 indigna
715 2376 897 2399 quocumque».
910 2369 995 2392 Bonelli
1008 2375 1064 2391 vero
1077 2369 1138 2397 (Pro-

286 2419 363 2442 drom.
379 2419 422 2441 col.
440 2418 496 2447 661)
514 2418 592 2440 mitius
609 2418 638 2440 de
656 2417 739 2440 eodem
762 2417 860 2444 iudicat,
881 2426 892 2437 α
904 2419 930 2439 ut
954 2416 1029 2444 ipsam
1055 2415 1138 2438 devote

286 2465 417 2494 legentibus
435 2466 559 2488 Doctorem
576 2465 724 2493 seraphicum
742 2464 856 2486 dedecere
873 2470 920 2486 non
943 2463 1049 2486 videatur
1059 2471 1080 2484 n.
1098 2463 1139 2485 Re-

287 2520 343 2536 vera
361 2514 418 2536 inter
436 2514 533 2541 phrases
549 2512 640 2540 ineptas
658 2511 772 2534 habentur
789 2511 857 2533 etiam
876 2511 953 2539 plures
970 2516 1016 2533 non
1028 2516 1139 2538 spernen-

288 2561 331 2583 dae
343 2560 477 2583 sententiae.
489 2561 595 2582 Attamen
607 2559 746 2587 opusculum
764 2564 809 2581 non
826 2558 886 2586 sapit
898 2558 1084 2580 Bonaventuram
1097 2562 1139 2579 nec

288 2608 334 2630 ullo
351 2607 480 2630 testimonio
498 2607 565 2629 firmo
582 2606 713 2629 roboratur.

351 2655 449 2677 Unicum
467 2654 571 2677 codicem
589 2654 740 2677 receutIOrem
757 2654 839 2676 afferre
856 2659 994 2681 possumus,
1012 2653 1053 2681 qui
1071 2652 1139 2674 etiam

289 2702 404 2725 cantiCum
421 2701 525 2724 attribuit
542 2702 728 2724 Bonaventurae.

566 2794 653 2818 Unicus
671 2794 740 2818 codex
756 2793 866 2825 opusculi.

355 2890 376 2912 I.
393 2888 544 2918 Salisburyz‘,
563 2888 700 2911 bibliotheca
718 2889 846 2911 monasterii
865 2889 936 2911 sancti
952 2888 1025 2917 Petri,
1038 2887 1061 2910 b.
1074 2889 1088 2910 l.
1102 2888 1139 2910 20.

291 2938 363 2960 chart.
380 2943 440 2960 saec.
457 2937 510 2959 XV.
526 2937 637 2959 exeuntis.
653 2936 746 2960 Bletata
758 2943 772 2959 a
784 2938 866 2960 saneto
880 2937 1049 2959 Bonaventura
1061 2941 1142 2958 secun-

291 2983 349 3007 dum
367 2983 458 3007 litteras
476 2983 628 3007 salutationis
646 2983 756 3013 Anqelz'ce
773 2986 815 3005 etc.
834 2983 870 3005 Sic
888 2983 986 3011 scriptor
1005 2983 1099 3005 codIcis.

982 217 1225 247 PROLEGOMENA
1246 219 1274 247 C.
1298 219 1337 247 III.

1244 297 1312 320 Num.
1330 297 1358 319 V.
1376 296 1521 319 Psallerium
1538 296 1618 320 minus
1636 297 1697 326 (Vat.
1715 300 1771 319 tom.
1790 297 1825 319 VI.
1843 304 1896 325 pag.
1917 297 1980 327 497).

1246 344 1338 371 Incipit:
1358 352 1369 363 ε(
1382 343 1431 366 Ave
1456 343 1543 372 Virgo,
1569 343 1629 366 vitae
1655 344 1744 371 lignum
1756 352 1778 366 ».
1796 343 1940 372 Opusculum
1959 344 2028 367 habet

1181 394 1226 414 tres
1251 391 1429 420 quinquagenas
1448 392 1596 419 stropharum
1620 397 1673 413 cum
1697 391 1710 413 4
1733 390 1841 413 versibus
1864 391 1925 413 iuxta
1951 397 2029 414 nume·

1180 445 1233 461 rum
1254 439 1295 461 150
1313 439 1465 461 Psalmorum.
1481 439 1639 467 Unaquaeque
1656 439 1750 466 stropha
1769 438 1848 466 incipit
1864 444 1923 460 voce
1939 440 1987 461 Ave
1999 438 2028 461 ad

1183 486 1303 514 Virginem
1321 489 1342 508 et
1359 486 1460 508 eontinet
1476 485 1595 514 quandam
1613 485 1747 508 allusionem
1774 485 1802 508 ad
1820 486 1922 514 aliquam
1941 488 2029 508 senten-

1181 534 1249 560 tiam,
1267 533 1369 562 quaein
1394 533 1485 555 Psalmo
1510 532 1615 555 eiusdem
1639 533 1729 555 numeri
1754 533 1898 560 exprimitur.
1922 532 2029 555 Sbaralea

1182 579 1235 608 (loc.
1251 581 1288 602 cit.
1307 586 1361 608 pag.
1383 579 1424 601 159
1450 579 1493 601 ςο1.
1513 578 1546 607 ll.)
1572 584 1626 601 cum
1643 577 1734 600 OudIno
1752 581 1774 600 et
1791 577 1919 600 editoribus
1936 577 2030 600 Venetis

1182 627 1321 654 opusculum
1339 627 1383 648 hoc
1408 625 1518 653 reprobat
1535 625 1570 647 his
1588 624 1679 647 verbis:
1699 633 1711 644 α
1723 624 1871 652 Quamquam
1888 630 1935 646 non
1952 623 1981 646 sit
2000 623 2030 646 ita

1182 673 1304 696 sordidum
1323 676 1346 695 ut
1363 673 1411 695 duo
1429 672 1549 700 superiora
1575 671 1699 700 opuscula,
1721 670 1791 693 habet
1807 674 1883 693 tamen
1901 677 1943 693 sua
1968 670 2030 699 vitia,

1182 727 1243 750 quae
1268 721 1444 743 Bonaventurae
1461 726 1508 742 non
1526 719 1650 741 convenire
1672 719 1845 741 demonstrant:
1871 719 1918 741 Ave
1948 717 2030 747 Virgo,

1183 774 1244 797 quae
1270 767 1368 790 laetaris
1384 779 1416 783 —
1441 766 1471 789 Et
1495 765 1621 789 ewsultans
1646 765 1774 795 gloriaris,
1799 777 1831 781 —
1857 765 1889 788 De
1913 764 2031 787 virtulum

1183 816 1215 838 tol
1233 814 1360 844 unquentis
1378 827 1409 830 —
1426 815 1453 837 In
1470 813 1543 837 cubili
1559 814 1613 836 luae.
1639 812 1731 836 mentis.
1749 825 1780 829 -
1797 813 1844 835 Ave
1860 811 1927 835 sidus
1943 810 2032 841 princi-

1180 861 1244 892 pale,
1262 874 1293 878 —
1310 861 1380 885 Alma
1406 861 1449 884 Dei
1472 861 1564 888 Mater,
1590 859 1642 883 vale
1667 871 1698 876 -
1723 860 1751 882 In
1776 860 1901 882 aeternum
1925 859 2032 881 aeterno-

1183 915 1240 932 rum
1258 922 1286 925 —
1304 908 1381 938 Diana
1399 914 1457 931 sono
1475 907 1649 938 cymbalorum.
1667 919 1698 923 —
1719 908 1767 929 Ave
1796 905 1868 935 Virgo
1891 907 1913 929 et
1935 905 2031 933 laetare,

1183 968 1214 972 —
1234 956 1263 979 Te.
1280 955 1304 978 in
1322 954 1392 978 caelis
1410 954 1538 984 imperare,
1555 966 1586 970 —
1604 953 1666 977 Gens
1683 954 1705 976 et
1722 952 1805 982 lmyua
1822 951 1899 975 omnis
1915 951 1983 980 sciat,
2003 963 2034 967 ——

1184 1003 1212 1026 In
1228 1004 1353 1026 aeternum
1369 1002 1425 1032 liat,
1442 1002 1493 1031 fiat.
1513 1014 1542 1016 —
1559 1001 1607 1024 Ave
1634 1000 1719 1029 νίν-90,
1747 999 1795 1022 caes
1812 999 1884 1028 festa,
1902 1011 1933 1015 —
1950 998 1996 1021 Per
2013 999 2034 1021 te

1183 1050 1262 1074 salver
1280 1056 1295 1073 α
1311 1049 1411 1073 molesta.
1428 1061 1458 1065 —-
1476 1049 1632 1078 Paupertate,
1647 1054 1695 1077 quav
1707 1046 1803 1074 laboro,
1815 1058 1846 1063 -
1857 1046 1934 1069 Mater
1946 1044 2034 1075 absque

1184 1097 1231 1121 *viri
1248 1099 1308 1120 toro.
1327 1098 1368 1120 Ista
1386 1103 1442 1119 sane
1459 1102 1505 1119 non
1516 1096 1573 1119 dixit
1590 1096 1612 1118 S.
1630 1096 1726 1123 Doctor,
1741 1094 1780 1123 qui
1798 1094 1856 1116 adeo
1873 1096 2033 1122 paupertatem

1185 1151 1264 1167 amore
1282 1144 1467 1173 prosequebatur
1489 1146 1512 1166 et
1534 1143 1645 1165 encomiis
1663 1148 1738 1171 neque
1756 1142 1785 1164 (le
1803 1142 1841 1164 illa
1858 1146 1962 1169 unquam
1979 1146 2034 1163 con-

1186 1192 1334 1222 querebatur.
1352 1192 1438 1214 Forsan
1456 1192 1499 1213 hoc
1516 1191 1656 1219 opusculum
1669 1190 1730 1213 idem
1744 1193 1777 1212 est
1789 1195 1842 1212 cum
1857 1188 1971 1212 Psaltm‘io
1983 1184 2043 1211 Ma-¹

1186 1239 1249 1267 riae,
1267 1238 1331 1268 quod
1349 1238 1453 1260 condidit
1469 1238 1521 1260 Otto
1538 1237 1711 1265 Ochburgensis
1723 1238 1827 1264 Suevos,
1843 1236 1967 1264 episcopus
1979 1234 2035 1258 Con-

1186 1286 1316 1309 stantiensis
1333 1292 1370 1308 an.
1389 1285 1444 1307 Ἰ1411
1467 1285 1552 1307 electus
1577 1287 1600 1307 et
1621 1284 1699 1306 Frater
1717 1283 1821 1305 lilinorita
1837 1286 1860 1305 et
1877 1285 1982 1305 mortuus
1998 1288 2036 1304 an.

1187 1332 1256 1359 1439,
1273 1338 1301 1355 ex
1317 1338 1378 1354 nova
1397 1330 1475 1355 Gallia
1494 1330 1631 1354 Christiana
1649 1334 1703 1353 tom.
1722 1330 1749 1352 V.
1763 1339 1784 1352 n.
1802 1330 1884 1353 UltIma
1907 1330 1964 1351 haec
1982 1327 2036 1350 Sba-

1186 1381 1263 1403 raleae
1280 1380 1352 1402 verba
1370 1378 1441 1402 dubie
1458 1379 1519 1401 dicta
1536 1379 1670 1401 refelluntur
1683 1377 1803 1400 codicibus
1815 1377 1872 1399 infra
1884 1376 1969 1404 relatis,
1980 1382 2036 1405 quo-

1187 1433 1239 1450 rum
1258 1427 1336 1455 plures
1352 1433 1413 1449 saec.
1431 1426 1491 1448 XIV.
1510 1428 1532 1448 et
1549 1426 1617 1448 etiam
1630 1428 1683 1447 ante
1695 1425 1744 1447 eius
1759 1424 1863 1447 medium
1875 1423 1961 1446 exarati
1976 1424 2037 1446 sunt.

1188 1488 1216 1491 —
1230 1475 1315 1497 Bonelli
1328 1474 1458 1502 (Prodrom.
1471 1473 1513 1495 col.
1525 1473 1581 1501 662)
1594 1473 1727 1495 psalterium
1740 1471 1819 1495 maius
1836 1471 1931 1500 quIdem
1948 1469 2037 1498 abiicit,

1188 1523 1231 1545 hoc
1250 1523 1330 1545 minus
1348 1522 1425 1550 aquuo
1451 1521 1521 1543 modo
1547 1520 1662 1546 defendit,
1678 1519 1720 1542 sed
1746 1522 1821 1541 tamen
1839 1517 1911 1540 dubie
1927 1517 2037 1545 loquitur.

1189 1570 1234 1592 Nos
1251 1569 1308 1591 illud
1326 1569 1384 1591 inter
1396 1567 1541 1596 supposititia
1553 1573 1624 1595 opera
1637 1567 1746 1595 ponimus
1757 1566 1804 1588 iam
1816 1568 1911 1593 propter
1923 1565 2038 1587 desectum

1191 1616 1328 1638 idoneorum
1347 1615 1452 1642 testium,
1470 1615 1521 1637 licet
1546 1614 1574 1636 sit
1599 1613 1756 1641 compositum
1779 1612 1864 1635 saltem
1881 1612 1905 1634 in
1925 1611 2038 1639 principio

1189 1670 1250 1687 saec.
1268 1664 1329 1686 XIV.
1347 1663 1410 1690 (vide
1428 1663 1485 1685 intra
1502 1662 1553 1685 cod.
1571 1668 1593 1684 u.
1611 1662 1668 1690 20.).
1686 1662 1744 1683 Inter
1756 1661 1786 1683 28
1798 1660 1890 1683 codices
1901 1665 1983 1682 omnes
1999 1665 2039 1682 an-

1190 1712 1301 1741 tiquiores
1318 1713 1371 1734 sunt
1388 1711 1438 1733 sine
1460 1710 1556 1733 nomine
1581 1709 1680 1732 auctoris
1698 1708 1753 1737 (non
1771 1707 1846 1730 obstat
1867 1707 1984 1735 inscriptio
2001 1712 2040 1729 co-

1191 1758 1248 1781 dicis
1265 1764 1289 1780 n.
1307 1758 1328 1785 3,
1346 1763 1399 1780 cum
1417 1757 1446 1779 sit
1462 1763 1474 1779 a
1492 1762 1562 1778 manu
1575 1761 1634 1778 saec.
1648 1755 1726 1784 XVI.).
1740 1754 1850 1783 Quarum·
1862 1756 1950 1776 tantum
1968 1753 2038 1776 codd.

1191 1811 1251 1828 saec.
1269 1805 1321 1827 XV.
1339 1805 1369 1830 (n.
1384 1804 1405 1831 5,
1417 1810 1440 1826 n.
1453 1804 1489 1831 113,
1502 1810 1525 1825 n.
1539 1803 1575 1825 I7.
1593 1802 1643 1832 [sed
1660 1801 1740 1831 duble]
1759 1804 1781 1824 et
1798 1807 1820 1823 n.
1837 1801 1885 1829 22.)
1903 1800 1989 1823 habent
2002 1806 2040 1823 no·

1190 1858 1243 1874 men
1263 1852 1451 1878 Bonaventurae‚
1468 1850 1515 1873 duo
1534 1851 1564 1879 (n.
1577 1851 1600 1872 8.
1617 1852 1639 1872 et
1656 1850 1701 1877 28.)
1720 1855 1805 1871 nomen
1822 1848 1959 1876 Augustini,
1971 1847 2039 1870 ceteri

1191 1903 1266 1922 tacent
1285 1899 1313 1922 de
1331 1901 1432 1921 auctore.

1473 1990 1609 2022 Elenchus
1630 1990 1760 2020 codicum.

1256 2087 1277 2109 Ι1.
1299 2085 1432 2113 Admonui,
1450 2085 1588 2108 bibliotheca
1613 2084 1755 2111 Monasterii‚
1780 2083 1834 2106 746.
1858 2083 1957 2106 membr.
1981 2089 2041 2106 saec.

1192 2135 1243 2157 XV.
1260 2134 1371 2156 exeuntis.
1389 2134 1508 2163 Auonym.
1524 2144 1555 2149 —·
1573 2133 1594 2154 2.
1605 2131 1706 2160 Ibidem,
1722 2131 1843 2160 (uumerus
1855 2130 1929 2160 deest)
1942 2129 2041 2153 membr.

1192 2187 1253 2204 saec.
1270 2181 1322 2203 XV.
1340 2183 1391 2209 post
1414 2180 1571 2203 medietatem.
1589 2181 1708 2209 Anonym.
1726 2192 1755 2195 -—
1773 2179 1794 2201 3.
1813 2179 1935 2208 Auquslae
1959 2176 2042 2201 Tauri-

1193 2234 1294 2256 norum,
1312 2227 1451 2250 bibliotheca
1463 2227 1635 2254 Universitatis‚
1647 2227 1674 2249 K.
1688 2227 1715 2249 V.
1734 2226 1771 2248 31.
1788 2225 1887 2248 membr.
1905 2231 1964 2248 saec.
1982 2224 2043 2247 XIV.

1194 2277 1322 2305 Aaonym„
1335 2275 1376 2298 sed
1389 2281 1472 2297 manus
1488 2280 1547 2297 saec.
1566 2274 1625 2296 XVI.
1644 2273 1741 2296 inseruit
1757 2278 1842 2295 nomen
1855 2272 2042 2295 Bonavenlurae.

1195 2336 1226 2339 ——
1244 2323 1264 2345 4.
1284 2324 1406 2352 Auyustae
1425 2321 1601 2349 Taurinorum,
1625 2319 1765 2342 bibliotheca
1787 2319 1894 2347 Publica,
1917 2319 1970 2341 286.
1991 2324 2043 2347 pro-

1195 2376 1268 2399 gress.
1286 2370 1340 2392 688.
1358 2369 1452 2392 miscell.
1469 2375 1529 2391 saec.
1552 2368 1604 2391 XV.
1626 2369 1745 2398 Anonym.
1762 2379 1792 2383 —
1810 2367 1832 2390 5.
1849 2365 1994 2396 Brunopoli,
2012 2365 2043 2388 hi-

1195 2418 1309 2441 bliotheca
1326 2417 1441 2445 Ciritatis,
1455 2417 1507 2439 426.
1520 2417 1590 2439 chart.
1603 2422 1663 2438 saec.
1676 2416 1728 2438 XV.
1740 2418 1793 2438 ante
1807 2415 1919 2438 medium.
1936 2413 2043 2438 Doctoris

1196 2465 1272 2489 devoti
1288 2464 1381 2488 domim*
1392 2465 1566 2487 Banavenlure.
1577 2476 1608 2479 —
1620 2464 1642 2485 6.
1655 2462 1769 2491 Carmztz',
1782 2462 1920 2485 bibliotheca
1931 2461 2042 2490 Civitatis,

1196 2513 1249 2535 238.
1267 2511 1366 2534 membr.
1381 2517 1440 2533 saec.
1453 2511 1512 2533 XIV.
1526 2510 1636 2533 exeuntis.
1652 2510 1768 2539 Anonym.
1780 2522 1811 2525 —
1822 2509 1844 2531 7.
1858 2508 2000 2538 Cremifam',
2013 2507 2045 2530 bi-

1196 2560 1309 2582 bliotheca
1323 2559 1460 2585 Monasterii,
1472 2558 1526 2580 270.
1538 2559 1610 2580 chart.
1621 2563 1682 2580 saec.
1694 2557 1745 2579 XV.
1757 2558 1873 2586 Anonym.
1884 2568 1916 2572 —
1928 2556 1950 2578 8.
1958 2556 2044 2578 Barm-

1195 2606 1274 2635 stadz'z',
1286 2606 1426 2629 bibliotheca
1438 2605 1536 2633 Ducalis,
1546 2604 1616 2627 2242.
1625 2604 1717 2627 miscell.
1727 2609 1788 2626 saec.
1797 2603 1857 2626 XIV.
1869 2603 1975 2626 ineuntiS.
1985 2603 2045 2626 Ano-

1196 2660 1269 2684 nym„
1286 2653 1326 2676 sed
1345 2652 1458 2681 posterior
1475 2657 1557 2674 manus
1573 2657 1633 2679 opus
1650 2650 1730 2673 tribuit
1744 2649 1885 2680 Augustino.
1897 2663 1926 2666 —
1939 2649 1961 2672 9.
1974 2648 2045 2672 Grae-

1196 2699 1236 2728 oii,
1254 2699 1394 2722 bibliotheca
1411 2698 1576 2727 Universitatis,
1594 2698 1647 2720 396.
1665 2697 1764 2720 membr.
1782 2703 1842 2720 saec.
1852 2697 1912 2719 XIV.
1924 2697 2042 2726 Anonym.

1196 2759 1227 2763 —
1247 2747 1281 2769 10.
1293 2745 1393 2774 Ibidem,
1414 2745 1466 2768 975.
1484 2745 1583 2767 membr.
1595 2751 1654 2768 saec.
1669 2745 1729 2767 XIV.
1747 2746 1866 2774 Anonym.
1879 2757 1911 2760 —-
1924 2744 1961 2766 II.
1978 2744 2044 2766 Lam·

1197 2793 1259 2822 buci,
1289 2793 1426 2816 bibliotheca
1449 2792 1590 2819 Monasterfi,
1617 2792 1669 2814 463.
1692 2793 1764 2814 chart.
1782 2798 1842 2814 saec.
1865 2791 1916 2813 XV.
1939 2790 2043 2813 ineuntis.

1197 2842 1315 2871 Auonym.
1334 2853 1363 2856 ——
1385 2841 1418 2862 l2.
1432 2839 1544 2867 Londim‘,
1563 2839 1702 2862 bibliotheca
1715 2840 1812 2866 Musaei,
1830 2839 1917 2862 collect.
1933 2838 2043 2861 Arundel.

1198 2888 1251 2910 374.
1265 2887 1363 2910 membr.
1376 2893 1436 2909 saec.
1454 2887 1513 2910 XIV.
1533 2888 1649 2917 Anonym.
1662 2899 1693 2903 —
1710 2887 1742 2909 13.
1756 2885 1887 2914 Monachiz‘,
1906 2885 2043 2908 bibliotheca

1197 2936 1282 2963 Regia,
1305 2935 1386 2957 14769.
1411 2936 1483 2957 chart.
1508 2940 1567 2957 saec.
1594 2934 1645 2957 XV.
1662 2934 1766 2957 exeuntis
1791 2934 1835 2956 sub
1853 2933 1946 2956 nomine
1968 2931 2046 2956 sancti

1198 2982 1388 3005 Bonaceulurae.
1401 2994 1431 2998 —
1445 2980 1482 3003 114.
1493 2979 1591 3009 Ibidem,
1604 2981 1674 3003 3012.
1686 2979 1786 3003 membr.
1799 2986 1859 3002 saec.
1872 2980 1922 3002 XV.
1934 2979 2044 3002 exeuntis.
