2133 3317
268 232 357 261 LXXII

329 318 348 334 c.
367 312 389 334 ln
407 311 457 339 ipsa
475 312 518 333 hac
540 310 686 338 Expositione
702 309 782 331 nullibi
805 309 830 331 fit
847 309 932 331 mentio
953 309 1116 332 Declarationis

266 358 370 386 Regulae
388 360 459 381 factae
476 364 488 380 a
506 358 597 380 Nicolao
614 357 655 385 lll;
673 356 736 385 quod
754 356 809 378 satis
826 356 980 382 demonstrat,
998 362 1049 378 eam
1064 355 1116 378 scri-

266 408 330 433 ptam
341 411 402 432 esse,
415 407 538 434 antequam
551 404 647 426 celebris
657 404 713 425 haec
722 402 849 425 Declaratio
861 402 984 430 emanavit,
994 408 1054 431 quae
1067 402 1116 430 ipsa

267 452 387 475 maniseste
404 451 559 480 principaliter
571 450 700 473 secundum
718 456 770 472 eain
782 455 888 471 normam
907 450 965 471 facta
982 451 1027 475 est,
1044 455 1115 478 quam

266 500 290 521 S.
311 500 470 522 Bouaventura
489 499 509 520 in
527 499 571 521 hoc
587 500 610 520 et
624 496 817 525 praecedentibus
834 497 963 525 opusculis,
980 496 1115 524 praesertim

266 546 288 568 in
306 545 424 575 Apoloqia
437 550 574 574 pauperum
587 544 631 566 iam
645 544 762 566 docuerat.
780 544 811 565 Ex
823 543 871 565 aliis
888 543 957 565 etiam
970 542 1116 566 citationibus

266 593 333 621 argui
351 595 436 620 potest,
449 598 499 614 eam
517 594 622 619 tempore
634 590 743 619 scriptam
761 596 823 617 esse,
839 596 887 618 quo
905 590 1063 613 Bouaventura
1077 590 1116 612 Or-

267 640 314 662 dini
332 639 444 661 Minorum
463 638 567 666 praefuit.
594 638 651 660 lluic
669 637 794 666 praecessit
819 637 861 659 alia
880 640 902 659 et
927 637 1022 659 omnino
1040 637 1115 664 prima

265 686 388 709 declaratio
401 685 510 713 Reginae,
522 691 582 714 quae
595 685 725 707 nominatur
735 686 839 714 quatuor
856 684 1031 713 Maqistrorum
1046 687 1116 713 atque

265 733 352 762 pluries
368 733 391 755 in
409 733 469 755 notis
485 733 514 755 ad
532 733 618 755 calcem
636 732 716 760 positis
733 732 828 759 allegata
841 738 853 753 a
872 731 938 754 uobis
950 734 991 760 est,
1003 737 1056 754 cum
1074 731 1115 753 Bo-

265 783 393 803 naventura
411 780 492 802 eadem
510 786 567 802 usus
589 780 624 802 sit.
642 780 703 802 Haec
726 779 748 802 in
766 779 949 802 determinandis
972 778 1114 808 quibusdam

265 826 447 855 obligationibus
464 827 566 854 Regulae
583 827 652 855 paulo
666 827 775 849 maiorem
794 826 896 854 rigorem
914 826 1025 853 ostendIt,
1044 832 1114 854 quem

265 877 343 897 noster
361 877 440 896 auctor
460 874 604 902 aliquatenus
625 873 771 901 temperavit.
792 874 868 901 Ipsum
890 873 1027 901 opusculum
1046 872 1116 895 abun-

265 922 328 945 danti
346 927 386 944 sua
399 921 515 949 doctrina,
532 924 675 949 praegnante
693 920 817 948 brevitate,
831 921 946 943 altissimis
959 920 1077 948 principiis
1094 923 1116 942 et

265 969 315 996 ipso
333 968 383 990 stilo
401 968 456 990 satis
472 968 572 990 ostendit
588 968 735 996 seraphicum
754 967 860 996 spiritum
878 967 984 990 auctoris.

543 1044 679 1075 Elenehus
700 1045 829 1075 codicum.

358 1125 376 1147 1.
395 1124 485 1148 Codices
503 1131 516 1147 a
533 1124 598 1147 nobis
616 1131 665 1147 eum
685 1124 783 1147 editione
799 1124 915 1147 Vaticana.
932 1123 1019 1147 collati.

332 1205 348 1225 l.
366 1204 488 1233 Augustae
507 1203 673 1231 Trevirorum,
692 1202 830 1226 bibliotheca
843 1202 949 1230 Publica,
967 1203 1040 1226 codex
1057 1203 1112 1226 776.

264 1256 380 1280 progress.
402 1250 466 1272 1268.
491 1250 583 1273 miscell.
605 1250 627 1272 in
646 1251 667 1272 8.
685 1250 769 1273 saeculi
792 1250 842 1272 XV.
861 1263 891 1266 —
908 1250 970 1272 Folio
996 1250 1033 1272 73.
1051 1257 1074 1272 v.
1091 1250 1113 1272 in

263 1297 318 1319 fine:
338 1295 571 1326 Incipitprincipalis
588 1295 717 1319 declaratio
736 1296 827 1319 domini
842 1296 927 1326 fratris
945 1297 1114 1320 Bonaventure

263 1349 335 1373 super
352 1343 463 1373 reculam
480 1343 615 1371 illium-um,
633 1344 671 1366 fol.
688 1343 725 1365 74.
743 1349 774 1365 r.:
797 1343 944 1373 Quicumque
961 1343 1023 1366 lianc
1041 1344 1113 1373 Requ-

263 1390 312 1414 lam
324 1394 366 1413 etc..
379 1391 466 1413 Desinit
478 1391 515 1413 fol.
533 1390 569 1412 84.
587 1397 623 1413 ν.;
635 1392 662 1413 ut
679 1392 762 1414 octava.
774 1390 851 1420 yratie.
868 1392 889 1414 et
903 1390 978 1420 alorie
995 1397 1112 1414 commen-

263 1437 339 1461 detur.
357 1439 438 1462 Amen.
457 1438 562 1468 Eaepttcz't
579 1437 708 1461 declaratio
725 1439 891 1461 Bonaoenture
907 1445 980 1468 super
997 1438 1112 1468 Requlam

262 1486 369 1515 fratrum
386 1485 514 1508 Minorum.
526 1499 555 1501 —
566 1486 587 1507 ln
606 1486 648 1507 hac
663 1488 738 1508 nostra
756 1485 857 1508 editione
873 1485 978 1513 signatur
995 1486 1066 1508 littera
1086 1486 1110 1508 D.

326 1534 347 1555 2.
366 1532 443 1556 Claris
461 1533 535 1562 Aquis
552 1533 574 1555 in
593 1534 636 1555 hoc
653 1536 731 1555 nostro
749 1532 862 1561 Collegio,
881 1533 932 1555 cod.
950 1534 1021 1556 chart.
1039 1533 1072 1555 in.
1090 1534 1110 1556 8,

263 1585 337 1607 parvo
354 1585 413 1602 saec.
435 1579 485 1602 XV.
502 1591 533 1596 —
550 1579 665 1607 Expositio
683 1580 785 1607 Regulae
811 1580 890 1608 incipit
907 1580 943 1602 fol.
961 1580 998 1602 53.
1021 1586 1038 1602 r.
1057 1586 1109 1602 cum

263 1627 305 1648 hac
322 1626 427 1649 rubrica:
453 1626 547 1654 mesas,
566 1626 657 1654 Maria,
685 1626 837 1649 Franciscas.
865 1626 1000 1649 Declaratio
1022 1626 1113 1649 domini

261 1673 348 1703 fratris
366 1673 530 1696 Bonaventure
551 1679 624 1703 super
640 1673 751 1703 requiam
771 1673 879 1703 fratrum
901 1673 1032 1697 Minorum.
1055 1673 1111 1702 Qui-

262 1725 363 1749 cumque
379 1719 441 1743 hanc
457 1719 568 1749 regulam
585 1722 627 1742 etc.
645 1719 731 1742 Desinit
749 1720 786 1742 fol.
805 1719 841 1741 85.
860 1726 882 1742 v.
900 1726 953 1742 cum
976 1720 1110 1742 additione:

262 1766 368 1796 Explicit
384 1766 499 1797 eccpositio
517 1767 598 1797 requie
617 1766 749 1790 secundum
766 1767 972 1797 Bonaeenturam,
992 1768 1039 1791 Deo
1057 1774 1111 1798 qra-

262 1814 352 1837 tiaram
369 1814 479 1838 actiones.
505 1815 533 1838 In
551 1814 669 1844 Amberqa.
686 1820 750 1838 anno
767 1814 864 1838 Domini
881 1813 957 1838 4458.
983 1814 1007 1837 in
1028 1814 1110 1844 viqilia

260 1867 280 1884 s.
297 1862 359 1885 Luce
376 1861 524 1892 eoanqeliste.
542 1862 606 1890 Siga.
624 1863 650 1884 G.

323 1909 343 1931 3.
363 1908 509 1937 Florentiae,
530 1908 667 1932 bibliotheca
685 1909 964 1938 Mediceo-Laureutiana,
982 1909 1039 1932 Plut.
1058 1909 1108 1932 XV.

260 1957 336 1979 Dextr.
354 1956 406 1979 cod.
424 1957 460 1978 12,
478 1956 577 1979 membr.
594 1956 617 1979 in
635 1957 656 1979 4.
674 1962 733 1979 saec.
752 1957 802 1979 XV.
820 1956 926 1979 ineuntis.
945 1970 973 1973 -—
992 1957 1037 1979 Fol.
1056 1957 1109 1979 416.

261 2011 283 2027 ν.
302 2004 397 2032 legitur:
415 2003 499 2034 Incipit
515 2003 629 2033 expositio
646 2003 789 2027 venerabilis
805 2003 882 2033 patris
900 2006 921 2027 et
938 2003 1051 2034 mayistri
1060 2004 1108 2034 fra-

261 2050 304 2074 tris
322 2050 435 2073 Iohannis
452 2050 479 2073 de
496 2049 606 2074 Pechiam
622 2056 695 2079 saper
716 2049 827 2079 requiam
847 2050 955 2080 fratrum
978 2050 1108 2073 Minoi-um.

262 2096 410 2126 Quicumque
427 2096 489 2120 hanc
504 2096 615 2126 requiam
632 2099 674 2119 etc.
692 2096 779 2119 Desinit
800 2097 837 2119 fol.
854 2096 906 2118 141.
923 2103 940 2118 r.
960 2100 984 2119 ut
1002 2097 1023 2119 in
1041 2096 1108 2123 edit.;

260 2143 368 2166 additur:
394 2143 497 2173 Empticit
521 2142 636 2173 expositio
653 2142 739 2172 putris
757 2142 869 2166 Iohannis
894 2148 966 2172 super
984 2142 1108 2172 Reynlam.

260 2190 323 2217 Sign.
341 2190 365 2212 B.

323 2236 344 2259 4.
364 2236 475 2266 Neapoli,
493 2236 631 2259 bibliotheca
648 2236 784 2263 NationaliS,
802 2236 853 2259 cod.
871 2237 916 2259 Vll.
933 2237 959 2258 G.
978 2236 1015 2259 48.
1036 2237 1108 2259 chart.

260 2284 284 2306 in
303 2284 323 2305 8.
341 2289 401 2306 saec.
419 2284 470 2306 XV.
488 2284 594 2306 ineuntis.
610 2296 641 2300 —
659 2284 705 2306 Fol.
725 2284 746 2306 11,
763 2290 782 2306 r.
798 2283 894 2311 legitur:
912 2283 997 2313 Incipit
1009 2283 1108 2313 postilla

258 2330 345 2361 fratris
363 2332 540 2360 Bonaeenture,
560 2333 588 2355 ut
603 2331 702 2359 dicitur,
726 2337 798 2361 super
816 2331 938 2361 Reyalam.
960 2331 1108 2361 Quicumque

259 2378 321 2402 hanc
338 2378 448 2408 requiam.
466 2381 508 2402 etc.
527 2379 612 2401 Desinit
629 2379 666 2401 fol.
683 2379 735 2401 24.:
752 2379 778 2401 at
795 2379 880 2401 octaua
897 2377 974 2408 qratia
990 2379 1012 2401 et
1033 2378 1109 2408 ylorie

259 2425 443 2449 commendetur.
463 2426 545 2448 Amen.
562 2425 626 2453 Sign.
643 2424 667 2448 C.

322 2473 343 2495 5.
362 2472 485 2500 Perusiae,
504 2472 641 2495 bibliotheca
660 2472 763 2500 Publica,
782 2472 834 2494 cod.
847 2473 870 2494 E.
888 2472 925 2495 58.
943 2473 1014 2495 chart.
1032 2472 1055 2494 in
1067 2473 1105 2495 fol.

258 2526 318 2542 saec.
342 2520 392 2542 XV.
408 2532 440 2536 —
458 2520 504 2542 Fol.
527 2519 579 2542 249.
605 2522 639 2542 est
661 2526 760 2548 sequens
783 2518 889 2541 rubrica:
911 2519 1045 2543 Declaratio
1067 2519 1107 2543 do-

258 2566 319 2590 mini
334 2567 500 2589 Bonaeentnre
517 2566 647 2590 cardinalis
664 2566 755 2590 ordinis
772 2566 895 2590 Minoi-um
907 2572 979 2596 super
991 2566 1106 2596 Requlam

258 2613 314 2637 dicti
330 2613 428 2637 ordinis.
443 2614 530 2636 Desinit
548 2614 583 2637 sol.
597 2615 662 2637 263.;
680 2616 707 2637 ut
723 2615 805 2637 octava
823 2614 900 2644 gratie
918 2615 939 2637 et
955 2613 1030 2644 qlorie
1047 2620 1106 2637 com-

257 2660 390 2683 mendetur.
409 2662 493 2684 Amen.
510 2661 573 2689 Sign.
590 2662 613 2684 F.

320 2708 341 2730 6.
361 2708 459 2735 Romae,
478 2707 615 2730 bibliotheca
633 2708 755 2735 Vaticana,
772 2708 825 2730 cod.
846 2708 900 2730 522.
923 2707 1022 2729 membr.
1041 2707 1063 2729 in
1081 2708 1103 2730 8.

257 2761 317 2777 saec.
335 2756 385 2777 XV.
404 2756 514 2778 exeuntis.
531 2768 562 2772 —-
579 2756 625 2778 Fol.
644 2755 681 2778 87.
697 2762 720 2778 v.
737 2755 863 2783 praemissa
881 2755 989 2778 rubrica:
1009 2754 1105 2778 Fratris

257 2801 434 2829 Bonacenture,
452 2802 611 2830 prosequitur:
630 2801 661 2824 Et
676 2801 743 2825 nullo
756 2801 825 2824 modo
844 2801 918 2825 licebit
934 2801 966 2824 eis
979 2804 1021 2824 etc.
1039 2800 1105 2824 Com-

256 2848 362 2876 plectitur
379 2851 466 2870 tantum
484 2854 549 2870 num.
568 2849 604 2870 13.
622 2848 658 2871 114.
678 2849 714 2871 15.
726 2849 794 2876 capit.
812 2850 832 2871 2.
846 2851 939 2871 nostrae
955 2848 1069 2871 editionis.
1082 2849 1104 2870 ln

256 2895 302 2917 fine
318 2888 422 2917 additur:
440 2895 566 2924 Hucusque
581 2895 658 2925 frater
676 2896 852 2918 Bonaventura.
870 2895 933 2923 Sign.
950 2896 972 2917 E.

318 2941 340 2963 7.
359 2941 457 2969 Ibidem,
478 2941 616 2965 bibliotheca
634 2942 723 2970 collegii
741 2943 763 2964 S.
776 2943 857 2965 Isidori
874 2942 1037 2969 Hibernorum,
1052 2942 1105 2964 cod.

255 2988 278 3010 5.
296 2989 366 3011 chart.
384 2994 443 3011 saec.
461 2989 521 3011 XVI.
533 2989 639 3011 ineuntis.
654 3001 684 3005 —
701 2989 815 3017 Expositio
827 2989 929 3017 Regulae
940 2989 1020 3017 incipit
1032 2989 1069 3011 fol.
1085 2989 1103 3010 i.

963 230 1208 260 PROLEGOMENA
1229 230 1257 258 C.
1281 230 1309 258 ΙΙ.

1173 314 1192 331 r.
1208 308 1297 331 verbis:
1315 308 1423 332 Salutem
1440 310 1461 331 et
1472 307 1628 338 apostolicam
1645 307 1834 331 benedictionem.
1846 307 1917 331 Eccli.
1928 308 1968 330 m.
1980 308 2020 330 Be-

1173 355 1271 379 nedictio
1282 356 1361 385 patris
1373 359 1416 379 etc.
1427 356 1514 378 Desinit
1526 355 1618 378 verbis:
1636 357 1718 379 octava
1736 355 1813 385 qratia
1830 356 1851 378 et
1867 354 1943 384 ylorie
1959 361 2021 378 com-

1172 402 1309 426 mendatur.
1326 404 1409 426 Amen.
1428 403 1491 431 Sign.
1510 404 1536 426 A.

1236 449 1317 477 Quoad
1335 450 1377 472 hos
1394 450 1486 472 codices
1504 449 1651 472 manifestum
1668 452 1714 477 est,
1735 449 1793 471 duas
1810 449 1907 471 familias
1924 455 1975 471 esse
1989 449 2021 472 di-

1172 493 1330 521 stinguendas.
1354 494 1454 519 Codices
1472 495 1532 517 enim
1550 495 1686 523 ABCFG,
1703 496 1762 518 sicut
1778 496 1918 524 plerumque
1938 496 1960 518 in
1973 495 2021 517 aliis

1173 541 1308 564 lectionibus
1325 542 1401 570 magis
1417 543 1571 569 conveniunt,
1588 543 1618 565 ita
1635 543 1658 565 in
1669 549 1709 571 eo,
1727 543 1789 572 quod
1808 542 1893 565 habent
1910 549 1954 565 non
1967 549 2021 571 pan-

1173 595 1211 611 cas
1228 589 1359 612 additiones
1371 592 1393 612 et
1405 589 1518 618 quasdam
1531 590 1626 618 quidem
1643 590 1772 618 longiores,
1784 596 1844 619 quae
1857 590 1957 612 omissae
1968 592 2021 612 sunt

1173 636 1194 658 in
1212 636 1322 658 Vaticana
1340 639 1362 658 et
1378 635 1488 658 omnibus
1512 636 1666 664 editionibus,
1683 639 1776 665 excepta
1794 643 1821 659 ea
1849 643 1919 665 quam
1943 637 2020 665 signa-

1173 683 1250 705 vimus
1267 682 1302 705 ed.
1319 681 1339 705 ll.
1358 683 1415 705 Cum
1429 683 1540 705 VatiCana
1552 683 1652 705 editione
1669 684 1691 706 in
1709 685 1753 706 hoc
1765 684 1874 706 convenit
1890 684 1954 706 solus
1965 684 2018 706 cod.

1173 731 1198 753 D.
1217 731 1279 752 Patet
1295 732 1385 758 autem,
1403 731 1444 752 has
1461 730 1598 752 omissiones
1610 736 1660 752 esse
1677 736 1745 753 veras
1756 731 1862 757 lacunaS,
1879 731 1924 753 iam
1943 736 1968 753 ea
1985 736 2019 753 ra-

1173 777 1246 804 tione,
1264 783 1334 806 quam
1354 777 1485 799 notavimus
1503 783 1556 805 pag.
1575 776 1632 805 404,
1650 780 1703 799 nota
1721 778 1741 799 8.

1236 825 1258 846 ln
1271 824 1401 852 particulari
1418 830 1499 847 omnes
1511 824 1578 847 codd.
1592 824 1703 852 praebent
1715 825 1798 847 multas
1810 824 1918 847 lectiones
1929 824 2021 847 varian-

1172 874 1218 898 tes,
1231 872 1298 893 etiam
1313 872 1339 898 D,
1351 871 1402 900 qui,
1415 872 1466 893 licet
1478 871 1600 894 conveniat
1612 877 1666 894 cum
1679 872 1788 894 Vaticana
1803 872 1826 894 in
1838 872 1880 894 illis
1892 871 2020 894 omissioni-

1172 917 1228 945 bus,
1245 918 1380 946 saepissime
1397 918 1419 940 in
1437 918 1487 941 aliis
1504 918 1578 941 differt
1595 924 1621 940 ac
1638 918 1747 941 convenit
1764 925 1808 940 non
1826 924 1878 941 raro
1892 924 1945 941 cum
1963 921 2021 941 cete-

1172 966 1203 988 ris
1221 965 1347 988 codicibus.
1370 966 1411 988 Ed.
1430 966 1438 987 i
1465 968 1623 994 repraesentat
1648 965 1735 988 bonum
1758 966 1874 995 codicem,
1892 969 1914 989 et
1930 966 1954 988 in
1977 967 2021 989 hoc

1172 1013 1295 1041 singularis
1311 1016 1358 1040 est,
1375 1013 1438 1042 quod
1456 1020 1501 1036 nou
1519 1019 1571 1036 raro
1589 1013 1657 1035 etiam
1675 1013 1730 1035 alias
1747 1013 1854 1036 lectiones
1871 1013 1947 1041 addit,
1959 1020 1982 1036 v.
1998 1020 2021 1042 g.

1171 1060 1281 1088 modum,
1302 1060 1363 1083 alias
1383 1066 1481 1089 nomen,
1500 1060 1521 1082 in
1538 1066 1585 1089 quo
1602 1060 1670 1083 etiam
1688 1061 1706 1082 G
1724 1060 1839 1083 interdum
1857 1061 1973 1083 convenit.
1990 1073 2021 1077 —

1172 1108 1212 1130 Ed.
1233 1108 1255 1136 i,
1273 1114 1333 1136 quae
1355 1108 1403 1130 sine
1420 1108 1484 1130 titulo
1502 1108 1603 1130 continet
1620 1107 1689 1130 multa
1706 1107 1846 1130 documenta
1862 1108 1893 1130 ad
1909 1107 2018 1130 Ordinem

1172 1154 1283 1176 minorum
1302 1154 1440 1182 spectantia,
1458 1154 1569 1182 impressa
1581 1157 1615 1176 est
1627 1154 1715 1177 Brixiae
1733 1160 1773 1182 per
1786 1154 1893 1177 iacobum
1911 1154 2020 1177 Britanni-

1171 1206 1224 1222 cum
1242 1201 1373 1223 Brixianum
1387 1206 1423 1223 an.
1445 1200 1508 1223 1502.
1528 1201 1567 1223 Ed.
1589 1201 1613 1228 2,
1631 1200 1743 1228 impressa
1761 1200 1863 1223 Venetiis
1883 1200 1955 1228 s1504,
1973 1201 2020 1223 fere

1170 1253 1263 1275 semper
1280 1248 1387 1270 convenit
1409 1254 1462 1270 cum
1481 1248 1604 1275 Vaticana,
1621 1248 1684 1270 unde
1700 1254 1752 1270 raro
1770 1251 1819 1270 erat
1836 1248 1945 1271 notanda.

1386 1342 1415 1365 ΙΙ.
1433 1341 1524 1366 Codices
1541 1349 1555 1365 a.
1571 1342 1635 1365 nobis
1652 1349 1695 1365 non
1712 1341 1807 1365 collati..

1233 1436 1254 1458 8.
1271 1436 1394 1465 Anaustae
1411 1435 1555 1459 Ausicorum
1573 1436 1656 1465 (Auch)
1679 1436 1701 1458 in
1724 1436 1808 1464 Gallia,
1830 1436 1967 1459 bibliotheca
1986 1436 2018 1459 Ci-

1169 1484 1256 1511 vitatis,
1279 1484 1330 1506 cod.
1348 1485 1385 1506 8⁶2.
1403 1485 1474 1506 chart.
1496 1484 1519 1505 in
1538 1484 1559 1506 8.
1576 1490 1643 1511 parv.
1659 1490 1719 1506 saec.
1737 1484 1805 1506 XVll.
1825 1497 1856 1499 —
1873 1484 1961 1506 Titulus
1985 1486 2019 1506 est

1169 1531 1207 1553 sol.
1219 1531 1240 1553 9.
1253 1537 1272 1553 r.
1284 1537 1329 1553 non
1346 1534 1479 1553 numerato:
1491 1530 1581 1560 Requla
1593 1531 1614 1553 et
1626 1531 1791 1553 testamentum
1807 1530 1927 1560 seraphici
1939 1529 2017 1560 patris

1167 1578 1245 1601 nostri
1260 1578 1337 1601 sancti
1353 1577 1478 1601 Francisci
1494 1577 1521 1600 de
1538 1577 1622 1600 assisio
1640 1583 1695 1600 cum
1713 1577 1856 1600 collectanea
1877 1577 2017 1601 declaratio-

1167 1631 1395 1648 numsummorum
1413 1624 1554 1654 Pontificum
1571 1626 1593 1647 et
1608 1624 1784 1654 expositionum
1801 1624 1881 1648 sancti
1896 1625 2017 1648 Bonaven-

1168 1674 1222 1696 ture
1238 1674 1258 1695 et
1276 1673 1377 1695 Palram
1394 1671 1493 1695 ordinis.
1515 1671 1593 1701 Opera
1616 1672 1651 1694 est
1672 1671 1696 1694 in
1718 1677 1790 1694 usum
1807 1671 1832 1694 R.
1850 1671 1875 1694 P.
1893 1670 2015 1695 Michaelis

1167 1726 1183 1743 a
1200 1719 1300 1749 Fz'qeaco
1318 1718 1485 1742 Prociusialis.

1231 1767 1252 1788 9.
1268 1766 1355 1796 Bruqis
1369 1766 1390 1788 in
1404 1766 1492 1794 Belgio,
1503 1765 1640 1788 bibliotheca
1652 1766 1804 1794 Episcopalis,
1816 1766 1869 1788 cod.
1883 1766 1904 1788 2.
1918 1765 2018 1789 membr.

1168 1814 1190 1836 in
1208 1814 1229 1835 8.
1247 1820 1306 1836 saec.
1325 1814 1375 1836 XV.
1389 1813 1486 1842 (1447).
1498 1826 1529 1829 —
1542 1813 1603 1835 Folio
1621 1813 1673 1835 135.
1690 1819 1726 1835 v.:
1739 1812 1825 1842 Incipit
1839 1812 1967 1836 declaratio
1980 1812 2017 1836 do-

1167 1860 1228 1883 mini
1243 1861 1409 1884 Bonaventure
1422 1860 1513 1883 ordinis
1525 1860 1648 1883 Minorum
1664 1866 1693 1883 ac
1709 1861 1789 1883 sancte
1803 1860 1907 1883 Romane
1924 1859 2017 1883 ecclesie

1167 1907 1299 1931 cardinalis
1316 1914 1388 1937 super
1409 1907 1518 1937 reculam
1535 1907 1641 1937 fratrum
1659 1906 1788 1930 Minoi-um.
1806 1907 1893 1929 Desinit
1908 1907 1944 1929 fol.
1963 1907 2016 1929 ios.

1167 1962 1185 1978 r.
1204 1954 1296 1978 verbis:
1314 1957 1342 1978 ut
1357 1956 1440 1978 octava
1457 1954 1534 1984 qratie
1550 1956 1571 1977 et
1588 1954 1663 1984 qtorz‘e
1680 1953 1865 1978 commendetur.
1885 1955 1968 1977 Amen.

1234 2002 1268 2024 10.
1285 2001 1444 2030 Darmstadii,
1465 2001 1602 2024 bibliotheca
1622 2001 1725 2029 Ducalis,
1743 2001 1795 2024 cod.
1812 2000 1881 2023 2456.
1898 2002 1970 2023 chart.
1992 2001 2015 2023 in

1167 2049 1203 2071 fol.
1221 2054 1281 2071 saec.
1298 2048 1350 2070 XV.
1371 2048 1431 2070 circa
1449 2048 1560 2071 medium.
1577 2060 1608 2064 —
1625 2048 1752 2070 Declaratio
1767 2048 1869 2075 Regulae
1882 2047 1961 2075 incipit
1977 2048 2015 2070 fol.

1167 2095 1204 2118 24.
1222 2096 1271 2118 sine
1282 2096 1358 2118 titulo:
1377 2095 1525 2125 Quicumque
1544 2098 1586 2118 etc.
1600 2095 1686 2118 Desinit
1704 2102 1717 2118 a
1734 2095 1862 2123 posteriore
1880 2101 1949 2118 manu
1966 2101 2016 2117 exa-

1166 2145 1213 2165 rata
1232 2143 1269 2165 fol.
1287 2143 1324 2166 73.
1342 2149 1360 2165 r.
1378 2149 1431 2165 cum
1450 2143 1580 2166 additione:
1598 2142 1704 2172 Ea'plicit
1721 2142 1850 2166 declaratio
1868 2142 1959 2165 domini
1974 2143 2015 2165 Bo-

1165 2191 1297 2213 naventure
1313 2196 1384 2219 super
1401 2189 1513 2219 reculam
1527 2189 1635 2219 fratrum
1652 2189 1782 2213 Minorum.

1231 2237 1265 2258 11.
1284 2236 1414 2265 Monachii,
1436 2236 1574 2259 bibliotheca
1591 2237 1675 2264 Regia,
1693 2237 1745 2259 cod.
1768 2237 1836 2258 9068.
1859 2238 1929 2259 chart.
1953 2237 1976 2259 in
1993 2237 2014 2259 8.

1165 2290 1224 2306 saec.
1242 2284 1293 2306 XV.
1310 2284 1421 2306 exeuntis.
1437 2296 1468 2300 —
1487 2283 1566 2312 incipit
1578 2284 1615 2306 fol.
1634 2284 1671 2306 51.
1684 2290 1701 2306 r.
1718 2282 1762 2306 sub
1780 2284 1860 2306 titulo:
1877 2283 2013 2307 Declaratio

1164 2330 1242 2354 sancti
1259 2331 1432 2354 Bonaventure.
1451 2330 1599 2360 Quicumque
1615 2330 1677 2353 hanc
1694 2330 1805 2360 requiam
1822 2333 1864 2353 etc.
1877 2330 1965 2353 Desinit
1977 2331 2006 2353 fol

1165 2376 1202 2398 97.
1215 2383 1246 2398 r.:
1259 2378 1286 2399 ut
1296 2378 1378 2400 octava
1391 2377 1468 2406 qratie
1484 2378 1505 2400 et
1522 2376 1598 2406 ¹olorie
1614 2376 1798 2400 commendetur.
1813 2379 1895 2400 Amen.
1907 2376 2015 2406 Empticz't

1164 2423 1293 2448 declaratio
1302 2424 1380 2447 sancti
1388 2425 1555 2447 Bonaventure
1566 2430 1639 2454 super
1647 2424 1758 2454 requiam
1766 2424 1874 2454 fratrum
1882 2424 2013 2448 Minorum.

1228 2472 1264 2494 12.
1282 2471 1380 2499 Ibidem,
1399 2471 1537 2494 bibliotheca
1560 2472 1730 2499 Universitatis,
1753 2472 1804 2494 cod.
1829 2471 1878 2494 142.
1899 2473 1970 2494 chart.
1991 2471 2014 2494 in

1164 2519 1185 2540 8.
1208 2524 1269 2541 saec.
1286 2519 1338 2541 XV.
1360 2531 1388 2551 ‚—
1407 2518 1519 2547 Quamvis
1543 2519 1566 2540 in
1588 2518 1689 2541 indiculo
1707 2519 1835 2546 praemisso
1857 2519 1895 2541 fol.
1915 2519 1935 2540 ¹l.
1953 2518 2013 2546 lega-

1164 2568 1210 2592 tur,
1229 2565 1332 2588 codicem
1352 2566 1470 2588 continere
1481 2566 1595 2593 Regulam
1608 2566 1703 2588 fratrum
1716 2565 1829 2588 Minorum
1843 2566 1968 2593 glossatam
1979 2572 2012 2588 se-

1163 2612 1266 2634 cundum
1284 2615 1389 2635 sanctum
1411 2613 1611 2640 Bonaventuram,
1628 2615 1704 2635 tamen
1727 2619 1773 2635 non
1795 2613 1869 2640 ipsius
1886 2612 2011 2640 expositio,

1162 2659 1204 2682 sed
1221 2659 1336 2688 quaedam
1355 2665 1381 2682 ex
1400 2660 1447 2687 ipsa
1466 2659 1496 2681 ab
1513 2659 1556 2682 ali0
1571 2661 1664 2682 auctore
1683 2661 1739 2682 facta
1752 2660 1829 2687 glossa
1846 2659 1868 2682 in
1886 2660 2011 2688 Regulam,

1162 2712 1222 2735 quae
1239 2706 1322 2728 desinit
1340 2706 1376 2728 fol.
1391 2705 1413 2728 7.

1226 2753 1262 2775 1151.
1280 2752 1380 2781 Ibidem,
1393 2753 1444 2776 cod.
1459 2753 1510 2775 145.
1520 2754 1592 2776 chart.
1604 2753 1625 2775 in
1638 2754 1660 2775 8.
1672 2759 1733 2775 saec.
1744 2754 1795 2776 XV.
1807 2753 1917 2776 exeuntis.
1926 2765 1958 2770 —
1968 2753 2012 2775 Ru-

1162 2799 1225 2822 brica
1243 2800 1311 2822 huius
1327 2800 1427 2822 occurrit
1444 2800 1480 2822 fol.
1507 2801 1525 2822 1.
1542 2805 1583 2828 per
1600 2799 1685 2822 verba:
1708 2799 1792 2829 Incipit
1812 2798 1941 2823 declaratio
1959 2805 2012 2822 san-

1161 2845 1193 2869 cti
1209 2846 1374 2869 Bonaoenture
1391 2846 1494 2870 doctoris
1507 2846 1627 2876 seraphici
1642 2846 1666 2870 in
1683 2846 1795 2876 reyulam
1810 2846 1918 2876 fratrum
1934 2845 2011 2870 Mino-

1160 2899 1224 2916 rum.
1242 2894 1329 2916 Desinit
1347 2894 1384 2916 fol.
1404 2894 1442 2916 98.
1454 2900 1476 2916 v.
1490 2896 1514 2916 ut
1527 2894 1547 2916 in
1560 2894 1627 2922 edit.;
1644 2894 1740 2917 deinde:
1758 2893 1864 2923 Explicit
1879 2892 2009 2916 declaratio

1160 2947 1233 2970 super
1250 2940 1364 2970 Regulam
1381 2940 1489 2970 fratrum
1501 2941 1624 2964 Minorem
1637 2940 1716 2964 sancti
1726 2941 1891 2964 Bonaventure
1907 2939 2010 2964 doctoris

1159 2987 1280 3017 seraphici
1295 2987 1401 3010 eiusdem
1418 2987 1517 3016 ordinis,
1536 2994 1600 3010 anno
1619 2987 1715 3011 Domini
1732 2986 1808 3011 4498.
