2133 3317
132 1132 173 1151 Non
187 1132 243 1159 verba

124 1158 250 1175 contentiosa.

138 1392 178 1411 Nec
190 1391 247 1410 male·

167 1415 215 1434 dica.

134 1954 174 1973 Nec
186 1959 255 1980 sermio·

145 1983 179 1996 nes
192 1983 248 2004 rumi-

173 2006 219 2025 geri.

263 229 318 258 602

262 307 392 336 maledica,
412 305 453 330 vel
471 304 521 329 alia
540 302 678 328 saecularia
696 301 773 326 verba
791 308 837 326 nec
855 308 919 332 pura
937 299 997 325 sunt
1016 299 1115 331 quidem

261 358 307 375 nec
324 349 454 380 religiosae
472 345 624 372 conveniunt
643 344 770 376 dignitati.
793 354 806 366 ιι
819 343 923 375 Nugae,
947 343 976 368 ut
998 343 1035 367 ait
1059 350 1114 367 san-

262 393 318 418 ctus
337 391 481 417 Ber-nardus
493 389 510 419 ¹,
529 388 596 414 inter
615 388 755 413 saeculares
774 386 835 411 sunt
853 394 949 418 nugae,
967 386 994 410 in
1017 393 1059 411 ore
1078 393 1114 410 sa-

262 436 369 462 cerdotis
392 434 437 460 ant
455 433 574 465 Religiosi
596 424 774 463 blasphemiae.
787 430 933 459 Interdum,
951 429 973 454 si
990 428 1114 458 incidant,

262 479 377 504 ferendae
396 477 525 508 fortassis,
554 475 696 501 referendae
719 481 856 505 nunquam.
885 472 918 498 Os
947 472 1042 497 talibus
1065 473 1115 497 iam

263 523 360 554 aperire
387 521 517 550 illicitum,
546 526 689 544 assuescere
717 517 876 548 sacrilegium
904 516 959 546 est,
988 515 1057 541 foede
1084 515 1116 540 ad

263 560 411 592 cachinnum
430 564 549 593 moveris,
573 562 668 588 foedius
691 568 775 586 moves
788 571 813 586 »,
833 560 964 585 Dissuesce
989 566 1004 584 a
1023 559 1116 584 vanilo-

263 610 320 641 quio
337 609 465 640 linguam,
485 607 527 638 qui
545 606 576 630 ad
595 604 733 637 profectum
751 603 889 635 Religionis
908 602 1007 634 aspiras
1020 600 1039 627 ².
1058 601 1116 627 Pro-

263 659 379 677 cessurns
398 651 424 675 in
443 650 583 681 publicum,
609 647 740 679 praemuni
764 646 789 671 te
808 647 890 677 ipsum
914 645 939 670 et
962 645 1044 670 animo
1064 644 1117 669 sta-

264 696 306 721 tue
325 703 340 720 a
358 695 442 720 verbis
460 693 577 718 inanibus
605 691 740 716 abstinere.
760 689 867 715 Provide
895 689 954 719 tibi,
981 688 1116 720 antequam

264 739 383 771 prodeas,
401 738 464 762 utile
490 736 598 768 aliquid,
617 735 696 765 unde,
723 734 744 759 si
769 733 920 765 expedierit,
943 740 1023 758 sermo
1052 732 1117 757 texa-

264 783 315 807 tur.
334 781 468 806 Familiare
487 779 605 811 prudenti
630 777 826 803 consideratione
846 777 928 802 omnia
954 776 1117 807 praevenire;

263 825 360 851 confert
378 824 410 849 ad
433 823 534 855 singula
559 822 636 847 fuisse
659 820 854 852 praemunitum.
879 820 904 844 Si
923 819 1026 851 dignum
1045 819 1118 850 quip-

264 870 332 901 piam
350 868 471 893 relatione
496 874 547 892 non
571 865 661 895 habes,
689 865 752 890 tace.
771 864 861 889 Tutius
888 863 913 888 et
932 863 1052 888 humilius
1074 870 1119 887 au-

265 913 315 942 dis,
336 919 410 943 quam
423 911 533 942 loqueris
547 908 564 935 ³.
580 909 638 934 Non
651 907 787 933 affabilitas
807 906 963 938 opportuna,
979 906 1022 931 sed
1034 906 1118 937 loqua-

264 956 328 981 citas
348 956 428 981 otiosa
446 953 589 979 damnatur.
608 952 698 977 Iurare
716 958 775 976 vcro
793 958 860 976 nunc
887 958 931 982 per
950 949 1039 981 caput,
1053 956 1120 974 1111110

266 1008 310 1032 per
328 998 447 1028 Sanctos,
466 998 506 1022 vel
525 997 573 1022 alio
587 996 675 1028 quovis
695 995 780 1025 medo,
801 994 907 1023 Christi,
927 994 969 1025 qui
987 992 1058 1018 ait⁴z
1080 992 1121 1017 Sit

263 1050 346 1070 sermo
358 1043 454 1068 vester.-
464 1042 515 1072 cst,
529 1041 574 1072 est,
583 1047 649 1071 non,
662 1046 723 1070 non,
736 1038 857 1069 discipulo
871 1037 971 1062 minime
983 1036 1108 1068 congruit.

338 1086 362 1110 6.
381 1086 479 1110 Rursus
498 1084 629 1115 indignum
648 1082 749 1114 penitus
772 1081 852 1106 servis
877 1080 936 1110 Dei,
962 1079 1121 1104 muliercula-

267 1138 322 1155 rum
341 1136 409 1154 more
428 1127 584 1153 contendere.
604 1127 629 1150 Si
654 1125 812 1150 resistentiae
836 1123 949 1149 incidant
973 1123 1063 1152 verba,
1083 1130 1121 1147 ce-

266 1173 374 1199 dendum
393 1171 510 1197 continuo
530 1169 666 1195 resistenti.
685 1169 779 1194 Honor
798 1169 835 1193 est
854 1167 967 1198 homini,
988 1167 1033 1198 qm·
1051 1173 1121 1197 sepa-

266 1218 310 1242 rat
327 1223 353 1241 se
372 1224 388 1241 α
407 1213 610 1239 contentionibus
621 1212 640 1237 ⁵.
659 1212 796 1243 Nunquam
816 1211 939 1240 discendi,
965 1210 994 1235 ut
1021 1210 1119 1239 dicitur,

266 1260 350 1293 gratia
368 1258 484 1291 litigent,
504 1257 622 1286 scientes,
637 1256 667 1281 ad
682 1264 707 1280 se
720 1255 853 1280 verborum
867 1254 1038 1279 contentiones
1051 1253 1121 1278 nullo

267 1304 338 1329 modo
358 1303 473 1333 deinceps
492 1301 626 1332 pertinere.
646 1299 703 1324 Non
722 1298 807 1330 petest
826 1305 893 1328 esse,
912 1298 972 1329 quin
995 1296 1121 1321 contentio

268 1347 375 1379 aliquid,
396 1345 461 1377 quod
474 1344 562 1370 contra
574 1342 750 1369 conscientiam
765 1341 871 1370 dicatur,
884 1340 1039 1372 extorqueat.
1053 1340 1121 1371 Ergo

267 1391 333 1416 inter
353 1390 398 1414 Dei
417 1396 503 1414 servos
521 1387 636 1416 collatio,
649 1393 699 1411 non
712 1384 843 1410 altercatio
856 1384 929 1409 debet
942 1391 1003 1408 esse.
1016 1398 1052 1401 —
1064 1383 1121 1407 Per-

268 1441 366 1459 versum
386 1432 438 1462 est,
458 1432 564 1456 maxime
584 1431 605 1455 si
623 1437 687 1454 ausu
712 1428 848 1453 damnabili
873 1427 905 1452 ad
933 1427 1054 1452 iniuriosa
1081 1426 1120 1451 vel

268 1477 388 1502 maledica
407 1475 497 1503 verba,
517 1481 580 1505 quae
600 1472 735 1498 secundum
754 1469 925 1503 Apostolum⁶
945 1478 960 1495 a
978 1470 1029 1495 Dei
1041 1477 1120 1501 νίψω

268 1520 422 1550 excludunt,
442 1526 468 1543 os
488 1517 607 1548 Religiosi
624 1516 732 1545 laxetur,
752 1515 797 1539 aut
815 1514 908 1539 diaboli
926 1521 1017 1538 nomeu
1036 1513 1067 1538 ad
1086 1513 1121 1537 in—

269 1563 405 1588 vectionem
424 1560 538 1586 assumat
556 1560 596 1584 vel
613 1560 638 1583 in
667 1558 791 1583 communi
817 1557 941 1582 locutione
970 1556 1120 1587 frequentet.

273 1605 362 1631 «Sunt
381 1604 517 1636 quaedam,
537 1610 600 1634 quae
628 1602 756 1626 levissima
784 1600 948 1632 putarentur,
978 1600 999 1624 si
1026 1607 1077 1624 non
1095 1599 1122 1623 in

269 1648 406 1680 Scripturis
423 1645 657 1672 demonstrarentur
676 1644 790 1675 opinione
818 1643 944 1675 graviora.
970 1642 1030 1672 Quis
1056 1643 1121 1667 enim

270 1692 391 1717 dicentem
409 1691 482 1721 fatue
500 1690 576 1715 fratri
594 1696 638 1713 suo
659 1696 728 1713 reum
746 1687 874 1719 gehennae
888 1686 1002 1717 putaret,
1016 1686 1122 1711 11151Ῡο-

270 1736 334 1762 ritas
352 1736 398 1761 1100
417 1734 509 1759 diceret
521 1732 528 1746 ⁷
539 1734 572 1757 »2³
591 1732 731 1757 Pessimum
750 1731 816 1756 hunc
834 1731 951 1762 loquendi
964 1737 1037 1755 usum
1051 1729 1123 1761 quasi

271 1787 316 1811 pro
335 1777 493 1804 affabilitatis
512 1776 601 1802 solatio
621 1775 712 1800 salutis
730 1775 890 1800 adversarius
915 1773 1069 1803 introduXIt,
1094 1772 1124 1797 ut

271 1831 315 1855 per
334 1830 402 1851 eum,
423 1821 532 1847 modicae
551 1820 686 1846 occasionis
704 1826 804 1844 accessu
824 1818 911 1843 stultis
934 1817 1057 1847 illudens,
1082 1824 1123 1842 eos

271 1866 414 1898 frequenter
432 1866 458 1890 in
477 1865 562 1896 gravis
580 1864 680 1894 lapsum
700 1862 807 1888 offensae
825 1861 937 1892 impulsu
955 1861 1043 1885 leviori
1056 1868 1125 1891 prae-

271 1909 359 1941 cipitet
377 1908 402 1933 et
421 1907 571 1940 dignitatem
590 1906 674 1931 status
699 1904 856 1936 corruptelae
880 1904 1023 1928 huiusmodi
1048 1903 1125 1928 collu-

273 1954 343 1978 vione
363 1952 474 1977 vilificet.
493 1965 529 1969 —-
546 1950 644 1975 Pudeat
662 1956 703 1974 005
722 1946 908 1980 rumigerulosS
928 1955 994 1977 esse,
1015 1947 1060 1972 aut
1073 1954 1126 1972 ver-

272 1997 361 2022 borum
381 1995 545 2020 saecularium
564 1993 697 2018 delatores.
716 1992 787 2017 Nihil
806 1992 873 2016 inter
892 1991 970 2016 socies
989 1990 1125 2021 seminent,

273 2040 338 2075 quod
357 2039 469 2064 infirmos
489 2038 585 2062 animos
604 2036 740 2061 dissolvere
758 2034 857 2064 valeat,
877 2034 922 2059 aut
935 2034 1045 2059 turbare.
1060 2034 1126 2058 Reus

274 2082 312 2107 est
331 2082 382 2107 Deo
395 2081 420 2106 et
442 2080 529 2106 Ordini
546 2080 588 2111 qui
601 2079 733 2104 temerat-lo
747 2077 899 2103 diffidentiae
913 2077 988 2102 verbo
1002 2077 1126 2101 conscien-

274 2126 338 2151 tiam
352 2125 466 2156 percutit
484 2123 650 2154 infir-mortun
661 2121 679 2147 ⁹.

693 221 890 251 OPUSCULUM
912 221 929 249 l.
952 220 1124 250 SPECULUM
1146 220 1354 249 DISClPLlNAE.
1377 219 1457 248 PARS
1478 219 1585 248 PRIMA.

1242 299 1266 324 7.
1284 299 1431 329 Praeterea,
1446 299 1497 323 sive
1510 298 1609 328 Fratri,
1629 299 1681 323 sive
1700 297 1831 328 extraneo,
1851 298 1902 322 sive
1915 305 2020 329 magno,
2036 305 2063 324 ne
2075 306 2130 326 dulc..

1172 343 1223 368 sive
1243 350 1321 374 parvo
1339 342 1484 374 loquantur,
1504 349 1601 373 semper
1619 342 1646 366 in
1665 349 1706 366 ore
1725 341 1795 366 verbi
1808 340 1964 366 dnlcedinem
1975 341 2021 366 hae
2031 329 2133 373 neinggqi..

1171 385 1261 416 beant,
1281 393 1380 411 omnem
1393 385 1429 410 acl
1441 392 1528 410 omnes
1536 405 1543 417 ,
1557 385 1692 410 secundum
1703 384 1854 415 Apostolum
1865 383 1895 414 ¹⁰,
1907 391 2022 409 mansne-

1173 429 1287 454 tudinem
1306 428 1472 454 ostendentes.
1491 428 1628 459 Nunquam
1647 428 1693 452 sub
1713 427 1846 459 praetextu
1868 427 2023 452 constantiae

1172 473 1212 498 vel
1232 473 1278 498 zeli
1296 480 1351 497 cum
1371 471 1558 497 communitatis
1576 472 1669 496 iniuria
1693 472 1720 496 in
1744 471 1821 496 verba
1846 470 2024 496 contumeliosa

1173 515 1348 548 prorumpant.
1368 516 1445 547 Saepe
1464 515 1529 540 enim
1547 514 1664 539 meritum
1682 515 1771 546 lingua
1789 514 1952 539 immoderata
1971 520 2025 538 con-

1172 560 1270 590 fundit,
1289 559 1421 591 turpisque
1440 558 1563 588 defensio,
1584 565 1646 589 quae
1664 558 1763 582 iniuriis
1781 557 1872 582 utitur.
1891 556 1975 582 Habet
1988 556 2025 581 fa-

1173 603 1229 628 stus
1248 610 1293 634 pro
1312 602 1455 627 constantia
1473 600 1609 632 impetum,
1638 608 1683 632 pro
1711 600 1807 626 ratione
1836 601 1955 630 iniurias,
1983 600 2026 625 sed
2119 616 2120 656 1

1175 647 1265 678 linqua
1283 645 1403 670 eucharis
1422 645 1451 670 z'n
1469 645 1533 669 bono
1553 644 1654 668 homine
1672 642 1857 668 abundabttfl.

1486 730 1634 755 CAPiTULmu
1652 729 1720 754 XXI.

1377 818 1418 843 Dc
1437 817 1575 848 disciplina
1594 817 1621 841 tn
1640 814 1831 841 comestionem.

1249 905 1272 931 1.
1292 905 1333 931 Ad
1350 905 1411 930 haec
1429 903 1520 929 debent
1539 911 1595 929 cum
1613 903 1701 928 timore
1724 903 1770 928 Dei
1794 902 1933 933 comedere,
1958 903 2027 927 disci·
2043 907 2132 932 Expandi-

1177 950 1272 981 plinam
1292 955 1389 979 semper
1408 947 1461 972 tam
1480 947 1506 971 in
1524 946 1599 971 modo
1617 953 1643 971 se
1662 945 1774 970 habendi
1787 953 1861 977 quam
1874 946 1900 970 in
1912 945 1965 970 cibo
1979 952 2028 970 ser·
2081 931 2117 951 ιώ·

1177 993 1266 1018 vantes
1278 991 1307 1022 ¹⁹,
1321 992 1430 1016 vitantes
1443 990 1605 1015 nibilominus
1618 989 1738 1021 quasdam
1751 989 1834 1014 minus
1847 989 1961 1014 decentes
1973 996 2030 1014 sae-

1176 1035 1308 1061 cularium
1327 1034 1524 1059 eonsuetudines
1543 1041 1618 1064 super
1637 1040 1757 1058 mensam.
1776 1032 1864 1057 Placet
1886 1032 1926 1057 vel
1950 1039 2029 1064 pauca

1177 1079 1206 1104 de
1226 1078 1333 1110 singulis
1353 1077 1465 1108 exempla
1485 1077 1645 1106 subnectere,
1665 1084 1728 1107 quae
1745 1076 1778 1100 ad
1791 1075 1909 1100 similium
1922 1075 2030 1100 conside-

1176 1122 1300 1147 rationem
1320 1120 1506 1145 transmittant.
1526 1135 1561 1138 —
1580 1120 1694 1144 Honeste
1713 1127 1738 1144 se
1758 1119 1848 1144 debent
1867 1119 1972 1149 habere,
1986 1118 2028 1150 ut,
2068 1120 2119 1145 Primi}

1177 1166 1236 1190 dum
1255 1164 1388 1190 comedunt
1407 1164 1452 1189 aut
1470 1163 1573 1193 bibunt,
1594 1163 1710 1193 sedeant3
1730 1163 1843 1187 bibentes
1861 1170 1916 1188 00111
1933 1163 2030 1188 duabus
2052 1144 2127 1188 (111ζὲῗὲιίοῙ

1177 1208 1293 1233 manibus
1313 1207 1433 1239 scyphum
1447 1206 1564 1236 teneant3
1579 1206 1745 1231 membrorum
1758 1206 1922 1237 agitationem
1935 1206 1960 1230 et
1973 1213 2031 1237 qua-

1178 1252 1285 1277 rundam
1303 1251 1492 1276 anhelationum
1509 1250 1550 1275 vel
1567 1250 1691 1275 labiorum
1704 1250 1855 1279 tumultum,
1870 1257 1933 1281 quae
1954 1250 2032 1274 animi

1178 1295 1269 1321 notant
1287 1294 1522 1326 intemperantiam,
1542 1293 1638 1323 vitent3
1659 1293 1742 1318 oculos
1760 1300 1775 1317 a
1798 1293 2030 1324 circumspectione,

1177 1340 1290 1371 linguam
1310 1346 1325 1363 a
1342 1338 1467 1364 locutione
1487 1336 1626 1362 cohibeant.
1651 1346 1663 1358 ‹<
1676 1336 1809 1361 Oculorum
1829 1336 1942 1362 custodia
1965 1336 2032 1362 inter

1178 1383 1265 1414 epulas
1285 1381 1419 1413 propterea
1437 1381 1579 1406 necessaria
1597 1379 1646 1409 est,
1668 1380 1725 1411 quia
1744 1386 1794 1404 non
1813 1379 1882 1404 decet
1894 1379 1928 1403 ibi
1941 1379 2032 1410 praeci-

1178 1434 1233 1457 pue,
1247 1425 1276 1450 ut
1289 1432 1367 1457 vagos
1380 1424 1491 1449 habeant
1510 1424 1593 1449 0011105
1612 1430 1690 1454 neque
1710 1423 1805 1448 curiose
1826 1422 1859 1452 et,
1878 1422 1908 1447 ut
1924 1422 2032 1454 amplius

1177 1470 1269 1498 dicam,
1283 1468 1441 1499 impudenter
1455 1475 1517 1499 quae
1530 1467 1597 1498 apud
1610 1467 1672 1491 alios
1685 1466 1796 1498 aguntur
1809 1465 2033 1491 circumlustrando

1178 1511 1346 1544 prospiciant,
1367 1510 1409 1535 sed
1422 1510 1452 1535 ut
1466 1510 1549 1541 potius
1563 1509 1649 1541 pudice
1663 1509 1776 1533 demissis
1788 1509 1925 1533 luminibus
1938 1516 1967 1533 ea
1979 1508 2033 1533 tan-

1178 1555 1246 1585 tum,
1267 1562 1329 1585 quae
1349 1553 1396 1578 sibi
1415 1553 1558 1584 anteposita
1577 1553 1649 1581 sunt,
1663 1551 1863 1577 attendant¹⁴>›.
1883 1552 1963 1583 Loqui
1975 1558 2033 1577 vero

1178 1606 1221 1623 seu
1241 1597 1376 1622 mussitare
1395 1596 1427 1621 ad
1446 1604 1571 1626 mensam,
1591 1596 1634 1620 ubi
1653 1595 1781 1620 silentium
1804 1594 1843 1620 est
1868 1595 2031 1625 servandum,

1178 1643 1253 1673 turpe
1272 1641 1361 1666 vitium
1386 1641 1433 1665 est.
1462 1639 1616 1664 Declinanda
1644 1639 1814 1664 mussitatoris
1833 1638 1951 1670 societas,
1976 1639 2032 1670 qui,
2116 1638 2117 1650 ¹

1178 1685 1232 1716 lege
1245 1683 1265 1696 ¹⁵
1284 1684 1343 1709 licet
1356 1684 1381 1708 et
1395 1682 1527 1708 honestate
1547 1682 1701 1714 prohibitus,
1716 1682 1817 1713 linguae
1831 1681 1916 1706 tamen
1928 1688 1978 1707 non
1990 1688 2035 1706 va-

1180 1728 1216 1753 let
1235 1727 1368 1753 volubrum
1387 1726 1503 1752 retinere.
1523 1726 1548 1750 Si
1566 1725 1665 1757 quando
1684 1725 1759 1750 etiam
1778 1733 1823 1756 per
1841 1725 1905 1750 diem
1925 1724 2035 1750 extraor-

1180 1771 1276 1796 dinarie
1295 1770 1399 1801 bibunt,
1420 1771 1472 1794 sive
1491 1769 1576 1794 adsint
1589 1769 1641 1794 sive
1654 1776 1703 1793 non
1716 1768 1801 1793 adsint
1814 1768 1937 1798 extranei,
1951 1775 2035 1800 quam-

1181 1815 1223 1840 diu
1242 1814 1345 1844 bibitur,
1366 1813 1466 1838 sileant.
1487 1813 1618 1844 Culpanda
1636 1813 1711 1837 nimis
1730 1812 1862 1837 verborum
1886 1812 2035 1843 multiplica-

1181 1859 1217 1884 tio
1236 1858 1308 1883 iuxta
1327 1857 1422 1889 potum.

1254 1903 1279 1927 2.
1298 1902 1330 1927 In
1349 1902 1404 1926 cibo
1418 1901 1470 1926 tam
1484 1901 1510 1925 in
1523 1900 1649 1931 qualitate
1662 1907 1736 1931 quam
1749 1900 1774 1924 in
1789 1899 1934 1930 quantitate
1955 1899 2034 1930 ipsius
2068 1905 2130 1928 Secta.

1183 1953 1258 1977 quam
1276 1946 1302 1970 in
1321 1944 1394 1970 modo
1414 1951 1538 1975 moraque
1557 1950 1586 1968 ac
1605 1942 1753 1974 frequentia
1772 1942 1913 1968 comedendi
1925 1942 2035 1973 discipli·
2047 1929 2133 1977 qffissflffl

1181 1997 1240 2014 nam
1260 1988 1406 2014 observent:
1426 1988 1452 2012 in
1472 1987 1613 2019 qualitate,
1633 1986 1663 2011 ut
1681 1993 1807 2017 nunquam
1822 1985 1932 2017 pretiosa
1944 1985 1984 2010 101
1997 1985 2035 2010 de·
2047 1989 2075 2008 De
2082 1979 2133 2012 qums

1181 2032 1272 2062 licata,
1292 2039 1421 2063 nunquam
1441 2031 1551 2056 ciborum
1569 2030 1615 2055 aut
1633 2029 1854 2061 praeparationum
1877 2028 2036 2054 diversitates
2114 2013 2116 2066 f

1183 2075 1302 2100 affectent
1314 2073 1343 2099 ¹⁵.
1362 2074 1505 2106 Propitium
1518 2074 1550 2098 ad
1562 2073 1669 2098 delicata
1688 2072 1802 2104 palatum
1819 2071 1952 2097 curiositas
1965 2079 2037 2103 quae·
2114 2070 2115 2104 ζ

1183 2119 1240 2144 dam
1265 2118 1406 2144 honestatis
1431 2116 1598 2149 postpositiva
1617 2116 1743 2146 declarat,
1763 2115 1792 2140 ut
1811 2115 1880 2140 verbi
1898 2115 1995 2147 gratia:
2015 2116 2037 2140 si
2113 2120 2133 2206 r

340 2283 346 2297 ¹
365 2282 426 2305 Libr.
445 2282 468 2304 ll.

276 2315 345 2343 ginali
363 2315 416 2336 hinc
435 2314 487 2336 inde
505 2314 680 2339 interseruntur,
698 2315 785 2334 etcum
803 2311 855 2339 ipso
872 2310 888 2333 C
899 2311 942 2332 DE
959 2314 981 2333 et
998 2310 1052 2332 edd.
1072 2310 1095 2337 l,
1114 2311 1127 2331 2

276 2347 385 2369 omittunt
402 2347 446 2369 (tut
462 2344 580 2374 Reliqiosi.

339 2377 347 2390 2
366 2378 408 2399 lac.
428 2377 448 2403 11,
466 2377 509 2398 26:
525 2375 613 2404 Siquis
625 2377 702 2397 antem
720 2376 796 2402 putat,
808 2379 832 2396 se
850 2373 983 2401 religiosum
1001 2379 1065 2400 esse,
1082 2379 1129 2395 non

277 2410 395 2432 refrenans
413 2409 515 2436 linguam
529 2413 609 2434 suam,
627 2406 668 2428 scd
685 2406 800 2428 seducens
823 2411 863 2427 cor
883 2411 965 2433 sunm,
984 2405 1052 2427 11111115
1069 2410 1128 2426 vana

277 2444 311 2463 est
327 2441 418 2469 religio.
435 2439 479 2462 Cl'r.
497 2439 553 2461 ibid.
572 2439 597 2466 3,
611 2439 633 2460 2.
646 2444 710 2466 seqq.
722 2450 753 2453 —
766 2438 788 2459 lu
805 2436 857 2459 libr.
875 2436 904 2459 de
922 2437 1025 2465 Quatuor
1039 2436 1129 2458 Virtuti-

278 2472 322 2495 bus
340 2472 411 2501 (inter
429 2477 499 2499 opera
523 2470 646 2498 Senecae),
665 2475 685 2491 c.
703 2469 732 2491 de
754 2468 890 2491 Prudentia:
909 2469 931 2490 Si
955 2468 1056 2496 prudens
1079 2473 1129 2490 esse

278 2504 356 2532 cupis,
374 2504 396 2525 in
416 2504 518 2525 futurum
537 2504 686 2530 prospectum
705 2500 797 2522 Intende
814 2503 836 2522 et
853 2506 913 2528 quae
930 2503 1026 2527 possunt
1044 2500 1130 2521 contin-

278 2541 334 2564 gere
351 2536 428 2557 animo
446 2538 485 2556 tuo
503 2536 585 2556 cuncta
603 2538 733 2561 propone...
756 2533 837 2554 Sermo
856 2537 950 2560 qnoque
968 2534 1021 2553 tuus
1038 2537 1085 2553 non
1102 2531 1130 2553 sit

278 2567 359 2594 inanis,
372 2567 412 2589 sed
431 2570 469 2588 ant
487 2566 595 2592 suadeat,
613 2568 652 2586 aut
669 2566 774 2590 moueat,
791 2566 831 2585 aut
847 2563 991 2589 consoletur,
1008 2565 1047 2584 aut
1067 2568 1131 2590 prae-

277 2599 355 2626 cipiat.
371 2611 400 2614 —-
419 2598 513 2619 iuferius
529 2603 556 2619 ex
573 2595 617 2619 AC
629 2596 671 2618 DE
687 2599 710 2618 ct
727 2595 764 2617 ed.
782 2596 795 2617 ‘2
812 2594 975 2622 supplevimus
993 2593 1055 2616 utile.

341 2629 350 2641 ³
369 2630 468 2652 Tractat.
490 2629 520 2651 110
542 2628 628 2650 Ordine
649 2628 710 2649 vilae
733 2627 799 2655 (inter
822 2632 893 2654 opera
916 2625 1041 2654 Bernnrdi)
1065 2631 1084 2647 0.
1109 2624 1130 2647 4.

279 2668 301 2684 n.
316 2662 357 2683 i‘z:
375 2661 457 2683 Tutius
468 2661 529 2682 euim
542 2662 576 2682 est
588 2660 677 2682 discere
695 2664 765 2687 quam
778 2658 875 2685 docere,
889 2660 963 2680 tacere
975 2663 1047 2685 quam
1060 2656 1131 2684 loqui.

280 2705 310 2708 —-
328 2693 440 2720 Superius
457 2698 499 2720 pro
517 2691 588 2714 {tabes
605 2690 621 2713 C
632 2691 675 2713 DE
693 2689 788 2713 liabens.

342 2723 351 2736 4
369 2724 445 2746 Manli.
463 2724 490 2749 5,
508 2723 544 2745 37.
562 2735 593 2739 -
611 2723 653 2744 Pro
671 2721 712 2751 qui
727 2720 761 2744 ait
779 2721 797 2742 D
814 2719 920 2743 [licentis.

343 2754 352 2767 ⁶
370 2756 437 2777 Prov.
455 2755 495 2782 20,
514 2755 536 2776 3.
555 2767 584 2770 -
602 2754 672 2782 Epist.
690 2754 714 2775 ll.
736 2753 797 2774 Tim.
820 2753 846 2779 2,
864 2751 906 2774 24:
930 2752 1028 2773 Servum
1053 2753 1130 2773 nutem

280 2787 372 2809 Domini
390 2793 435 2809 non
454 2788 544 2814 oportet
561 2785 662 2813 litigare,
675 2785 715 2807 sed
728 2786 875 2806 mansuetum
888 2789 938 2806 esse
951 2783 980 2805 ad
992 2788 1074 2805 omnes
1086 2786 1129 2804 etc.

281 2831 311 2834 —-
329 2819 423 2841 inferius
441 2824 483 2846 pro
500 2816 593 2846 aliquid
609 2817 646 2839 ed.
664 2817 677 2838 2
694 2814 833 2845 aliquando.

344 2848 353 2861 ὓ
369 2850 441 2877 Epist.
459 2850 474 2871 l.
491 2849 543 2871 Cor.
561 2849 588 2875 6,
607 2848 647 2870 110;
666 2848 745 2876 Neque
763 2846 868 2869 maledici
891 2852 967 2875 neque
987 2851 1083 2873 rapaces
1095 2851 1130 2867 re-

282 2887 354 2908 gnum
373 2881 412 2903 Dei
431 2880 592 2908 possidebunt.

346 2911 354 2924 7
371 2913 481 2940 August„
501 2911 615 2934 Enchirid.
634 2916 653 2933 0.
670 2910 709 2933 79.
726 2916 748 2932 n.
767 2910 804 2932 21.
822 2909 952 2937 110501011οι-
965 2908 1042 2930 Matth.
1055 2908 1080 2934 5,
1093 2908 1131 2929 22.

284 2944 327 2965 Pro
344 2942 429 2966 [liceret
448 2943 499 2965 Vat.
516 2942 679 2972 enpressisset.
696 2954 727 2958 —
744 2941 841 2964 Inferius
858 2946 901 2968 pro
918 2946 991 2962 nsum
1003 2940 1021 2961 A
1033 2942 1055 2961 et
1068 2939 1105 2961 ed.
1117 2939 1130 2960 2

282 2974 396 2999 obrisum,
422 2977 445 2996 et
467 2980 510 3002 pre
533 2973 682 3002 corruptelae
705 2971 842 2996 huiusmodi
863 2971 996 2995 colluvione
1017 2970 1057 2998 (ita
1075 2971 1092 2992 A
1110 2972 1132 2992 et

283 3005 320 3028 ed.
338 3006 361 3034 2)
379 3005 449 3028 CDE
466 3008 488 3027 et
504 3005 542 3027 ed.
561 3006 568 3026 1
590 3004 705 3031 colluvio,
723 3004 747 3027 id
763 3005 797 3027 est
817 3002 993 3031 sorclidntcone,
1013 3002 1064 3024 Vat.
1088 3000 1131 3025 cot-

284 3036 347 3059 lut-io
364 3036 540 3059 sordidationis.

486 2282 515 2304 de
532 2281 674 2304 Considerat.
693 2286 712 2302 c.
732 2280 769 2302 113.
786 2286 807 2302 n.
826 2280 863 2301 22.
881 2279 948 2301 Plura
966 2279 990 2300 in
1009 2281 1067 2301 textu
1086 2278 1128 2301 ori-

1247 2276 1256 2289 s
1274 2278 1308 2299 Du
1327 2276 1418 2304 Cauge,
1435 2275 1576 2298 Glossarium
1595 2277 1649 2297 etc:
1664 2273 1849 2303 Rznnz'y‘erultts,
1862 2279 2037 2301 1501005111ωο-

1184 2316 1234 2338 105,
1253 2309 1327 2331 loanni
1345 2309 1375 2331 de
1393 2309 1473 2334 lanua;
1488 2308 1589 2336 portem·
1607 2305 1634 2329 (Ie
1651 2305 1779 2328 nouvelles.

1248 2339 1257 2352 ³³
1275 2340 1345 2368 Epist.
1364 2341 1378 2361 Ι.
1397 2339 1449 2361 Cor.
1467 2339 1494 2365 8,
1512 2339 1554 2360 '122
1573 2338 1609 2360 Sic
1626 2342 1703 2359 autem
1723 2339 1843 2365 peccantes
1861 2336 1882 2358 in
1906 2337 1998 2359 fratrem
2016 2338 2037 2358 et

1185 2372 1339 2400 percutientes
1351 2370 1515 2393 conscientiam
1529 2375 1610 2391 eorum
1624 2369 1752 2395 infirmam,
1766 2368 1787 2390 in
1800 2368 1915 2390 Christum
1929 2367 2037 2395 peccatis.

1250 2402 1270 2415 1⁰
1287 2403 1332 2425 Tit.
1350 2403 1378 2429 3,
1396 2403 1418 2424 2.
1435 2413 1466 2418 -—·
1483 2401 1579 2423 Inferius
1595 2407 1638 2429 pro
1650 2400 1694 2423 sub
1707 2400 1745 2429 (ita
1758 2400 1775 2422 B
1788 2402 1810 2422 et
1821 2399 1858 2422 ed.
1871 2400 1893 2428 2)
1907 2399 1943 2422 ed.
1957 2399 1965 2421 Ἰ
1982 2404 2036 2426 suo,

1188 2435 1238 2457 Vnt.
1255 2440 1320 2457 suae.
2111 2432 2112 2454 l

1250 2465 1269 2478 ¹²
1287 2466 1356 2488 Eccli.
1373 2466 1400 2493 6,
1413 2465 1434 2486 5
1447 2477 1478 2481 —
1490 2464 1603 2492 Superius
1622 2466 1675 2491 post
1693 2462 1806 2485 mei-itum
1825 2462 1862 2485 ed.
1876 2463 1889 2484 2
1901 2461 1966 2484 addit
1984 2467 2038 2484 cau-
2111 2462 2113 2473 '

1186 2504 1226 2522 sae
1243 2501 1266 2520 et
1283 2497 1401 2520 substituit
1418 2502 1472 2518 cum
1490 2496 1506 2517 B
1522 2495 1609 2518 nititur
1628 2501 1669 2523 pro
1686 2494 1770 2517 utitur.

1251 2528 1271 2541 ¹²
1289 2530 1319 2551 ltu
1337 2529 1355 2550 A
1368 2529 1397 2556 B,
1416 2528 1471 2550 alins
1488 2526 1553 2550 circa
1570 2525 1747 2554 comestionem,
1759 2525 1796 2548 cui
1814 2524 1883 2547 CDE
1899 2523 2039 2547 0111111111Βο-

1187 2560 1337 2591 ἰῐῃὶοεονιιυι.

1251 2591 1271 2604 ¹³
1288 2592 1362 2619 llng.,
1380 2591 1410 2613 de
1427 2590 1523 2612 lnstitnt.
1541 2589 1613 2611 norit.
1625 2595 1645 2611 c.
1659 2589 1698 2610 118:
1717 2589 1739 2610 ln
1757 2594 1837 2610 mensa
1854 2589 1887 2609 est
1904 2587 1988 2615 duplex
2002 2592 2039 2609 cu-

1188 2624 1263 2646 stodia
1281 2623 1427 2651 disciplinae,
1446 2621 1477 2644 ibi
1494 2621 1555 2643 enim
1573 2620 1642 2643 dehet
1659 2621 1729 2642 homo
1747 2625 1841 2642 serrare
1858 2619 2003 2647 disciplinam
2014 2618 2038 2640 in

1188 2655 1268 2678 habitu
1286 2661 1328 2677 suo
1346 2657 1368 2676 et
1385 2653 1530 2681 disciplinam
1548 2653 1569 2674 in
1583 2652 1635 2675 cibo
1647 2658 1698 2674 sno.
1709 2664 1740 2668 —
1752 2651 1863 2679 Superius
1876 2656 1917 2678 pro
1929 2649 1967 2673 Act
1982 2649 2039 2673 haec

1188 2686 1271 2710 debent
1287 2686 1338 2708 Vat.
1356 2684 1443 2708 Debent
1460 2683 1538 2707 etiam.

1252 2717 1272 2730 ¹⁴
1290 2718 1362 2744 nug„
1380 2717 1424 2739 loc.
1437 2716 1473 2738 cit.
1487 2717 1529 2738 Pro
1546 2714 1648 2738 habeant
1665 2714 1680 2737 C
1691 2714 1709 2736 D
1720 2715 1734 2736 E
1746 2716 1769 2736 et
1779 2713 1816 2736 ed.
1828 2714 1841 2735 2
1855 2718 1909 2735 cum
1921 2715 1981 2735 textu
1993 2711 2039 2734 ori-

1189 2750 1259 2777 ginali
1277 2749 1346 2772 1101110
1364 2747 1461 2775 liabent,
1479 2747 1518 2776 qui
1537 2750 1614 2768 temen
1631 2745 1729 2768 subinde
1746 2745 1844 2767 retinent
1858 2743 2005 2773 prospiciant
2016 2744 2039 2765 et

1188 2780 1326 2808 attendant,
1344 2786 1386 2808 pro
1403 2785 1451 2808 quo
1468 2781 1542 2801 textus
1553 2778 1671 2805 originalis
1682 2776 1812 2806 prospiciat
1823 2778 1845 2798 et
1856 2774 1970 2798 attendat.
1982 2774 2039 2797 lbid.

1189 2813 1257 2835 etiam
1276 2818 1336 2841 quae
1354 2811 1498 2839 praecedunt
1515 2810 1668 2831 insinuantur.

1252 2843 1272 2856 ¹⁵
1290 2843 1339 2866 lsai.
1358 2843 1399 2870 29,
1417 2842 1459 2864 ⁴24:
1477 2841 1633 2863 lllussitatores
1649 2840 1738 2862 discent
1755 2839 1839 2866 legem.
1850 2850 1881 2854 —
1893 2838 1935 2860 Pro
1954 2836 2003 2867 leqe
2015 2835 2039 2859 ll-

1190 2876 1224 2898 cet
1241 2876 1262 2898 et
1280 2874 1400 2897 honestate
1419 2873 1457 2901 (ita
1477 2873 1512 2895 ed.
1531 2872 1554 2901 Ξ)
1573 2871 1588 2894 C
1602 2872 1620 2893 D
1637 2874 1659 2893 et
1676 2871 1712 2893 ed.
1731 2871 1739 2892 11
1762 2870 1819 2899 leyis
1837 2869 1889 2892 licet
1905 2868 2037 2895 honestate,

1190 2907 1242 2928 Vnt.
1260 2905 1312 2929 ltcet
1329 2905 1386 2934 lepis
1404 2904 1524 2927 honestate
1542 2904 1561 2932 (ἰ)
1579 2902 1628 2932 leye
1645 2901 1789 2930 honestatis).
1811 2901 1905 2924 Inferius
1927 2900 1973 2923 fide
1990 2900 2008 2922 A
2020 2899 2036 2921 B

1190 2941 1212 2960 et
1229 2937 1266 2960 ed.
1284 2938 1297 2959 2
1316 2936 1479 2965 supplevimus
1492 2941 1537 2964 per
1555 2934 1623 2957 [Heln.

1254 2968 1273 2980 ¹⁰
1290 2968 1335 2991 Ct'r.
1354 2968 1426 2995 Hug.,
1444 2968 1486 2989 100.
1501 2967 1550 2993 cit,
1568 2972 1588 2988 c.
1606 2965 1647 2992 119,
1666 2964 1788 2992 bernard,
1804 2963 1917 2991 Apologia
1934 2962 1963 2984 ad
1980 2961 2038 2984 Guil—

1190 3001 1297 3026 lelmtnn,
1315 3005 1335 3022 0.
1352 3000 1375 3021 9.
1392 3005 1414 3021 n.
1432 2999 1468 3025 20,
1486 3001 1508 3020 et
1525 2997 1611 3025 Guigo,
1630 2996 1700 3024 Epist.
1717 2996 1746 3018 ad
1763 2996 1853 3017 Fratres
1870 2995 1899 3017 de
1911 2994 1985 3016 Monte
1998 2992 2037 3015 Dei

1192 3032 1260 3061 (Inter
1277 3037 1315 3059 op.
1333 3030 1467 3059 1101001111),
1484 3029 1522 3052 lib.
1540 3030 1556 3051 l.
1573 3035 1593 3051 c.
1612 3028 1620 3050 sl
1632 3029 1650 3050 l.
1666 3034 1689 3050 n.
1706 3028 1744 3049 33.
1761 3039 1791 3043 —
1809 3027 1844 3049 Du
1867 3026 1956 3053 Cnnge,
1977 3024 2038 3046 Glos-
