2133 3317
0 1087 78 1311 1

0 2442 14 2479 ,¹¹

27 1747 79 1765 :tum-

423 214 622 243 OPUSCULUM
644 213 731 241 XXIII.
753 212 903 241 LEGENDA
925 212 1039 241 SANCTI
1060 212 1233 241 FRANCISCI.
1255 213 1416 242 MIRACULA
1438 214 1455 248 ξ
1476 213 1507 241 X.

96 295 258 326 confortata,
281 296 308 321 et
328 292 464 329 accipiens
484 291 582 320 filicem
596 292 615 325 ¹,
638 298 709 328 quae
730 291 809 319 iuxta
824 298 853 319 se
867 293 936 324 erat,

97 340 226 370 radicitus
247 339 348 368 evulsit
367 347 384 367 a
404 341 495 372 terra,
517 337 703 374 effodiensque
724 337 797 374 ligno
820 336 936 373 parvulo

96 388 326 423 circumquaque,
348 385 484 413 viventem
513 383 618 420 reperit
642 391 757 420 aquam,
779 391 851 420 quae
872 390 936 411 cum

95 434 183 472 primo
204 432 345 460 videretur
367 431 483 468 parvula
503 430 591 463 stilla,
607 430 699 459 subito
720 430 812 458 divina
833 429 937 458 virtute

95 480 180 509 crevit
201 479 227 507 in
249 478 359 507 fontem.
382 478 452 506 Bibit
473 477 566 514 itaque
588 477 687 506 mulier
709 480 736 505 et
757 476 853 505 satiata
873 484 937 504 ocu-

95 527 134 556 los
155 525 235 558 lavit,
257 533 327 562 quos
347 532 412 553 cum
434 524 514 560 longa
536 523 614 560 prius
636 523 751 552 haberet
764 522 937 559 aegritudine

94 572 287 605 obumbratos,
309 579 380 599 nova
400 579 436 599 ex
456 573 522 599 tunc
543 570 628 599 sensit
650 570 711 598 luce
733 569 867 606 perfusos.
889 569 935 597 Fe-

95 619 203 649 stInavit
223 618 257 646 ad
277 618 389 646 domum
412 617 527 651 mulier,
549 620 604 645 tam
625 616 793 653 stupendum
817 616 937 644 miracu-

95 666 150 695 lum
172 664 205 693 ad
220 664 334 701 gloriam
350 664 436 693 sancti
451 663 586 692 Francisci
608 663 774 691 denuntians
789 662 935 691 universis.

94 713 302 742 Concurrerunt
329 711 452 748 undique
484 710 562 739 multi
595 710 627 738 ad
660 709 787 738 miraculi
818 709 936 743 famam,

94 758 264 796 experientia
285 757 415 795 magistra
435 757 571 786 discentes
592 756 744 784 mirabilem
761 755 834 784 illius
848 763 937 792 aquae

94 806 241 839 virtutem,
256 805 322 833 dum
337 805 371 833 ad
386 804 473 841 ipsius
487 807 657 837 contactum,
673 803 842 831 confessione
858 810 937 839 prae-

94 852 192 886 missa,
213 860 229 880 a
250 852 333 880 variis
354 851 517 880 morborum
543 850 667 879 cladibus
697 849 808 886 plurimi
838 849 937 877 libera-

94 899 202 929 bantur.
226 899 385 927 Perseverat
406 905 496 934 usque
510 898 591 926 1101116
605 897 665 925 10113
687 897 723 925 1111
740 896 904 933 perspicuus
916 896 936 930 2,

94 950 121 975 et
139 946 167 974 in
188 946 320 974 honorem
342 945 414 974 beati
435 945 570 973 Francisci
598 943 697 972 ibidem
720 943 872 971 oratorium
896 945 937 971 est

94 995 292 1022 constructum.

172 1040 197 1067 Ξ.
221 1039 247 1067 111
270 1038 397 1075 Hispania
417 1038 490 1075 apud
522 1040 647 1066 sanctum
681 1036 862 1065 Facundumss
884 1036 936 1065 viri

94 1085 235 1116 cuiusdam
257 1093 384 1114 cerasum
405 1085 552 1113 arefactam
580 1084 614 1112 ad
636 1084 756 1112 virorem
779 1083 936 1117 frondium,

93 1133 193 1163 florum
215 1136 242 1162 et
262 1133 406 1161 fructuum
428 1135 524 1160 contra
545 1139 621 1168 spem
643 1131 806 1159 mirabiliter
826 1138 937 1159 revoca-

93 1181 140 1210 vit.
161 1196 201 1201 —
221 1180 325 1208 Incolas
346 1187 458 1216 quoque
480 1182 570 1207 terrae
591 1178 665 1215 apud
687 1177 824 1206 1711631031ι
845 1185 860 1205 a
875 1185 937 1206 ver-

93 1227 179 1256 mium
201 1229 277 1264 peste
298 1226 504 1255 corrodentium
533 1225 626 1254 vineas
646 1225 865 1262 circumquaque
887 1224 937 1252 mi-

94 1274 220 1302 raculoso
241 1273 373 1310 suffragio
400 1272 535 1301 liberavit.
559 1289 596 1292 -—
617 1271 771 1300 Sacerdotis
793 1271 936 1300 cuiusdam

93 1320 172 1349 iuxta
193 1319 341 1348 Palentiam
353 1319 364 1336 ⁵
386 1319 518 1347 horreum
540 1318 691 1355 quoddam,
707 1318 780 1355 quod
796 1317 938 1346 vermibus

93 1366 281 1395 frumentariis
303 1365 403 1403 repleri
419 1365 542 1402 quolibet
556 1373 628 1393 anno
643 1365 754 1393 solitum
770 1364 870 1398 fuerat,
886 1364 936 1392 sibi

94 1413 210 1442 fideliter
230 1412 452 1441 commendatum
475 1412 584 1448 penitus
605 1411 781 1448 expurgavit.
812 1426 848 1431 -
870 1411 936 1439 Ter-

95 1468 153 1489 ram
174 1467 285 1497 quoque
305 1459 406 1487 domini
429 1458 572 1487 cuiusdam
587 1458 621 1487 de
637 1458 787 1486 Petramala
802 1458 829 1486 in
851 1465 937 1494 reguo

94 1507 205 1544 Apuliae
226 1506 276 1535 sihi
298 1506 460 1542 suppliciter
481 1505 698 1534 commendatam
721 1505 756 1533 ab
776 1504 870 1533 odiosa
890 1512 937 1541 pe-

94 1557 134 1583 ste
148 1553 320 1582 bruchorum
332 1552 342 1569 6
365 1552 474 1589 1161111113
489 1552 609 1581 servavit
624 1552 793 1586 indemnem,
815 1559 879 1580 cum
900 1555 936 1580 ta-

94 1608 155 1629 men
171 1600 198 1629 in
213 1600 332 1629 circuitu
353 1599 445 1628 omnia
465 1601 557 1628 essent
572 1599 711 1635 praedicta
725 1598 880 1635 pestilentia
893 1598 937 1627 de-

95 1650 197 1676 vorata.

172 1694 198 1723 3.
221 1694 268 1722 Vir
290 1693 415 1730 quidam,
439 1693 572 1721 Martinus
594 1692 719 1726 nomine,
741 1700 804 1721 cum
828 1692 906 1728 longe
921 1699 937 1720 a

95 1744 184 1770 castro
205 1749 256 1770 suo
282 1741 366 1769 boves
397 1740 527 1768 minasset
548 1739 581 1768 ad
613 1747 730 1776 pascua,
757 1747 822 1767 crus
853 1738 937 1767 unius

94 1787 171 1816 bovis
192 1795 258 1816 casu
278 1787 398 1824 quodam
428 1787 467 1815 sic
498 1786 550 1815 fuit
580 1785 724 1822 desperate
755 1785 936 1818 confractum,

95 1837 126 1863 ut
145 1834 213 1862 nihil
235 1837 307 1863 esset
329 1833 379 1862 sibi
410 1833 445 1862 de
476 1832 597 1862 remedio
624 1833 717 1869 aliquo
749 1832 934 1869 cogitandum.

94 1880 165 1909 Dum
186 1883 278 1909 autem
301 1888 351 1917 pro
381 1879 565 1908 decoriatione
596 1879 667 1907 foret
694 1878 827 1907 sollicitus
848 1881 875 1907 et
896 1878 937 1906 in-

95 1929 295 1961 strumentum,
318 1934 380 1955 cum
402 1935 458 1963 quo
479 1926 504 1954 id
526 1926 641 1959 faceret,
663 1934 717 1954 non
741 1925 868 1959 haberet,
889 1925 937 1953 do-

95 1982 171 2003 mum
202 1982 347 2008 reversus,
376 1974 455 2002 beato
486 1973 630 2002 Francisco
661 1972 738 2001 bovis
765 1980 861 2001 curam
895 1980 938 2001 re-

94 2021 174 2058 liquit
199 2021 346 2058 ipsumque
377 2020 449 2049 fideli
481 2020 570 2049 Sancti
603 2019 742 2048 custodiae
774 2019 937 2048 fiducialiter

95 2068 310 2102 commendavit,
331 2076 366 2096 ne
386 2071 449 2096 ante
470 2075 552 2096 suum
576 2066 696 2095 reditum
718 2066 901 2095 devoraretur
922 2074 938 2094 a

95 2115 175 2152 lupis.
197 2116 309 2144 Summo
330 2114 423 2151 itaque
444 2121 524 2142 mane
552 2113 585 2142 ad
614 2113 711 2142 bovem
734 2113 761 2141 in
783 2113 851 2142 silva
872 2113 938 2141 reli-

95 2165 169 2190 ctum
190 2169 254 2190 cum
275 2161 471 2190 61160111110167
493 2168 639 2193 reversus,
668 2162 823 2196 pascentem
846 2159 937 2196 ipsum

96 2208 133 2237 ita
152 2208 287 2237 reinvenit
308 2208 491 2241 incolumem,
506 2207 580 2244 quod
599 2214 773 2243 nequaquam
796 2214 862 2235 crus
883 2206 937 2234 fra-

95 2258 170 2284 ctum
190 2255 225 2284 ab
245 2255 332 2284 altero
350 2254 532 2283 discernebat.
547 2253 654 2282 Gratias
669 2253 724 2290 egit
739 2253 810 2281 bono
824 2252 937 2290 pastori,

96 2301 142 2338 qui
163 2301 320 2338 diligentem
341 2301 375 2329 de
396 2301 465 2329 bove
486 2308 537 2329 3110
568 2307 664 2328 curam
687 2299 784 2327 habuit
805 2302 832 2328 et
846 2299 938 2327 mede-

96 2347 150 2377 lam
170 2348 288 2377 donavit.
311 2348 481 2376 Succurrere
502 2347 578 2375 novit
592 2346 706 2375 humilis
721 2347 836 2374 Sanctus
850 2345 938 2373 omni-

96 2394 148 2424 bus
167 2395 357 2424 invocantibus
378 2394 469 2431 ipsum
490 2401 540 2422 1166
562 2395 820 2430 quantumcumque
839 2399 938 2428 parvas

97 2441 270 2470 necessitates
292 2441 435 2469 hominum
457 2440 630 2477 dedignatur.
654 2456 691 2459 —
711 2439 778 2467 Nam
800 2438 859 2466 viro
880 2437 939 2466 cui-

97 2487 158 2516 dam
178 2488 212 2517 de
233 2487 393 2516 Amitern0⁸
415 2487 570 2516 iumentum
602 2485 723 2515 restituit
750 2485 825 2513 furto
846 2484 938 2513 subla-

97 2537 164 2562 tum.
186 2534 290 2563 Mulieri
313 2534 422 2563 cuidam
442 2534 476 2562 de
497 2533 642 2562 Interduco
657 2532 779 2561 catinum
793 2539 895 2560 novum
911 2531 938 2559 in

159 2726 166 2739 ¹
186 2728 214 2749 lta
233 2729 286 2749 Acta
305 2727 356 2753 SS.,
373 2727 379 2748 1
397 2725 503 2755 felicem,·
519 2725 557 2748 alii
574 2725 642 2747 codd.
660 2725 746 2747 6161111.
769 2723 866 2747 silicem.
885 2724 939 2746 Filix

100 2768 133 2788 est
149 2765 219 2788 herba
238 2765 361 2794 quaedam.

161 2802 170 2816 ²
188 2804 243 2826 Cod.
261 2805 277 2826 B
294 2803 442 2833 conspicuus.

162 2842 171 2855 ³
188 2843 247 2865 Alias
263 2842 407 2872 Sulzaqmzo,
425 2843 448 2865 in
465 2848 537 2870 regno
555 2841 699 2869 Legionensi.

161 2881 170 2894 ⁴
188 2881 260 2905 Codd.
281 2881 393 2904 Villesios.

162 2918 172 2931 ¹⁵
190 2920 212 2942 ln
229 2926 301 2948 regno
318 2920 453 2948 Legionensi
471 2919 493 2941 in
511 2919 625 2947 Hispania.

162 2957 172 2970 θ
188 2958 243 2981 Cod.
260 2959 276 2980 L
293 2961 316 2981 et
337 2959 391 2981 Acta
417 2959 457 2981 SS.
480 2957 619 2985 brutormn,
645 2957 666 2979 in
692 2957 742 2979 aliis
763 2957 832 2979 codd.
856 2956 939 2984 legitur

102 2994 244 3025 brucorum,·
260 2998 299 3019 cfr.
317 2997 348 3020 du
366 2996 455 3025 Gange,
472 2996 611 3019 Glossarium
629 2999 687 3019 etc:
713 2996 806 3019 Brucus
823 3001 866 3024 pro
887 2995 939 3018 bru-

1781 214 1836 243 563

994 290 1095 319 multas
1116 293 1209 327 partes
1239 298 1304 319 casu
1332 290 1450 319 divisum
1472 291 1578 327 integre
1604 291 1751 328 reparavit.
1773 291 1838 320 Viro

994 337 1075 365 etiam
1097 336 1204 365 cuidam
1227 337 1260 365 de
1282 340 1375 366 monte
1395 337 1464 366 Ulmi
1484 337 1511 365 in
1530 338 1650 366 Marchia
1662 337 1672 354 ⁹
1687 337 1837 366 consolida—

994 383 1032 411 vit
1054 391 1192 412 vomerem
1215 384 1241 411 In
1264 383 1352 412 frusta
1373 384 1553 412 confractum.

1072 430 1099 458 4.
1121 430 1149 458 In
1171 430 1312 459 Sabinensi
1335 430 1450 459 dioecesi
1465 431 1488 447 ¹⁰
1509 431 1601 459 vetula
1616 432 1750 468 quaedam
1765 436 1836 461 octo-

993 477 1106 513 genaria
1126 480 1201 511 erat,
1223 476 1304 505 cuius
1325 476 1381 505 filia
1403 477 1523 506 moriens
1550 478 1694 506 lactentem
1717 479 1837 508 infantu-

994 523 1051 552 lum
1073 523 1230 560 dereliquit.
1252 523 1320 552 Cum
1350 523 1435 560 igitur
1458 532 1529 552 anus
1557 525 1725 561 paupercula
1757 526 1837 561 plena

993 572 1065 598 esset
1086 569 1178 606 inopia
1198 572 1225 598 et
1253 578 1340 599 vacua
1368 570 1452 604 lacte,
1475 571 1607 607 nullaque
1628 574 1700 600 63561
1720 572 1838 607 mulier,

993 624 1064 653 quae
1086 616 1186 644 sitienti
1210 617 1326 653 parvulo
1354 617 1432 645 lactis
1459 617 1641 651 stillicidium,
1664 618 1744 646 iuxta
1764 619 1838 655 quod

993 662 1122 699 exigebat
1143 662 1306 697 necessitas,
1328 666 1467 700 erogaret,
1483 672 1538 701 quo
1553 672 1582 692 se
1597 668 1730 699 verteret,
1746 666 1839 694 vetula

994 708 1104 745 penitus
1132 709 1283 745 ignorabat.
1314 709 1459 738 Debilitato
1487 718 1553 739 vero
1581 711 1730 745 infantulo,
1760 715 1839 741 nocte

994 755 1112 791 quadam
1135 755 1209 783 omni
1233 756 1354 784 humano
1384 756 1516 785 destituta
1544 757 1681 792 subsidio,
1711 758 1744 786 ad
1766 759 1837 787 beati

994 801 1081 829 Patris
1102 802 1235 830 Francisci
1257 803 1393 830 auxilium
1418 803 1636 839 implorandum,
1653 805 1837 841 lacrymarum

994 848 1082 876 imbre
1104 848 1228 884 perfusa,
1251 852 1306 877 tota
1327 857 1356 877 se
1372 853 1462 878 mente
1477 851 1621 878 convertit.
1645 852 1726 879 :isfuit
1747 852 1838 880 statim

994 894 1147 923 innocentis
1177 899 1283 923 amator
1315 896 1429 924 aetatis:
1464 897 1568 933 «Ego,
1602 897 1743 934 inquiens,
1777 907 1839 927 511111

994 941 1169 976 Franciscus,
1191 950 1207 970 0
1230 942 1344 976 mulier,
1366 951 1449 980 quem
1471 951 1533 972 cum
1557 945 1639 973 tantis
1656 945 1783 981 lacrymis
1799 946 1839 973 in-

995 988 1105 1016 vocasti.
1136 989 1221 1022 Pone,
1243 989 1292 1022 ait,
1321 997 1454 1018 mammas
1483 994 1544 1019 tuas
1566 991 1592 1019 in
1614 999 1662 1019 ore
1685 992 1793 1028 pueruli
1807 993 1839 1026 ¹¹,

994 1035 1124 1072 quoniam
1156 1035 1329 1064 abundanter
1358 1036 1404 1064 tibi
1428 1037 1469 1065 Iac
1498 1037 1631 1065 Dominus
1652 1037 1765 1066 dabit».
1790 1039 1839 1067 Im-

994 1081 1078 1118 plevit
1099 1089 1169 1110 anus
1184 1082 1273 1110 Sancti
1296 1083 1472 1117 mandatum,
1488 1086 1515 1111 et
1536 1084 1626 1112 statim
1649 1085 1839 1121 octogenariae

995 1136 1129 1157 mammae
1151 1129 1229 1157 lactis
1250 1129 1355 1166 copiam
1378 1129 1544 1158 effuderunt.
1569 1131 1688 1159 innotuit
1708 1131 1838 1160 omnibus

994 1175 1119 1204 mirabile
1141 1176 1230 1204 Sancti
1253 1176 1366 1209 donum,
1390 1177 1485 1205 multis
1506 1180 1561 1205 tam
1584 1177 1650 1205 viris
1672 1186 1755 1214 quam
1777 1186 1839 1206 mu-

994 1221 1110 1250 lieribus
1130 1223 1348 1251 accelerantibus
1370 1223 1403 1251 ad
1436 1223 1592 1252 videndum.
1616 1224 1647 1252 Et
1668 1225 1733 1261 quia
1764 1225 1838 1262 quod

996 1268 1168 1297 testabantur
1189 1270 1260 1298 oculi
1282 1270 1375 1306 lingua
1397 1270 1560 1307 impugnare
1582 1280 1635 1299 non
1658 1274 1774 1308 poterat,
1790 1280 1840 1300 ex-

994 1314 1151 1343 citabantur
1172 1323 1267 1344 omnes
1288 1316 1321 1344 ad
1344 1316 1511 1345 laudandum
1534 1317 1621 1346 Deum
1644 1318 1671 1346 in
1691 1318 1781 1347 Sancti
1797 1318 1839 1347 sui

994 1363 1098 1391 virtute
1120 1362 1239 1391 mirabili
1261 1365 1288 1391 et
1309 1363 1417 1391 amabili
1442 1363 1549 1400 pietate.

1074 1410 1099 1437 5
1122 1409 1197 1446 Apud
1220 1410 1360 1446 Spoletum
1384 1411 1426 1438 vir
1447 1414 1474 1439 et
1495 1419 1585 1445 uxor,
1608 1411 1721 1440 unicum
1737 1412 1840 1441 liaben-

996 1459 1036 1485 tes
1057 1456 1161 1491 filium,
1183 1456 1305 1493 quotidie
1326 1457 1403 1485 illum
1425 1458 1501 1486 velut
1523 1458 1720 1487 hereditarium
1743 1467 1840 1495 oppro-

994 1503 1086 1531 brium
1108 1503 1296 1540 deplorabant.
1320 1504 1442 1532 Brachiis
1456 1504 1590 1541 siquidem
1607 1505 1676 1533 collo
1697 1506 1839 1540 connexis,

994 1550 1151 1586 iunctisque
1172 1550 1289 1586 genibus
1309 1551 1427 1587 pectori,
1449 1554 1476 1579 et
1497 1551 1613 1587 pedibus
1632 1552 1749 1589 alligatis
1770 1553 1839 1581 nati-

995 1597 1047 1625 bus
1063 1596 1095 1631 12,
1117 1605 1169 1625 11011
1194 1597 1312 1625 hominis
1333 1597 1440 1634 proles,
1462 1598 1509 1626 sed
1530 1602 1686 1627 monstrum
1701 1599 1839 1636 quoddam

994 1644 1086 1680 potius
1107 1643 1260 1672 videbatur.
1284 1644 1487 1673 Vehementiori
1511 1645 1610 1673 mulier
1639 1653 1674 1673 ex
1698 1646 1749 1674 hoc
1770 1646 1839 1674 asili-

994 1694 1038 1719 cta
1058 1691 1167 1724 dolore,
1189 1690 1295 1719 crebris
1316 1691 1465 1727 gemitibus
1486 1692 1621 1720 clamabat
1642 1692 1675 1720 ad
1697 1692 1837 1721 Christum

994 1737 1079 1766 sancti
1102 1737 1237 1765 Francisci
1259 1737 1396 1765 auxilium
1419 1737 1582 1771 invocando,
1605 1741 1636 1767 ut
1658 1738 1756 1767 infelici
1785 1739 1838 1767 sibi

994 1787 1021 1812 et
1043 1784 1069 1811 in
1092 1784 1137 1812 tali
1159 1783 1308 1820 opprobrio
1330 1784 1494 1812 constitutae
1525 1792 1692 1813 succurrere
1712 1785 1839 1822 dignare-

995 1833 1050 1858 tur.
1072 1830 1154 1858 Nocte
1176 1830 1260 1867 igitur
1292 1830 1424 1867 quadam,
1446 1838 1509 1859 cum
1542 1834 1656 1868 propter
1678 1832 1836 1860 huiusmodi

995 1877 1133 1906 tristitiam
1157 1877 1242 1905 tristis
1263 1885 1322 1906 eam
1354 1885 1469 1906 somnus
1493 1878 1642 1914 a1·ripcret;
1664 1879 1793 1915 apparuit
1814 1879 1838 1907 ei

994 1927 1106 1952 sanctus
1127 1924 1297 1957 Franciscus,
1319 1924 1371 1960 piis
1391 1932 1451 1952 eam
1472 1924 1600 1953 affatibus
1622 1925 1745 1954 mulcens
1766 1925 1839 1954 insu-

995 1978 1044 2007 per
1065 1973 1092 1999 61
1113 1970 1244 2004 suadens,
1266 1970 1339 2007 quod
1360 1970 1393 1999 ad
1416 1971 1506 1999 locum
1522 1971 1709 2008 propinquum
1725 1980 1839 2000 suono-

995 2017 1060 2045 mini
1082 2017 1237 2046 dedicatum
1259 2017 1380 2046 deferret
1401 2025 1536 2054 puerum,
1558 2021 1590 2046 ut
1611 2026 1647 2047 ex
1668 2026 1741 2055 aqua
1762 2019 1837 2055 putei

996 2064 1046 2092 loci
1068 2064 1141 2092 illius
1162 2064 1189 2092 in
1211 2063 1322 2092 nomine
1343 2064 1451 2092 Domini
1472 2064 1650 2101 superfusus,
1671 2065 1780 2102 plenam
1795 2073 1838 2093 re-

995 2110 1099 2148 ciperet
1120 2111 1287 2148 sospitatem.
1310 2110 1467 2147 Negligente
1498 2114 1590 2139 autem
1613 2111 1659 2139 illa
1680 2112 1770 2140 Sancti
1792 2111 1839 2140 ad-

995 2157 1109 2194 implere
1130 2157 1307 2191 mandatum,
1321 2157 1442 2186 secundo
1457 2158 1599 2194 replicavit
1614 2158 1640 2186 id
1656 2158 1756 2195 ipsum.
1773 2159 1839 2187 Ter-

996 2204 1032 2233 tio
1053 2212 1165 2241 quoque
1186 2212 1331 2241 apparens,
1353 2204 1498 2234 mulierem
1520 2213 1583 2233 611111
1599 2213 1687 2241 1111610
1702 2213 1791 2242 11311116
1805 2205 1839 2234 ad

995 2251 1105 2280 ianuam
1126 2250 1191 2279 dicti
1220 2251 1271 2279 loci
1299 2251 1480 2287 praeambulo
1500 2251 1603 2280 ducatu
1626 2251 1766 2288 perduxit.
1789 2252 1839 2280 Su-

994 2298 1186 2334 pervenientes
1206 2301 1298 2326 autem
1321 2297 1425 2326 nobiles
1446 2298 1580 2334 quaedam
1604 2301 1743 2327 matronae
1757 2298 1839 2326 devo-

995 2344 1077 2373 tionis
1097 2352 1180 2372 causa
1208 2344 1240 2372 ad
1273 2344 1362 2373 locum
1395 2344 1580 2381 praedictum,
1611 2344 1651 2373 eis
1678 2352 1694 2372 a
1723 2344 1839 2373 muliere

996 2390 1117 2428 praefata
1138 2390 1282 2427 diligenter
1314 2391 1441 2427 exposita
1472 2391 1591 2425 visione,
1614 2399 1669 2419 una
1694 2399 1757 2419 cum
1781 2391 1839 2428 ipsa

995 2445 1114 2474 puerum
1130 2437 1272 2465 Fratribus
1287 2439 1508 2473 praesentarunt,
1523 2440 1550 2466 et
1565 2437 1724 2466 haurientes
1738 2445 1839 2474 aquam

995 2484 1029 2513 de
1050 2486 1150 2520 puteo,
1171 2491 1268 2512 earum
1289 2483 1406 2512 nobilior
1428 2484 1547 2520 propriis
1569 2484 1696 2513 manibus
1718 2484 1783 2512 lavit
1797 2484 1838 2512 in-

996 2530 1106 2559 fantem.
1129 2530 1224 2558 Statim
1245 2538 1332 2567 puer,
1353 2530 1481 2559 omnibus
1502 2530 1633 2559 membris
1654 2530 1688 2559 ad
1709 2538 1760 2559 sua
1781 2531 1839 2559 loca

996 2725 1064 2751 611113,
1081 2724 1119 2746 Gr.
1137 2723 1244 2754 βροΰχος,
1263 2723 1336 2745 11111166
1354 2723 1443 2750 19111611,
1462 2723 1548 2744 vermis
1564 2729 1604 2745 seu
1622 2723 1723 2745 locustae
1740 2723 1836 2750 species.

1059 2762 1067 2775 ⁷
1084 2763 1118 2785 Du
1135 2762 1220 2790 cange,
1238 2762 1377 2784 Glossarium
1395 2765 1450 2783 eun:
1470 2761 1621 2789 Exeat-lator,
1641 2762 1721 2783 lanius.

1059 2800 1068 2814 ⁸
1085 2802 1137 2824 Erat
1153 2801 1208 2824 urbs
1225 2801 1291 2829 regni
1309 2801 1447 2829 Neapolitani
1467 2801 1487 2822 in
1505 2801 1601 2828 Aprutio
1619 2800 1733 2828 Ulteriori,
1752 2800 1773 2822 in
1791 2806 1838 2829 quo

995 2841 1063 2864 ctiam
1081 2840 1178 2863 liabetur
1194 2839 1333 2863 Iizterducus
1352 2839 1504 2868 (Interdicus).

1058 2878 1068 2891 ⁰
1085 2879 1174 2901 Scilicet
1191 2879 1330 2901 Anconitana
1347 2878 1376 2900 ad
1394 2878 1490 2900 nuvium
1509 2878 1613 2900 Ufentem
1630 2878 1746 2906 (Cluenti).

1059 2916 1079 2930 ¹⁰
1096 2916 1180 2939 Sabina
1197 2919 1229 2939 est
1247 2916 1338 2944 antiqua
1357 2915 1474 2944 provincia
1492 2916 1584 2938 ditionis
1601 2916 1740 2938 Pontificiae.

1059 2955 1076 2968 ¹¹
1095 2956 1152 2978 (lod.
1169 2956 1187 2978 M
1206 2958 1228 2978 et
1245 2956 1298 2978 Acta
1316 2955 1354 2977 SS.
1371 2954 1465 2984 puerili.

1059 2993 1078 3007 ¹²
1096 2994 1147 3016 Vat.
1163 3000 1285 3022 perperam
1303 2993 1409 3017 nai-ibus.

1863 437 1967 456 Decimum.

1854 1416 1983 1436 Undecimum.
