2133 3317
134 872 170 890 Sex
181 871 230 890 maia

126 895 237 914 clericorum

130 919 195 937 utilius
208 920 236 937 ta-

147 942 214 961 cenda.

119 2294 183 2314 Idonei
194 2293 250 2318 pauci

132 2319 250 2347 :ld-regimen

131 2347 243 2362 animarum.

255 223 312 252 358

254 300 462 330 haereticorum
485 297 617 327 versutiis
637 296 759 325 obviare.
776 296 862 324 Immo
877 295 928 332 ipsi
944 294 1037 324 clerici
1052 294 1107 323 cito

255 349 290 377 ab
311 346 458 376 haereticis
486 345 718 374 subverterentur
747 351 797 380 per
823 342 935 371 callidas
956 341 1106 379 expositio-

255 403 304 424 nes
333 394 510 430 scripturae,
532 392 560 420 in
588 391 692 428 quibus
717 390 856 419 nescirent
881 397 979 418 eorum
1008 389 1107 426 depre-

255 441 378 471 hendere
400 439 537 473 fallacias,
560 438 603 467 vel
625 446 675 475 per
700 437 898 474 promissiones
919 436 1106 465 seducerent1

256 496 319 522 eos,
341 487 524 524 spondentes,
546 485 621 523 quod
641 485 733 521 magni
755 484 855 513 fierent
876 483 949 512 inter
970 483 1052 520 ipsos.
1076 483 1107 511 Et

255 543 319 564 cum
340 534 424 562 laicos
444 533 633 566 attraherent,
655 531 748 560 clerici
770 530 851 560 etiam
867 530 960 567 potius
974 529 1107 558 adhaere-

255 584 318 611 rent
339 581 393 615 eis,
415 589 499 618 quam
521 580 571 609 soli
593 579 682 608 relicti
704 578 828 615 perirent
849 577 950 614 inopia,
965 585 1029 606 cum
1045 577 1107 606 nul-

255 630 300 658 lus
320 631 434 658 curaret
454 635 501 656 eos
522 635 572 656 nec
593 627 671 655 daret
685 626 725 655 eis
739 625 891 654 oblationes
912 625 956 653 vel
971 624 1106 659 decimas,

255 679 304 705 aut
332 678 407 705 certe
433 674 674 712 persecutionibus
702 680 800 702 eorum
832 672 1106 706 exterminarentur,

256 730 320 751 cum
342 722 397 750 iam
420 722 555 750 haberent
584 720 667 749 laicos
695 720 836 748 adlutores
865 722 961 748 contra
983 719 1106 753 clerum,

257 770 330 799 sicut
350 769 432 798 modo
453 768 545 797 clerIci
568 767 723 797 haereticos
744 769 963 804 persequuntur.

337 816 382 845 His
404 824 470 853 ergo
491 815 525 844 de
546 815 638 844 causis
659 817 686 843 et
707 814 783 848 aliis,
805 817 837 842 ut
865 814 953 842 multa
974 813 1046 842 mala
1066 813 1107 842 vi-

259 867 369 898 tentur,
391 864 489 892 utilius
511 863 666 892 iudicamus
688 865 779 891 tacere
800 861 936 899 quaedam
960 861 1032 889 mala
1053 861 1108 889 cle-

258 911 382 940 ricorum
411 918 494 948 quam
527 910 630 947 populo
658 909 789 946 prodere,
818 909 866 937 ubi
892 908 951 937 sine
979 908 1108 937 scandalo

258 966 408 996 possumus
429 958 548 991 evitare,
570 960 602 986 ut
624 960 689 986 sunt
710 957 777 985 ista:
797 956 1031 993 quandocumque
1045 955 1109 992 quis

257 1006 341 1035 habet
372 1005 468 1043 plures
499 1005 629 1033 ecclesias
661 1012 757 1033 curam
788 1003 945 1032 animarum
974 1002 1109 1031 habentes

257 1053 315 1082 sine
336 1052 540 1089 dispensatione
554 1051 713 1088 apostolica,
728 1058 823 1079 omnes
837 1053 936 1079 vacant
951 1050 1010 1086 ipso
1025 1049 1086 1077 iure
1098 1049 1108 1065 2

257 1103 369 1137 praeter
390 1099 531 1133 uItImam,
553 1102 580 1127 et
602 1099 711 1127 nullum
727 1098 770 1126 ius
791 1097 875 1126 habet
890 1097 917 1125 in
932 1096 993 1125 aliis
1008 1095 1109 1133 ligandi

257 1148 301 1176 vel
321 1147 460 1180 solvendi,
475 1154 526 1175 nec
540 1146 601 1175 eius
616 1146 749 1179 vicarius,
766 1153 816 1173 nec
831 1144 939 1181 aliquos
959 1143 1023 1172 inde
1038 1143 1110 1172 redi-

257 1198 303 1223 tus
324 1194 502 1231 percipiendi.
518 1210 557 1214 —
572 1193 653 1227 Item,
675 1192 816 1229 illegitime
838 1194 920 1220 natus
941 1190 1050 1219 nullum
1066 1190 1110 1218 ius

257 1242 342 1271 habet
369 1241 396 1269 in
426 1241 560 1270 beneficio
592 1248 689 1269 curam
718 1239 876 1268 animarum
899 1238 1018 1266 habente
1030 1237 1049 1265 ³.
1072 1252 1110 1256 ——

258 1289 340 1323 Item,
362 1289 409 1325 qui
432 1287 531 1324 recipit
553 1287 696 1316 ecclesiam
721 1294 770 1323 per
798 1292 1007 1322 quamcumque
1028 1284 1110 1313 simo-

258 1336 331 1365 niam
344 1337 364 1363 4.
387 1352 425 1356 —-
448 1335 527 1369 Item,
559 1334 608 1371 qui
637 1334 734 1370 recipit
762 1332 907 1362 ecclesiam
939 1332 973 1360 ab
1002 1339 1034 1360 eo
1062 1331 1110 1368 qui

258 1391 313 1412 non
343 1383 427 1411 babet
455 1390 555 1411 verum
583 1382 627 1410 ius
655 1379 814 1409 conferendi
835 1387 895 1408 eam
907 1379 928 1407 ⁵.
955 1396 994 1400 —-
1015 1378 1112 1406 Omnis

259 1431 385 1460 notorius
406 1430 572 1464 fornicator,
588 1429 669 1458 cuius
683 1428 807 1457 criminis
829 1428 906 1456 testis
921 1430 962 1456 est
977 1427 1111 1463 populus,

259 1479 321 1507 iure
343 1481 471 1512 taxatus,
493 1478 551 1506 sive
580 1477 607 1505 in
635 1477 717 1505 domo
738 1484 789 1505 sua
817 1478 909 1504 teneat
934 1474 1111 1503 fornicariam

259 1526 317 1555 sive
338 1529 435 1560 extra,
458 1525 501 1554 vel
533 1532 617 1553 unam
650 1524 751 1552 habeat
775 1523 819 1551 vel
848 1523 959 1559 plures,
988 1524 1030 1550 est
1051 1521 1111 1558 ipso

259 1574 321 1602 iure
343 1580 496 1609 suspensus
517 1572 552 1600 ab
573 1571 679 1605 officio,
702 1571 740 1599 ita
761 1570 835 1607 quod
863 1569 967 1599 subditi
988 1577 1043 1597 non
1064 1568 1112 1597 de-

259 1621 325 1650 bent
346 1620 407 1649 eius
427 1620 537 1648 Missam
558 1619 655 1647 audire
677 1626 727 1647 nec
749 1617 875 1646 confiteri
897 1617 921 1645 ei
944 1624 994 1645 nec
1009 1616 1062 1644 alia
1076 1615 1111 1644 ab

260 1676 292 1697 eo
314 1669 491 1696 Sacramenta
512 1667 652 1703 recipere,
675 1673 725 1694 nec
746 1668 837 1702 potest
858 1672 905 1693 eos
919 1663 1113 1693 excommuni-

261 1723 324 1744 care
346 1723 395 1743 nec
417 1714 592 1743 absolveress.
610 1730 647 1734 -
669 1713 748 1746 Item,
773 1712 795 1741 si
818 1719 971 1748 suspensus
992 1711 1113 1740 celebrat

261 1765 289 1792 et
320 1762 423 1791 officiat
453 1761 614 1795 ecclesiam,
646 1760 690 1789 vel
721 1767 899 1797 quacumque
920 1758 1114 1787 excommuni-

260 1810 367 1839 catione
389 1809 499 1846 ligatus,
521 1816 571 1837 seu
593 1808 692 1844 recipit
713 1807 839 1836 ordinem
868 1806 1037 1840 clericalem,
1065 1808 1114 1834 aut

261 1857 289 1886 ln
311 1865 343 1886 eo
365 1856 526 1886 solemniter
548 1855 731 1889 ministravit,
752 1854 842 1883 factus
864 1857 905 1883 est
936 1852 1113 1890 irregularis,

261 1908 288 1934 et
309 1913 365 1933 non
387 1906 478 1941 potest
502 1910 637 1932 exercere
664 1902 788 1931 officium
821 1901 964 1935 clericale,
987 1900 1069 1929 etiam
1092 1900 1114 1928 si

261 1952 316 1981 iam
337 1951 469 1980 fornicari
490 1950 620 1984 cessavit,
642 1950 685 1978 vel
707 1949 742 1978 ab
763 1947 1053 1977 excommunicatione
1067 1947 1115 1975 ab-

262 1999 371 2028 solutus
391 1998 492 2032 fuerit,
513 1997 565 2026 nisi
588 2005 653 2026 cum
675 2005 707 2025 eo
728 2004 814 2033 super
829 1994 1036 2032 irregularitate
1051 2002 1115 2023 con-

262 2049 351 2075 tracta
365 2053 415 2082 per
431 2045 527 2074 Sedem
542 2044 721 2081 apostolicam
741 2043 933 2079 dispensetur,
949 2041 1072 2070 maxime
1093 2040 1115 2070 si

263 2102 279 2122 a
293 2093 385 2122 iudice
406 2091 595 2129 suspensionis
616 2090 753 2120 sententia
773 2090 827 2118 fuit
847 2089 931 2117 Iata⁷.
954 2088 1115 2117 Huiusmodi

263 2143 356 2169 autem
379 2139 531 2168 sententiae
553 2138 607 2166 iam
639 2145 720 2174 saepe
740 2137 872 2166 feruntur
894 2136 922 2164 in
944 2135 1060 2164 clericos
1081 2135 1116 2163 ab

264 2187 429 2216 officialibus
450 2188 478 2215 et
498 2184 700 2214 archidiaconis
715 2187 742 2212 et
756 2183 895 2212 iudicibus
910 2182 1058 2211 ordinariis
1072 2182 1116 2210 vel

265 2233 397 2271 delegatis
418 2236 445 2262 et
465 2240 565 2270 parum
587 2234 724 2261 curantur
745 2239 761 2259 a
780 2230 885 2259 multis.

344 2280 490 2314 Videmus,
505 2280 533 2308 in
548 2279 632 2308 terris
646 2278 706 2307 istis
716 2280 756 2307 tot
767 2285 827 2306 esse
842 2276 986 2313 imperitos
1000 2276 1055 2304 iam
1066 2275 1118 2304 cle-

266 2329 339 2358 ricos
350 2328 377 2357 in
394 2328 438 2357 his
452 2335 524 2365 quae
538 2326 573 2355 ad
587 2326 712 2363 regimen
724 2324 864 2362 pertinent
874 2324 1041 2357 ammarum,
1054 2322 1119 2351 licet

618 218 816 248 OPUSCULUM
837 217 901 246 XIII.
924 215 1234 245 DETERMINATIONES
1255 215 1497 252 QUAESTIONUM.
1520 214 1600 244 PARS
1621 214 1651 243 Il.

1164 294 1191 323 in
1213 295 1394 332 grammatica
1414 294 1458 323 vel
1479 294 1533 322 alia
1554 293 1668 322 scientia
1693 292 1748 321 sint
1769 292 1916 326 instructi,
1938 292 2014 329 quod

1163 341 1211 370 ubi
1234 345 1344 370 centum
1367 342 1410 370 veI
1432 341 1527 378 plures
1548 340 1657 377 plebani
1679 343 1706 369 et
1722 339 1816 368 vicarii
1831 339 2014 374 conveniunt,

1164 388 1212 416 vix
1234 388 1314 425 pauci
1336 388 1407 422 sint,
1429 388 1475 425 qui
1500 395 1564 416 vere
1580 387 1667 416 sciant
1688 386 1794 415 animas
1815 394 1879 415 suas
1894 386 1938 415 vel
1952 386 2013 420 alia,

1164 444 1235 472 quae
1257 435 1290 464 ad
1312 435 1430 464 salutem
1452 438 1517 463 sunt
1538 434 1706 468 necessaria,
1722 434 1750 462 in
1765 434 1809 462 his
1824 442 1874 470 per
1889 433 2014 470 Scriptu-

1165 490 1260 511 rarum
1274 482 1416 510 scIentIam
1428 481 1569 518 expedire.
1586 481 1617 509 Et
1632 480 1733 509 talibus
1748 480 1884 517 imperitis
1899 488 1954 508 non
1968 479 2015 509 de-

1164 529 1262 558 berent
1283 537 1381 557 eorum
1403 528 1506 557 subditi
1521 528 1646 556 confiteri
1662 530 1776 564 propter
1792 527 1965 564 periculum,
1980 535 2016 556 ne

1163 576 1234 605 forte
1253 584 1288 605 ex
1301 576 1456 613 ignorantia
1470 575 1630 612 relinquant
1641 583 1688 604 eos
1699 575 1727 603 in
1742 578 1816 603 statu
1832 574 2015 604 damnationis

1164 623 1295 657 docendo,
1311 631 1366 651 non
1391 630 1450 651 esse
1465 625 1610 659 peccatum
1632 622 1707 659 quod
1732 625 1774 651 est
1788 622 1904 650 mortale
1920 629 2017 659 pecca-

1165 674 1234 705 tum,
1249 674 1298 699 aut
1310 678 1363 698 non
1375 669 1544 698 ostendendo
1555 669 1673 698 formam
1687 669 1808 698 debitam
1823 668 2016 698 satisfactionis

1164 718 1198 747 de
1213 721 1325 755 peccato
1347 717 1480 751 confesso,
1498 717 1543 745 ubi
1560 720 1636 745 certa
1651 716 1740 745 forma
1761 716 1954 745 satisfactionis
1975 718 2017 745 est

1166 765 1337 799 necessaria,
1353 768 1384 793 ut
1399 765 1432 793 de
1454 764 1678 793 restitutionibus
1694 771 1790 793 rerum
1806 763 1900 792 illicite
1920 763 2015 800 acqui-

1166 813 1282 842 sitarum
1306 812 1389 841 certis
1421 811 1488 840 Iocis
1516 811 1559 839 vel
1585 811 1711 847 personis
1739 811 1783 839 vel
1804 810 1955 839 heredibus
1976 810 2015 839 fa-

1165 859 1284 894 ciendis,
1306 859 1353 887 ubi
1376 859 1455 887 multi
1477 858 1660 887 seducuntur.

1244 907 1352 935 Scimus
1373 907 1472 940 etiam,
1494 906 1568 943 quod
1584 906 1632 942 qui
1648 905 1767 934 scienter
1782 905 1810 933 in
1825 905 1935 933 mortali
1952 912 2015 941 pec-

1166 958 1226 983 cato
1247 954 1354 991 positus
1376 953 1497 982 celebrat
1518 953 1626 982 Missam
1648 952 1772 989 qualibet
1788 952 1846 981 vice
1861 952 2014 981 mortaliter

1166 1004 1194 1030 et
1213 1001 1335 1038 graviter
1358 1003 1460 1037 peccat,
1483 1002 1510 1028 et
1531 1002 1667 1036 quantum
1690 999 1717 1027 in
1739 999 1798 1035 ipso
1819 1001 1877 1033 est,
1900 1006 2015 1027 rursum

1166 1048 1308 1077 Christum
1340 1047 1511 1084 crucifigit&
1532 1054 1616 1084 quem
1648 1049 1675 1075 et
1705 1054 1757 1083 pro
1785 1045 1920 1080 denariis,
1947 1054 2017 1083 quos

1167 1096 1218 1124 sibi
1241 1098 1335 1132 sperat
1356 1095 1466 1129 offerri,
1489 1097 1516 1124 et
1544 1094 1638 1123 illicite
1669 1097 1696 1122 et
1724 1094 1836 1130 indigne
1856 1096 2018 1122 contrectat.

1167 1143 1218 1179 Qui
1242 1150 1308 1179 ergo
1329 1143 1410 1171 oli'ert
1431 1142 1454 1171 ei
1484 1149 1568 1179 quem
1597 1141 1678 1170 talem
1710 1149 1770 1170 esse
1798 1141 1953 1178 praesumit
1974 1141 2019 1170 vel

1167 1190 1219 1218 scit
1250 1192 1277 1218 et
1309 1192 1403 1226 rogat,
1434 1197 1498 1218 eum
1531 1189 1641 1217 Missam
1673 1188 1831 1223 celebrare,
1862 1188 1927 1217 facit
1955 1196 2019 1216 eum

1168 1237 1278 1265 Christo
1300 1239 1403 1265 tantam
1426 1236 1528 1265 inferre
1549 1236 1757 1270 contumeliam,
1773 1238 1805 1264 ut
1826 1244 1890 1264 eum
1910 1235 2021 1273 indigne

1169 1287 1321 1313 contrectet
1342 1286 1369 1312 et
1390 1283 1506 1320 peccet⁹
1534 1283 1697 1311 mortaliter.
1727 1282 1778 1311 Sed
1806 1282 1855 1320 qui
1883 1282 1947 1311 facit
1972 1282 2021 1311 ali-

1169 1339 1252 1368 quem
1285 1338 1400 1367 peccare
1432 1330 1601 1363 mortaliter,
1634 1330 1692 1366 ipse
1720 1333 1831 1366 peccat,
1863 1329 1911 1358 ubi
1944 1329 2020 1366 igno-

1169 1378 1260 1406 rantia
1281 1386 1335 1406 non
1357 1380 1489 1412 excusat3
1512 1380 1539 1405 et
1553 1377 1707 1406 secundum
1730 1377 1797 1411 ista,
1819 1377 1841 1405 si
1864 1377 1959 1405 nullus
1979 1376 2019 1405 of-

1169 1425 1256 1454 ferret
1284 1425 1328 1453 vel
1355 1424 1466 1453 audiret
1494 1424 1589 1453 Missas
1621 1432 1719 1453 eorum
1748 1424 1796 1461 qui
1826 1424 1920 1453 illicite
1950 1424 2020 1453 cele-

1170 1473 1267 1506 brant,
1290 1474 1431 1500 cessarent
1451 1480 1467 1500 a
1487 1471 1672 1500 celebratione
1688 1471 1731 1500 vel
1746 1471 1920 1508 corrigerent
1934 1471 2020 1500 vitam

1170 1528 1262 1553 suam,
1284 1522 1311 1548 et
1332 1519 1370 1548 sic
1393 1519 1481 1547 multa
1496 1522 1608 1555 peccata
1629 1519 1835 1548 omitterentur.

1249 1567 1326 1595 Multi
1355 1566 1438 1595 etiam
1466 1566 1621 1595 inordinate
1651 1566 1926 1595 excommunicantes
1954 1565 2021 1595 inci-

1170 1615 1240 1644 dunt
1262 1615 1289 1643 in
1311 1622 1428 1651 poenam
1453 1614 1642 1651 suspensionis
1663 1616 1690 1642 et
1721 1613 1936 1650 irregularitatis
1947 1612 1971 1630 ²⁰
1995 1616 2022 1642 et

1171 1670 1220 1699 per
1242 1662 1310 1691 alios
1341 1665 1420 1690 actus
1441 1661 1537 1698 plures
1558 1660 1759 1689 inobedientiae
1788 1663 1932 1689 merentur
1961 1668 2022 1689 sus-

1170 1708 1252 1746 pendi
1274 1709 1309 1737 ab
1330 1708 1430 1743 officio,
1452 1711 1479 1737 et
1500 1707 1631 1737 inefficax
1652 1707 1683 1736 fit
1704 1715 1802 1736 eorum
1824 1707 1976 1736 auctoritas
1994 1707 2022 1736 in

1172 1756 1297 1786 subditos
1318 1764 1392 1785 suos.
1414 1771 1453 1776 -
1477 1756 1585 1784 Scimus
1617 1755 1715 1789 etiam,
1745 1754 1820 1792 quod
1848 1755 1896 1792 qui
1925 1757 1967 1784 est
1995 1754 2023 1783 in

1172 1807 1284 1841 peccato
1305 1803 1432 1837 mortali,
1455 1811 1519 1832 cum
1541 1803 1593 1832 sibi
1615 1803 1689 1831 Deus
1710 1803 1799 1831 iratus
1820 1803 1869 1836 sit,
1891 1810 1945 1831 non
1965 1802 2023 1839 pla-

1172 1854 1216 1881 cat
1236 1859 1302 1880 eum
1323 1859 1374 1888 pro
1402 1851 1455 1879 alio
1484 1853 1637 1888 peccatore.
1669 1850 1741 1887 Ergo
1769 1849 1857 1878 oratio
1879 1849 1972 1878 clerIci
1992 1849 2021 1878 in

1172 1901 1284 1936 peccato
1306 1898 1387 1935 positi
1416 1898 1546 1927 inefficax
1577 1900 1619 1926 est
1650 1897 1701 1926 sihi
1733 1900 1760 1926 et
1791 1897 1861 1932 aliis,
1887 1897 1935 1934 qui
1957 1897 2022 1925 offe-

1172 1949 1240 1975 runt
1268 1946 1292 1975 ei
1321 1946 1525 1982 eleemosynas,
1547 1947 1579 1973 ut
1606 1947 1668 1973 oret
1692 1952 1744 1981 pro
1765 1944 1819 1973 illis
1832 1945 1864 1972 ¹1.
1885 1961 1924 1965 —
1946 1944 2022 1979 Item,

1173 1994 1293 2023 clericus
1314 1993 1441 2022 lubricus
1462 2000 1551 2021 vanus
1573 1995 1600 2021 et
1620 1992 1691 2021 male
1720 1991 1881 2028 expendens
1910 1999 1955 2020 res
1975 1991 2024 2020 Ec-

1174 2041 1288 2075 clesiae,
1316 2049 1372 2077 quo
1401 2040 1483 2077 plura
1511 2039 1657 2073 habuerit,
1685 2039 1749 2076 plus
1776 2041 1878 2075 peccat.
1901 2038 1952 2067 Sed
1974 2038 2022 2075 qui

1174 2088 1212 2116 illi
1234 2088 1300 2116 dant
1321 2087 1473 2115 oblationes
1504 2089 1532 2115 et
1561 2086 1615 2114 alia
1635 2088 1800 2122 promovent
1820 2093 1886 2114 eum
1907 2085 1942 2114 ad
1966 2093 2024 2113 am-

1173 2135 1247 2172 plius
1267 2133 1455 2171 peccandum,
1477 2133 1591 2170 expedit
1611 2141 1678 2169 ergo
1699 2132 1724 2161 ei
1739 2140 1794 2161 non
1808 2132 1877 2161 dari.
1893 2149 1932 2152 —
1946 2132 2023 2166 Item,

1174 2181 1222 2218 qui
1244 2181 1343 2217 recipit
1364 2181 1485 2217 pretium
1514 2180 1607 2217 operis
1631 2179 1750 2208 alicuius
1778 2182 1805 2208 et
1826 2187 1881 2208 non
1902 2179 2024 2208 deservit

1174 2228 1246 2257 male
1267 2228 1381 2265 recipit;
1403 2228 1450 2256 sed
1472 2227 1591 2256 clericus
1618 2227 1724 2256 habens
1745 2234 1842 2256 curam
1867 2226 2025 2255 animarum

1174 2278 1202 2304 et
1222 2283 1278 2303 non
1299 2275 1402 2304 faciens
1423 2282 1494 2312 quae
1515 2274 1597 2303 debet
1624 2274 1727 2302 eisdem
1755 2274 1783 2302 in
1805 2273 1931 2302 doctrina
1951 2273 2026 2302 salu-

1175 2322 1210 2351 tis
1231 2325 1259 2350 et
1279 2322 1351 2350 bono
1379 2321 1509 2358 exemplo
1540 2324 1568 2350 et
1598 2320 1702 2350 efficaci
1730 2321 1855 2349 oratione
1886 2322 1914 2349 et
1934 2320 2027 2349 debita

331 2526 339 2539 ¹
358 2526 447 2549 Scilicet
464 2525 581 2548 haeretici.
599 2536 629 2541 —
648 2524 743 2547 Inferius
759 2529 802 2552 pro
823 2529 866 2546 nec
883 2522 952 2546 daret
968 2521 1002 2545 eis
1018 2522 1072 2545 edd.
1091 2522 1099 2544 11
1113 2540 1117 2550 ,

269 2568 282 2589 2
299 2572 341 2590 nec
358 2566 445 2589 clarent
461 2565 501 2588 eis.

331 2605 340 2618 ²
357 2605 413 2634 Cap.
430 2605 464 2628 De
480 2604 558 2628 multa
576 2603 647 2633 (28),
665 2604 693 2626 X.
712 2602 741 2626 de
767 2602 907 2625 Praebendis
928 2604 950 2625 et
967 2600 1119 2630 dignitatibus

269 2645 311 2675 (III.
330 2646 417 2668 Decret.
435 2645 532 2672 Gregor.
549 2644 587 2666 IX.
605 2643 638 2666 tit.
656 2643 697 2672 5.).
708 2655 739 2659 —
751 2642 863 2670 Superius
880 2641 1044 2669 supplevimus
1056 2640 1117 2670 quis.

331 2683 341 2696 ⁸
358 2684 413 2712 Cap.
432 2683 509 2707 Nimis
527 2683 596 2712 (¹8),
620 2682 649 2705 X.
667 2682 696 2705 de
719 2681 780 2704 Filiis
802 2680 993 2710 presbyterorum
1014 2680 1120 2703 ordinan-

269 2724 317 2752 dis,
334 2724 371 2746 vel
388 2729 435 2746 non
452 2722 477 2751 (I.
495 2723 584 2745 Decret.
602 2722 634 2745 tit.
653 2721 708 2751 a).
726 2721 771 2744 cfr.
787 2721 873 2749 Opusc.
890 2721 950 2748 XIV,
967 2727 991 2742 n.
1010 2720 1046 2742 16.

332 2762 342 2775 ⁴¹
360 2762 416 2790 Cap.
432 2762 586 2785 Insimmtum
602 2763 636 2785 est
654 2761 719 2790 (l3.),
737 2767 757 2784 c.
775 2760 849 2784 Nobis
860 2759 907 2790 fuit
920 2759 976 2788 (27.)
995 2762 1018 2782 et
1030 2765 1050 2781 c.
1062 2759 1120 2782 Mat-

270 2802 354 2826 thaeus
372 2802 437 2831 (23),
455 2802 485 2825 X.
501 2802 531 2824 de
548 2801 650 2824 Simonia
669 2801 707 2830 (V.
732 2801 822 2823 Decret.
851 2800 884 2822 tit.
901 2799 942 2828 3.).
959 2799 1005 2822 Cfr.
1022 2805 1042 2822 c.
1061 2799 1120 2822 Cum

270 2840 403 2864 detestabile
419 2841 496 2864 scelus
514 2841 567 2870 (2.),
584 2842 675 2864 ExtraV.
692 2846 753 2863 eom.
770 2839 830 2869 (libr.
849 2839 878 2861 V.
895 2839 928 2861 tit.
947 2839 986 2867 1.),

334 2879 344 2892 ⁵
360 2879 406 2903 Clr.
423 2886 442 2902 c.
460 2880 587 2903 Praeterea
606 2879 660 2909 (4.),
678 2880 709 2902 X.
725 2879 755 2902 de
766 2880 816 2902 Iure
828 2881 965 2907 patronatus
977 2878 1019 2907 (III.
1032 2877 1121 2901 Decret.

271 2919 304 2942 tit.
322 2919 379 2948 38.)‚
396 2918 436 2941 ubi
454 2920 483 2942 de
499 2919 601 2947 clericis,
617 2919 657 2947 qui
682 2925 694 2941 a
721 2919 780 2941 laico
804 2920 954 2946 patronatum
979 2916 1080 2939 habente
1096 2916 1121 2938 in

272 2958 366 2980 ecclesia
384 2957 533 2980 instituuntur
549 2957 598 2980 sine
615 2957 719 2985 episcopi
736 2956 879 2979 auctoritate.

334 2995 345 3009 ὃ
361 2996 418 3025 Cap.
439 2996 521 3020 Vestra
537 2996 610 3020 dum't
625 2996 667 3025 (7.)
684 3002 758 3025 seqq„
776 2996 807 3019 X.
830 2996 860 3018 de
885 2994 1062 3018 Cobabitatione
1078 2994 1121 3017 cle-

272 3036 373 3059 ricorum
391 3039 434 3058 etc.
452 3035 493 3064 (III.
512 3036 601 3058 Decret.
619 3035 652 3058 tit.
670 3036 710 3063 2.).

1239 2520 1248 2534 ⁷
1265 2521 1321 2549 Cap.
1340 2521 1398 2544 Cum
1416 2520 1507 2543 aeterni
1524 2520 1564 2549 (I.)
1583 2520 1612 2542 de
1630 2519 1745 2542 Sententia
1757 2521 1779 2541 et
1796 2518 1930 2541 reiudicata
1948 2518 1971 2541 in
1988 2518 2025 2541 VI.

1177 2562 1209 2589 (II.
1223 2561 1256 2584 tit.
1269 2561 1329 2590 ι14.);
1342 2567 1361 2583 c.
1375 2560 1434 2583 Cum
1447 2559 1594 2583 medicinalis
1608 2559 1662 2588 (1.),
1674 2559 1703 2582 de
1716 2558 1830 2581 Sententia
1844 2557 2026 2581 excommunica-

1176 2601 1244 2624 tionis
1261 2603 1304 2623 etc.
1321 2601 1345 2622 in
1363 2600 1398 2622 Vl.
1418 2600 1454 2628 (V.
1472 2599 1504 2621 tit.
1522 2599 1563 2627 ll.)
1582 2598 1612 2621 ab
1629 2599 1744 2621 Innocent.
1756 2598 1794 2620 IV.
1811 2603 1847 2620 an.
1861 2597 1929 2620 1245.
1941 2610 1972 2613 —
1984 2598 2027 2620 Su-

1176 2640 1255 2669 perius
1272 2646 1315 2668 pro
1332 2638 1457 2662 absolutus
1474 2638 1526 2660 Vat.
1543 2637 1646 2661 solutus.

1239 2677 1248 2691 ⁸
1266 2678 1335 2701 Hebr.
1354 2679 1380 2705 6,
1399 2678 1424 2700 ὃς
1443 2678 1544 2700 Rursum
1559 2676 1720 2704 crucifigentes
1731 2675 1881 2703 sibimetipsis
1892 2675 1973 2697 Filium
1986 2674 2026 2697 Dei

1177 2720 1221 2740 etc.
1237 2730 1268 2734 —
1285 2718 1318 2739 De
1335 2717 1448 2743 denariis,
1465 2719 1560 2744 propter
1577 2721 1636 2744 quos
1650 2714 1754 2738 Christus
1771 2714 1880 2740 traditur,
1897 2714 1939 2736 cfr.
1955 2719 2026 2741 supra

1178 2763 1233 2785 pag.
1251 2757 1310 2783 292,
1327 2759 1380 2778 nota
1397 2757 1419 2778 3.
1437 2755 1459 2777 in
1475 2755 1527 2777 fine.
1539 2767 1571 2771 —
1582 2753 1685 2776 Subinde
1697 2756 1749 2781 post
1760 2759 1829 2783 quem
1840 2753 1893 2774 Vat.
1904 2752 1987 2774 omittit
1998 2753 2026 2775 et.

1240 2794 1250 2808 ⁹
1268 2796 1296 2818 Ita
1315 2795 1353 2818 ed.
1370 2795 1396 2822 3,
1413 2794 1470 2817 aliae
1486 2794 1575 2823 peccat.

1241 2833 1261 2847 ¹⁰
1278 2834 1323 2857 Cfr.
1341 2840 1360 2856 c.
1378 2833 1438 2857 Cum
1454 2831 1603 2856 medicinalis
1621 2831 1675 2860 (I.),
1691 2831 1721 2854 de
1737 2830 1853 2853 Sententia
1871 2829 2027 2852 excommuni-

1177 2874 1274 2897 cationis
1291 2876 1335 2896 etc.
1352 2873 1374 2895 in
1392 2873 1427 2895 VI.
1446 2872 1485 2901 (V.
1504 2872 1538 2894 tit.
1555 2871 1601 2900 rI-I.)
1619 2870 1650 2893 ab
1667 2870 1783 2893 innocent.
1800 2869 1837 2892 IV.
1855 2875 1894 2891 an.
1912 2867 1982 2890 4245.
1995 2880 2026 2884 —

1178 2914 1235 2937 Edd.
1254 2914 1279 2942 1,
1298 2915 1311 2936 2
1330 2912 1438 2936 incidunt
1450 2917 1554 2941 poenum
1571 2913 1614 2933 etc.

1241 2952 1260 2966 ¹¹
1279 2952 1402 2982 Quomodo
1420 2953 1476 2974 baec
1493 2950 1621 2979 propositio
1637 2949 1667 2972 sit
1682 2948 1855 2976 restringenda,
1872 2946 1997 2975 explicatur
2013 2951 2026 2968 a

1179 2993 1276 3020 Bonav„
1293 2992 1331 3015 IV.
1348 2992 1409 3014 Sent.
1426 2991 1449 3013 d.
1469 2990 1505 3013 ⁴3.
1522 2996 1544 3012 a.
1562 2990 1583 3011 t.
1600 2995 1625 3018 q.
1643 2988 1663 3011 4.
1681 2991 1704 3011 et
1719 2987 1742 3010 d.
1760 2987 1798 3010 45.
1815 2993 1836 3009 a.
1854 2987 1876 3009 2.
1887 2992 1911 3015 q.
1924 2987 1946 3008 2.
1959 2990 2026 3013 prae-

1178 3032 1247 3060 cipue
1263 3034 1371 3059 respectu
1388 3030 1469 3053 Missae
1485 3028 1648 3051 celebrandae.

2032 909 2060 936 De
2072 915 2114 930 sac..

2036 938 2070 956 gns
2080 939 2100 953 eo
2106 942 2114 955 n

2049 957 2102 976 illiciti

2104 1011 2105 1025 i

2104 1033 2105 1046 l

2036 1568 2101 1588 eontiu
2114 1574 2133 1588 ir.

2111 1617 2113 1644 l

2112 1647 2114 1689 l
