2133 3317
243 221 298 249 708

495 258 549 279 ΕΒΗ

243 300 381 327 impugnant
404 298 444 320 26l
479 297 504 318 12
522 308 552 312 -
571 295 673 317 Perversi
696 294 811 317 certitudi-

243 345 296 361 nem
314 339 404 360 trahere
421 337 495 359 solent
512 335 540 358 ad
562 341 656 357 sensum
682 340 811 362 repugnan-

246 381 292 400 tem
311 377 355 399 294
386 377 390 397 1
418 389 448 391 -
470 375 534 397 Falsa
553 375 662 401 dogmata
680 376 812 401 repugnant

245 417 298 439 fidei
312 416 352 438 261
371 416 398 437 13
414 427 442 430 -
454 413 592 442 Approbare
604 419 708 435 errorem
721 415 754 435 est
766 418 812 434 ma-

245 456 292 478 lum
310 454 440 477 secundum
464 459 488 476 se
506 454 550 475 238
568 453 582 474 7
606 465 636 469 —
660 452 738 474 Nullus
756 452 813 474 falsi-

245 494 284 517 tati
310 494 459 522 praebendus
485 499 592 515 assensus
618 492 663 514 233
682 492 690 513 4
713 504 744 508 —
761 494 814 514 sunt

244 533 386 562 reprobandi
403 532 457 556 ibid.
475 531 521 554 244
541 533 548 554 4
570 544 601 547 —
617 537 710 559 semper
727 534 749 553 et
767 530 814 553 ubi-

246 579 292 602 que
317 572 426 594 vitandus
450 571 495 594 257
521 572 550 593 20
568 583 598 587 --
616 570 772 598 detegendos,
790 573 815 593 ut

247 612 319 641 possit
341 611 421 634 evitari
440 611 485 633 234
504 612 517 633 2
540 623 570 627 -
593 611 758 632 Pei-versorum
776 610 815 632 do-

248 654 326 680 gmata
354 651 475 679 diligenter
501 650 652 672 convellenda
680 652 733 672 sunt
760 648 814 672 ibid.

246 704 276 707 —
294 691 417 719 Quomodo
435 696 514 712 errans
531 696 544 712 a
562 690 658 712 veritate
683 689 816 711 tractandus

247 731 275 753 sit
288 730 333 752 234
351 731 363 752 2
382 743 411 746 -
430 731 472 752 Pro
496 730 547 758 ipso
564 729 688 755 orandum,
706 731 729 751 ut
747 728 815 750 corri-

248 773 315 798 gatur
332 768 386 792 ibid.
399 781 430 785 —
442 769 585 791 Obcaccatus
598 768 681 790 malitia
701 774 746 790 non
765 773 816 796 pur-

248 812 316 837 gatur
333 808 362 830 ab
380 798 459 831 errore
477 808 521 830 244
539 808 554 830 b

296 849 461 870 Enunissccn'ria
487 860 516 863 —
540 848 645 869 humiliat
672 848 717 870 325
740 847 769 869 28
786 859 817 864 —

249 888 343 910 molesta
362 890 396 910 est
413 886 522 915 superbis
540 887 584 909 326
603 887 632 908 28

297 928 398 949 Escumiu
415 920 446 943 —'
464 926 508 949 556
528 927 540 948 4

297 967 349 989 Esse
370 979 401 983 —
423 966 491 994 Quod
517 972 562 988 non
588 965 657 988 habet
682 972 733 988 esse
756 972 769 987 a
794 971 819 988 se

250 1006 323 1029 tendit
339 1006 363 1028 in
381 1012 490 1028 nou-esse
508 1005 552 1027 349
572 1005 586 1027 lJ

298 1046 383 1068 Esrussn
401 1058 431 1062 —
448 1045 573 1073 spiritualis
591 1045 636 1067 345
655 1045 691 1067 Ἰ15.
709 1051 744 1073 sq.

298 1085 443 1107 Eucnfflsm
462 1097 493 1101 —
510 1087 544 1107 est
561 1084 623 1106 bona
641 1085 713 1112 gratia
732 1084 777 1106 404
795 1084 819 1106 15

251 1137 283 1141 -
299 1124 399 1147 6011111161
422 1125 507 1146 sontem
526 1124 652 1151 gratiarum
676 1126 698 1145 et
720 1123 821 1145 sanctisi-

250 1164 366 1187 cationum
392 1167 414 1186 et
436 1166 555 1186 auctorem
573 1163 651 1185 salutis
668 1162 722 1185 ibid.
739 1176 771 1179 —
787 1165 821 1185 651

252 1203 325 1226 hostia
343 1203 478 1231 placationis
489 1202 544 1225 ibid.
557 1215 587 1219 —
599 1205 633 1224 est
646 1203 820 1224 Sacramentum

253 1243 347 1265 unitatis
372 1245 394 1265 et
416 1243 480 1270 pacis
505 1243 548 1264 403
567 1242 596 1264 43
613 1254 643 1258 -
660 1242 736 1270 Quare
759 1241 821 1265 Chri-

253 1285 302 1304 stus
319 1282 386 1304 detur
404 1282 492 1304 velatus
512 1281 555 1303 100
575 1281 587 1303 4
600 1294 631 1298 -
642 1281 665 1303 111
683 1281 820 1303 eucharistia

254 1321 402 1349 dispensatur
429 1320 528 1343 verbum
555 1321 615 1343 vitae
637 1321 650 1342 6
676 1321 702 1343 12
721 1333 751 1337 -
776 1321 821 1343 Res

257 1361 325 1383 huius
343 1360 484 1383 Sacramenti
502 1363 535 1382 cst
558 1359 639 1382 Christi
658 1360 730 1388 gratia
748 1362 770 1382 et
788 1360 822 1382 Di-

256 1400 338 1422 vinitas
363 1400 463 1422 caritatis
486 1400 536 1422 eius
565 1400 602 1422 101
633 1400 647 1422 5·
664 1412 695 1416 ——
713 1400 773 1428 Quid
796 1400 825 1422 sit

253 1440 359 1468 accipere
384 1442 472 1462 tantum
496 1440 685 1467 Sacramentum,
711 1440 752 1462 sed
777 1446 823 1462 non

253 1485 303 1501 rem
321 1479 464 1501 sacramenti
486 1478 540 1501 ibid.
559 1492 587 1494 —
606 1480 709 1507 Quatuor
726 1479 755 1501 de
773 1479 823 1507 ipsa

256 1519 372 1541 credenda
399 1521 451 1541 sunt
470 1519 499 1540 99
519 1519 526 1540 1
550 1532 578 1534 -
596 1525 642 1541 11011
660 1521 694 1541 651
720 1525 824 1547 perscru-

255 1558 325 1580 tanda
348 1558 389 1580 100
413 1559 425 1580 3
447 1570 478 1574 -—
502 1558 577 1581 Multis
602 1558 699 1581 testibus
716 1558 823 1580 roborata

256 1601 289 1620 est
306 1598 364 1620 fides
382 1598 450 1620 huius
468 1598 609 1620 sacramenti
627 1597 681 1620 ibid.
694 1611 724 1614 -—
741 1598 824 1620 Forma

255 1637 429 1660 convenientior
447 1640 481 1659 est
498 1637 564 1665 panis
581 1640 603 1660 et
620 1637 700 1659 vinum
731 1638 771 1659 103
799 1638 824 1659 12

257 1689 286 1692 —
304 1677 408 1705 Quatuor
426 1677 527 1699 rationes
551 1683 593 1705 pro
611 1677 756 1705 congruitate
773 1682 826 1705 spe-

256 1717 343 1739 cierum
375 1717 415 1738 100
442 1717 455 1738 2
484 1729 515 1732 -
541 1716 592 1739 data
616 1719 650 1739 est
675 1716 703 1739 ad
728 1716 824 1739 salutem

259 1756 303 1778 404
326 1756 350 1778 14
368 1768 398 1772 -
416 1759 450 1778 651
467 1756 601 1778 alimentum
620 1756 755 1782 vivificans,
781 1762 826 1778 ma-

257 1795 317 1818 xime
343 1801 472 1823 congruum
500 1799 521 1818 et
545 1796 597 1818 utile
624 1796 668 1817 403
694 1796 722 1817 12
746 1808 774 1811 -—
793 1798 827 1817 est

258 1835 426 1857 nutrimentum
453 1835 522 1857 totius
547 1835 662 1857 Ecclesiae
687 1834 717 1857 ib.
742 1835 769 1857 43
796 1848 825 1850 —

259 1875 368 1897 mortales
390 1874 495 1897 homines
517 1874 578 1897 cibat
604 1874 682 1897 Verbo
709 1875 826 1897 incarnato

257 1913 288 1936 ib.
307 1914 335 1936 42
353 1927 383 1929 —
402 1914 472 1936 nutrit
493 1915 574 1942 spiritu
601 1917 623 1937 et
648 1921 727 1937 amore
745 1914 828 1937 Christi

259 1952 289 1976 ib.
307 1953 335 1975 43
354 1965 384 1969 —
402 1952 506 1976 Christus
524 1953 568 1976 sub
594 1954 667 1976 forma
685 1953 828 1976 Sacramenti

258 1998 302 2015 nos
319 1998 344 2015 56
361 1993 412 2020 11150
430 1993 503 2020 pascit
527 1993 570 2015 449
589 1993 602 2015 6
621 2005 651 2009 -
668 1993 765 2015 Animae
782 1999 828 2015 non

259 2035 293 2054 est
305 2033 351 2054 vila
364 2032 490 2060 spiritualis
502 2032 552 2055 sine
564 2033 748 2061 incorporatione
761 2032 829 2055 huius

259 2071 304 2094 cibi
316 2072 323 2094 4
331 2072 359 2094 03
372 2073 407 2094 12.
417 2078 452 2101 sq.
463 2085 491 2088 —
502 2072 632 2095 Comedens
644 2073 688 2095 hoc
698 2073 830 2095 Sacramen-

259 2113 308 2133 tum
332 2111 493 2139 incorporatur
511 2111 600 2134 Christo
618 2114 640 2134 et
657 2112 736 2134 transit
747 2112 770 2134 in
783 2111 830 2134 uni-

261 2152 330 2172 tatem
343 2153 365 2173 et
377 2157 479 2173 amorem
493 2151 588 2179 spiritus
600 2150 683 2174 Christi
699 2151 740 2173 104
759 2151 787 2173 13
800 2163 831 2166 —

261 2189 295 2212 Ad
315 2189 389 2217 ipsam
407 2196 452 2212 non
478 2193 512 2212 est
535 2190 694 2213 accedendum
720 2190 830 2213 indevote

263 2228 308 2251 484
325 2229 329 2250 1
347 2242 375 2245 -
389 2235 435 2251 11011
447 2232 481 2251 651
493 2229 628 2257 accipienda
641 2230 718 2257 tepide
734 2232 756 2251 et
773 2230 831 2251 inor-

263 2268 340 2291 dinate
354 2269 361 2290 4
369 2269 398 2290 02
411 2269 424 2290 8
439 2281 468 2284 -
481 2269 604 2297 Quomodo
617 2270 687 2291 1101110
700 2269 729 2291 ad
742 2275 793 2291 eam
806 2275 831 2291 se

261 2314 401 2336 praeparare
413 2307 498 2330 debeat
510 2308 539 2330 99
559 2308 579 2330 4.
598 2315 650 2337 sqq.
669 2321 696 2323 —
714 2308 764 2336 Quo
782 2314 833 2336 pro-

262 2347 338 2376 posito
347 2350 369 2370 et
378 2354 424 2377 qua
434 2347 586 2376 dispositione
593 2348 677 2370 mentis
683 2347 831 2376 suscipienda

263 2387 291 2410 sit
310 2388 349 2409 40l
380 2387 402 2409 5.
428 2394 479 2416 sqq.
497 2400 527 2403 -
548 2386 606 2410 Cum
631 2387 693 2416 quali
718 2387 833 2409 munditia

264 2427 377 2455 corporali
396 2426 556 2449 accedendum
574 2426 602 2449 sit
616 2425 646 2449 ib.
663 2426 677 2447 7
695 2438 726 2442 —
743 2426 833 2455 Quanta

264 2466 357 2488 caritate
375 2468 397 2488 et
413 2466 475 2495 quali
493 2467 583 2488 fervore
600 2466 628 2488 sit
650 2465 785 2493 accipienda
803 2464 833 2488 ib.

265 2506 286 2528 8.
309 2506 349 2528 102
368 2506 390 2527 9.
408 2512 459 2534 sqq.
472 2518 503 2520 —
515 2505 678 2528 Accedendum
692 2507 725 2527 est
737 2505 765 2527 ad
781 2511 833 2527 eam

266 2551 326 2572 puro
344 2545 439 2572 affectu,
466 2544 581 2567 desiderio
603 2547 690 2572 sancto,
707 2543 785 2567 debita
802 2544 834 2566 in-

317 2821 395 2842 Fncnffl
414 2832 444 2836 —
462 2823 495 2843 est
514 2820 675 2848 imperfectum
688 2820 717 2843 de
729 2827 753 2843 56
766 2820 810 2843 266
823 2821 836 2842 2

315 2860 432 2883 FAcum-nus
466 2873 496 2875 —
529 2859 648 2888 Oppidum
683 2861 705 2882 S.
736 2859 837 2882 Facundi

270 2899 317 2921 563
335 2900 348 2921 2

318 2939 389 2961 FAtco
407 2951 437 2955 —
456 2939 479 2961 S.
496 2939 643 2961 Franciscum
660 2939 688 2961 ad
708 2939 786 2961 divina
803 2938 839 2960 Of-

273 2977 324 2999 ficia
342 2978 423 3000 excitat
441 2977 485 3000 529
508 2978 533 2999 10

318 3017 381 3039 Fam
399 3029 428 3032 —
446 3019 480 3039 est
498 3017 562 3039 facile
581 3017 624 3039 446
647 3018 672 3039 ts

944 214 1044 243 INDEX
1066 213 1314 243 ALPHABETlCUS.

847 294 947 316 tentione
964 297 986 317 et
1003 293 1123 322 proposito
1144 292 1185 315 104
1208 292 1233 314 14
1251 304 1281 308 ——
1299 292 1413 315 Vitandus

845 336 879 356 est
896 334 991 356 affectus
1009 336 1031 355 et
1049 332 1192 355 desiderium
1209 338 1296 353 vanum
1309 330 1363 354 ibid.
1383 343 1414 347 ——

846 373 880 395 Ad
899 378 1027 400 congruam
1039 371 1214 400 perceptionem
1226 371 1351 399 requiritur
1364 377 1415 398 pro-

847 412 917 435 funda
935 412 1053 435 humilitas
1070 414 1092 433 et
1109 410 1240 439 compassio
1254 410 1333 432 mortis
1350 409 1415 432 Chri-

846 452 874 474 sti
892 452 937 474 406
955 452 968 474 4

896 504 925 507 —
943 491 1029 513 Decem
1052 491 1146 512 affectus
1164 493 1186 512 et
1208 489 1322 512 desideria
1345 489 1416 516 digne

848 530 979 553 accedentis
998 530 1042 552 404
1064 530 1089 552 15
1107 542 1137 545 -
1149 529 1273 557 Dispositio
1286 528 1363 551 dehita
1377 528 1416 550 mi-

849 571 927 593 nuitur
944 569 1076 592 venialibus
1095 569 1134 591 404
1157 569 1169 590 8
1188 581 1219 585 -
1236 568 1297 591 Multi
1321 567 1416 590 abutun-

849 613 885 632 tur
903 611 946 632 hoc
964 610 1113 632 Sacramento
1132 608 1176 630 404
1193 608 1218 630 14
1230 607 1367 635 —indigne
1379 613 1417 629 su-

849 649 927 677 mitur,
945 649 963 671 si
981 655 1027 671 non
1043 648 1156 676 accipitur
1168 650 1308 674 reverenter,
1320 647 1418 669 circum-

850 691 927 717 specte
950 691 973 710 et
994 688 1138 710 considerate
1160 688 1201 709 102
1219 687 1232 708 8
1249 699 1280 702 —
1297 686 1417 714 Dispensa-

851 731 886 751 tor
903 728 1055 750 eucharistiae
1072 730 1106 749 est
1122 726 1231 749 sacerdos
1249 726 1261 747 6
1282 726 1309 747 12
1327 738 1358 742 —
1377 725 1419 747 Va-

850 768 878 790 rii
894 771 947 790 sunt
959 768 1053 790 effectus
1064 772 1143 789 sacrae
1155 765 1326 788 communionis
1340 765 1383 786 102
1396 764 1417 786 9.

853 808 897 830 103
919 808 953 829 12.
972 807 1015 829 104
1038 806 1064 828 15
1081 818 1112 822 ——
1131 806 1171 827 Per
1188 806 1232 827 hoc
1245 805 1418 827 Sacramentum

851 850 895 869 stat
912 846 1024 873 Ecclesia,
1042 845 1165 868 roboratur
1183 845 1253 872 tides,
1275 843 1339 871 viget
1359 843 1420 866 chri-

852 887 925 909 stiana
943 886 1024 914 religio
1042 888 1064 907 et
1082 885 1176 907 divinus
1198 884 1273 906 cultus
1297 884 1340 905 400
1359 884 1371 905 3
1389 895 1420 899 —

852 926 1011 949 Consideratio
1037 924 1159 947 cibationis
1184 923 1254 945 huius
1279 922 1421 945 Sacramenti

853 966 982 988 inflammat
999 965 1028 987 ad
1040 970 1145 986 amorem
1160 963 1203 985 403
1218 963 1245 984 42
1258 975 1288 978 —
1300 968 1345 984 non
1357 963 1421 990 prae-

853 1008 897 1027 stat
919 1005 1032 1027 inlluxum
1054 1004 1115 1025 vitae
1140 1002 1253 1025 membris
1277 1001 1375 1024 mortuis
1400 1004 1422 1023 61

856 1044 965 1067 abscissis
983 1044 1022 1066 101
1041 1044 1054 1066 5
1067 1056 1097 1059 -—
1109 1043 1163 1065 Post
1174 1041 1363 1064 communionem
1376 1047 1421 1063 non

854 1084 938 1107 sentire
955 1083 1098 1111 spiritualem
1116 1081 1265 1104 resectionem
1282 1083 1316 1103 est
1328 1080 1421 1108 signum

855 1123 979 1151 spiritualis
996 1121 1135 1144 infirmitatis
1151 1121 1188 1143 vel
1206 1120 1286 1142 mortis
1304 1120 1348 1141 406
1367 1120 1380 1142 5
1391 1131 1423 1135 —

855 1162 946 1185 Christo
964 1168 1007 1190 pro
1019 1168 1059 1184 sua
1073 1160 1231 1183 sacramentali
1244 1159 1373 1188 praesentia
1386 1165 1424 1181 ex-

856 1202 957 1224 hibenda
975 1204 1009 1224 est
1030 1200 1160 1223 reverentia
1186 1199 1280 1222 honoris
1302 1202 1323 1221 et
1349 1199 1424 1221 laudis

857 1241 901 1264 448
920 1242 933 1264 5
952 1254 981 1257 ——
1000 1241 1097 1263 Devotio
1110 1240 1133 1262 S.
1145 1239 1259 1261 Francisci
1271 1245 1326 1266 erga
1340 1239 1375 1261 Ss.
1387 1239 1424 1261 Sa-

856 1286 1001 1303 cramentum
1020 1280 1065 1303 530
1084 1281 1097 1302 2

904 1321 1020 1343 Eunaeum
1040 1332 1063 1335 -
1087 1319 1132 1341 509
1155 1319 1176 1341 6,
1203 1319 1248 1340 527
1275 1319 1296 1340 6.
1314 1317 1355 1340 541
1387 1318 1424 1339 40.

858 1360 903 1382 560
922 1361 935 1382 2

905 1400 951 1422 EVA
968 1411 998 1415 —
1016 1399 1079 1421 Duae
1101 1398 1273 1420 maledictiones
1296 1398 1357 1419 Evae
1380 1397 1425 1419 209

859 1439 912 1461 105.
930 1445 964 1468 sq.

907 1479 1049 1500 EVANGEMUM
1068 1490 1098 1494 —
1116 1480 1150 1499 est
1167 1477 1290 1504 perfectius
1307 1477 1369 1504 Lege
1381 1477 1426 1498 286

860 1518 873 1540 3
892 1531 921 1533 —
940 1517 1050 1540 successit
1068 1516 1236 1544 imperfectioni
1258 1517 1326 1544 Legis
1349 1516 1393 1538 287
1413 1516 1426 1537 3

858 1570 889 1574 —
906 1560 941 1579 est
958 1557 981 1579 in
999 1557 1072 1579 veteri
1088 1559 1225 1579 testamento
1246 1556 1304 1578 sicut
1317 1556 1339 1577 in
1353 1556 1427 1583 figura

859 1600 881 1619 et
906 1596 989 1619 umbra
1014 1596 1068 1619 ibitl.
1087 1609 1116 1612 —
1139 1596 1239 1618 continet
1263 1595 1427 1623 perfectionem

861 1636 1022 1659 omnimodam
1040 1636 1084 1658 436
1103 1636 1116 1658 3
1134 1648 1164 1652 —
1181 1635 1301 1664 quomodo
1313 1635 1404 1657 diflerat
1416 1641 1427 1656 a

860 1676 960 1698 consiliis
977 1675 1120 1703 evangelicis
1138 1675 1182 1697 396
1200 1675 1228 1697 40
1241 1688 1272 1690 —
1284 1674 1429 1702 Distinguen-

861 1716 917 1738 dum
930 1716 952 1738 in
965 1715 1036 1738 modo
1048 1714 1177 1743 accipiendi
1191 1714 1341 1742 Evangelium
1351 1713 1429 1743 quoad

861 1756 977 1784 perfectos
1000 1757 1022 1777 et
1039 1754 1188 1782 imperfectos
1206 1754 1251 1776 305
1269 1753 1282 1776 5
1300 1766 1331 1770 -
1348 1754 1429 1782 Aliqua

861 1795 978 1823 Evangelii
997 1794 1136 1817 documenta
1158 1794 1266 1821 perlectis
1288 1793 1430 1815 conveniunt

864 1834 908 1856 306
927 1834 941 1856 5
958 1847 989 1849 —
1012 1833 1135 1862 Quomodo
1161 1833 1270 1861 perfectio
1296 1833 1430 1861 evangelica

863 1875 891 1896 sit
914 1873 1047 1902 attingenda
1074 1873 1118 1895 390
1143 1873 1150 1895 4
1159 1873 1171 1894 6
1191 1885 1219 1888 —
1237 1873 1369 1900 Evangelici
1387 1872 1430 1894 viri

863 1913 987 1941 pecuniam
1005 1919 1051 1935 non
1069 1912 1203 1940 possideant
1220 1912 1265 1934 314
1284 1912 1312 1934 13
1330 1925 1360 1928 -
1373 1912 1432 1940 Apo-

863 1953 926 1975 stolis
943 1953 1067 1981 pecuniam
1085 1951 1186 1974 inhibuit
1203 1952 1248 1974 3l5
1266 1951 1294 1974 44
1308 1965 1336 1967 —
1349 1955 1383 1974 est
1394 1952 1432 1974 lux

864 1992 991 2015 clarissima
1010 1992 1054 2014 389
1074 1992 1102 2014 12
1120 2005 1151 2007 -
1169 1992 1276 2014 Doctrina
1298 1991 1432 2019 evangelica

864 2032 1006 2060 significatur
1023 2038 1065 2060 per
1081 2034 1129 2054 rete
1147 2031 1192 2053 377
1206 2032 1214 2053 4
1222 2031 1230 2053 4
1248 2044 1277 2046 -
1289 2033 1384 2059 peccata
1396 2031 1433 2053 de-

865 2074 960 2093 testatur
979 2071 1023 2093 357
1042 2077 1054 2093 a
1073 2083 1101 2086 —-
1123 2077 1169 2093 non
1193 2073 1227 2093 est
1250 2070 1433 2093 conculcandum

865 2111 930 2133 tortis
947 2110 1132 2139 expositionibus
1149 2110 1195 2132 390
1214 2110 1242 2132 16
1260 2122 1291 2126 -
1308 2109 1349 2132 Cui
1373 2116 1434 2132 com-

865 2152 928 2178 petat
946 2150 1098 2178 Evangelium
1116 2150 1201 2172 docere
1218 2150 1263 2172 335
1282 2150 1290 2170 4
1299 2150 1306 2171 4
1328 2161 1359 2165 -
1376 2155 1434 2177 quo-

865 2190 937 2212 modo
955 2189 1084 2217 praedicari
1102 2188 1186 2211 debeat
1204 2188 1248 2210 430
1268 2189 1291 2210 44
1309 2200 1339 2204 —
1351 2188 1433 2210 Forma

866 2229 942 2256 aptior
960 2228 1111 2256 Evangelium
1129 2227 1275 2256 propagandi
1294 2227 1338 2250 403
1359 2228 1386 2249 18
1404 2239 1434 2243 -

867 2268 911 2297 Qui
930 2268 1020 2296 possint
1037 2268 1066 2290 de
1084 2267 1208 2295 Evangelio
1231 2267 1311 2289 vivere
1333 2267 1373 2289 321
1398 2267 1433 2288 16.

866 2314 902 2336 sq.
922 2307 966 2329 420
985 2308 998 2329 3
1015 2319 1046 2323 -
1068 2309 1149 2329 tractat
1174 2307 1203 2329 de
1229 2306 1289 2334 vita,
1315 2306 1434 2334 passione,

868 2346 1035 2375 glorfficatione
1052 2345 1135 2369 Christi
1153 2346 1181 2367 68
1200 2347 1213 2368 2

915 2386 1017 2408 Evfinrus
1034 2398 1064 2401 —
1082 2391 1164 2408 omnes
1189 2385 1305 2412 dirigendi
1331 2387 1384 2407 sunt
1406 2384 1435 2407 ad

868 2425 949 2447 salutis
966 2426 1095 2453 profectum
1114 2425 1158 2447 150
1178 2424 1206 2446 14
1223 2437 1253 2440 —
1265 2424 1301 2447 Ad
1313 2430 1353 2447 eos
1365 2425 1435 2446 homo

868 2470 892 2487 se
910 2464 980 2487 debet
996 2464 1099 2487 oratione
1117 2464 1265 2492 praemunire
1282 2463 1337 2487 ibid.

916 2505 1054 2526 Excntcn'no
1073 2516 1102 2520 —
1119 2503 1215 2526 rationis
1232 2506 1266 2525 est
1283 2503 1395 2526 iudicium
1412 2503 1436 2525 ti-

869 2544 981 2566 mendum
1004 2544 1029 2566 12
1048 2544 1061 2566 2

1131 2677 1168 2723 F

918 2820 1103 2843 Fffllttani‘ra'rizs
1120 2832 1150 2835 —
1168 2819 1259 2847 pariunt
1282 2818 1437 2847 suspiciones,

872 2859 1047 2886 infamationes,
1069 2859 1176 2881 scandala
1200 2859 1244 2881 469
1261 2859 1274 2880 2
1293 2871 1322 2874 -
1342 2858 1438 2880 0610110

872 2899 1008 2921 familiarem
1028 2898 1096 2921 efficit
1113 2898 1160 2920 Deo
1179 2897 1223 2920 148
1241 2898 1253 2920 2

920 2938 997 2960 Fanum
1014 2950 1045 2954 —
1063 2937 1103 2960 561
1125 2937 1139 2959 5

921 2978 1043 3000 FAsTmiuu
1061 2989 1091 2994 ——
1114 2977 1257 2999 Desideranti
1280 2977 1352 2998 Deum
1371 2981 1440 2998 omne

873 3020 990 3039 terrenum
1008 3016 1105 3039 vertitur
1122 3016 1146 3038 in
1163 3016 1279 3038 fastidium
1299 3016 1326 3037 40
1345 3016 1373 3037 40

1711 252 1762 275 FEC

1495 292 1644 314 Exesttizxrifi
1665 304 1692 307 —-
1710 292 1827 314 mundana
1852 296 1886 315 est
1912 298 1970 315 iana
1993 295 2015 315 et

1449 331 1566 354 mutabilis
1583 332 1612 353 28
1631 332 1652 353 2.
1670 331 1699 354 45
1717 332 1730 353 2
1749 344 1778 347 -
1796 332 1879 354 extollit
1897 332 1937 354 37l
1960 338 1971 354 a
1984 345 2014 348 —

1449 371 1527 399 quoad
1540 371 1695 393 excellentiam
1708 371 1828 393 caelestem
1839 371 1893 392 nihil
1903 374 1937 393 est
1946 371 1974 392 60
1989 370 2015 393 14

1496 410 1606 433 Excessus
1623 422 1654 426 —
1671 410 1780 438 provenit
1796 416 1823 432 ex
1844 410 1963 432 collatione
1981 416 2015 432 ca-

1449 449 1522 471 ritatis
1539 449 1632 472 divinae
1654 453 1676 472 et
1698 449 1822 478 tepiditatis
1844 450 1953 477 propriae
1970 449 1983 471 9
2001 449 2015 471 5

1451 501 1480 504 —
1497 491 1531 510 est
1549 489 1571 510 in
1589 489 1773 512 sursumactione
1796 489 1817 511 111
1841 489 1915 511 Deum
1939 488 1983 510 246
2002 489 2014 510 6

1450 540 1481 544 -
1498 528 1570 550 oritur
1587 534 1614 550 ex
1630 529 1815 556 concupiscentia
1834 528 1863 550 15
1880 528 1893 550 7
1905 540 1936 544 -
1948 528 2016 550 estin

1450 567 1587 589 allocutione
1605 568 1688 595 Sponsi
1705 570 1727 590 et
1743 574 1843 595 sponsae
1861 568 1874 589 9
1893 567 1906 589 4
1923 580 1954 584 -
1967 573 2017 595 pro-

1452 608 1503 634 pter
1521 606 1604 634 Sponsi
1626 606 1785 629 celsitudinem
1808 607 1883 629 elevat
1904 607 1929 629 14
1948 607 1970 629 6.
1989 607 2017 629 45

1453 645 1466 667 8
1484 658 1514 662 -
1532 646 1574 667 Per
1591 651 1711 668 excessum
1732 646 1819 668 Veritas
1836 649 1870 668 est
1882 646 2018 669 admiranda

1453 685 1482 706 48
1501 685 1529 707 44
1547 698 1577 700 —
1595 685 1708 713 enormis7
1725 686 1778 714 quis
1794 685 1823 707 sit
1841 685 1884 708 457
1903 692 1915 707 a

1499 725 1696 747 Exconmunrcnio
1713 737 1743 740 ——
1760 731 1799 747 sex
1816 724 1892 747 modis
1914 725 1939 747 fit
1958 725 2018 747 nulla

1453 763 1498 785 383
1517 764 1529 785 8
1548 776 1578 780 -
1591 764 1666 786 Poena
1679 764 1808 786 inordinate
1819 764 2019 786 excommunican-

1454 803 1481 825 tis
1500 803 1544 825 358
1563 803 1578 825 l)

1502 843 1625 865 Excusnrio
1638 856 1667 859 —
1679 843 1701 865 in
1712 843 1813 871 peccatis
1821 843 1925 865 cavenda
1934 843 1979 865 203
1990 843 2019 865 86

1502 883 1621 904 EXEMPLAR
1639 895 1669 899 —
1687 885 1807 905 aeternum
1825 885 1859 905 est
1871 888 1944 905 unum
1956 885 1978 904 et
1989 882 2020 904 in·

1455 921 1570 949 divisum,
1588 928 1599 943 a
1618 928 1664 950 quo
1682 922 1789 944 diversae
1806 924 1900 944 naturae
1912 924 1934 944 et
1945 922 2021 950 perfe—

1455 961 1542 983 ctiones
1567 965 1661 983 manant
1687 961 1732 984 243
1751 962 1779 983 12
1796 973 1827 977 -
1844 962 1867 983 111
1892 961 1943 989 ipso
1960 963 2020 983 totus

1456 1001 1559 1023 mundus
1583 1001 1745 1029 exemplariter
1770 1002 1856 1023 relucet
1881 1001 1926 1023 242
1945 1001 1973 1023 12
1994 1013 2021 1016 -

1457 1041 1479 1062 111
1497 1040 1587 1063 Christo
1605 1043 1639 1063 est
1655 1041 1712 1063 ratio
1724 1041 1903 1069 exemplaritatis
1915 1042 2022 1063 aeternae

1457 1082 1479 1102 et
1497 1080 1630 1108 temporalis
1647 1079 1700 1103 ibici.
1718 1093 1747 1096 —
1766 1080 1909 1108 Exemplaria
1920 1082 2023 1102 correcta

1457 1121 1479 1141 et
1497 1123 1605 1147 corrupta
1624 1119 1668 1142 142
1687 1120 1699 1141 9
2019 1142 2021 1146 ,

1506 1159 1625 1181 Exemrtuu
1638 1171 1669 1175 —
1681 1159 1769 1182 bonum
1781 1159 1889 1182 conditur
1899 1164 1940 1187 per
1950 1159 2023 1181 Deum

1460 1198 1504 1220 1147
1524 1199 1531 1220 4
1555 1211 1584 1214 —
1601 1199 1624 1221 111
1642 1198 1777 1221 exhibendis
1789 1199 1900 1226 exemplis
1912 1198 2024 1221 virtutum

1459 1238 1563 1260 consistit
1588 1238 1718 1261 aedificatio
1744 1238 1842 1266 proximi
1868 1238 1913 1261 250
1939 1238 1968 1260 20
1993 1250 2024 1254 —

1460 1278 1625 1306 Exemplaritas
1642 1278 1703 1300 vitae
1720 1278 1743 1300 in
1756 1277 1830 1300 trihus
1841 1277 1966 1307 requiritur
1980 1277 2023 1299 140

1460 1319 1469 1340 4
1490 1330 1522 1334 —
1539 1318 1588 1340 sine
1612 1318 1751 1340 discretione
1776 1318 1801 1340 fit
1818 1317 1922 1340 inefficax
1940 1317 1985 1339 142
2003 1318 2024 1339 2.

1467 1357 1507 1380 146
1527 1358 1554 1379 17
1574 1370 1602 1373 —
1620 1358 1661 1379 Per
1679 1358 1810 1385 exemplum
1823 1357 1971 1379 annuntiatur
1983 1357 2026 1379 Ve-

1461 1397 1516 1419 ritas
1537 1398 1562 1418 18
1585 1397 1610 1419 14
1627 1410 1658 1413 -
1676 1397 1786 1419 certificat
1802 1397 1931 1419 doctrinam
1950 1396 1994 1418 273
2013 1396 2026 1418 6

1460 1449 1492 1453 -
1510 1437 1660 1463 Sanctorum,
1677 1436 1797 1465 quomodo
1815 1436 1933 1465 sequenda
1950 1435 1995 1458 254
2012 1436 2026 1457 7

1462 1489 1492 1493 —
1510 1476 1598 1499 bonum
1617 1476 1637 1498 in
1655 1476 1764 1499 omnibus
1781 1476 1896 1504 reperitur
1914 1475 1959 1498 495
1971 1482 1984 1498 a
1995 1468 2026 1492 -ἶ

1462 1517 1523 1538 Multi
1541 1516 1621 1538 fierent
1638 1516 1757 1543 meliores,
1775 1516 1794 1538 si
1806 1515 1839 1538 eis
1850 1516 1955 1543 exempla
1967 1514 2028 1537 bona

1463 1558 1649 1584 proponerentur
1671 1555 1711 1577 142
1730 1556 1743 1577 9
1762 1568 1791 1571 -
1812 1555 1895 1578 Christi
1917 1557 1951 1577 est
1974 1555 2028 1577 irre-

1463 1595 1620 1623 prehensibile
1641 1595 1682 1617 113
1701 1596 1714 1617 2
1731 1608 1761 1611 -
1779 1594 1861 1617 Christi
1878 1595 1902 1616 in
1919 1594 2028 1622 patiendo

1464 1641 1506 1657 nos
1524 1635 1604 1657 excitat
1621 1635 1651 1657 ad
1674 1634 1755 1657 similia
1778 1634 1885 1662 patienda
1905 1634 1945 1656 121
1969 1634 1981 1656 4
1998 1646 2028 1650 -

1463 1675 1573 1703 Exemplo
1591 1674 1674 1697 Christi
1686 1674 1811 1696 invitamur
1823 1674 1853 1696 ad
1865 1674 1942 1702 ipsum
1953 1679 2030 1695 aman-

1464 1714 1520 1737 dum
1539 1717 1560 1736 et
1577 1717 1680 1737 amatum
1698 1714 1836 1736 imitandum
1855 1714 1899 1735 122
1917 1713 1930 1735 9

1513 1754 1661 1776 ΕΧΕ1111>1101115
1678 1766 1708 1769 -
1725 1753 1874 1781 privilegium
1892 1752 1937 1775 467
1954 1758 1967 1774 a

1513 1794 1650 1816 Exssncrriun
1667 1806 1698 1809 —
1716 1793 1775 1815 circa
1793 1792 1907 1821 triplicem
1924 1792 1988 1814 viam
2006 1792 2031 1814 fit

1466 1833 1611 1861 meditando,
1631 1832 1733 1860 orando,
1751 1831 1929 1860 contemplando
1947 1832 1960 1854 3
1977 1832 1985 1853 4
2002 1844 2032 1848 —

1466 1872 1621 1895 meditationis
1637 1872 1660 1894 in
1679 1873 1721 1894 hac
1739 1871 1789 1899 via,
1802 1871 1920 1900 quomodo
1932 1870 2033 1893 institua-

1468 1916 1503 1934 tur
1520 1911 1549 1934 ib.
1567 1912 1580 1933 2
1599 1924 1629 1928 -
1647 1911 1825 1939 Diligentissime
1842 1910 1997 1933 exercendum
2009 1910 2031 1932 in

1467 1951 1583 1978 oratione,
1600 1951 1710 1978 lectione,
1727 1950 1789 1973 bono
1806 1956 1878 1978 opere
1896 1950 1909 1972 4
1923 1949 1935 1972 4
1948 1962 1978 1965 —
1989 1949 2034 1972 vir-

1468 1993 1542 2013 tutum
1561 1990 1685 2019 requiritur
1703 1990 1732 2013 ad
1753 1990 1918 2018 perfectionem
1941 1989 1985 2012 247
2004 1989 2028 2011 44

1467 2043 1499 2047 —
1517 2030 1652 2053 Exercitatio
1677 2030 1736 2052 intra
1762 2036 1804 2052 nos
1827 2028 1896 2052 debet
1920 2035 1970 2051 esse
1992 2035 2034 2057 per

1468 2073 1545 2092 actum
1564 2069 1677 2092 virilitatis
1695 2069 1724 2091 46
1737 2069 1750 2091 9
1762 2081 1793 2085 ——
1805 2069 1882 2097 operis
1894 2068 1982 2096 plenius
1994 2068 2034 2090 im-

1469 2110 1546 2137 primit
1564 2109 1633 2131 menti
1651 2108 1757 2137 peritiam
1777 2109 1821 2130 132
1839 2109 1851 2130 2

1516 2149 1643 2171 ΕΧιΝΑΝιτιο
1665 2160 1696 2164 -
1719 2147 1835 2176 quaedam
1861 2147 1974 2175 praecisio
2001 2149 2034 2169 est

1470 2188 1510 2210 161
1533 2189 1546 2210 2

1516 2228 1632 2249 Exrosmo
1644 2239 1675 2243 -
1687 2226 1763 2249 Tortis
1771 2225 1955 2254 expositionibus
1964 2226 2035 2248 Evan-

1470 2267 1554 2295 gelium
1572 2266 1719 2289 conculcatur
1738 2266 1782 2288 390
1802 2266 1830 2288 46

1517 2307 1653 2328 EstLTATio
1669 2318 1700 2322 -
1717 2305 1781 2328 ducit
1792 2305 1815 2327 in
1827 2305 1910 2327 mentis
1922 2305 2036 2328 alienatio-

1470 2351 1522 2367 nem
1542 2346 1550 2366 4
1561 2345 1586 2366 l9
1605 2345 1618 2366 6
1635 2357 1666 2361 -
1684 2346 1706 2367 111
1724 2345 1875 2367 exsultatione
1891 2344 2036 2372 complacen-

1471 2385 1515 2407 tiae
1532 2385 1605 2407 010110
1623 2383 1692 2407 debet
1710 2384 1827 2406 terminari
1844 2384 1857 2405 9
1876 2384 1889 2406 4

1518 2425 1654 2447 ΕΧ5111ηε111115
1665 2437 1695 2439 -
1711 2424 1835 2452 episcopus
1848 2423 1980 2451 exemplum
1996 2423 2037 2446 fuit

1471 2464 1615 2492 paupertatis
1632 2464 1677 2486 293
1695 2464 1719 2485 21

1518 2504 1627 2526 Exransro
1643 2515 1675 2519 —-
1692 2501 1757 2525 circa*
1771 2509 1813 2525 nos
1830 2502 1854 2524 fit
1870 2508 1912 2530 per
1928 2502 2034 2524 affectum

1472 2543 1572 2565 caritatis
1590 2542 1618 2564 46
1638 2543 1650 2564 9

1519 2818 1617 2840 1711051115
1634 2829 1663 2832 -
1681 2816 1801 2845 quomodo
1818 2815 1930 2838 erraverit
1947 2815 1991 2837 306
2010 2814 2023 2837 5

1519 2857 1594 2879 Favon
1612 2869 1640 2871 —
1659 2855 1781 2884 Appetitus
1798 2855 1884 2877 favoris
1901 2857 1935 2877 est
1956 2859 2039 2877 concu-

1473 2896 1584 2924 piscentia
1602 2895 1708 2918 vanitatis
1726 2895 1739 2917 4
1757 2895 1771 2916 5

1521 2936 1601 2957 Fennis
1616 2947 1648 2951 —
1664 2940 1734 2962 saepe
1746 2937 1780 2957 est
1792 2933 1933 2956 incentivum
1945 2932 2038 2955 alteritts

1475 2975 1589 3002 gravioris
1607 2975 1651 2996 432
1670 2975 1683 2996 2

1522 3015 1660 3036 ΓΕουΝοιτΑ5
1669 3026 1699 3029 —
1709 3013 1840 3041 spiritualis,
1851 3012 1907 3041 quid
1917 3012 1945 3034 sit
1954 3011 1994 3034 201
2007 3010 2037 3032 79
