2133 3317
248 220 304 248 728

500 256 547 279 oni

248 297 352 325 virgines
370 300 392 319 et
408 296 544 324 coniugatus
561 296 583 318 in
602 298 700 324 utroque
712 301 767 318 sexu
780 295 817 317 ad-

247 337 316 359 mittit
333 335 387 359 ibid.
404 348 435 352 —
449 335 529 364 quanti
541 335 570 357 sit
581 335 657 357 meriti
668 334 730 363 apud
744 335 817 357 Deum

247 374 303 398 ibid.
319 375 374 398 Vide
391 375 460 397 etiam
476 381 498 398 v.
516 373 635 402 Minores,
653 380 675 397 v.
689 373 779 403 Regula
796 375 818 397 ei

246 421 268 438 v.
287 413 384 444 Religio.

295 453 406 476 00100005
422 465 453 469 -
470 452 548 475 11101115
565 452 631 475 annis
645 452 715 474 nudis
727 452 818 474 incessit

249 492 354 521 vestigiis
372 492 416 514 403
435 492 465 514 47

297 532 367 555 01000
384 544 415 548 -
432 531 507 559 prima
520 534 554 554 est
569 531 593 553 in
602 530 688 553 divinis
706 532 817 559 tanquam

246 571 369 599 proprium
387 576 502 599 personae
520 570 548 592 47
567 570 592 592 14

295 610 399 632 Onustus
415 622 446 626 —
463 610 516 632 Tria
529 615 599 637 opera
613 611 708 631 ornatus
719 614 819 637 sequen-

248 650 277 672 tia
295 649 466 672 distinctionem
485 648 529 671 246
548 649 561 670 9
578 660 609 665 -
634 648 731 670 Animae
756 647 818 670 vires

246 689 388 712 adornantur
405 688 596 716 supererogativa
621 686 818 710 condescensione

246 728 275 751 ad
294 728 437 756 proximumy
455 726 639 750 sursumactione
664 726 686 748 in
703 726 778 748 Deum
795 728 818 748 et

247 767 398 795 perpessione
415 766 515 794 adversi,
533 769 557 788 ut
574 765 675 788 habeant
687 771 739 787 esse
751 765 818 788 deco-

246 813 298 829 rum
317 809 339 829 et
356 807 483 834 perfectum
501 804 557 828 ibid.
736 798 738 801 ⁵

294 846 358 869 On're
374 857 406 862 —-
423 845 464 867 54l
487 845 500 867 9

293 885 324 908 Os
341 897 371 901 —
388 886 423 907 est
439 884 573 906 vehiculum
591 882 636 905 cibi
654 883 683 904 78
702 883 730 905 28
744 885 817 905 -051

293 1160 407 1182 Pactricus
415 1171 446 1174 —
455 1160 504 1180 erat
515 1157 668 1180 saecularium
678 1156 812 1178 cantionum

245 1199 350 1222 curiosus
367 1198 473 1220 inventor
490 1197 536 1219 515
554 1197 567 1218 9
580 1209 608 1212 -
627 1195 656 1218 ab
674 1195 814 1224 imperatore

245 1238 286 1261 ruit
303 1240 426 1260 coronatus
443 1239 465 1259 et
481 1242 521 1259 rex
538 1241 649 1258 versuum
667 1235 742 1258 dictus
759 1233 813 1257 ibid.

243 1289 275 1294 —
292 1277 350 1300 vidit
370 1278 393 1299 S.
410 1276 559 1298 Franciscum
571 1275 665 1297 duobus
677 1274 814 1297 transversis

245 1316 340 1339 ensibus
356 1316 472 1344 signatum
491 1314 546 1338 ibid.
563 1314 609 1337 545
628 1314 665 1336 40.
684 1314 729 1336 569
753 1320 765 1335 a
782 1325 814 1329 —

246 1357 293 1379 Hac
311 1356 401 1378 visione
417 1357 440 1377 et
460 1353 539 1376 verbis
564 1354 586 1376 S.
612 1353 727 1376 Francisci
751 1358 813 1375 com-

244 1398 344 1424 punctus
361 1395 386 1417 B.
403 1394 463 1416 Patri
480 1393 583 1416 cohaesit
600 1393 646 1415 515
661 1392 683 1414 9.
695 1392 740 1414 569
758 1398 771 1414 a
784 1404 813 1407 —

243 1434 394 1463 postmodum
413 1434 436 1455 in
453 1433 516 1456 omni
528 1432 646 1455 sanctitate
658 1431 756 1460 profecit
768 1431 813 1454 5l5

244 1475 265 1496 9.
284 1474 329 1497 569
347 1480 359 1496 a
371 1486 402 1490 —
414 1472 498 1495 meruit
510 1478 623 1500 magnum
637 1472 689 1494 thau
703 1471 726 1493 in
740 1471 814 1493 fronte

243 1513 358 1536 Francisci
376 1512 457 1535 videre
474 1512 519 1534 545
537 1512 558 1533 9.
576 1511 621 1533 569
639 1517 652 1533 a
668 1523 700 1527 —
723 1510 814 1539 primus

245 1553 270 1575 in
286 1552 381 1575 Francia
400 1551 518 1574 ministerii
532 1551 602 1579 gessit
614 1550 716 1573 officium
734 1549 780 1572 545
792 1550 814 1571 9.

244 1592 289 1615 569
307 1598 318 1614 a

294 1632 366 1654 mnus
383 1644 412 1646 —
430 1630 475 1652 519
495 1630 522 1652 42

291 1671 419 1693 Paulas-rim
430 1669 510 1691 —suit
522 1669 591 1691 ludus
602 1668 665 1691 nude
677 1668 812 1690 luctantium

245 1710 289 1733 443
308 1710 321 1732 6
338 1722 369 1726 -
386 1709 498 1732 similatur
510 1707 627 1730 luctamini
643 1707 813 1735 Religiosorum

242 1749 296 1773 ibid.

291 1789 400 1811 ΡΑιΕΝτιΑ
416 1798 448 1804 -—-
465 1787 510 1809 563
529 1788 542 1809 2

290 1828 365 1850 ΡΑ1111Λ
382 1840 413 1843 —
435 1827 501 1849 Ram]
525 1826 655 1854 palmarum
681 1825 814 1853 significant

242 1868 355 1890 virtutum
374 1867 505 1895 triumphos
521 1866 552 1888 74
571 1866 600 1888 v15

290 1908 356 1930 PAius
373 1919 403 1922 —
420 1906 491 1928 nutrit
503 1911 594 1928 carnem
614 1905 657 1927 400
676 1905 689 1927 2
706 1918 737 1920 -
754 1905 813 1927 Usus

242 1947 308 1975 panis
322 1952 363 1974 pro
376 1946 517 1968 nutrimento
529 1947 563 1967 est
575 1944 736 1972 principalior,
749 1950 813 1966 com·

242 1986 348 2014 munior,
366 1985 475 2008 mundior
489 1987 511 2006 et
523 1984 600 2006 minus
613 1983 745 2006 fastidiosus
758 1982 812 2006 ibid.

241 2038 271 2041 —
281 2024 404 2047 hordeacei
414 2024 436 2046 in
446 2023 554 2046 comitiva
567 2023 648 2045 Christi
661 2023 747 2045 inventi
759 2026 812 2045 50111

241 2064 263 2087 111
281 2064 372 2087 deserto
391 2063 434 2086 406
453 2064 482 2085 26
500 2075 531 2079 —
548 2062 651 2085 Christus
671 2062 693 2085 in
719 2062 812 2084 civitate

241 2110 298 2126 usus
316 2106 350 2126 est
366 2109 426 2131 pane
443 2102 543 2131 triticeo⁷
560 2102 584 2124 111
601 2108 649 2131 quo
674 2105 696 2124 et
716 2101 811 2124 instituit

241 2144 417 2166 Sacramentum
435 2141 489 2164 ibid.

288 2182 345 2204 ΡΑΡΑ
363 2194 394 2198 -
416 2184 450 2203 051
473 2180 555 2203 Christi
581 2180 681 2202 vicarius
703 2180 810 2209 Petrique

240 2226 361 2244 successor
379 2220 423 2242 318
442 2220 454 2241 8
473 2232 504 2236 -
521 2219 543 2241 111
561 2225 621 2241 nova
644 2220 695 2246 lege
715 2219 810 2247 plenitu-

241 2260 319 2283 dinem
338 2259 458 2287 potestatis
475 2258 545 2281 habet
557 2258 602 2280 235
617 2258 624 2279 4
640 2271 671 2274 -
683 2258 752 2280 habet
764 2258 810 2286 ple-

240 2300 330 2322 niorem
348 2299 370 2321 in
388 2304 469 2321 omnes
487 2297 531 2320 sibi
548 2297 687 2320 commissos
712 2300 809 2325 potesta-

240 2341 285 2361 tem
304 2344 375 2367 quam
393 2337 462 2360 ceteri
484 2343 566 2359 omues
592 2337 636 2359 339
662 2343 675 2359 a
700 2349 729 2352 ——
756 2337 809 2359 Eius

241 2378 365 2401 auctoritas
388 2377 464 2399 omnia
483 2377 532 2399 iura
550 2377 650 2398 humana
669 2376 809 2398 transcendit

241 2418 284 2440 313
297 2418 324 2439 10
336 2417 396 2438 —in
410 2416 508 2439 Ecclesia
520 2418 595 2444 potest
606 2415 722 2442 ordinare,
734 2415 809 2444 quod-

241 2462 342 2485 cumque
359 2456 379 2478 ei
396 2456 488 2478 videtur
506 2455 533 2477 ad
547 2455 643 2477 salutem
659 2455 761 2477 fidelium
774 2461 809 2477 ex·

240 2496 320 2524 pedire
339 2495 383 2518 429
402 2495 415 2517 6
432 2507 463 2511 --
480 2497 555 2523 potest
570 2494 633 2517 alteri
655 2495 808 2521 committere,

239 2535 356 2564 quidquid
372 2537 448 2563 potest
463 2540 488 2557 ex
505 2534 620 2556 ordinaria
638 2536 750 2561 potestate
763 2534 807 2556 428

240 2574 253 2597 4
273 2587 301 2590 Ἀ
319 2575 367 2597 sine
384 2573 526 2602 praeiudicio
549 2572 701 2601 plebanorum
727 2580 807 2596 curam

239 2614 370 2636 animarum
395 2613 463 2635 etiam
488 2613 538 2635 aliis
563 2613 707 2635 committere
733 2615 808 2640 potest

240 2653 284 2675 377
303 2653 316 2674 9
333 2666 364 2669 —
381 2652 434 2675 Eius
452 2652 578 2675 definitioni
600 2652 714 2674 contraire
739 2652 808 2674 nulla-

240 2695 307 2714 tenus
332 2692 385 2714 11001
410 2692 454 2714 235
482 2692 502 2714 4.
528 2692 572 2713 313
599 2692 624 2713 10
646 2704 678 2707 -
694 2691 807 2714 Iudicium

239 2732 315 2759 Papae
332 2737 378 2753 non
399 2730 537 2759 reprobatur
562 2731 611 2753 sine
636 2731 718 2753 iniuria
742 2731 808 2754 Sedis

239 2770 379 2798 apostolicae
395 2771 440 2792 286
462 2771 467 2792 1

286 2823 316 2825 -
335 2810 422 2832 Tantae
438 2809 567 2831 auctoritati
592 2812 654 2831 recte
676 2810 807 2837 profundis-

239 2849 298 2871 sima
315 2848 432 2871 humilitas
449 2849 549 2871 sociatur
567 2849 611 2871 392
630 2849 643 2870 2
661 2861 692 2865 -
709 2851 743 2871 051
760 2855 807 2871 501·-

239 2894 284 2909 vus
301 2887 406 2909 omnium
419 2890 442 2910 et
453 2888 599 2915 singulorum
612 2886 666 2910 ibid.
679 2901 710 2904 —
722 2887 807 2910 Omnes

240 2926 319 2948 fideles
338 2929 391 2949 sunt
408 2927 497 2949 Summi
516 2927 631 2949 Pontificis
648 2927 694 2955 filii,
712 2927 753 2949 sed
770 2933 809 2955 pe·

239 2965 354 2987 culiariter
380 2966 470 2988 Fratres
487 2966 584 2988 Minores
606 2966 651 2988 312
669 2966 683 2988 7
710 2965 765 2989 Vide
787 2972 808 2989 zi.

238 3004 357 3033 Pontiseoe.

946 216 1045 245 INDEX
1068 216 1316 245 ALPHABETICUS.

851 295 936 318 ostium
955 295 1032 317 cord1s
1049 294 1094 317 204
1113 294 1141 316 87
1160 307 1189 310 -
1206 293 1285 316 verbis
1302 294 1421 322 prudenti-

851 334 896 357 bus
913 336 935 356 et
952 333 1046 356 utilibus
1054 337 1088 356 est
1100 333 1260 361 reserandum,
1272 333 1352 361 pravis
1363 339 1420 356 vero

850 373 1006 396 claudendum
1019 372 1073 395 ibid.

897 412 1000 435 Oscutuu
1018 424 1049 429 —
1066 411 1099 434 Ad
1118 412 1224 434 osculum
1245 411 1380 439 pervenitur
1398 411 1420 433 in

852 451 931 474 ultimo
949 451 1023 479 gradu
1042 451 1142 473 caritatis
1160 450 1189 473 45
1206 450 1221 472 7
1244 462 1274 466 -
1298 450 1339 472 Per
1356 456 1421 473 oscu-

851 491 899 513 lum
917 490 1006 513 Veritas
1023 492 1057 512 est
1074 489 1233 518 amplectenda
1253 489 1281 511 48
1302 489 1330 511 44

898 529 1010 552 0511011515
1026 542 1057 545 —
1079 528 1193 551 dioecesis
1210 528 1254 550 564
1278 528 1291 550 6
1314 541 1345 544 —
1368 528 1421 551 Gre-

851 569 931 597 gorius
949 569 1009 597 Papa
1021 575 1097 591 nonus
1109 570 1157 590 erat
1168 568 1294 596 episcopus
1310 567 1421 590 Ostiensis

852 608 892 630 521
915 608 929 630 5
946 620 976 624 -
993 608 1119 636 episcopus
1135 609 1185 630 erat
1201 607 1294 629 Ordinis
1306 607 1420 629 Minorum

851 650 968 676 protector
985 649 1007 669 et
1024 649 1144 675 promotor
1161 645 1216 669 ibid.
1232 658 1263 662 —
1285 647 1307 668 S.
1333 646 1421 668 Franci-

851 693 916 709 scum
935 686 1062 714 praecipuo
1079 684 1268 713 complexabatur
1279 685 1361 707 aflectu
1375 684 1419 707 524

850 726 865 748 7
882 738 912 742 -
929 725 1010 747 invitat
1028 725 1137 747 Sanctum
1156 724 1185 747 ad
1203 730 1308 746 mensam
1326 723 1380 747 ibid.
1391 736 1419 739 —-

850 778 881 781 —
897 764 1025 787 Alexander
1042 764 1102 792 Papa
1121 765 1217 793 quartus
1234 765 1283 786 erat
1294 763 1421 791 episcopus

850 803 962 827 Ostiensis
979 803 1024 826 554
1043 803 1056 825 4

898 843 971 865 Ortum
987 854 1019 859 —
1035 842 1139 864 omnium
1166 842 1279 864 malarum
1304 841 1421 869 cogitatio-

851 888 906 905 num
932 882 1020 904 sentina
1046 884 1080 903 est
1105 881 1150 903 517
1176 881 1189 903 6
1215 893 1245 896 —
1270 883 1304 903 est
1331 880 1419 903 sentina

1114 1013 1153 1059 P

895 1155 1019 1178 Paeanisus
1035 1167 1066 1171 —
1083 1155 1141 1177 Ante
1158 1154 1207 1176 eius
1220 1155 1280 1176 fores
1293 1153 1418 1176 Cherubim

848 1196 882 1217 est
897 1195 1022 1217 collocatus
1031 1200 1084 1217 cum
1095 1194 1172 1222 gladio
1184 1194 1293 1216 flammeo
1306 1193 1350 1215 488
1363 1194 1376 1216 2
1389 1206 1419 1209 -

848 1234 971 1262 Quomodo
994 1234 1031 1256 hic
1054 1233 1179 1256 Cherubim
1203 1236 1340 1256 amoveatur
1364 1232 1418 1256 ibid.

848 1286 878 1290 —-
896 1273 996 1296 caritatis
1014 1276 1047 1296 est
1065 1280 1104 1296 cor
1121 1272 1205 1296 Christi
1223 1273 1266 1295 487
1287 1273 1295 1295 4
1318 1286 1347 1289 ——
1359 1272 1417 1295 Cum

848 1312 933 1335 fiducia
950 1313 978 1335 ad
992 1313 1053 1335 hunc
1065 1312 1199 1341 paradisum
1211 1312 1371 1335 accedendum
1384 1314 1419 1335 est

848 1351 903 1375 ibid.

896 1392 1012 1414 PARENTES
1025 1404 1053 1407 —-
1066 1393 1161 1419 propter
1179 1392 1252 1414 Deum
1270 1395 1323 1414 sunt
1341 1392 1419 1420 despi-

848 1431 922 1453 ciendi
941 1433 963 1453 et
980 1431 1156 1460 derelinquendi
1176 1431 1204 1453 47
1221 1431 1235 1453 7
1253 1431 1418 1460 —Quomodo

849 1470 994 1493 inordinatus
1011 1476 1076 1492 amor
1093 1473 1217 1498 parentum
1235 1471 1418 1498 exstinguendus

848 1510 877 1532 sit
894 1510 939 1532 200
956 1510 987 1532 77
1006 1522 1030 1525 —
1053 1510 1165 1532 Dominus
1180 1510 1293 1538 praecipit
1305 1511 1417 1533 honorem

848 1552 971 1577 parentum
989 1550 1034 1571 398
1053 1549 1066 1571 4

896 1589 976 1611 10111511
994 1601 1025 1605 -
1036 1588 1216 1611 ConstItutiones
1233 1589 1309 1618 quoad
1329 1589 1419 1611 mitten-

849 1628 892 1651 dos
909 1628 1007 1650 Parisios
1024 1628 1054 1650 ad
1071 1628 1173 1650 studium
1194 1628 1237 1651 456
1256 1628 1270 1650 b
1290 1641 1319 1644 -
1337 1629 1369 1651 De
1387 1629 1418 1651 vi-

848 1667 953 1690 sitatione
970 1667 1055 1690 domus
1072 1667 1141 1690 studii
1158 1667 1293 1690 Parisiensis
1312 1667 1355 1690 460
1374 1674 1385 1690 a

896 1707 974 1729 Panna
992 1720 1022 1722 —
1040 1707 1084 1729 540
1104 1708 1117 1729 5

896 1747 1007 1769 Pimocam
1027 1759 1056 1762 —
1073 1746 1191 1769 Distinctio
1204 1746 1368 1774 parochiarum
1382 1747 1417 1769 tri-

848 1786 902 1813 plici
919 1786 949 1808 de
966 1792 1035 1808 causa
1054 1786 1154 1808 instituta
1172 1789 1206 1808 est
1224 1786 1269 1808 375
1288 1786 1301 1808 4
1315 1799 1343 1801 —
1357 1786 1417 1809 nulla

848 1825 971 1853 invenitur,
988 1825 1043 1854 quin
1062 1825 1146 1847 habeat
1162 1828 1202 1848 aut
1218 1826 1328 1848 idoneum
1340 1825 1417 1854 pleba-

848 1871 912 1891 num,
929 1868 969 1887 aut
980 1865 1164 1894 insufficientem,
1176 1867 1217 1887 aut
1228 1865 1316 1887 nullum
1329 1865 1374 1887 379
1388 1865 1415 1887 14

895 1905 1011 1927 Ρ11110011115
1028 1918 1058 1920 -
1075 1904 1127 1927 vide
1144 1911 1165 1928 v.
1184 1904 1309 1927 Plebomts.

895 1944 1028 1966 Pansmom
1039 1956 1071 1960 —-
1083 1944 1193 1966 Modestia
1205 1944 1360 1972 parsimoniae
1372 1951 1416 1967 ser-

847 1983 923 2005 vanda
942 1986 976 2006 est
993 1984 1015 2005 in
1033 1983 1095 2006 victu
1113 1986 1135 2006 et
1152 1984 1244 2012 vestituy
1262 1984 1284 2006 in
1299 1990 1382 2006 somno
1395 1989 1416 2006 01

847 2023 938 2051 vigilia,
956 2023 978 2045 in
996 2023 1042 2045 otio
1060 2025 1082 2045 et
1100 2022 1179 2045 labore
1197 2023 1241 2045 130
1260 2024 1272 2045 8
1291 2036 1321 2039 -
1334 2023 1415 2046 castifi-

846 2064 882 2085 cat
899 2063 944 2085 325
962 2063 990 2084 28

892 2102 1039 2124 131101101011110
1056 2114 1087 2118 -
1105 2102 1227 2125 Summum
1246 2102 1333 2125 bonum
1352 2103 1416 2125 varie

845 2141 996 2169 participatur
1025 2147 1036 2163 a
1063 2141 1161 2163 diversis
1186 2147 1264 2164 rerum
1291 2141 1415 2170 speciebus

845 2179 889 2202 243
912 2181 937 2202 12

891 2219 1000 2242 1311ον0115
1016 2231 1046 2236 —
1065 2220 1125 2241 Deus
1137 2225 1177 2242 sua
1190 2219 1297 2247 mysteria
1311 2220 1414 2248 pandere

844 2258 902 2280 solet
919 2258 964 2280 538
987 2258 1012 2280 14

891 2297 1009 2320 ΡΑ501111115
1032 2310 1061 2314 —
1087 2298 1200 2320 consessio
1218 2304 1256 2320 sex
1282 2298 1311 2320 de
1337 2299 1414 2321 causis

843 2338 926 2359 statuta
943 2339 977 2358 est
995 2337 1039 2358 376
1057 2337 1071 2358 7

891 2376 1129 2398 PAsoEizE—Praelati
1145 2375 1232 2398 debent.
1250 2382 1347 2404 pascere
1361 2383 1414 2404 gre-

844 2420 897 2442 gem
916 2415 1065 2437 commissttm
1084 2415 1201 2443 exemplo,
1218 2415 1289 2437 verbo
1318 2418 1340 2437 01
1360 2418 1413 2438 tem-

843 2454 916 2482 porali
934 2454 1038 2476 subsidio
1056 2454 1101 2476 250
1120 2455 1143 2476 21
1165 2467 1196 2471 -
1208 2455 1311 2483 Quatuor
1328 2461 1412 2483 genera

843 2494 962 2516 hominum
981 2497 1097 2516 merentur
1115 2493 1144 2516 ab
1162 2494 1211 2516 aliis
1227 2495 1290 2522 pasci
1309 2495 1349 2516 321
1376 2495 1401 2517 16

890 2534 964 2555 ΡΑ5510
977 2536 1050 2555 -051
1060 2534 1095 2555 vel
1105 2533 1231 2555 extrinseca
1241 2534 1278 2556 vel
1291 2534 1412 2556 intrinseca

844 2572 887 2594 443
906 2573 935 2594 20
947 2585 978 2589 -
990 2573 1115 2595 extrinseca
1133 2575 1167 2595 est
1183 2574 1320 2600 persecutio,
1333 2573 1413 2596 intrin-

842 2617 893 2634 seca
911 2611 1030 2634 infirmitas
1047 2611 1100 2635 ibid.
1121 2625 1149 2628 -—
1166 2612 1287 2635 intrinseca
1305 2616 1412 2635 causatur

842 2652 872 2675 ab
889 2652 1052 2680 inaequalitate
1075 2654 1096 2674 et
1114 2652 1261 2680 corruptione
1286 2653 1410 2674 humorum

842 2691 957 2720 corporis.
970 2691 1047 2719 passio
1065 2691 1192 2713 extrInseca
1205 2690 1234 2713 ab
1247 2691 1339 2713 inimico
1356 2690 1410 2714 ibid.

841 2744 872 2747 —
889 2731 988 2753 Mundus
1005 2730 1165 2752 subministrat
1182 2730 1332 2758 multiplicem
1359 2737 1411 2758 pas-

842 2770 930 2793 sionem
948 2769 1003 2792 ibid.
1028 2782 1058 2786 —
1085 2773 1182 2798 utraque
1208 2770 1319 2797 patienter
1344 2770 1411 2792 susti-

842 2810 919 2832 nenda
936 2812 970 2831 est
987 2808 1040 2831 ibid.
1059 2808 1103 2831 246
1121 2809 1133 2830 7
1152 2821 1183 2825 -
1208 2809 1311 2831 Adversa
1330 2815 1411 2831 secun-

842 2849 899 2872 dum
917 2849 993 2876 legem
1012 2848 1050 2870 Dei
1069 2848 1178 2871 declinari
1195 2854 1241 2870 non
1257 2851 1353 2876 possunt
1365 2848 1409 2870 246

842 2888 857 2910 7
869 2901 899 2904 —-
910 2888 1014 2911 Adversa
1028 2893 1112 2915 magno
1125 2887 1240 2910 desiderio
1252 2887 1410 2916 praeoptanda

842 2930 864 2950 et
880 2934 934 2950 cum
948 2927 1035 2955 gaudio
1047 2933 1134 2955 magno
1146 2927 1279 2949 sustinenda
1292 2929 1345 2949 sunt
1356 2926 1409 2949 ibid.

843 2979 872 2982 —
890 2967 913 2989 ln
931 2967 975 2989 hoc
992 2966 1094 2989 consistit
1111 2966 1280 2988 consummatio
1292 2966 1412 2994 perfectio-

842 3006 877 3028 nis
902 3005 956 3028 ibid.
986 3018 1014 3021 —
1040 3005 1169 3028 Tolerantia
1195 3005 1348 3028 adversorum
1377 3008 1411 3027 est

1717 255 1770 278 PAS

1454 294 1559 317 omnium
1577 294 1687 316 vitiorum
1706 294 1751 316 469
1770 295 1778 316 4
1800 307 1830 310 -
1849 294 1925 317 11101115
1942 296 1976 318 est
1987 301 2022 318 oc-

1454 333 1516 355 casio
1534 333 1683 362 delinquendi
1709 332 1754 355 484
1773 333 1781 355 4
1812 346 1841 350 —
1866 333 1958 356 Otiosos
1975 334 2021 356 dia-

1455 371 1523 394 bolus
1534 373 1665 401 frequenter
1675 372 1811 400 praecipitat
1823 372 1853 395 ad
1862 376 1955 400 peccata
1967 372 2021 396 ibid.

1455 424 1484 427 —-
1501 412 1523 434 in
1541 412 1663 434 solitudine
1680 411 1749 434 valde
1765 412 1921 439 periculosum
1932 415 1966 435 est
1977 412 2022 435 502

1456 450 1485 472 45
1501 463 1533 467 -
1549 451 1641 473 Otiosus
1659 451 1714 473 nihil
1732 450 1787 473 honi
1804 451 1863 478 facit,
1888 451 1929 474 sed
1955 450 2023 474 bene-

1454 490 1512 511 facta
1530 489 1601 512 inficit
1617 490 1661 512 518
1675 490 1688 512 6
1706 503 1737 506 —
1754 490 1823 512 vilem
1841 492 1863 512 et
1880 490 2023 513 abominabi-

1454 529 1499 550 lem
1517 535 1542 551 se
1558 528 1668 551 omnibus
1684 529 1760 552 reddit
1777 528 1830 552 ibid.
1848 542 1879 545 —
1895 530 1968 552 aufert
1984 531 2023 552 ho-

1455 567 1512 589 mini
1530 573 1555 589 se
1572 567 1649 596 ipsum
1668 567 1712 590 412
1732 569 1739 589 4
1761 580 1792 585 -
1809 569 1901 591 01105115
1918 569 1941 591 111
1960 569 2023 592 110110

1455 609 1489 628 051
1505 606 1550 628 51111
1568 607 1698 629 fructuosus
1715 606 1770 630 ibid.
1782 620 1811 623 —
1827 610 1861 630 est
1872 614 2022 636 summopere

1455 646 1590 674 fugiendum
1609 646 1654 668 517
1681 646 1694 668 6
1717 658 1748 663 --
1765 646 1836 669 011051
1854 647 1983 675 castigandi
2000 650 2022 670 et

1454 685 1484 707 ad
1501 691 1571 713 opera
1589 685 1744 713 compellendi
1761 688 1814 708 sunt
1825 686 1865 708 321
1884 686 1912 708 47
1924 698 1955 703 --
1966 685 2023 709 Con-

1454 724 1584 747 stitutiones
1600 725 1674 747 otium
1691 724 1841 752 prohibentes
1860 725 1904 747 455
1922 725 1936 747 b

1501 762 1555 786 Ows
1580 775 1611 779 -—-
1636 763 1714 786 Bonus
1739 766 1817 791 pastor
1842 770 1899 786 oves
1921 764 2023 792 perditas

1455 803 1526 825 multa
1543 809 1598 825 cura
1616 804 1638 825 et
1650 803 1770 825 clementia
1782 803 1898 832 quaesivit
1909 806 1931 826 et
1943 804 2022 826 inven-

1454 844 1488 864 tas
1504 842 1632 870 reportavit
1647 841 1678 864 74
1696 842 1725 864 43
1742 854 1773 859 -
1790 843 1864 865 Pietas
1875 844 1897 865 S.
1909 843 2023 866 Francisci

1453 881 1482 903 ad
1500 887 1557 903 oves
1574 881 1619 903 527
1637 881 1659 903 6.
1677 881 1722 904 528
1739 881 1754 904 7

1454 1156 1518 1176 actus
1534 1154 1634 1177 caritatis
1652 1155 1697 1178 245
1715 1156 1728 1177 3
1747 1169 1776 1171 -
1793 1156 1879 1179 Amans
1901 1157 1975 1180 Deum
1996 1158 2022 1181 li-

1454 1192 1534 1215 benter
1551 1194 1647 1216 sustinet
1664 1200 1734 1217 omne
1751 1195 1863 1219 damnum
1889 1199 1911 1219 et
1935 1203 2022 1225 oppro—

1452 1231 1529 1254 brium
1552 1234 1576 1255 10
1595 1234 1619 1255 114
1649 1247 1680 1250 -
1706 1235 1805 1257 Persecte
1829 1241 1910 1259 amans
1931 1236 2022 1265 quaerit

1454 1274 1593 1295 tormentum
1612 1275 1634 1295 et
1651 1273 1777 1297 delectatur
1793 1274 1816 1297 in
1834 1275 1926 1303 poenis,
1938 1282 2021 1304 oppro-

1452 1311 1509 1334 briis
1526 1315 1548 1334 et
1565 1312 1661 1340 flagellis
1678 1312 1708 1336 ib.
1728 1314 1755 1335 40
1780 1326 1812 1330 -
1836 1314 1870 1337 Ad
1888 1315 2020 1343 passionem

1452 1357 1561 1374 securum
1580 1354 1602 1374 et
1618 1352 1713 1375 hilarem
1732 1359 1825 1376 currere
1842 1355 1970 1382 perfectum
1986 1358 2022 1378 est

1453 1391 1497 1413 242
1517 1392 1541 1413 44
1563 1404 1593 1407 —
1619 1393 1643 1414 ln
1662 1392 1768 1420 passi0ne
1790 1394 1884 1421 perfecti
1901 1395 2021 1422 esxultant,

1452 1430 1581 1458 imperfecti
1598 1431 1765 1454 conturbantur
1791 1432 1835 1455 237
1859 1433 1872 1454 6
1897 1445 1928 1450 —-
1954 1434 2021 1457 Tole-

1452 1470 1524 1492 rantia
1553 1470 1705 1493 adversorum
1729 1474 1763 1494 est
1791 1471 1944 1495 desideranda
1972 1476 2021 1496 tan-

1452 1515 1522 1537 quam
1542 1510 1739 1538 complementum
1757 1511 1904 1538 perfectionis
1926 1512 1971 1535 247
1990 1513 2019 1535 40

1452 1560 1483 1565 —
1500 1549 1541 1570 Per
1559 1549 1672 1577 passionis
1689 1549 1830 1572 desiderium
1856 1557 1911 1574 crux
1937 1551 2019 1574 Christi

1452 1591 1486 1610 est
1502 1589 1663 1616 amplectenda
1682 1589 1709 1611 43
1728 1590 1741 1612 3
1759 1602 1790 1606 --
1807 1590 1829 1612 111
1848 1590 2020 1614 tribulationum

1452 1628 1603 1655 perpessione
1620 1628 1732 1656 erigimur
1748 1629 1779 1651 ad
1795 1635 1862 1657 spem
1879 1629 1908 1652 76
1936 1630 1963 1652 48
1989 1643 2020 1647 -

1452 1667 1644 1695 supererogativa
1661 1668 1755 1690 adversi
1772 1671 1838 1691 ornat
1854 1669 1946 1692 animae
1958 1669 2020 1693 vires

1452 1708 1474 1728 et
1490 1706 1580 1728 reducit
1598 1707 1626 1729 ad
1644 1707 1718 1729 Deum
1737 1707 1781 1730 246
1800 1708 1813 1730 9
1838 1721 1868 1724 —
1890 1709 2019 1732 Tolerantia

1452 1745 1605 1768 adversorum
1631 1746 1667 1768 vir
1684 1748 1800 1774 perfectus
1825 1748 1950 1771 conformis
1974 1749 2020 1771 effi-

1451 1784 1510 1807 citur
1528 1785 1574 1807 Dco
1593 1785 1638 1807 247
1657 1786 1685 1808 40
1699 1798 1727 1801 -
1740 1786 1781 1808 Per
1798 1787 1929 1814 passionem
1946 1787 2020 1810 tribu-

1451 1824 1561 1846 lationum
1580 1827 1693 1853 purgatur
1711 1828 1733 1848 01
1750 1825 1861 1854 probatur
1878 1826 1978 1849 Ecclesia
1997 1830 2019 1849 et

1452 1863 1557 1885 membra
1575 1863 1657 1886 Christi
1675 1864 1744 1887 electa
1763 1865 1792 1887 83
1811 1865 1839 1887 40
1856 1878 1887 1882 -
1904 1866 1946 1888 Ρο1“
1966 1872 2019 1894 pas-

1451 1903 1527 1925 siones
1544 1904 1635 1925 venitur
1652 1904 1680 1926 ad
1699 1904 1796 1932 gloriam
1815 1904 1859 1927 443
1878 1905 1907 1927 20
1924 1918 1955 1922 -
1967 1906 2019 1928 Pas-

1451 1942 1520 1965 5101115
1539 1942 1658 1965 infirmitas
1674 1949 1728 1965 cum
1741 1944 1912 1966 immortalitate
1923 1944 2018 1972 spiritus

1451 1982 1566 2010 seraphici
1584 1988 1630 2004 non
1647 1983 1755 2005 convenit
1772 1983 1816 2005 543
1835 1984 1848 2005 3
1867 1996 1895 1999 ——
1908 1984 2017 2007 vitiorum

1450 2024 1503 2043 sunt
1520 2021 1662 2044 infirmitates
1678 2022 1779 2044 hominis
1800 2023 1841 2045 132
1859 2024 1872 2045 2

1497 2072 1528 2077 -
1545 2061 1653 2083 Passione
1670 2061 1786 2084 dominica
1803 2062 1918 2090 redempti
1935 2069 2017 2086 sumus

1452 2099 1495 2122 476
1514 2100 1527 2122 3
1551 2112 1581 2116 -
1609 2100 1692 2123 Christi
1710 2100 1827 2123 accusabit
1844 2104 1977 2129 peccatores
1995 2102 2017 2124 in

1450 2139 1487 2161 die
1504 2139 1630 2161 novissimo
1648 2139 1677 2161 53
1700 2139 1713 2161 5
1739 2152 1767 2155 --
1794 2139 1878 2162 Christi
1902 2147 2017 2163 rememo-

1449 2178 1520 2200 randa
1539 2184 1551 2200 a
1569 2181 1691 2206 peccatore
1712 2179 1741 2200 76
1769 2179 1793 2200 21
1823 2192 1854 2195 —
1879 2179 2016 2203 Recordatio

1448 2217 1562 2244 passionis
1579 2217 1662 2240 Christi
1680 2217 1733 2240 facit
1757 2218 1873 2246 quaslibet
1897 2219 2016 2246 passiones

1449 2256 1525 2278 faciles
1542 2256 1571 2278 ad
1589 2257 1747 2279 sustinendum
1767 2257 1811 2279 483
1830 2258 1842 2279 3

1496 2296 1581 2318 Pas-rou
1598 2308 1628 2312 —
1646 2295 1753 2318 Officium
1770 2297 1885 2324 pastorale
1907 2298 1967 2320 circa
1983 2304 2016 2320 se-

1448 2337 1510 2362 ptem
1528 2338 1634 2357 vcrsatur
1652 2335 1696 2357 376
1715 2335 1729 2357 5
1741 2348 1772 2352 -
1784 2336 1837 2359 Eius
1849 2343 1904 2359 cura
1921 2343 1966 2360 non
1982 2340 2017 2360 est

1448 2374 1590 2403 dominium,
1600 2375 1639 2397 sed
1650 2375 1792 2403 dispensatio
1804 2378 1826 2398 et
1835 2376 1937 2399 officium
1948 2377 2017 2399 eccle-

1448 2413 1552 2436 siasticae
1569 2414 1687 2442 potestatis
1705 2414 1749 2437 428
1768 2414 1780 2436 4
1798 2427 1829 2431 -
1845 2415 1909 2443 Quae
1925 2415 1970 2438 siut
1986 2416 2015 2438 de

1447 2453 1574 2476 substantia
1592 2454 1659 2476 oflicii
1678 2455 1797 2482 pastoralis
1816 2454 1860 2477 Ἰ145
1879 2455 1907 2477 13
1929 2467 1960 2471 -
1977 2455 2016 2477 Pa-

1447 2493 1514 2515 storis
1532 2496 1565 2515 051
1583 2493 1666 2515 docere
1684 2493 1779 2516 virtutes
1796 2494 1836 2516 139
1850 2494 1862 2516 6
1875 2507 1905 2509 -
1918 2500 2015 2523 gregem

1447 2532 1552 2554 aedificat
1570 2532 1643 2555 verbo
1661 2536 1682 2554 et
1699 2534 1805 2561 exemplo
1823 2534 1867 2556 322
1887 2534 1914 2556 49
1933 2546 1963 2550 —
1980 2536 2015 2556 est

1447 2572 1483 2594 lux
1502 2572 1581 2599 gregis
1598 2572 1716 2594 commissi
1738 2572 1779 2594 142
1798 2573 1806 2594 4
1836 2585 1866 2588 —
1888 2578 1934 2595 non
1957 2573 2015 2601 sugit

1447 2611 1492 2633 255
1511 2611 1539 2633 112
1557 2623 1587 2627 -
1604 2617 1649 2633 11011
1661 2610 1731 2634 debet
1742 2617 1792 2634 esse
1804 2612 1888 2640 durus,
1901 2611 1941 2634 sed
1954 2618 2015 2634 com-

1447 2650 1554 2678 passivus
1572 2650 1615 2672 1137
1633 2651 1646 2672 0
1657 2662 1687 2667 —
1704 2649 1774 2673 debet
1785 2651 1972 2673 condescendere
1985 2654 2014 2673 te-

1446 2690 1568 2712 neritudini
1587 2693 1609 2712 01
1620 2690 1787 2718 imperfectioni
1800 2689 1844 2712 sibi
1856 2689 2014 2712 subiectorum

1446 2728 1498 2751 ibid.
1517 2742 1547 2745 —
1559 2729 1652 2757 sapiens
1668 2729 1736 2751 etiam
1755 2729 1843 2758 absque
1855 2729 1941 2752 divitiis
1958 2729 2014 2751 utili-

1446 2770 1479 2790 ter
1496 2769 1580 2796 pascit,
1598 2769 1639 2791 sed
1662 2774 1714 2791 cum
1733 2769 1771 2796 pia
1790 2769 1962 2796 dispensatIOne
1979 2768 2014 2791 di-

1445 2808 1554 2830 vittarum
1572 2808 1645 2836 pascit
1661 2808 1738 2830 utilius
1756 2808 1800 2829 322
1823 2808 1848 2829 19
1865 2820 1897 2824 -
1918 2808 1968 2830 Non
1990 2808 2013 2830 in

1445 2847 1621 2870 diminutionem
1639 2847 1770 2875 potestatis,
1783 2847 1822 2869 sed
1836 2847 1858 2869 iu
1871 2847 2013 2869 adiutorium

1445 2886 1563 2909 inferiores
1580 2889 1684 2914 pastores
1701 2886 1861 2914 superioribus
1886 2885 2013 2914 subrogan-

1444 2928 1480 2948 tur
1498 2925 1543 2948 377
1561 2926 1574 2947 9
1596 2925 1651 2948 Victa
1668 2931 1689 2948 o.
1707 2925 1833 2948 lvi-aelatus
1851 2927 1873 2948 et
1884 2932 1905 2948 r.
1918 2925 2009 2949 Rector.

1451 2978 1482 2982 —
1507 2964 1611 2988 Christus
1628 2968 1662 2987 est
1683 2971 1789 2987 summus
1807 2965 1915 2992 princeps
1937 2967 2012 2992 pasto-

1443 3011 1495 3027 rum
1517 3004 1557 3027 146
1580 3004 1605 3026 17
1623 3017 1653 3020 --
1673 3004 1751 3026 Pastor
1768 3003 1843 3026 bonus
1858 3006 1892 3026 est
1909 3003 2011 3026 Christus
