2133 3317
359 272 414 295 MEL

108 314 223 339 humana,
239 315 279 335 aut
295 312 355 334 circa
372 316 443 339 opera
454 310 546 337 divina,
561 312 601 332 aut
612 308 671 331 circa

109 355 262 380 utrorumque
279 350 391 379 principia
408 349 423 371 7
442 349 470 371 18
488 361 518 364 -
538 348 608 370 Varia
625 353 672 369 ma-

108 391 163 413 teria
182 390 336 413 meditationis
352 389 396 412 478
414 389 436 411 7.
455 388 499 410 496
523 393 535 409 3
556 399 589 403 -
612 389 673 409 stare

109 429 179 453 debet
195 430 217 452 in
230 429 316 452 unione
334 428 372 451 Dei
389 430 412 450 et
428 427 518 449 animae
534 426 548 448 7
565 426 593 448 18
605 425 671 448 —ln

108 469 180 491 sacris
197 467 385 491 meditationibus
401 466 504 489 consistit
515 465 621 494 specialis
636 464 674 487 de-

109 508 172 530 votio
193 507 234 530 149
253 507 281 529 10
298 518 329 523 --
347 506 387 528 Per
403 508 494 528 sanctas
511 504 672 527 meditationes

109 549 214 574 gustatur
231 545 333 568 suavitas
350 544 389 566 Dei
411 544 436 566 10
453 544 467 566 9
496 542 551 566 Vide
573 549 594 566 υ.
618 542 674 566 Con-

110 584 238 614 templatio.

157 624 204 646 Μει.
220 635 252 640 -
268 625 303 645 051
322 622 481 645 dulcissimum
491 639 497 649 ,
519 620 674 644 mundificati-

109 668 179 689 vum,
196 661 358 684 descensivum
376 661 417 683 221
440 660 484 682 153

156 701 239 723 Mation
261 713 292 717 —
316 700 383 729 Quod
409 700 490 722 melior
515 699 578 727 eligit
599 699 674 727 magis

110 744 142 763 est
160 740 293 768 eligendum
312 739 356 762 423
376 739 403 761 18
421 751 452 755 —
469 739 491 761 in
508 739 590 760 affectu
609 744 673 766 prae-

110 779 197 802 ferendi
214 782 267 801 sunt
285 777 413 801 minoribus
434 777 470 800 141
493 777 507 799 7

156 818 252 840 11151111οΛ
274 830 305 834 ——
330 817 351 839 in
369 817 448 839 dolore
473 816 576 839 contrahi
601 816 674 838 solent

111 857 151 879 121
173 857 187 879 5

157 896 267 918 1111111100το
283 908 314 912 -
331 895 352 917 10
370 895 448 922 Missa,
470 901 514 923 pro
535 894 621 923 quibus
644 894 673 916 sit

110 935 242 957 faciendum
262 935 305 956 106
324 935 337 956 3

158 974 260 996 lili-:noma
276 985 307 990 —
324 976 358 995 est
375 973 551 1001 praeteritorum
577 973 589 994 8
612 973 625 994 2
642 984 673 988 -

110 1012 233 1035 adiuvatur
250 1011 327 1034 verbis
344 1012 454 1034 ordinatis
471 1011 500 1033 68
518 1012 532 1033 2
557 1023 588 1027 —
612 1011 673 1038 iugis

111 1051 253 1079 praesentiae
270 1050 310 1072 Dei
330 1050 373 1072 150
392 1051 420 1072 12

157 1090 287 1112 Manuactuu
304 1101 335 1106 --
356 1089 491 1117 fugiendum
512 1095 524 1111 a
542 1088 673 1117 virginibus

111 1129 155 1151 203
173 1129 201 1150 86

157 1168 285 1190 Menalcam?
301 1179 333 1184 —
349 1167 527 1189 mendicantium
539 1173 670 1195 pauperum

110 1207 225 1230 accusatio
242 1206 288 1229 235
305 1207 325 1228 2.
344 1206 389 1228 286
411 1207 415 1228 1
438 1218 468 1221 —-
489 1205 622 1228 Mendicitas
640 1208 674 1228 est

110 1246 139 1269 de
157 1251 241 1274 genere
258 1246 406 1268 honestorum
423 1248 445 1267 et
461 1244 612 1267 laudabilium
626 1245 670 1266 326

110 1285 139 1307 29
157 1297 186 1301 ——
199 1284 330 1307 Mendicitas
342 1290 396 1306 vera
408 1283 491 1306 nobilis
508 1286 542 1306 est
553 1286 575 1306 et
584 1283 673 1306 Christo

110 1326 202 1351 accepta
216 1322 245 1346 ib.
258 1324 295 1346 30.
312 1329 347 1352 sq.
363 1336 394 1339 -—
411 1323 543 1345 Mendicitas
560 1329 672 1345 annexam

110 1362 179 1385 habet
190 1362 348 1390 evangelicam
361 1362 540 1389 beatitudinem,
551 1368 597 1384 non
612 1368 673 1384 men-

110 1402 177 1424 talem
196 1401 391 1429 imperfectionem
410 1400 462 1424 ibid.
480 1414 511 1416 —
535 1401 673 1429 Quintuplex

111 1440 264 1463 mendicitatis
280 1440 406 1463 differentia
423 1440 468 1462 324
486 1440 524 1462 26,
541 1440 586 1462 325
602 1440 631 1462 27
642 1452 673 1456 ———

111 1480 189 1508 Qualis
206 1479 290 1502 modus
307 1479 452 1502 mendicandi
467 1479 495 1501 sit
506 1478 673 1507 approbandus

111 1519 157 1541 326
174 1519 211 1541 29.
230 1519 274 1541 330
293 1518 317 1541 41
338 1531 370 1535 -
385 1518 422 1541 0111
439 1524 487 1541 non
503 1518 570 1540 liceat
581 1518 626 1540 328
644 1518 673 1541 34

111 1570 142 1574 -—
158 1558 291 1580 Mendicitas
307 1558 365 1580 inter
381 1558 458 1580 omnia
476 1557 612 1586 petitionum
638 1563 675 1586 ge-

111 1603 165 1619 nera
183 1597 382 1619 verecundissima
399 1599 434 1619 est
452 1596 495 1619 423
514 1597 538 1618 21
560 1609 591 1612 —-
617 1597 675 1619 Men-

111 1636 192 1659 dicitas
203 1636 337 1664 designatur
349 1642 390 1664 per
402 1636 519 1658 caminum
535 1636 594 1663 ignis
605 1636 673 1658 trium

111 1681 238 1703 puerorum
256 1676 301 1697 326
320 1676 348 1697 29
365 1688 396 1692 -
406 1675 544 1697 mendicitati
557 1681 627 1697 verae
638 1681 675 1697 an-

111 1720 182 1737 nexus
199 1717 233 1737 est
250 1714 389 1737 extrinsecus
413 1715 528 1736 cruciatus
552 1717 574 1736 et
597 1714 675 1736 intrin-

111 1759 190 1776 secum
208 1753 319 1781 gaudium
337 1752 391 1776 ibid.
408 1766 438 1769 -
450 1753 485 1775 Ad
502 1753 674 1775 mendicitatem

111 1793 189 1820 inopia
211 1798 289 1814 rerum
311 1795 333 1814 et
354 1793 466 1820 exigentia
493 1797 588 1814 naturae
614 1798 676 1814 com·

111 1832 173 1860 pellit
189 1831 243 1854 ibid.
260 1831 424 1858 -Mendicus,
441 1831 458 1853 si
475 1834 566 1854 recusat
577 1837 604 1853 ea
615 1837 676 1860 quae

111 1872 246 1899 offeruntur,
262 1870 391 1893 remanebit
408 1871 481 1892 inanis
498 1870 542 1893 344
560 1877 572 1892 a
585 1883 616 1887 --
633 1871 676 1892 Ali-

111 1910 206 1938 quando
223 1910 331 1932 lautiores
348 1909 413 1932 cibos
424 1912 446 1932 et
458 1912 526 1937 potus
544 1909 630 1932 habere
642 1912 676 1932 est

111 1949 206 1977 proprie
223 1949 383 1971 mendicorum
401 1947 455 1971 ibid.
471 1961 502 1964 ——
519 1949 616 1971 Mendici
629 1955 675 1971 non

111 1990 231 2011 reservant
248 1988 270 2010 in
288 1990 405 2016 posterum
424 1987 478 2010 ibid.
491 2000 520 2003 —
531 1988 629 2010 Mendici
642 1994 677 2010 so-

111 2027 158 2049 lent
174 2027 302 2049 necessaria
320 2029 410 2055 petere,
427 2026 521 2055 quando
546 2027 677 2055 promptius

111 2072 124 2088 a
141 2065 250 2088 dantibus
269 2065 383 2088 habentur
400 2065 445 2088 342
463 2065 478 2088 b

159 2106 219 2127 Mens
229 2117 261 2121 —
272 2108 381 2133 tanquam
394 2105 532 2132 principium
544 2105 643 2133 concipit
656 2108 678 2128 et

112 2144 220 2173 producit
229 2150 255 2166 ex
267 2150 291 2166 se
304 2143 402 2166 verbum
415 2146 437 2166 et
448 2144 533 2166 amoris
545 2144 633 2166 donum
648 2145 676 2166 17

111 2184 137 2206 11
155 2196 182 2199 -
195 2183 332 2211 captivanda
351 2185 385 2205 est
396 2182 440 2205 sub
457 2183 512 2210 iugo
530 2183 582 2205 fidei
605 2183 645 2205 100
663 2184 676 2205 3

112 2235 141 2238 -
154 2223 177 2244 10
189 2228 288 2250 superna
301 2222 403 2244 elevatur
417 2228 459 2250 per
470 2222 618 2244 devotionem
632 2222 683 2250 148,

113 2262 126 2284 2
138 2274 169 2278 -
182 2261 300 2289 tripliciter
311 2264 447 2289 praeparata
459 2267 508 2283 esse
521 2261 589 2283 debet
601 2261 629 2283 ad
643 2261 678 2284 di-

112 2301 190 2323 vinam
201 2300 379 2323 consolationem
390 2299 418 2321 50
431 2299 467 2322 15.
476 2306 511 2328 sq.
520 2306 598 2327 —per
607 2301 676 2322 devo-

112 2340 198 2362 tionem
216 2339 357 2361 illuminatur
369 2339 398 2361 ad
410 2339 607 2366 cognoscendum,
620 2339 676 2367 quid

112 2380 141 2401 sit
153 2379 234 2401 melius
247 2378 287 2400 147
298 2379 311 2400 2
321 2390 351 2394 -
361 2378 422 2400 Varii
435 2378 528 2400 effectus
540 2378 624 2400 mentis
636 2378 678 2400 ele-

114 2418 213 2440 vationis
230 2418 260 2439 50
278 2418 306 2439 16
318 2430 347 2433 -
361 2417 461 2439 Elevatio
473 2416 556 2439 mentis
568 2417 590 2438 in
603 2417 676 2439 Deum

113 2458 207 2480 molesta
226 2460 260 2479 est
277 2456 405 2484 desperatis
422 2456 466 2478 326
487 2456 516 2478 28
541 2469 572 2471 —
590 2455 678 2478 Tribus

113 2496 142 2519 de
153 2496 229 2518 causis
246 2496 328 2518 mentis
344 2495 450 2517 alienatio
467 2495 549 2517 accidit
565 2496 605 2517 119
624 2496 637 2516 6
649 2507 677 2510 —

113 2535 174 2558 Deus
191 2537 224 2557 est
242 2541 308 2557 mens
324 2534 466 2556 invariabilis
486 2534 510 2555 17
533 2534 553 2555 11
576 2546 606 2550 -
619 2534 678 2556 ,1100-

114 2574 141 2596 115
158 2574 279 2596 infirmitas
296 2573 374 2601 triplex
396 2573 436 2595 137
455 2573 469 2594 7

161 2613 254 2635 Mcwrnu
271 2625 302 2629 —
313 2613 374 2635 nullo
387 2612 456 2634 modo
469 2614 544 2640 potest
555 2611 614 2634 bene
627 2612 677 2634 fieri

116 2653 159 2675 238
177 2652 191 2674 7

161 2692 275 2714 Msncnrto
291 2703 323 2707 —
343 2690 467 2718 spiritualis
484 2696 496 2711 a
519 2690 599 2712 mundi
622 2696 678 2712 con-

114 2733 201 2758 temptu
220 2730 290 2752 sumit
307 2730 395 2763 initium
414 2729 457 2751 507
477 2729 489 2751 4

160 2770 316 2792 MERCENARIUS
328 2781 357 2784 —-
371 2769 428 2796 fugit
440 2771 534 2796 propter
546 2768 675 2790 dominium

118 2808 205 2831 timoris
222 2808 267 2830 255
286 2808 314 2830 12

162 2848 251 2869 &lances
269 2859 298 2862 —
323 2847 365 2868 Pro
383 2846 489 2868 mercede
506 2845 591 2868 laboris
609 2845 678 2868 datur

114 2892 197 2909 corona
217 2885 303 2914 gloriae
324 2885 365 2907 125
383 2886 396 2907 2
421 2897 449 2900 -
469 2885 585 2911 030105115,
603 2884 678 2912 qualis

115 2926 141 2948 sit
159 2925 187 2946 57
210 2926 215 2946 1
236 2937 267 2941 ·—
284 2924 345 2946 vitae
362 2926 480 2950 aeternae,
497 2929 566 2952 quam
584 2923 613 2945 sit
631 2929 679 2945 ma-

115 2970 173 2992 gna,
191 2964 260 2985 multa
278 2966 300 2985 et
317 2964 384 2990 longa
406 2963 447 2984 125
465 2963 477 2984 2
490 2975 520 2978 -
531 2962 565 2984 Ad
578 2968 629 2984 eam
642 2968 679 2983 ac-

116 3002 247 3030 cipiendam
266 3001 389 3023 invitamur
403 3007 416 3022 3
433 3000 522 3023 Christo
534 2999 588 3022 ibid.
602 3012 631 3015 —
643 2999 678 3021 Ad

208 3048 234 3071 S.
245 3048 334 3070 Bonav.
346 3059 376 3064 --
387 3048 456 3069 Tom.
467 3047 523 3069 V111.

802 229 901 258 tNDEx
923 228 1169 257 ALPHABETICUS.

705 313 730 329 ea
735 313 756 329 01
766 307 939 335 adipiscendam
949 305 1085 329 inflammari
1095 305 1180 328 debent
1191 311 1272 328 omnes

706 345 827 369 Christiani
844 345 898 368 ibid.

753 386 857 408 Manrruu
874 397 905 401 —
922 387 1021 413 augetur
1041 384 1187 411 difficultate,
1210 389 1271 412 quae

706 427 741 446 est
757 424 845 446 ratione
862 424 953 452 generis
970 423 1047 451 operis
1064 423 1108 445 248
1131 423 1156 445 15
1173 435 1204 438 -
1226 428 1270 445 non

706 466 805 491 augetur
821 463 953 485 difficultate
970 463 1077 485 veniente
1099 468 1126 484 ex
1149 461 1271 484 vitiositate

706 502 794 530 agentis
811 501 840 524 ib.
859 502 887 524 16
899 514 930 518 -
942 507 983 530 per
1000 501 1107 524 accidens
1123 504 1145 523 et
1161 501 1271 523 indirecte

706 544 805 569 augetur
822 541 954 563 difficultate
971 543 1020 563 orta
1045 546 1071 563 ex
1093 539 1271 562 circumstantiis

706 581 801 603 annexis
817 580 862 602 249
884 580 909 602 17
926 592 957 596 -
974 581 1148 602 conformantur
1162 579 1271 607 praemiis

709 620 731 642 11
755 620 762 641 1
785 631 815 636 —
832 619 943 641 Perfectio
961 619 1035 641 meriti
1052 618 1150 641 obtineri
1166 624 1212 640 non
1221 620 1272 646 pot-

706 662 740 681 est
757 659 806 681 sine
817 659 910 681 caritate
923 658 967 680 350
980 659 1009 680 22
1021 670 1052 674 -
1064 658 1183 680 Exsecutio
1198 657 1271 680 fidelis

705 698 774 720 officii
791 698 820 719 ad
838 698 880 719 alta
899 697 979 719 merita
1006 696 1112 725 perducit
1131 696 1175 718 139
1200 696 1214 718 7
1239 708 1270 713 -

706 737 782 759 001013
800 737 822 759 10
846 736 953 764 patientia
971 738 1163 758 consummantur
1185 735 1231 757 545
1257 735 1270 756 2

705 788 737 792 -
754 776 850 798 Devotio
868 775 949 797 merita
967 775 1075 797 sublimat
1093 774 1137 797 148
1156 775 1169 797 2
1187 787 1216 791 -
1243 775 1272 796 fa-

706 814 769 836 ciunt
785 817 906 842 acceptum
924 814 986 842 apud
1006 814 1078 836 Deum
1096 814 1137 835 371
1160 812 1218 835 b—
1230 814 1271 835 Per

707 853 786 876 merita
805 853 939 881 pervenitur
964 853 993 875 ad
1018 852 1182 875 beatitudinem
1207 852 1234 874 12
1260 853 1266 874 1

705 904 737 909 -
754 893 777 914 10
794 895 899 920 tempore
913 892 1096 920 comparandum
1109 892 1216 913 meritum
1230 896 1271 919 pro

706 931 838 953 aeternitate
855 931 884 953 53
903 931 916 953 4
933 943 964 947 —
986 931 1047 953 vitae
1064 933 1171 953 aeternae
1186 930 1272 958 pendet

707 971 729 992 in
746 970 877 998 cognitione
895 970 972 998 pacis,
990 970 1092 992 veritatis
1109 972 1132 991 et
1145 969 1245 991 caritatis
1258 970 1270 991 3

711 1010 716 1031 1
737 1021 768 1025 —
780 1012 890 1037 augetur,
903 1008 1032 1031 secundnm
1045 1008 1109 1037 qnod
1121 1008 1197 1030 anima
1211 1008 1270 1030 circa

707 1049 763 1070 haec
781 1051 886 1070 versatur
902 1047 956 1070 ibid.
968 1060 999 1064 —
1011 1047 1120 1069 Omnium
1136 1047 1270 1069 meritorum

706 1087 823 1115 exemplar
839 1090 859 1109 et
877 1087 998 1114 speculum
1016 1089 1050 1108 est
1071 1085 1175 1108 Verbum
1197 1086 1272 1108 incar-

706 1129 785 1148 natum
804 1125 848 1148 243
871 1126 896 1147 12
919 1138 943 1141 —
963 1125 1071 1147 Diabolus
1084 1124 1211 1147 maioribus
1223 1131 1272 1147 me-

706 1165 755 1187 ritis
771 1164 878 1187 libentitis
895 1165 1015 1187 insidiatur
1037 1164 1077 1186 146
1097 1165 1125 1186 ι18
1143 1176 1173 1180 -
1185 1164 1272 1186 Merito-

706 1210 758 1227 rum
778 1203 910 1226 annihilatio
932 1206 1028 1231 propter
1050 1203 1219 1231 reparationem
1242 1203 1271 1225 de

706 1245 801 1271 peccato
820 1243 849 1265 15
864 1243 877 1265 9

753 1283 851 1305 1111001131
868 1294 898 1299 —-
916 1282 1003 1304 Limina
1022 1281 1082 1304 beati
1100 1282 1214 1304 Michaelis
1226 1281 1266 1303 561

707 1321 719 1344 4
741 1321 796 1344 Vide
805 1328 826 1344 v.
840 1321 978 1350 Gai-yanus.
990 1333 1020 1338 —
1032 1322 1055 1343 S.
1067 1321 1201 1343 Franciscus
1213 1321 1271 1349 Qua-

706 1360 862 1388 dragesimam
880 1360 980 1382 celebrat
998 1360 1018 1382 in
1038 1361 1148 1382 honorem
1174 1360 1272 1382 Archan-

706 1400 751 1428 geti
769 1400 882 1422 Michaelis
898 1400 944 1422 529
966 1400 999 1421 10.
1017 1399 1062 1422 542
1082 1400 1089 1421 1

754 1440 821 1462 1111105
837 1451 868 1455 -
885 1439 984 1461 alacrius
1000 1442 1072 1461 certat
1089 1439 1111 1460 in
1129 1438 1188 1466 acie,
1201 1439 1219 1461 si
1232 1438 1272 1460 du-

706 1485 757 1501 cem
774 1484 853 1500 secum
872 1478 944 1500 ceruit
962 1478 983 1500 in
1001 1478 1126 1500 certamine
1147 1477 1182 1500 141
1211 1478 1224 1499 2
1242 1490 1271 1493 -

707 1517 788 1540 officiis
804 1517 852 1539 suis
870 1517 1012 1539 intendentes
1029 1517 1142 1545 stipendia
1160 1523 1200 1539 sua
1214 1517 1271 1539 iuste

707 1559 824 1579 merentur
849 1557 890 1578 321
922 1556 947 1578 14
963 1569 995 1573 -
1020 1556 1125 1584 sacrilegi
1151 1556 1272 1579 illuserunt

706 1595 821 1618 Christum
839 1595 869 1617 77
888 1595 917 1617 25
931 1607 962 1611 -
974 1595 1077 1623 deputati
1095 1595 1124 1617 ad
1141 1595 1270 1617 custodiam

706 1635 806 1662 sepulcri
824 1635 853 1656 80
871 1635 900 1656 32
918 1647 948 1650 -
966 1634 1068 1662 protervi
1080 1634 1194 1662 perterriti
1205 1640 1271 1662 aspe-

706 1677 743 1696 ctu
761 1680 843 1696 severo
860 1674 941 1701 Angeli
959 1674 983 1695 81
1007 1674 1035 1696 34

755 1713 837 1735 Mutm
856 1725 886 1729 —
902 1712 985 1735 Christi
1002 1719 1014 1735 a
1032 1713 1127 1735 victoria
1146 1712 1180 1735 sui
1200 1712 1272 1741 ipsius

707 1752 834 1775 inchoanda
853 1755 887 1774 est
904 1752 948 1774 507
968 1752 989 1775 4.
1006 1758 1042 1781 sq.

755 1792 827 1813 Minas
844 1804 874 1807 —
892 1792 966 1813 Homo
982 1791 1056 1819 magis
1068 1791 1165 1813 allicitur
1177 1790 1272 1818 promis-

707 1830 750 1859 sis,
768 1836 838 1859 quam
856 1830 946 1858 cogitur
964 1830 1032 1852 minis
1049 1830 1078 1852 55
1100 1830 1121 1852 11

756 1870 860 1892 1111105το11
877 1882 907 1885 ——
925 1870 1012 1891 Nomen
1038 1869 1133 1891 Ministri
1158 1875 1271 1891 commen-

708 1909 776 1931 datur
794 1909 815 1930 in
833 1908 957 1936 Evangelio
975 1908 1019 1930 398
1038 1909 1051 1930 3
1063 1920 1092 1924 ——
1107 1911 1273 1930 0005130100]-

709 1948 780 1970 modo
797 1953 847 1970 esse
865 1947 934 1970 debet
952 1947 995 1969 427
1015 1948 1027 1969 2
1045 1960 1076 1964 -
1101 1947 1215 1975 generalis
1239 1949 1273 1969 est

710 1993 781 2009 unum
799 1989 869 2015 caput
886 1986 978 2009 Ordinis
1004 1986 1047 2009 447
1073 1987 1101 2008 36
1127 1999 1155 2002 —-
1181 1992 1273 2014 semper

710 2025 779 2049 debet
795 2026 876 2048 Ordini
889 2026 1022 2054 praesidere
1034 2025 1086 2048 ibid.
1103 2037 1135 2042 —-
1152 2025 1272 2053 eligendus

710 2065 759 2087 sine
775 2071 928 2093 personarum
946 2065 1079 2092 acceptione
1102 2071 1129 2086 ac
1153 2064 1271 2086 nationum

711 2105 844 2132 exceptione
862 2104 905 2126 427
925 2104 937 2126 4
954 2116 985 2120 -
1002 2103 1122 2131 eligendus
1139 2110 1150 2125 a
1168 2103 1273 2126 Ministris

711 2142 892 2171 provincialibus
909 2146 931 2165 et
951 2142 1092 2165 Custodibus
1119 2142 1162 2165 447
1189 2143 1218 2164 36
1242 2154 1274 2158 -

711 2182 803 2204 1111011115
820 2188 870 2204 esse
887 2182 955 2204 debet
973 2182 1017 2204 427
1036 2183 1048 2204 2
1067 2194 1097 2198 -
1114 2182 1218 2204 omnium
1238 2187 1274 2203 ne-

710 2221 855 2244 cessitatibus
877 2221 974 2243 obedire
998 2220 1068 2243 debet
1091 2220 1143 2243 ibid,
1169 2233 1200 2237 —
1222 2221 1274 2243 Eius

710 2261 833 2283 auctoritas
851 2260 951 2287 tangitur
968 2260 990 2282 in
1008 2260 1100 2282 nomine
1120 2260 1274 2287 generalitatis

711 2299 764 2323 ibid.
783 2312 811 2315 —
830 2300 948 2327 generales
965 2299 994 2321 de
1012 2302 1058 2321 toto
1081 2299 1167 2321 Ordine
1189 2298 1275 2321 habent

710 2338 887 2360 sollicitudinem
904 2339 1047 2366 generalem,
1065 2341 1087 2360 ct
1102 2338 1220 2365 partialem
1238 2338 1274 2359 Mi-

710 2377 775 2400 nistri
792 2377 945 2405 provinciales
964 2376 1006 2398 447
1030 2377 1059 2398 36
1083 2389 1114 2393 —
1139 2376 1214 2398 Clavis
1237 2383 1274 2398 au-

710 2416 820 2439 ctoritatis
837 2416 943 2438 Ministris
959 2419 1045 2438 tantum
1060 2418 1190 2437 reservatur
1203 2416 1247 2437 398
1260 2416 1273 2437 2

710 2468 740 2472 -
757 2456 804 2477 Hoc
822 2456 905 2477 factum
924 2457 958 2476 est
975 2454 1005 2476 ob
1023 2455 1139 2482 duplicem
1160 2454 1272 2476 rationem

710 2493 740 2517 ib.
758 2495 771 2516 3
788 2506 819 2510 —
829 2494 884 2521 ipsis
898 2493 1007 2521 competit
1019 2493 1091 2515 clavis
1102 2493 1243 2515 auctoritatis
1252 2496 1273 2515 et

711 2533 768 2555 ordo
793 2533 910 2561 potestatis
927 2533 971 2554 397
1002 2533 1019 2554 1.
1045 2538 1079 2560 sq.
1105 2544 1135 2548 ——
1160 2536 1182 2554 et
1203 2532 1274 2554 clavis

711 2572 817 2594 scientiae
834 2575 856 2593 et
873 2571 1016 2593 discretionis
1034 2571 1078 2592 398
1098 2570 1110 2593 4
1129 2583 1157 2586 —-
1175 2571 1273 2593 Arctatio

712 2611 822 2633 facultatis
839 2610 979 2638 generalium
997 2612 1019 2632 et
1036 2610 1211 2638 provincialium
1237 2610 1274 2631 Mi-

711 2650 835 2672 nistrorum
855 2649 898 2671 458
917 2649 931 2671 h
948 2661 978 2665 —
996 2649 1150 2676 provinciales
1162 2648 1275 2676 recipiunt

711 2689 852 2711 influentiam
870 2688 989 2716 regiminis
1013 2694 1024 2710 a
1048 2687 1147 2709 Ministro
1173 2687 1273 2715 generali

712 2727 756 2749 447
775 2728 804 2749 36
821 2740 851 2743 -
868 2730 919 2749 sunt
937 2726 1029 2749 Ministri
1048 2727 1069 2748 iu
1083 2725 1241 2753 spiritualibus
1253 2728 1275 2748 et

712 2766 772 2789 servi
791 2766 813 2788 in
831 2765 996 2793 temporalibus
1014 2765 1055 2788 431
1078 2766 1091 2787 2
1110 2778 1138 2780 -
1160 2771 1185 2787 50
1209 2765 1274 2793 quasi

711 2811 791 2827 servos
807 2805 911 2827 Fratrum
936 2805 1032 2826 aliorum
1059 2807 1166 2832 reputare
1191 2803 1275 2826 debent

713 2844 756 2866 432
774 2844 788 2866 5
805 2856 835 2860 -
851 2844 928 2865 010013
943 2843 1013 2865 verba
1027 2843 1152 2871 imperium
1168 2849 1274 2865 resonan-

712 2883 740 2905 tia
755 2883 828 2905 vitare
839 2886 861 2905 et
874 2884 930 2904 facta
943 2882 1087 2904 dominatum
1101 2881 1273 2909 praetendentia

712 2922 817 2944 deserere
835 2921 920 2943 (1011001
942 2921 982 2943 ’132
1000 2921 1014 2943 5
1031 2933 1060 2936 —-
1079 2923 1132 2942 sunt
1148 2920 1209 2942 servi
1225 2920 1275 2942 Fra-

713 2964 772 2983 trum
791 2961 811 2982 in
830 2960 865 2982 1115
882 2966 941 2988 quac
953 2959 981 2981 ad
994 2960 1091 2981 salutem
1105 2959 1218 2987 pertinent
1229 2958 1275 2980 ani-

713 3005 802 3022 marum
822 2998 874 3021 ibid.
891 3011 921 3015 —
934 2999 1088 3021 Ministrorum
1101 3001 1135 3020 cst
1147 2998 1275 3020 ministrare

1809 226 1859 254 721

1569 265 1616 287 MtN

1305 308 1327 327 et
1344 311 1389 327 non
1407 304 1528 327 ministrari
1547 304 1591 326 418
1610 305 1639 326 22
1656 316 1686 320 -
1699 304 1782 326 Eorum
1795 303 1867 325 humi-

1305 344 1355 366 litas
1371 350 1416 366 non
1432 343 1502 366 debet
1519 349 1569 365 esse
1586 343 1656 365 nimia
1675 342 1718 364 432
1737 342 1750 364 5
1765 355 1794 357 -
1816 347 1868 369 pro-

1305 383 1414 405 vinciales
1424 383 1464 405 soli
1478 381 1563 404 habent
1574 384 1711 410 potestatem
1723 383 1745 403 et
1762 380 1870 408 multipli-

1305 428 1355 444 cem
1372 421 1537 449 obligationem
1555 421 1633 450 quoad
1650 420 1806 448 receptionem
1831 425 1869 442 no-

1304 460 1413 483 vitiorum
1432 460 1476 482 447
1489 460 1517 482 36
1530 472 1560 476 —
1572 459 1728 488 dispensative
1740 461 1869 486 temperare

1305 502 1401 527 possunt
1417 499 1519 527 rigorem
1536 499 1637 527 Regulae
1656 498 1699 520 419
1718 499 1746 520 22
1770 510 1798 513 -
1821 503 1867 519 000

1304 537 1417 560 sustinere
1433 536 1531 564 debent,
1548 536 1678 559 labefactari
1696 535 1788 559 Ordinis
1809 534 1871 563 puri-

1304 579 1373 599 tatem
1391 576 1444 599 ibid.
1462 589 1493 593 —
1510 576 1553 598 sint
1565 575 1666 604 prompti
1678 575 1708 597 ad
1720 574 1866 602 exstirpanda

1306 616 1377 642 mala,
1395 615 1555 643 promovenda
1573 614 1646 642 bona,
1663 613 1788 636 refovenda
1805 612 1869 636 debi-

1305 655 1333 677 lia
1350 658 1372 677 et
1389 655 1454 677 sortia
1470 654 1619 677 confortanda
1638 653 1682 676 468
1703 654 1708 673 1
1727 665 1756 668 —
1768 652 1796 675 ad
1809 651 1868 674 bene

1306 694 1436 716 faciendum
1454 699 1549 716 monere
1565 692 1651 715 debent
1667 692 1796 718 humiliter,
1820 697 1868 713 non

1305 732 1440 760 imperiose,
1458 735 1480 755 et
1497 732 1627 759 caritative,
1645 738 1690 753 non
1703 730 1869 753 contumeliose

1306 771 1345 794 431
1368 773 1381 793 2
1400 784 1428 787 -
1446 772 1535 794 Fratres
1552 771 1644 793 visitare
1661 770 1746 793 debent
1757 769 1870 792 socialiter

1305 813 1327 833 et
1344 811 1479 833 iudicialiter
1495 809 1550 833 ibid.
1575 822 1605 827 —-
1630 809 1716 832 debent
1741 815 1791 831 esse
1811 808 1870 830 refu-

1305 850 1369 877 gium
1387 850 1524 872 afflictorum
1542 849 1593 871 vice
1613 849 1703 871 Domini
1730 848 1774 870 432
1800 847 1813 870 4
1838 859 1869 864 —

1305 889 1388 917 Quales
1405 895 1429 911 se
1446 888 1554 911 exhibere
1579 887 1679 910 debeant
1701 886 1818 909 Fratribus
1839 886 1869 909 ad

1306 928 1368 956 ipsos
1385 927 1558 950 recurrentibus
1577 926 1607 950 ib.
1624 927 1637 948 5
1654 939 1684 942 —
1702 926 1802 948 Ministro
1819 932 1870 953 pro-

1305 967 1395 989 vinciali
1413 967 1516 995 quinque
1533 969 1626 994 peccata
1644 968 1791 988 reservantur
1802 964 1868 987 457a

1304 1018 1335 1022 —
1352 1005 1530 1028 Constitutiones
1546 1004 1706 1027 observandae
1723 1004 1746 1026 in
1757 1003 1870 1026 electioni-

1305 1044 1349 1067 bus
1366 1045 1521 1067 Ministrorum
1541 1044 1585 1066 460
1603 1050 1623 1072 a,
1642 1043 1664 1065 b.
1682 1043 1722 1066 461
1745 1049 1757 1065 3
1778 1042 1830 1065 Vide
1848 1048 1871 1065 v.

1304 1083 1417 1107 Minores.

1351 1135 1381 1140 —
1399 1123 1550 1145 Ministrantes
1567 1122 1689 1144 sustentari
1707 1121 1736 1144 de
1755 1120 1821 1144 bonis
1833 1121 1870 1143 Ec-

1304 1162 1386 1184 clesiae
1403 1165 1437 1184 est
1454 1162 1552 1184 iustitiae
1569 1162 1613 1183 290
1635 1161 1660 1182 13

1351 1201 1449 1223 1111110005
1466 1213 1495 1216 -
1513 1201 1617 1222 Fratrum
1634 1200 1747 1222 Minorum
1768 1199 1829 1222 Ordo
1854 1205 1867 1221 a

1305 1241 1327 1263 S.
1344 1241 1465 1263 Francisco
1483 1240 1576 1262 divinae
1593 1239 1739 1262 revelationis
1760 1238 1865 1261 instinctu

1305 1280 1425 1302 inchoatus
1437 1282 1470 1302 est
1482 1279 1505 1301 in
1516 1279 1611 1301 ecclesia
1625 1278 1782 1300 Portiunculae
1794 1277 1839 1299 509
1852 1277 1865 1298 8

1304 1331 1334 1335 -
1351 1319 1435 1341 Meritis
1452 1318 1527 1340 Matris
1544 1318 1584 1340 Dei
1602 1317 1663 1340 Ordo
1680 1317 1763 1339 sumsit
1778 1316 1867 1338 initium

1304 1361 1326 1381 et
1343 1358 1444 1385 suscepit
1461 1358 1627 1380 incrementum
1646 1356 1691 1378 514
1709 1356 1723 1378 5
1746 1368 1774 1371 -
1792 1356 1815 1377 Β.
1839 1355 1868 1377 V.

1305 1397 1373 1419 Maria
1390 1399 1424 1419 est
1441 1396 1533 1419 Ordinis
1549 1395 1672 1424 peculiaris
1692 1394 1828 1417 defensatrix
1846 1396 1868 1416 et

1305 1437 1417 1459 advocata
1435 1436 1481 1457 315
1503 1435 1527 1457 17
1547 1447 1574 1451 -—
1588 1436 1664 1456 Status
1676 1434 1787 1456 Minorum
1800 1433 1867 1455 statui

1305 1475 1406 1503 Virginis
1423 1477 1457 1497 est
1473 1474 1599 1497 consimilis
1615 1476 1638 1495 et
1659 1473 1751 1500 speciali
1778 1478 1869 1500 germa-

1304 1515 1373 1537 nitate
1390 1515 1528 1536 coniunctus
1544 1512 1599 1536 ibid.
1616 1525 1646 1529 —
1671 1512 1712 1534 Hic
1737 1511 1800 1533 Ordo
1821 1517 1867 1533 non

1306 1554 1347 1576 fuit
1363 1553 1483 1576 hominum
1502 1552 1623 1580 prudentia
1637 1552 1756 1578 inventus,
1769 1551 1809 1573 sed
1827 1556 1869 1578 per

1305 1593 1420 1615 Christum
1439 1593 1484 1614 336
1503 1592 1530 1614 13
1548 1604 1579 1608 —
1597 1591 1659 1613 Visio
1672 1593 1694 1613 et
1706 1589 1825 1618 prophetia
1843 1590 1866 1611 S.

1304 1632 1417 1654 Francisci
1440 1631 1516 1660 quoad
1540 1630 1752 1658 multiplicationem
1778 1628 1869 1651 Ordinis

1305 1671 1345 1693 511
1368 1672 1380 1692 6
1398 1684 1428 1686 -
1446 1670 1572 1698 Descriptio
1594 1669 1643 1692 veri
1669 1668 1752 1691 Fratris
1777 1667 1869 1690 Minoris

1305 1711 1345 1732 521
1369 1710 1382 1732 5
1399 1722 1430 1726 -
1446 1710 1509 1732 Ordo
1526 1709 1607 1731 similis
1623 1711 1657 1731 est
1682 1708 1745 1730 initio
1771 1709 1793 1729 et
1817 1713 1868 1734 per-

1306 1749 1396 1772 fectioni
1415 1749 1527 1771 Ecclesiae
1545 1748 1590 1770 335
1608 1748 1636 1769 13
1654 1760 1684 1764 --
1701 1753 1741 1769 cur
1764 1746 1869 1768 dicantur

1305 1789 1403 1811 Minores
1421 1788 1465 1810 393
1484 1789 1504 1810 2.
1523 1788 1563 1810 521
1586 1787 1599 1809 5
1618 1799 1646 1802 -
1664 1792 1709 1808 000
1726 1785 1812 1808 debent
1837 1791 1870 1806 as-

1305 1828 1364 1850 sumi
1382 1828 1410 1850 ad
1429 1827 1552 1855 dignitates
1569 1826 1734 1848 ecclesiasticas
1751 1825 1792 1846 521
1814 1824 1828 1846 5
1840 1836 1870 1840 -

1305 1867 1367 1890 Ordo
1385 1867 1497 1889 Minorum
1515 1868 1612 1888 vocatur
1632 1865 1708 1891 Ordo,
1733 1864 1788 1892 quia
1813 1863 1868 1885 nihil

1306 1906 1461 1929 inordinatum
1479 1905 1501 1927 in
1519 1911 1544 1927 se
1561 1904 1646 1932 patitur
1665 1903 1708 1926 346
1735 1902 1750 1925 b
1771 1915 1802 1919 —
1823 1904 1869 1924 tan-

1306 1951 1376 1974 quam
1394 1945 1437 1967 viri
1454 1951 1466 1966 a
1485 1944 1581 1966 Domino
1594 1943 1657 1965 electi
1670 1942 1777 1965 festinant
1788 1941 1816 1964 ad
1830 1944 1870 1964 ter-

1305 1990 1354 2007 ram
1373 1983 1533 2012 promissionis
1549 1983 1594 2004 393
1614 1983 1621 2004 1
1644 1994 1673 1998 —-
1685 1981 1727 2004 sibi
1741 1981 1828 2009 eligunt
1842 1981 1869 2002 12

1306 2024 1403 2052 capitula
1422 2023 1524 2050 Regulae
1540 2022 1568 2044 ad
1587 2021 1738 2043 imitationem
1761 2021 1786 2041 12
1812 2020 1870 2047 Apo-

1306 2063 1416 2085 stolorum
1434 2061 1488 2084 ibid.
1505 2074 1535 2078 —
1553 2061 1609 2083 Tota
1628 2061 1732 2082 Fratrum
1750 2064 1871 2081 conversa-

1307 2103 1337 2125 tio
1354 2102 1456 2129 Regulae
1473 2101 1600 2129 applicatur
1617 2099 1646 2122 ib.
1664 2100 1677 2121 2
1699 2111 1728 2114 —
1753 2100 1775 2121 S.
1801 2098 1870 2119 Fran—

1306 2141 1380 2164 015005
1398 2141 1421 2162 in
1438 2146 1528 2163 summa
1548 2139 1645 2167 puritate
1663 2138 1771 2160 Ordinem
1790 2137 1870 2159 funda-

1307 2180 1339 2202 vit
1357 2180 1396 2202 371
1419 2186 1431 2201 a
1450 2192 1479 2195 ——
1497 2185 1541 2201 non
1560 2178 1645 2200 debent
1665 2177 1757 2205 gloriari
1782 2176 1824 2198 0151
1847 2176 1869 2197 10

1308 2219 1434 2242 humilitate
1451 2221 1474 2240 et
1491 2218 1584 2240 caritate
1595 2216 1679 2239 Christi
1691 2215 1745 2238 ibid.
1757 2228 1787 2232 —
1799 2215 1871 2237 Huius

1307 2258 1431 2286 Religionis
1449 2257 1536 2285 puritas
1561 2257 1584 2278 in
1605 2255 1678 2278 tribus
1701 2254 1804 2277 consistit
1825 2253 1869 2275 399

1307 2298 1328 2319 6.
1346 2304 1398 2326 sqq.
1415 2310 1445 2313 —
1462 2296 1525 2318 Ordo
1542 2295 1610 2318 debet
1628 2300 1678 2317 esse
1696 2294 1765 2316 totius
1789 2293 1871 2315 sancti-

1308 2336 1358 2358 tatis
1375 2336 1494 2363 speculum
1514 2334 1557 2356 468
1580 2334 1584 2355 1
1601 2345 1631 2349 —
1645 2333 1666 2354 10
1684 2332 1770 2359 Regula
1789 2331 1870 2353 docen-

1307 2377 1343 2396 tur
1360 2380 1453 2396 servare
1470 2378 1563 2395 omnem
1580 2372 1692 2393 virtutum
1706 2370 1869 2398 perfectionem

1308 2413 1347 2435 431
1375 2414 1392 2434 1.
1409 2418 1461 2441 sqq.
1478 2424 1507 2428 —
1525 2411 1603 2440 Qualis
1621 2410 1687 2432 fucrit
1704 2410 1791 2437 puritas
1812 2409 1872 2436 prio-

1307 2458 1357 2474 rum
1376 2452 1479 2473 Fratrum
1499 2450 1544 2472 342
1562 2450 1576 2472 b
1595 2449 1690 2471 —Mira
1703 2448 1802 2470 efficacia
1816 2454 1870 2476 pau-

1307 2491 1400 2519 pertatis
1417 2490 1439 2512 in
1456 2489 1538 2517 primis
1556 2488 1673 2511 Fratribus
1690 2487 1735 2509 514
1752 2487 1766 2508 7
1777 2499 1808 2503 -
1824 2492 1870 2508 ser-

1306 2536 1361 2551 vare
1378 2528 1463 2551 debent
1480 2529 1542 2556 leges
1560 2528 1650 2550 divinas
1662 2530 1683 2549 et
1695 2526 1788 2548 consilia
1802 2532 1871 2547 evan-

1307 2569 1378 2596 gelica
1393 2569 1438 2591 320
1453 2568 1459 2589 1
1470 2568 1475 2589 1
1492 2580 1522 2584 -
1535 2567 1670 2595 promittuut
1682 2568 1703 2588 ot
1715 2568 1808 2587 servant
1819 2571 1871 2587 con-

1307 2608 1354 2630 silia
1372 2607 1503 2634 evangelica
1522 2606 1550 2629 ib.
1570 2606 1597 2627 12
1616 2618 1645 2621 —-
1661 2607 1713 2627 sunt
1725 2603 1870 2632 perfectiouis

1307 2646 1453 2674 evangelicae
1471 2646 1613 2673 professores
1637 2643 1679 2666 114
1705 2644 1718 2665 7
1744 2656 1773 2659 -
1799 2643 1869 2665 vitam

1308 2687 1366 2708 illam
1386 2685 1532 2713 profitentur,
1550 2690 1620 2713 quam
1634 2683 1745 2705 Dominus
1756 2682 1870 2710 Apostolis

1307 2725 1336 2747 ad
1355 2723 1535 2752 praedicandum
1554 2723 1629 2745 missis
1641 2721 1813 2744 commendavit
1825 2720 1869 2742 393

1308 2765 1320 2785 3
1340 2776 1366 2779 —-
1386 2762 1503 2790 Evangelii
1521 2761 1642 2784 observata
1656 2760 1764 2789 perfectio
1781 2760 1870 2781 Fratres

1307 2801 1442 2831 spectabiles
1459 2804 1480 2823 et
1497 2800 1607 2823 amabiles
1620 2799 1707 2822 mundo
1719 2799 1829 2827 omnique
1843 2799 1871 2820 13-

1307 2848 1363 2864 vore
1380 2847 1406 2863 ac
1424 2840 1550 2863 reverentia
1569 2840 1653 2867 dignos
1665 2838 1739 2860 reddit
1752 2837 1796 2860 470
1817 2838 1822 2859 1
1839 2850 1868 2852 -

1308 2880 1418 2903 professio
1436 2885 1516 2902 eorum
1535 2885 1579 2900 non
1598 2884 1679 2906 parum
1698 2877 1766 2899 distat
1782 2883 1793 2898 3
1817 2882 1870 2904 pru-

1308 2919 1405 2941 fcssione
1421 2919 1519 2940 aliorum
1538 2918 1704 2939 monachorum
1724 2916 1767 2938 319
1798 2916 1823 2937 10
1844 2927 1870 2930 ——

1308 2958 1385 2981 Nullus
1402 2960 1473 2979 status
1491 2957 1543 2979 huic
1561 2957 1661 2984 pcrfcctc
1679 2954 1806 2982 comparari
1823 2956 1870 2982 pot·

1310 3001 1344 3019 cst
1362 2997 1403 3018 311
1427 2997 1472 3018 3-
1490 2996 1569 3018 omnis
1590 2995 1631 3018 alia
1658 2994 1746 3022 Religio
1772 2994 1824 3015 huic
1846 3000 1870 3015 es

1746 3043 1770 3064 91
