2133 3317
139 371 235 390 Particula

142 395 231 414 secunda.

176 1029 246 1049 Tertia.

173 1926 250 1950 Quarta.

261 239 319 268 432

343 317 368 345 3.
392 317 444 344 Pro
465 314 586 343 secunda
606 316 685 350 parte
707 313 837 341 rubricae
858 312 970 341 subdit:
990 313 1114 340 Fratres

262 374 347 398 vero,
370 364 421 401 qui
440 366 510 390 sunt
530 361 657 394 subditi,
679 360 887 393 recordentur,
903 359 980 397 quod
994 362 1113 396 propter

262 412 355 440 Deum
384 409 603 445 abneyaoerunt
630 407 774 444 proprias
805 406 976 435 voluntates.
1011 406 1041 434 Et
1073 408 1114 434 est

262 457 375 495 propria
403 456 531 484 voluntas
559 455 650 483 omnis
681 454 741 488 illa,
774 461 845 490 quae
875 453 968 481 divino
996 452 1114 489 imperio

262 512 315 533 non
342 503 458 540 ligatur,
488 502 530 530 vel
559 501 696 538 superiori
727 501 839 537 regulae
867 508 921 528 non
950 500 1082 528 adhaeret
1094 500 1112 527 ¹.

267 551 345 579 Unde
366 549 492 586 firmiter
517 548 669 585 praecipio
691 548 749 581 eiS,
772 551 804 575 ut
825 547 960 576 obediant
979 547 1043 575 suis
1065 546 1115 575 Mi-

260 597 381 630 nistris,
403 596 429 624 id
452 599 493 625 est
514 595 645 624 omnibus
673 594 804 631 praelatis
825 593 955 628 Ordinis;
978 597 1005 622 et
1030 594 1114 622 dicit:

261 644 341 678 suis,
364 646 395 672 ut
416 643 449 672 de
472 642 689 672 Provincialibus
703 645 730 670 et
745 642 805 670 aliis
826 641 956 678 praelatis
973 641 1115 669 immedia-

262 692 296 720 tis
318 699 346 720 se
368 690 443 727 loqui
465 690 607 723 ostendat,
623 689 670 726 qui
693 697 779 725 supra
800 688 834 717 de
851 688 1007 717 obedientia
1021 688 1054 716 ad
1069 695 1116 725 ge-

261 738 383 767 neralem
407 737 563 766 Ministrum
585 737 612 765 in
635 736 725 773 primo
748 736 869 772 capitulo
888 739 929 764 est
944 735 1064 764 locutus.
1081 735 1117 763 In

262 785 414 818 omnibus,
446 793 521 823 quae
550 784 754 821 promiserant
786 783 909 811 Domino
941 782 1115 817 observare,

263 833 376 869 supple:
399 832 530 869 explicite
552 831 594 860 vel
617 831 760 867 implicite.
783 830 859 859 Unde
880 829 989 858 subdit:
1011 830 1044 857 Et
1058 838 1116 858 non

262 884 333 909 sunt
354 879 509 908 contraria
531 879 650 907 animae
670 886 744 906 suae
757 877 766 890 ²
789 881 815 905 et
836 876 963 914 Regulae
983 879 1116 911 nostrae,

263 928 315 957 hoc
337 934 423 963 supra
445 925 604 962 expositum
627 928 676 954 est.

342 974 368 1003 lt.
398 973 530 1010 Sequitur
560 981 610 1009 pro
640 972 722 1001 tertia
750 975 848 1009 parte:
880 972 915 1000 Et
942 971 1118 1008 ubicumque

263 1026 334 1051 sunt
355 1022 495 1054 Fratres,
521 1020 573 1058 qui
600 1019 724 1052 scirent,
748 1027 797 1055 per
819 1018 1064 1055 experimentum,
1093 1020 1117 1046 et

264 1071 482 1106 coquo-secrevit,
506 1075 554 1104 per
576 1070 684 1095 rectum
711 1066 864 1100 iudicium,
892 1074 922 1094 se
949 1074 1008 1093 non
1033 1073 1118 1102 posse

265 1115 409 1153 Reglulam
437 1114 635 1152 spiritualiter
667 1113 838 1146 obseruare,
867 1113 920 1141 hoc
948 1115 990 1141 est
1018 1112 1044 1140 in
1075 1112 1118 1141 his

265 1163 414 1200 praecipue
427 1185 432 1196 ,
455 1170 527 1199 quae
542 1161 697 1198 spiritualia
712 1163 793 1194 sunt,
809 1163 840 1188 ut
856 1160 1042 1196 tranquillitas
1057 1167 1118 1188 cor-

264 1211 306 1239 dis
328 1212 355 1238 et
376 1209 482 1246 puritas
507 1208 699 1237 conscientiae.
722 1207 788 1236 Non
806 1215 907 1244 posse,
937 1206 1044 1244 inquit,
1074 1206 1118 1235 vel

265 1259 380 1295 propter
402 1256 585 1285 tentationum
609 1255 773 1292 gravitatem
801 1254 1002 1291 periculosam,
1031 1257 1063 1282 ut
1091 1253 1117 1281 in

265 1304 405 1333 consortio
427 1303 591 1337 mulierum,
607 1302 650 1331 vel
664 1311 723 1330 non
737 1310 820 1339 posse
842 1305 956 1338 propter
978 1301 1119 1338 inquietu-

265 1352 356 1381 dinem
379 1351 548 1379 familiarum
570 1353 619 1378 aut
642 1350 833 1386 negotiorum,
862 1349 906 1377 vel
934 1357 992 1376 non
1016 1356 1117 1385 posse,

265 1401 401 1436 quantum
424 1398 456 1426 ad
479 1398 605 1434 corporis
627 1397 797 1430 necessaria,
820 1396 842 1425 si
865 1404 919 1424 non
935 1398 1048 1432 possent
1070 1396 1118 1424 ha-

264 1446 331 1475 bere
352 1445 467 1479 alicubi,
490 1445 565 1473 salva
586 1444 698 1473 Ordinis
720 1444 857 1480 puritate,
881 1443 923 1471 vel
945 1445 1060 1479 propter
1082 1442 1119 1471 si-

265 1493 342 1522 milia
353 1493 373 1521 3.
398 1493 444 1520 Ast
465 1501 535 1520 suos
550 1492 701 1520 illinistms
716 1491 838 1519 debeant
852 1494 876 1519 et
888 1490 1002 1528 possint
1016 1498 1119 1518 recur-

264 1549 345 1574 rere,
368 1540 415 1576 qui
437 1539 539 1568 debent
559 1547 619 1568 esse
642 1538 780 1575 refugium
802 1538 969 1566 afflictorum
990 1537 1050 1566 vice
1065 1537 1119 1565 Do-

264 1587 331 1617 mini
360 1587 476 1615 dicentis
504 1586 632 1615 Matthaei
662 1585 850 1614 undecimo4:
880 1584 973 1613 Venite
1001 1584 1042 1613 act
1073 1592 1118 1612 me

265 1643 381 1668 omnes,
404 1634 456 1672 qui
477 1633 619 1662 laboratis
641 1637 666 1661 et
687 1632 803 1661 onerati
823 1632 907 1666 estis,
932 1635 957 1660 et
978 1640 1028 1669 e90
1051 1630 1117 1668 resi-

264 1682 343 1710 ciam
364 1690 414 1710 vos
426 1692 436 1715 ,·
457 1689 627 1714 recurrere,
650 1680 780 1717 inquam,
801 1679 845 1708 vel
866 1687 916 1716 per
938 1687 983 1713 se,
1005 1679 1048 1707 vel
1069 1686 1117 1715 per

264 1729 411 1763 nuntium,
443 1728 532 1757 forma
563 1730 732 1756 statutorum
765 1726 877 1755 Ordinis
908 1726 1055 1755 observata
1086 1725 1114 1754 in

265 1776 371 1810 eundo,
400 1776 466 1813 quia
495 1775 569 1804 istud
597 1774 721 1803 debitum
750 1782 805 1802 non
827 1776 868 1802 est
889 1775 1053 1810 exemptum
1082 1773 1117 1801 ab

265 1823 420 1852 ohedientia
442 1825 611 1852 statutorum
623 1822 642 1850 ⁵.

346 1871 372 1899 5.
394 1870 527 1907 Sequitur
556 1878 607 1906 pro
635 1872 736 1906 quarta
764 1871 862 1905 parte:
891 1867 1023 1896 Ministri
1050 1875 1118 1895 vero

268 1918 441 1951 caritative,
463 1917 490 1946 in
512 1917 611 1951 corde,
633 1919 658 1945 et
679 1916 814 1954 benique,
837 1916 864 1944 in
894 1915 974 1944 vultu
1004 1917 1031 1944 et
1059 1922 1117 1943 ser-

266 1974 364 2000 mone,
387 1974 433 1994 eos
454 1965 601 2002 recipiant
621 1967 647 1993 et
668 1967 783 1993 tantam
803 1962 1044 2001 familiaritatem
1067 1961 1119 1990 lia—

268 2013 351 2042 beant
373 2013 454 2041 circa
476 2012 571 2049 ipsos,
594 2012 646 2040 hoc
668 2013 722 2046 est,
748 2014 803 2039 tam
825 2010 975 2039 familiares
996 2017 1025 2038 se
1053 2009 1120 2046 ipsis

499 236 697 265 OPUSCULUM
719 235 785 263 XVl.
808 233 983 263 EXPOSlTlO
1004 233 1107 262 SUPER
1130 233 1283 262 REGULAM
1304 233 1459 262 FRATRUM
1480 232 1643 261 lillNORUM.
1665 232 1733 260 CAP.
1752 232 1782 260 X.

1170 311 1338 345 exhibeant,
1360 314 1394 339 ut
1414 311 1509 339 [licere
1526 311 1641 348 possint
1662 310 1719 344 ete,
1741 310 1852 339 Fratres
1866 310 1899 338 ad
1914 318 1961 339 eos
1976 318 2020 339 re-

1170 361 1332 391 currentes,
1361 361 1385 385 et
1411 356 1510 394 facere
1537 358 1614 386 sicut
1641 357 1754 386 domini
1777 357 1870 386 servis
1891 357 1963 385 suis.
1990 358 2019 386 ln

1171 405 1223 433 1100
1244 405 1329 433 verbo
1351 405 1389 433 sic
1411 405 1526 433 Ministri
1549 405 1735 433 informantur
1757 404 1790 433 ad
1818 404 2019 439 humilitatem,

1172 454 1202 480 ut
1223 459 1252 479 se
1273 451 1351 488 quasi
1374 459 1469 479 servos
1497 459 1557 480 esse
1585 452 1771 488 imaginentur
1800 452 1927 480 Fratrum
1952 451 2019 480 alio-

1172 506 1252 532 rum,
1274 500 1301 526 et
1321 498 1413 526 onmia
1434 498 1519 526 verba
1534 498 1631 526 sileant
1652 498 1810 527 resonantia
1828 498 1977 535 imperium
1992 500 2020 527 et

1170 545 1241 574 facta
1252 545 1363 581 penitus
1374 544 1502 573 deserant
1513 545 1685 573 dominatum
1701 545 1916 581 praetendentia,
1929 553 2021 574 exem—

1171 593 1216 629 plo
1238 592 1313 620 1111115
1334 592 1380 628 qui
1403 592 1475 620 dixit
1496 592 1585 620 Lucae
1606 592 1739 629 vigesimo
1768 592 1931 620 secundofi:
1963 592 2021 628 Qui

1170 639 1269 668 maior
1289 643 1329 667 est
1350 639 1381 667 in
1402 639 1482 667 vobis
1503 639 1559 675 siat
1578 639 1656 667 sicut
1676 639 1788 672 minor,
1817 642 1842 667 et
1863 639 1915 677 qui
1932 647 2021 676 prae-

1172 695 1268 715 cessor
1289 690 1342 720 est,
1364 687 1441 715 sicut
1456 687 1651 715 ministrator.
1668 686 1736 714 Cum
1752 686 1837 723 igitur
1852 686 1970 715 dicitur:
1986 689 2020 714 ut

1172 733 1267 762 (licere
1284 733 1399 770 possint
1419 733 1459 761 eis
1481 736 1505 761 et
1525 731 1641 769 faeere,
1658 732 1815 761 informatio
1830 736 1871 761 est
1885 732 2022 761 Ministro-

1173 789 1254 814 rum,
1276 788 1310 809 ne
1331 780 1418 815 sacto,
1440 784 1489 809 aut
1510 780 1595 808 verbo
1616 780 1799 817 praetendant
1826 780 1943 814 fastum,
1973 780 2020 817 qui

1173 828 1259 864 possit
1281 827 1416 864 repellere
1438 827 1563 856 subditos
1585 835 1600 855 a
1614 826 1713 855 fiducia
1730 827 1764 855 ad
1779 827 1917 856 Ministros
1931 827 1959 855 in
1975 834 2023 855 ne-

1173 875 1348 903 cessitatibus
1370 874 1541 903 recurrendi.
1557 891 1596 894 —
1613 874 1671 903 Non
1693 877 1735 902 est
1755 877 1847 903 autem
1869 874 2025 903 intellectus

1173 922 1268 956 verbi,
1290 921 1364 959 quod
1386 921 1504 950 subditis
1525 921 1607 950 detur
1628 922 1735 950 occasio
1763 921 1942 958 superbiendi
1973 929 2023 958 per

1174 969 1286 997 nimiam
1302 969 1491 997 Ministrorum
1506 968 1705 1002 bumilitatem,
1724 976 1773 1002 ne,
1789 969 1861 997 510111
1875 968 1940 997 dicit
1958 967 2024 997 Gre-

1174 1017 1270 1053 gorius
1284 1016 1309 1050 ⁷,
1325 1016 1392 1044 dum
1408 1016 1490 1044 nimis
1505 1018 1633 1044 servatur
1649 1015 1807 1050 humilitas,
1823 1015 1934 1052 regendi
1950 1015 2025 1044 fran-

1174 1067 1256 1101 gatur
1278 1064 1436 1092 auctoritas.
1459 1063 1535 1091 Unde
1557 1062 1604 1099 qui
1626 1062 1713 1091 dixit:
1738 1062 1796 1098 Qui
1813 1062 1912 1091 maior
1926 1065 1966 1090 est
1980 1070 2025 1090 ve-

1174 1115 1269 1140 strum
1291 1110 1345 1147 fiat
1365 1110 1441 1139 sieut
1454 1110 1566 1143 minor,
1586 1118 1640 1138 non
1656 1110 1742 1143 dixit,
1758 1110 1852 1147 utqui
1874 1109 1963 1138 minor
1985 1111 2026 1138 est

1175 1159 1223 1187 fiat
1235 1158 1306 1187 510111
1318 1157 1414 1186 maior.
1427 1174 1465 1177 ——
1477 1157 1554 1186 Nam
1570 1157 1613 1185 ita
1627 1156 1706 1186 debet
1719 1165 1791 1191 esse,
1807 1157 1884 1195 quod
1896 1156 2027 1185 Ministri

1175 1206 1234 1234 sint
1254 1205 1334 1233 servi
1358 1205 1489 1233 omnium
1516 1205 1679 1238 Fratrum,
1700 1204 1780 1232 serui
1799 1204 1911 1241 quidem
1933 1204 1960 1232 in
1983 1203 2026 1232 1115

1176 1252 1341 1290 praecipue,
1363 1260 1435 1289 quae
1449 1252 1483 1280 ad
1498 1252 1615 1280 salutem
1631 1252 1770 1288 pertinent
1784 1251 1958 1285 animarum;
1973 1251 2027 1279 Lu-

1176 1307 1223 1328 cae
1245 1299 1380 1336 vigesimo
1401 1298 1523 1327 secundo
1535 1297 1561 1326 8;
1585 1298 1644 1335 Ε90
1660 1298 1691 1326 in
1705 1298 1799 1326 medio
1813 1301 1941 1326 vestrum
1957 1306 2026 1326 sum

1175 1347 1253 1375 sieut
1273 1346 1325 1384 qui
1344 1346 1504 1374 ministrat.

2049 879 2118 903 nesti-ir

2049 903 2112 923 dictori

1256 1394 1281 1422 6.
1305 1393 1437 1430 Sequitur
1460 1401 1510 1429 pro
1529 1392 1626 1429 quinta
1642 1396 1736 1429 parte,
1751 1392 1778 1420 in
1794 1400 1850 1429 qua
1864 1392 1951 1429 tangit
1965 1394 2026 1421 octo
2042 1395 2114 1420 Quinta.

1176 1449 1279 1478 genera
1300 1443 1494 1477 peccatorum,
1516 1439 1626 1468 dicens:
1648 1440 1747 1468 Moneo
1768 1448 1835 1468 vero
1850 1442 1875 1468 et
1889 1438 2026 1468 exhortor

1176 1489 1208 1517 in
1230 1488 1353 1517 Domino
1382 1488 1448 1515 Iesu
1479 1486 1609 1521 Cltristo,
1640 1490 1672 1515 ut
1695 1490 1819 1515 caveant
1838 1487 1960 1515 Fratres
1988 1486 2026 1515 ab

1176 1536 1257 1565 omni
1277 1535 1434 1573 superbia,
1456 1534 1537 1572 quia,
1559 1538 1591 1562 ut
1612 1534 1678 1562 dicit
1698 1534 1870 1571 Augustinus
1891 1541 1976 1571 super
1994 1533 2026 1562 il—

1176 1583 1224 1612 lud
1240 1583 1337 1611 Psalmi
1350 1582 1360 1599 9
1374 1593 1379 1610 :
1396 1582 1431 1610 In
1446 1582 1496 1610 ira
1517 1581 1797 1615 consummationis,
1824 1592 1837 1606 α
1851 1581 1904 1609 3113
1918 1580 1984 1609 vitia
1998 1580 2027 1609 in

1176 1630 1247 1659 male
1268 1629 1346 1658 factis
1365 1629 1487 1658 timenda
1502 1631 1583 1662 sunt,
1599 1628 1730 1665 superbia
1745 1628 1772 1656 in
1786 1628 1857 1657 bene
1871 1627 1950 1657 factis
1964 1628 2028 1664 plus

1177 1677 1325 1706 metuenda
1346 1680 1429 1705 est».
1452 1676 1497 1704 Ab
1519 1676 1615 1709 omni,
1637 1675 1769 1712 inquam,
1790 1675 1947 1712 superbia,
1966 1682 2028 1704 cor-

1176 1724 1233 1759 dis,
1249 1724 1484 1758 conversationis,
1500 1723 1592 1760 operis
1607 1726 1632 1751 et
1648 1723 1791 1751 sermonis.
1813 1723 1897 1751 Vana
1914 1722 2026 1760 gloria,

1176 1779 1248 1809 quae
1269 1771 1360 1800 oritur
1382 1779 1419 1799 ex
1441 1770 1591 1807 superbia;
1614 1770 1667 1798 hoc
1688 1773 1730 1799 est
1745 1769 1888 1798 Fratribus
1902 1777 2028 1798 11000553-

1176 1819 1266 1853 rium;
1289 1818 1362 1847 unde
1384 1818 1567 1854 Hieronymus
1588 1825 1672 1854 super
1690 1817 1860 1846 Matthaeum
1873 1817 1914 1845 ¹⁰:
1940 1828 1954 1842 «
1969 1817 2028 1845 Ele—

1176 1869 1273 1903 ganter
1294 1866 1321 1894 in
1344 1865 1464 1902 quodam
1494 1865 1635 1893 volumine
1664 1864 1799 1901 scriptum
1832 1864 1968 1901 legimus:
1990 1864 2028 1893 Ne

1176 1921 1295 1950 quaeras
1315 1912 1449 1950 gloriam,
1472 1915 1499 1941 et
1520 1920 1575 1940 non
1596 1911 1716 1946 dolebis,
1739 1919 1802 1940 cum
1818 1911 1953 1949 inglorius
1967 1910 2027 1940 fue-

1177 1960 1216 1989 ris
1228 1972 1254 1988 ».
1270 1959 1399 1992 Invidia,
1412 1967 1483 1997 quae
1498 1959 1676 1988 infallibiliter
1692 1958 1850 1996 superbiam
1866 1958 2027 1993 comitatum

1176 2007 1251 2036 unde
1281 2007 1452 2044 Augustinus
1483 2014 1568 2044 super
1597 2006 1733 2035 Psalmum
1766 2005 2028 2043 quinquagesimum

333 2182 340 2195 ¹
360 2182 483 2209 Bernard.,
501 2183 574 2204 Serui.
593 2182 614 2204 3.
632 2182 655 2203 in
674 2184 780 2209 tempore
792 2181 1022 2208 Resurrectionis,n.
1035 2181 1061 2202 3:
1075 2180 1121 2202 Vo-

269 2223 379 2245 luntatem
398 2222 450 2244 dico
468 2221 599 2249 propi-Iam,
616 2227 677 2249 quae
694 2227 741 2242 non
759 2224 793 2242 est
813 2220 945 2242 communis
962 2226 1015 2242 cum
1034 2220 1081 2242 Deo
1099 2222 1121 2241 et

269 2260 414 2288 hominibus,
433 2260 474 2282 sed
492 2262 567 2282 nostra
586 2262 687 2287 tantunn
705 2259 800 2288 quaudo
818 2259 880 2287 quod
900 2259 1008 2280 volumus
1025 2264 1070 2280 uon
1091 2258 1120 2280 ad

269 2302 381 2323 honorem
400 2300 453 2326 Dei,
472 2306 516 2322 uon
535 2300 564 2321 ad
582 2299 701 2321 utilitatem
721 2300 829 2325 fratrum,
851 2298 892 2320 scd
911 2301 1005 2326 propter
1022 2300 1121 2320 nosmet-

269 2341 334 2368 ipsos
360 2340 470 2367 facimus,
488 2345 534 2361 non
560 2338 704 2361 intendentes
730 2338 822 2365 placere
840 2338 887 2359 Deo
905 2340 926 2359 et
943 2337 1056 2365 prodesse
1080 2338 1121 2359 sra-

269 2379 354 2407 1rihus,
372 2379 413 2401 sed
431 2379 561 2401 satisfacere
580 2378 680 2405 propriis
698 2377 800 2399 motibus
823 2377 963 2399 animorum.
987 2376 1045 2399 Huic
1067 2382 1119 2398 cou-

270 2419 339 2441 traria
357 2422 391 2441 051
407 2421 468 2440 recta
487 2419 560 2440 fronte
577 2417 671 2444 caritas,
683 2423 743 2446 quae
756 2417 817 2438 Deus
829 2419 863 2438 est
875 2415 928 2445 [cfr.
941 2417 955 2438 1.
969 2416 1030 2438 loan.
1043 2415 1064 2443 t,
1078 2415 1120 2444 8.].

270 2459 331 2481 Haec
349 2458 410 2480 enim
429 2458 543 2480 adversus
561 2457 634 2479 Deum
653 2456 784 2478 inimicitias
801 2461 910 2478 exercens
927 2458 962 2477 est
978 2458 1000 2477 et
1018 2461 1122 2482 pugnam

271 2497 466 2521 crudelissimam.
485 2496 544 2525 Quid
557 2496 618 2518 enim
631 2496 679 2518 odit
695 2498 734 2517 aut
746 2495 813 2523 punit
824 2495 886 2517 Deus
898 2497 989 2522 praeter
1002 2494 1121 2522 propriam

272 2538 431 2560 voluntatem?
450 2536 529 2559 Cesset
545 2536 652 2558 voluntas
669 2535 775 2562 propria,
793 2538 815 2557 et
832 2534 934 2556 infernus
952 2540 997 2556 1101]
1015 2533 1058 2556 erit
1079 2536 1121 2555 ete.

336 2576 344 2589 2
361 2577 446 2598 'sextus
463 2575 580 2603 originalis
597 2574 681 2597 omittit
697 2580 762 2597 suae⁴
780 2586 811 2590 —
829 2573 999 2601 Expositionem
1017 2572 1071 2594 ride
1087 2578 1122 2594 su-

272 2622 313 2644 pra
331 2622 349 2638 c.
370 2616 391 2637 l.
408 2622 429 2637 n.
448 2615 495 2637 4-6.

336 2654 344 2667 ³
362 2654 477 2682 Expositio
495 2657 595 2682 quatuor
612 2653 775 2681 magistrorum
788 2653 809 2674 in
823 2658 842 2674 c.
865 2652 905 2674 lO:
923 2651 1053 2680 Quaeritur,
1066 2651 1122 2680 quid

273 2695 301 2717 sit
317 2695 430 2722 Regulam
448 2692 606 2722 spiritualiter
624 2692 758 2714 observare.
771 2692 797 2714 Et
809 2692 902 2714 videtur
919 2691 1064 2713 observantia
1083 2691 1123 2713 Re-

273 2734 341 2761 gulae
358 2733 494 2761 spiritualis,
511 2732 658 2754 observantia
676 2731 806 2754 secuudum
818 2731 919 2758 rigorem
932 2731 981 2753 sive
993 2730 1122 2752 secundum

273 2773 398 2801 puritatem
415 2778 481 2794 suam
500 2772 548 2793 sine
566 2771 687 2793 occasione
704 2770 733 2793 ad
752 2771 848 2792 malum.
873 2770 939 2792 Unde
964 2768 1123 2798 spiritualiter

274 2818 322 2834 11011
338 2817 406 2840 posse
421 2810 517 2834 seruari
532 2813 607 2839 potest
625 2810 734 2837 intelligi:
760 2812 799 2832 aut
821 2815 866 2831 non
885 2815 954 2837 posse
971 2814 1065 2831 servare
1083 2809 1123 2830 Re-

275 2851 352 2879 gulam
371 2851 499 2873 secundum
518 2856 586 2872 suum
603 2850 706 2878 rigorem
724 2849 773 2872 sive
790 2849 919 2871 secundum
945 2854 1011 2871 suam
1037 2848 1125 2876 purita-

276 2893 335 2915 tem,
353 2890 388 2911 vel
406 2889 455 2911 sine
472 2889 594 2911 occasione
612 2889 716 2916 proxima
733 2888 764 2910 ad
781 2890 911 2916 peccatum.
926 2887 980 2910 Aliis
992 2893 1048 2909 vero
1061 2886 1124 2909 vide-

276 2932 323 2955 tur,
341 2929 404 2957 quod
422 2928 476 2950 illud
494 2928 642 2950 referendum
660 2928 689 2950 sit
705 2928 733 2950 ad
752 2928 842 2954 locum,
865 2933 919 2949 cum
942 2927 1028 2949 scilicet
1044 2926 1124 2948 Fratri-

275 2968 320 2990 bus
337 2968 425 2989 ratione
443 2968 485 2989 loci
503 2970 632 2995 praestatur
649 2967 855 2995 impedimentum,
873 2972 901 2988 ne
914 2972 971 2994 pure
983 2965 1072 2993 possint
1083 2965 1125 2987 Re-

277 3008 354 3035 gulam
373 3006 510 3033 observare,
528 3009 552 3028 ut
568 3006 622 3034 quia
640 3007 689 3028 loco
707 3008 741 3028 est
758 3012 843 3028 annexa
862 3005 1003 3033 proprietas,
1021 3005 1057 3027 vel
1069 3010 1123 3026 cura

277 3046 406 3075 aliquarum
423 3046 566 3072 animarum,
584 3046 612 3067 ad
630 3052 701 3074 quam
719 3046 807 3067 ratione
823 3045 866 3068 loci
883 3046 973 3067 Fratres
995 3044 1124 3067 necessario

1177 2182 1290 2201 tenentur.
1308 2191 1338 2195 —
1356 2177 1487 2200 Secundam
1514 2176 1689 2205 explicationem
1712 2175 1749 2199 vel
1770 2181 1819 2198 non
1838 2181 1909 2205 posse
1927 2176 2029 2204 propter

1177 2217 1363 2248 inquiettalinem
1380 2216 1532 2247 familiarum
1543 2217 1586 2239 ant
1597 2215 1748 2245 neqotiorum
1760 2215 1922 2243 supplevimus
1933 2220 1959 2237 ex
1976 2215 1993 2237 B
2003 2214 2029 2237 C.

1240 2256 1250 2269 4
1268 2257 1332 2279 Vers,
1356 2257 1392 2278 ⁶28,
1411 2269 1442 2272 —
1460 2256 1572 2283 Superius
1588 2261 1631 2283 pro
1650 2254 1697 2278 vice
1715 2254 1811 2277 Domini
1826 2254 1863 2277 ed.
1886 2255 1890 2276 1
1912 2259 1968 2277 voce
1984 2254 2029 2277 Do-

1177 2296 1238 2319 mini
1253 2300 1275 2318 et
1293 2296 1387 2318 inferius
1405 2295 1470 2318 istud
1486 2294 1585 2317 verbam
1603 2300 1645 2322 pro
1662 2293 1726 2317 istud
1742 2293 1853 2317 debitum.

1215 2337 1219 2340 “
1241 2335 1250 2348 ⁵
1268 2335 1313 2358 Cfr.
1330 2341 1400 2363 supra
1419 2341 1473 2363 pag.
1492 2334 1549 2361 431,
1567 2337 1620 2356 nota
1633 2334 1653 2355 6.
1667 2333 1782 2361 Expositio
1795 2335 1898 2361 quatuor.
1910 2332 2029 2360 Magistro-

1178 2381 1230 2397 ruui
1248 2375 1272 2397 in
1290 2375 1341 2396 tine.

1242 2413 1251 2426 θ
1269 2414 1334 2436 Vers.
1353 2414 1391 2436 26.

1242 2452 1251 2465 ⁷
1268 2452 1330 2475 Libr.
1348 2453 1430 2475 xxvi.
1449 2453 1527 2475 Moral.
1544 2459 1564 2474 c.
1582 2452 1620 2474 26.
1637 2458 1660 2473 n.
1679 2451 1724 2473 46:
1742 2451 1860 2473 Servanda
1873 2451 1950 2479 itaque
1961 2450 2029 2473 estin

1179 2493 1250 2516 corde
1267 2493 1384 2515 humilitas
1401 2495 1423 2514 et
1440 2492 1462 2514 in
1479 2498 1551 2520 opere
1568 2491 1696 2519 disciplina.
1714 2491 1789 2519 Atque
1807 2490 1864 2512 inter
1882 2491 1939 2512 haec
1960 2490 2029 2512 soler·

1180 2535 1213 2554 ter
1231 2532 1380 2559 intuendum,
1398 2537 1439 2558 ne,
1457 2532 1513 2553 dum
1532 2530 1709 2553 immoderatius
1725 2529 1854 2552 custoditur
1872 2527 2030 2551 11111051]οῐῃί-

1180 2571 1261 2598 litatis,
1278 2571 1397 2593 solvantur
1414 2570 1463 2592 iura
1482 2569 1615 2597 regiminis,
1627 2572 1649 2591 et
1666 2569 1722 2591 dum
1738 2569 1854 2596 praelatus
1866 2568 1966 2596 quisque
1977 2567 2030 2595 plus

1180 2617 1204 2633 se
1221 2616 1292 2639 quam
1311 2610 1376 2632 decet
1394 2609 1485 2636 deiicit,
1511 2608 1657 2631 subditorum
1683 2608 1754 2630 ruam
1772 2608 1886 2635 stringere
1903 2606 1947 2629 sub
1964 2606 2031 2629 disci-

1180 2650 1255 2678 pliuae
1272 2649 1365 2671 vinculo
1383 2655 1429 2671 uon
1448 2649 1527 2676 possit.
1552 2648 1683 2670 Tencamus
1708 2653 1764 2675 ergo
1787 2647 1885 2669 exterius
1902 2646 1967 2675 quod
1987 2651 2030 2674 pro

1180 2689 1277 2711 aliorum
1296 2688 1389 2710 utilitate
1407 2687 1560 2715 suscipimus,
1578 2689 1698 2709 teneamus
1715 2686 1809 2708 interius
1826 2685 1889 2714 quod
1908 2685 1937 2707 de
1952 2687 2030 2707 nostra

1180 2728 1338 2751 aestimatione
1355 2727 1476 2749 sentimus.
1488 2726 1533 2749 Cir.
1545 2726 1625 2754 Regul.
1638 2726 1747 2754 pastoral.
1759 2732 1782 2753 p.
1797 2726 1820 2747 ll.
1832 2731 1851 2747 c.
1865 2725 1886 2747 6.
1899 2726 1921 2747 et
1932 2724 1947 2746 1.
1959 2724 2030 2752 Epist.

1180 2768 1246 2796 epist.
1265 2768 1302 2790 25.
1322 2767 1386 2794 (alias
1403 2766 1459 2795 24).
1478 2767 1520 2788 Pro
1539 2765 1671 2795 Gregyorius
1688 2765 1732 2787 ΑΒ
1743 2765 1812 2787 DFG
1832 2766 1854 2786 et
1870 2764 1907 2786 ed.
1921 2764 1929 2785 1
1945 2763 2029 2792 Auyu-

1180 2807 1269 2835 stinus,
1281 2808 1322 2829 cfr.
1334 2807 1422 2834 Regula
1440 2806 1469 2828 ad
1481 2812 1562 2828 servos
1574 2805 1627 2833 Dei,
1639 2812 1661 2827 n.
1676 2805 1683 2826 l
1695 2806 1699 2826 l
1710 2822 1715 2831 ,
1728 2804 1769 2826 ubi
1781 2804 1810 2826 de
1821 2803 1953 2826 obedientia
1966 2808 2031 2830 prae·

1182 2847 1256 2874 posito
1273 2845 1401 2868 exhibenda
1414 2848 1435 2867 et
1447 2845 1518 2867 modo
1536 2844 1676 2872 corripiendi
1694 2843 1811 2870 subditos;
1827 2843 1900 2865 Serm.
1914 2841 1951 2864 46.
1966 2841 2032 2870 (alias

1186 2886 1235 2908 165,
1253 2885 1283 2907 de
1301 2884 1427 2914 Tempore)
1445 2884 1494 2907 sive
1512 2883 1568 2906 liber
1586 2883 1615 2906 de
1632 2882 1777 2911 Pastoribus,
1795 2888 1814 2905 c.
1832 2883 1854 2904 6.
1871 2888 1893 2904 n.
1913 2882 1948 2904 43,
1965 2887 2030 2910 seqq.

1244 2923 1253 2936 Β
1271 2925 1337 2947 Vcrs.
1356 2924 1394 2946 27.

1244 2963 1253 2976 ‘³
1272 2965 1373 2986 Enarrat.
1391 2963 1412 2985 iu
1430 2964 1466 2985 Ps.
1484 2963 1525 2990 58,
1545 2962 1581 2984 14.
1599 2968 1668 2984 serm.
1687 2962 1708 2984 2.
1731 2968 1751 2983 n.
1774 2961 1803 2983 5:
1827 2960 1929 2989 Denique
1952 2959 2029 2981 omnia

1181 3003 1235 3026 vitia
1253 3006 1296 3026 etc.

1244 3041 1264 3054 ¹⁰
1281 3041 1342 3064 Libr.
1361 3042 1376 3064 l.
1396 3041 1524 3064 Comment.
1543 3042 1565 3064 in
1582 3048 1602 3064 c.
1620 3041 1645 3069 5,
1667 3041 1701 3063 12.
