2133 3317
122 334 234 359 Responsio.

111 757 201 785 Quaestio
212 756 236 775 de

107 781 239 805 dispositione.

112 899 238 925 Continuatur

120 927 225 946 responsio.

108 1368 184 1395 Tripleg
190 1373 244 1395 prae-

121 1394 194 1416 paratio
203 1397 243 1410 ani-

122 1421 170 1434 mae.

123 1556 136 1575 N
141 1556 238 1575 otandurn.

110 1745 180 1767 Primo,
188 1750 241 1763 1110115

121 1770 145 1787 511
160 1769 242 1792 quadru-

121 1793 196 1816 pliciter
210 1792 243 1810 de-

122 1818 196 1840 parata.

254 203 290 230 50

333 281 418 309 Hono.
441 279 463 307 Ο
485 279 589 312 anima,
612 286 743 315 magnum
770 281 811 306 est
842 277 916 314 quod
948 277 1104 312 desideras,

253 327 452 356 inaestimabile
473 326 577 354 donum
599 329 640 354 est
661 325 736 362 quod
758 328 882 361 exoptas.
906 324 998 358 Unde,
1014 328 1045 353 ut
1060 332 1104 353 ae-

253 375 351 408 stimo,
373 375 497 402 humano
519 372 610 401 studio
632 380 687 400 non
709 375 798 409 potest
824 371 959 405 obtineri,
982 371 1105 400 humano

253 421 352 450 merito
374 429 428 449 non
451 423 541 457 potest
562 419 734 456 promereri,
757 419 804 448 sed
826 427 842 447 a
874 419 929 447 Deo
950 418 1105 447 humilibus

254 468 384 505 precibus
404 475 420 495 a
441 467 522 503 digne
550 466 690 503 dispositis
718 474 755 494 ex
786 466 844 494 sola
865 465 973 494 divinae
996 465 1105 502 pietatis

253 514 500 544 condescendentia
521 513 569 541 vix
599 513 701 550 poterit
732 513 885 549 impetrari.
921 513 1010 541 Omne
1031 512 1104 541 enim

253 570 366 590 aarum
387 561 419 590 iii
440 561 660 598 comparatione
691 560 772 588 iliius
800 569 894 589 arena.
915 563 957 588 est
977 560 1104 597 emique,

253 612 278 637 et
305 611 462 646 argentum
490 607 535 636 iili
564 611 773 644 comparatam
806 611 948 645 tanquam
978 606 1104 635 nihilum

253 658 411 692 reputatur
428 655 447 682 ¹.

335 703 378 731 15.
401 702 501 730 Annia.
524 702 546 730 O
569 702 668 736 homo,
690 702 747 736 dic,
769 701 860 739 qualis
875 701 956 730 debet
971 709 1031 730 esse
1046 700 1106 729 dis-

250 749 370 787 positio,
393 757 448 786 qua
469 749 592 777 ordinari
613 749 695 778 debet
716 748 750 777 ad
772 748 978 786 impetrandum
1000 747 1106 777 orantis

253 797 382 826 affectio?

332 844 419 873 Hono.
441 844 480 872 De
502 844 554 872 hac
575 844 692 872 materia
714 844 835 872 multum
863 846 957 880 posset
988 842 1039 871 dici
1072 842 1106 871 ab

253 891 391 928 expertis,
414 891 462 920 sed
483 891 549 928 quia
564 891 742 928 inexpertum
758 898 803 919 me
824 897 1008 927 recognosco,
1024 889 1106 918 etiam

253 946 343 975 pauca
363 946 407 966 me
428 937 520 966 dicere
552 937 696 966 erubesco.
722 937 799 966 Unde
820 937 920 971 timeo,
942 944 977 965 ne
997 936 1106 965 dicatur

254 989 351 1014 contra
372 993 431 1013 me:
454 985 546 1021 Quare
569 988 598 1013 tu
628 993 743 1013 enarras
775 984 849 1021 quod
878 992 932 1012 non
953 983 1106 1020 degustas?

254 1033 347 1069 Quare
368 1036 500 1069 tanquam
523 1032 653 1069 indignus
675 1031 770 1060 laudas
792 1031 866 1068 quod
888 1030 1018 1068 ignoras?

333 1081 433 1108 ANIMA.
459 1079 482 1108 O
511 1080 607 1113 homo,
636 1079 689 1107 noli
725 1079 822 1107 timere
854 1086 918 1107 cum
951 1076 1108 1106 reverentia

254 1130 281 1155 et
304 1127 459 1155 humilitate
480 1134 551 1164 quae
572 1126 673 1155 audisti
696 1129 721 1154 et
745 1125 831 1162 legisti
848 1132 1013 1162 proponere.
1029 1123 1106 1152 Multi

255 1174 327 1202 enim
349 1173 382 1202 de
404 1173 490 1202 rebus
511 1173 618 1210 magnis
639 1176 666 1201 et
687 1172 783 1201 arduis
801 1172 862 1201 aliis
884 1172 989 1200 utiliter
1006 1178 1106 1208 propo-

255 1224 373 1250 suerunt
395 1229 466 1258 quae
487 1229 542 1248 non
564 1220 597 1248 de
630 1219 743 1257 propria
764 1218 950 1256 experientia,
972 1217 1020 1246 sed
1041 1217 1107 1245 alio-

254 1276 317 1296 rum
340 1268 455 1297 scientia
476 1267 642 1296 didicerunt.

333 1316 419 1344 Hono.
442 1315 497 1343 Iam
519 1323 581 1343 cum
605 1314 698 1351 aliqua
719 1314 834 1342 audacia
855 1313 963 1350 loquar.
979 1312 1045 1340 Nam
1068 1311 1108 1339 vi-

256 1370 315 1396 res,
338 1370 408 1399 quas
439 1361 578 1399 imperitia
608 1361 741 1398 denegat,
773 1360 873 1389 caritas
905 1359 1107 1388 subministrat.

256 1409 337 1438 Unde
353 1410 424 1438 sicut
456 1409 561 1443 sentio,
587 1409 626 1437 sic
656 1408 754 1437 resero.
789 1408 871 1441 Puto,
893 1407 969 1436 salvo
1001 1406 1108 1435 meliori

256 1457 370 1490 iudicio,
393 1456 415 1485 si
438 1457 479 1485 vis
501 1460 527 1485 te
549 1456 582 1484 ad
605 1456 676 1485 lianc
698 1456 843 1484 caelestem
864 1454 1040 1483 dulcedinem
1062 1453 1109 1482 de-

256 1504 422 1541 gustandam
444 1512 628 1540 praeparare,
651 1503 734 1531 debes
756 1510 816 1531 esse
841 1502 1006 1539 depurata,
1028 1509 1109 1529 exer-

257 1551 349 1579 citata
370 1554 398 1579 et
418 1551 537 1579 eleuata.
561 1551 588 1579 ln
621 1550 712 1587 primo
744 1550 811 1578 haec
844 1549 970 1578 caelestis
991 1548 1109 1577 dulcedo

258 1597 407 1632 odoratur,
430 1597 457 1626 in
478 1597 600 1626 secundo
621 1597 796 1634 degustatur,
819 1596 847 1624 in
862 1595 944 1624 tertio
959 1594 1109 1632 aliquando

258 1652 347 1682 usque
368 1644 401 1673 ad
424 1644 587 1673 ebrietatem
608 1644 730 1672 sumitur
751 1646 779 1671 et
801 1645 921 1679 potatur.

339 1693 382 1721 l6.
406 1692 498 1720 Primo
518 1691 593 1725 dicO,
609 1691 682 1728 (111011
698 1691 780 1720 debet
795 1698 854 1719 esse
870 1698 948 1718 mens
963 1689 1111 1726 depurata

258 1748 278 1767 (ι
297 1739 441 1776 peccatis,
464 1739 499 1767 ab
520 1737 721 1776 affectionibus
749 1736 944 1770 inordinatis,
967 1744 983 1764 a
1005 1740 1110 1772 [epipo-

259 1786 320 1814 raii
340 1786 535 1815 consolatione
556 1788 583 1814 et
604 1793 620 1813 a
641 1789 855 1815 ereaturarum
877 1783 1052 1812 inordinata
1068 1783 1111 1811 (Ιὶ-

813 199 1010 228 OPUSCULUM
1033 199 1061 227 ll.
1085 199 1316 235 SOLILOQUIUM.
1338 200 1407 228 CAP.
1430 199 1458 228 ll.

1163 277 1294 312 lectione,
1310 278 1391 315 quia,
1407 278 1559 307 secundum
1576 278 1779 312 Bernard11m2,
1800 290 1811 302 α
1825 282 1901 307 errat
1915 280 2013 313 omnis,

1162 325 1209 362 qui
1231 325 1305 353 illam
1327 325 1472 354 caelestem
1494 325 1667 354 dulcedinem
1688 325 1752 354 liuic
1771 325 1872 358 cineri,
1888 326 2012 354 divinum

1162 372 1231 400 illud
1252 372 1406 401 balsamum
1422 373 1487 401 huic
1502 380 1640 401 venenoso
1655 372 1770 409 gaudio,
1786 373 1953 401 charismata
1968 373 2014 401 illa

1162 419 1282 456 Spiritus
1303 419 1389 448 sancti
1412 419 1497 448 huius
1519 419 1620 448 saeculi
1644 419 1780 448 illecebris
1802 419 1911 448 misceri
1935 428 2013 456 posse

1162 466 1354 494 arbitratur».
1367 465 1419 494 Sed
1434 469 1579 502 postquam
1596 474 1611 494 a
1627 466 1728 494 talibus
1742 465 1834 494 anima
1847 465 1932 494 suerit
1947 474 2014 502 pur-

1162 516 1225 550 gata
1246 515 1272 541 et
1293 513 1444 549 depurata,
1467 512 1597 548 lacrymis
1618 515 1751 549 purgata,
1770 513 1918 549 gemitibus
1939 512 2015 541 dolo-

1163 559 1233 588 rosis
1247 559 1383 596 depurata
1395 559 1422 593 3;
1439 561 1505 587 tunc
1519 558 1604 587 odore
1619 559 1743 587 caelestis
1757 558 1910 588 dulcedinis
1924 559 2015 588 anima

1163 606 1321 635 consolatur
1343 609 1371 634 et
1392 605 1525 634 reficitur.

1242 653 1368 681 Secundo
1402 652 1484 681 debet
1519 660 1597 681 mens
1628 660 1687 681 esse
1712 652 1873 681 exercitata
1906 653 1938 681 in
1969 652 2015 681 bo-

1164 708 1273 728 norum
1294 699 1461 737 operatione
1485 702 1512 728 et
1538 699 1687 727 maloram
1716 699 1917 736 perpessione,
1950 700 2016 737 quia

1164 755 1234 784 quos
1255 755 1334 775 amor
1356 746 1480 775 veritatis
1501 746 1586 775 afficit
1605 746 1742 775 bonorum
1766 754 1883 783 operum
1908 747 2016 775 exerci-

1164 795 1231 823 tatio
1246 797 1273 823 et
1294 794 1432 822 malorum
1455 793 1597 830 perpessio
1612 802 1755 830 nunquam
1774 793 1883 830 trangit.
1901 805 1915 818 «
1930 793 2015 828 Unde,

1165 850 1279 875 revera,
1302 845 1333 870 ut
1354 841 1392 870 ait
1413 841 1512 870 beatus
1530 840 1693 869 Benedictus
1704 841 1724 875 4,
1747 841 1875 878 quamvis
1890 841 1917 869 in
1938 841 2016 870 initio

1164 892 1251 917 arcta
1265 888 1302 916 sic
1317 888 1384 922 via,
1399 896 1474 926 (sitae
1495 887 1577 916 ducit
1591 888 1632 916 aa!
1645 888 1755 922 vitam,
1771 896 1904 924 processu
1922 891 2014 917 tamen

1166 935 1298 971 temporis
1320 934 1529 963 inaestimabilis
1549 934 1739 963 delectationis
1759 934 1905 963 dulcedine
1920 934 2016 963 dilata-

1166 984 1254 1009 tur».
1277 980 1299 1008 O
1322 981 1407 1017 igitur
1429 988 1514 1017 quam
1536 980 1616 1009 beata
1637 981 1802 1014 consolatio,
1824 988 1896 1017 quae
1918 980 2016 1009 divini-

1166 1031 1211 1056 tus
1233 1027 1389 1056 infunditur
1411 1027 1602 1056 laborantibus
1623 1036 1674 1064 pro
1696 1027 1824 1056 Christo!

2038 661 2089 688 item,
2099 662 2116 681 dt
2121 665 2133 683 l-

2031 687 2079 704 etter
2089 690 2116 705 ext
2121 688 2132 707 i-

2032 710 2078 727 tata.

1244 1074 1386 1108 Tertium,
1409 1074 1436 1102 in
1459 1082 1515 1111 quo
1536 1074 1628 1102 anima
1659 1073 1815 1102 inebriatur
1843 1074 1894 1102 hac
1922 1073 2133 1106 dulce-nemeina

1165 1122 1244 1155 dine,
1266 1124 1308 1150 est
1329 1121 1433 1149 mentis
1454 1121 1590 1155 elevatio,
1611 1120 1722 1158 quando
1740 1121 1856 1149 feliciter
1877 1121 1986 1149 animus
2001 1129 2017 1149 a

1167 1168 1286 1197 terrenis
1307 1168 1481 1197 abstrahitur
1502 1171 1530 1196 et
1550 1168 1621 1196 miro
1643 1168 1762 1204 quodam
1785 1167 1865 1196 modo
1887 1175 1973 1205 supra
1987 1175 2016 1196 se

1166 1215 1275 1252 ipsum,
1297 1223 1383 1252 supra
1404 1214 1556 1249 mundum,
1578 1215 1663 1243 immo
1695 1223 1780 1251 super
1809 1222 1917 1243 omnem
1941 1222 2017 1243 crea-

1167 1265 1259 1290 turam
1281 1261 1422 1295 elevatur,
1445 1264 1477 1290 ut
1497 1261 1553 1289 iam
1573 1261 1666 1290 dicere
1688 1261 1774 1298 possit
1795 1261 1900 1289 anima:
1922 1261 2018 1289 Intro—

1166 1309 1251 1337 duxit
1273 1317 1317 1337 me
1338 1317 1391 1337 rex
1413 1309 1444 1337 in
1466 1308 1588 1337 cellaria
1616 1308 1704 1337 811115.
1730 1309 1799 1337 Haec
1820 1312 1861 1337 est
1883 1308 1929 1336 illa
1950 1308 2018 1337 cella

1167 1356 1288 1390 vinaria,
1311 1356 1338 1384 in
1361 1364 1445 1393 quam
1477 1355 1664 1384 introducitur
1696 1356 1803 1389 anima,
1826 1355 1872 1384 ubi
1895 1355 1964 1384 bibit
1984 1355 2018 1384 de

1167 1404 1233 1432 vino
1248 1403 1367 1438 condite,
1383 1403 1591 1432 inaestimabilis
1605 1403 1761 1432 Divinitatis
1775 1403 1929 1437 dulcedine,
1944 1406 1971 1431 et
1985 1402 2019 1432 de

1167 1451 1239 1480 laete
1253 1451 1394 1479 albissimo
1409 1450 1659 1479 incontaminabilis
1675 1450 1864 1479 humanitatis.
1880 1449 1902 1478 O
1918 1450 2018 1484 anima,

1167 1498 1232 1527 hinc
1254 1497 1355 1526 bibant
1375 1498 1476 1531 amici,
1496 1497 1544 1526 sed
1565 1497 1753 1526 inebriantur
1768 1497 1928 1525 carissimi.
1944 1496 1966 1525 Ο
1980 1497 2019 1526 fe-

1168 1545 1208 1573 lix
1230 1544 1365 1578 ebrietas,
1387 1552 1470 1581 quam
1493 1544 1621 1581 sequitur
1643 1544 1743 1572 mentis
1765 1546 1792 1572 et
1813 1543 1939 1580 corporis
1964 1547 2019 1571 tam

1168 1594 1243 1620 casta
1263 1595 1290 1620 et
1312 1594 1407 1620 sancta
1428 1591 1581 1620 sobrietas!
1603 1591 1670 1619 Hinc
1689 1590 1809 1619 efficitur
1831 1590 1922 1619 anima
1943 1598 2020 1619 more

1168 1639 1237 1668 ebrii
1260 1639 1383 1676 gaudens
1415 1642 1442 1667 et
1469 1638 1635 1667 laetabunda
1663 1638 1690 1666 in
1722 1638 1861 1672 adversis,
1885 1637 1965 1667 sortis
1993 1641 2020 1666 et

1168 1695 1268 1716 secura
1289 1686 1316 1714 in
1341 1686 1488 1723 periculis,
1503 1686 1626 1723 prudens
1641 1688 1669 1714 et
1688 1685 1808 1714 discreta
1826 1685 1852 1713 in
1868 1685 2018 1722 prosperis,

1168 1734 1291 1763 liberalis
1312 1737 1339 1762 et
1371 1733 1416 1770 pia
1447 1733 1474 1761 in
1507 1732 1693 1762 condonandis
1715 1732 1837 1767 iniuriis,
1859 1735 1887 1761 et
1907 1732 2017 1761 tande-m

1169 1782 1263 1819 quieta
1274 1784 1301 1810 et
1313 1780 1492 1815 somnolenta,
1506 1780 1671 1809 recumbens
1686 1780 1712 1808 in
1724 1780 1901 1816 amplexibus
1912 1779 2020 1814 divinis,

259 1989 379 2013 affectibus
397 1989 512 2017 desiperet
525 1991 546 2011 et
564 1989 619 2011 illud
631 1989 705 2011 solum
723 1991 826 2017 saperet;
845 1988 886 2011 sed
899 1988 990 2011 festinat
1003 1987 1111 2015 t1·ansire‚

259 2032 281 2051 et
298 2035 352 2051 cum
370 2029 398 2051 de
424 2028 572 2057 inquisitione
591 2029 626 2050 vel
652 2028 787 2056 acceptione
804 2028 854 2050 eius
878 2028 915 2049 vel
941 2028 993 2050 visu
1013 2028 1111 2049 formala

258 2068 374 2097 quaedam
393 2068 530 2090 lineamenta
544 2067 671 2089 memoriae
689 2067 762 2094 gestio
774 2067 859 2089 arctius
877 2067 989 2094 impressa
1007 2066 1111 2088 commit-

258 2109 317 2134 tere,
335 2107 371 2129 vel
389 2107 458 2129 etiam
476 2106 613 2128 memoriam
631 2106 722 2128 labilem
740 2106 826 2134 scripto
843 2106 937 2132 iuvare,
954 2105 1111 2133 experimento

259 2151 331 2173 cogor
348 2145 425 2168 dicere
444 2145 465 2167 id
489 2145 650 2172 evangelicum
674 2144 744 2173 [toan.
767 2145 791 2171 3,
811 2143 861 2173 S.]:
879 2143 974 2171 Nescis,
998 2142 1060 2165 ande
1079 2149 1111 2165 re·

258 2184 311 2208 mat
327 2186 371 2208 ant
387 2190 433 2214 qao
450 2184 524 2207 radat
535 2193 557 2206 n.
574 2185 635 2207 Ilaec
652 2184 792 2206 Bernardus.

322 2223 330 2236 ¹
349 2224 403 2251 Sap.
420 2224 447 2251 7,
465 2224 486 2246 9.
505 2224 547 2245 Pro
566 2223 631 2246 illius
648 2223 692 2246 AC
703 2224 795 2245 DEFL
813 2222 871 2246 eius.
889 2235 921 2239 —
938 2222 1051 2250 Superius
1070 2228 1112 2249 pro

258 2269 274 2286 a
291 2262 361 2292 dione
378 2263 497 2292 dispositis
515 2263 583 2286 ACF
610 2264 630 2286 et
647 2262 679 2285 ad
696 2262 773 2292 iynem
799 2262 906 2285 (lirinum
934 2261 987 2291 [DE
1012 2260 1042 2284 ab
1059 2261 1113 2290 issue

259 2301 351 2332 divino]
369 2302 495 2332 dispositis.

323 2339 331 2352 2
350 2341 424 2363 Serm,
444 2341 465 2363 5.
484 2341 505 2362 in
523 2341 664 2363 Ascensione
676 2341 778 2367 Domini,
797 2347 818 2362 11.
840 2341 879 2368 13,
897 2339 937 2362 ubi
955 2342 1028 2362 textus
1045 2339 1113 2367 origi-

259 2379 316 2401 nalis
334 2382 386 2407 post
403 2379 539 2402 balsamum
557 2380 706 2408 prosequitur
723 2379 778 2402 huic
795 2384 894 2407 veneno,
909 2378 1057 2401 charismata
1071 2377 1112 2400 illa

259 2418 359 2448 spiritus
376 2418 472 2442 misceri
487 2425 555 2448 posse
572 2418 710 2442 huiusmodi
726 2417 841 2441 illecebris
859 2417 1001 2441 arbitratur.

323 2457 332 2470 ³
349 2457 422 2481 Codd.
440 2460 456 2480 A
471 2459 476 2480 l
494 2458 584 2480 addunt
600 2459 621 2481 et
638 2457 765 2481 candidata
784 2457 883 2486 fletibus.
909 2458 959 2479 Vat.
983 2457 1049 2485 legit:
1068 2456 1115 2480 Sed

257 2499 386 2527 postquam
403 2504 417 2520 a
436 2497 523 2521 talibus
540 2497 623 2520 aniam
640 2497 713 2527 faerit
730 2498 836 2527 purqata
860 2496 1003 2527 lacrymosis
1026 2495 1114 2526 aemili-

261 2536 315 2566 btts,
332 2537 450 2567 depurata
462 2539 482 2561 et
494 2536 620 2560 candidata
639 2536 757 2560 dolorosis
774 2536 874 2566 fletibus.
890 2537 991 2563 Deinde,
1003 2536 1115 2559 contradi-

261 2576 366 2599 centibus
383 2578 400 2599 A
410 2576 426 2599 C
437 2577 455 2599 D
465 2578 480 2599 E
490 2577 505 2599 F
515 2578 544 2605 L,
563 2577 723 2605 prosequitur:
741 2576 796 2605 quia
817 2584 827 2596 11
839 2576 937 2604 dignum
954 2578 999 2603 est,
1011 2576 1070 2597 sieut
1082 2575 1114 2597 di-

261 2617 291 2639 cit
312 2617 456 2644 Augustinus
478 2615 505 2646 [⁹2
524 2617 601 2644 potius
623 2617 732 2644 Gregor„
757 2616 804 2638 xa.
826 2616 904 2638 Moral.
921 2621 940 2637 c.
959 2616 997 2638 22.
1015 2621 1036 2637 11.
1054 2614 1114 2644 27.],

261 2656 323 2685 quod
343 2662 408 2678 mens
427 2657 461 2678 illa
478 2662 571 2684 semper
589 2656 611 2678 in
629 2662 653 2678 se
670 2656 762 2678 dolores
780 2656 895 2682 inveniat,
913 2661 985 2684 quae,
1005 2654 1114 2677 derelicto

261 2694 382 2722 Creatore,
400 2701 493 2723 semper
511 2695 532 2717 in
551 2701 575 2717 se
592 2698 614 2717 et
632 2695 654 2717 in
672 2698 776 2717 creatura
793 2694 880 2722 gaudia
896 2693 1023 2722 quaerebat
1032 2702 1054 2715 n.
1066 2693 1115 2715 Pul-

262 2739 300 2756 cre
322 2734 392 2762 igitur
415 2734 541 2762 Gregorius
563 2734 586 2756 in
608 2733 733 2756 Moralibus
751 2733 789 2762 [V.
806 2740 825 2756 c.
844 2734 866 2755 8.
882 2739 904 2755 11.
923 2731 973 2762 ’14.]
990 2738 1060 2760 super
1078 2732 1115 2754 illo

262 2772 335 2795 verbo
353 2773 392 2795 lob
410 2772 441 2802 [c.
463 2774 489 2800 3,
510 2772 571 2802 2l.]:
595 2775 728 2802 Antequam
751 2772 887 2800 comedam,
911 2771 1021 2801 suspiro,
1045 2772 1115 2794 dicit:

265 2821 276 2832 u
288 2812 416 2835 Comedere
434 2813 525 2834 animae
537 2816 571 2834 est
582 2818 697 2840 supernae
715 2812 772 2834 111015
791 2810 1026 2840 contemplationibus
1044 2810 1115 2838 pasci.

263 2852 367 2879 Suspirat
379 2858 447 2879 ergo,
460 2855 585 2880 antequam
603 2852 723 2878 comedat,
740 2851 794 2880 quia
811 2851 852 2880 qui
869 2857 894 2873 se
906 2851 927 2872 in
941 2851 985 2873 hoc
995 2850 1062 2872 exilio
1074 2855 1116 2878 per

262 2891 431 2913 desideriorum
450 2891 581 2913 caelestium
600 2891 697 2913 lamenta
715 2896 763 2912 non
780 2890 897 2917 humiliat,
910 2892 1016 2912 aeternae
1029 2889 1117 2917 patriae

263 2930 347 2958 gaudia
366 2936 414 2952 11011
431 2929 546 2957 degustat.
564 2932 581 2952 Α
600 2930 702 2952 veritatis
720 2930 781 2952 enim
800 2929 887 2957 pabulo
904 2929 974 2951 ieiuni
1000 2931 1053 2951 sunt
1076 2928 1116 2957 qui

264 2969 286 2992 in
305 2970 347 2992 hac
365 2969 557 2997 peregrinationis
574 2969 651 2997 inopia
670 2970 783 2991 laetantur
795 2977 817 2990 ».

327 3007 337 3020 ‘¹
355 3009 377 3030 ln
396 3008 493 3036 Prologo
510 3009 618 3036 regulae:
636 3008 681 3030 sed
699 3011 720 3030 et
733 3008 821 3037 siquid
833 3008 954 3036 paululum
967 3007 1117 3030 restrictius...

1169 1985 1307 2014 processerit
1326 1983 1440 2014 [regula],
1457 1990 1502 2006 non
1520 1984 1580 2006 illico
1598 1989 1686 2011 pavore
1698 1983 1833 2011 perterritus
1845 1982 1947 2011 refugias
1959 1982 2021 2004 viam

1159 2021 1260 2051 salutis,
1283 2030 1343 2052 quae
1366 2030 1411 2045 11011
1435 2026 1469 2045 051
1489 2023 1532 2045 11151
1549 2025 1648 2050 angusto
1667 2021 1730 2044 initio
1748 2021 1837 2051 [lllattli.
1855 2021 1881 2049 7,
1902 2020 1949 2051 14]
1966 2021 2023 2043 inci-

1169 2063 1267 2091 pienda,
1286 2069 1398 2090 processu
1415 2068 1471 2084 vero
1489 2061 1672 2084 conversationis
1689 2064 1710 2083 et
1732 2061 1799 2089 fidei,
1822 2061 1916 2083 dilatato
1939 2060 2021 2087 corde,

1170 2102 1316 2125 inenarrabili
1334 2102 1464 2124 dilectionis
1482 2101 1522 2130 [ita
1540 2101 1609 2124 etiam
1626 2101 1679 2123 Vnt.
1691 2107 1744 2124 cum
1757 2101 1872 2123 nonnullis
1884 2100 1961 2130 codd]
1975 2101 2023 2123 dul-

1169 2142 1251 2164 cedine
1268 2142 1368 2163 curritur
1384 2141 1421 2163 via
1441 2141 1604 2163 mandatorum
1617 2141 1657 2162 Dei
1670 2143 1713 2162 etc.
1726 2140 1771 2163 Csr.
1784 2141 1893 2168 Gregor.,
1906 2141 1928 2162 11.
1940 2140 2023 2162 11011111.

1170 2182 1192 2204 111
1210 2182 1291 2203 Ezecli.
1308 2181 1388 2203 homil.
1406 2181 1427 2202 5.
1445 2187 1468 2202 n.
1487 2180 1529 2207 ll3,
1546 2181 1587 2209 qui
1604 2180 1672 2202 etiam
1691 2180 1743 2202 XX.
1761 2180 1838 2202 Moral.
1855 2186 1876 2202 c.
1896 2180 1932 2201 33.
1946 2186 1968 2201 n.
1986 2180 2024 2202 65.

1169 2221 1212 2242 ait:
1231 2221 1293 2242 Nulla
1311 2220 1439 2242 adversitas
1457 2219 1535 2242 deiicit
1556 2225 1628 2247 quem
1647 2219 1789 2247 prosperitas
1806 2219 1866 2240 nulla
1887 2218 2022 2246 corrumpit.

1170 2259 1214 2288 Qui
1232 2260 1293 2281 enim
1312 2259 1402 2281 veritati
1421 2259 1523 2281 inhaeret
1547 2258 1641 2280 vanitati
1663 2258 1726 2280 nullo
1750 2258 1820 2280 modo
1837 2257 1975 2280 succumbit.
1992 2270 2023 2273 —

1170 2299 1311 2327 Proposiiio,
1336 2304 1406 2327 quam
1433 2304 1486 2320 cum
1505 2298 1521 2319 L
1539 2297 1663 2319 tribuimus
1688 2297 1825 2324 Benedicto,
1851 2297 1895 2319 DE
1920 2296 2024 2319 tribuunt

1170 2338 1290 2366 Gregorio.
1307 2350 1338 2354 —
1356 2337 1468 2365 Superius
1490 2340 1543 2365 post
1565 2336 1687 2360 ¹malornm
1706 2336 1859 2366 perpessione
1876 2337 1938 2363 Vat.,
1956 2337 2024 2358 retra-

1171 2377 1281 2405 gantibus
1298 2376 1342 2399 AC
1354 2377 1434 2403 DEL,
1452 2377 1614 2405 prosequitur:
1633 2375 1709 2403 Beati,
1733 2375 1774 2405 qui
1798 2374 1891 2405 lugyeul,
1910 2374 2023 2405 quoniam

1171 2416 1218 2446 ipsi
1241 2416 1429 2439 consolabuntur
1447 2415 1536 2445 [Mattli.
1559 2416 1586 2442 5,
1604 2415 1646 2445 5.].
1669 2415 1726 2444 Quia
1750 2421 1809 2444 quos
1831 2421 1897 2437 amor
1922 2414 2024 2437 veritatis

1171 2457 1240 2479 afficit
1256 2456 1349 2478 resectio
1368 2455 1530 2478 consolationis
1548 2455 1628 2483 pascit.
1640 2455 1771 2477 Bernartius
1788 2454 1874 2483 [St-rm.
1887 2456 1909 2476 2.
1926 2454 1948 2476 in
1960 2453 2024 2477 Cant.

1172 2502 1194 2518 11.
1212 2495 1256 2525 3.];
1277 2504 1288 2515 (ι
1302 2495 1319 2517 Ο
1338 2494 1398 2517 bone
1416 2496 1478 2522 lesu,
1496 2495 1587 2523 quoties
1604 2497 1656 2522 post
1673 2493 1851 2516 innumerabiles
1872 2494 1986 2521 lacrymas
2003 2496 2025 2516 et

1172 2534 1273 2562 gemitus
1291 2534 1416 2556 sauciatam
1435 2534 1535 2555 animam
1549 2539 1624 2555 meam
1639 2533 1718 2555 unxisti
1732 2533 1838 2555 unt-tione
1852 2532 2024 2554 misericordiae

1172 2576 1238 2600 tuae,
1256 2576 1278 2595 et
1295 2579 1460 2601 nonnunquam
1480 2578 1539 2600 pene
1561 2573 1722 2600 desperantem
1745 2572 1866 2599 excepisti,
1885 2572 2024 2593 consolatam

1172 2616 1194 2634 et
1220 2612 1248 2634 de
1274 2612 1341 2634 venia
1367 2614 1554 2640 praesumentem
1578 2611 1719 2640 dereliquisti
1742 2610 1796 2640 [cl‘r.
1818 2617 1888 2638 supra
1910 2616 1965 2638 pag.
1982 2610 2024 2637 42,

1172 2655 1226 2674 nota
1244 2651 1318 2681 2.]»·?
1337 2652 1407 2679 Ecce,
1423 2651 1543 2680 quomodo
1562 2650 1659 2678 pretium
1672 2656 1751 2672 rerum
1764 2651 1911 2672 honestarum
1930 2650 1951 2671 in
1969 2649 2024 2677 ipsis

1172 2694 1213 2713 est.
1232 2691 1296 2713 Unde
1314 2697 1395 2713 revera
1412 2694 1456 2713 etc.

1236 2729 1245 2742 ⁵
1263 2730 1325 2752 Cant.
1344 2731 1371 2757 ⁴2,
1389 2730 1415 2758 43
1434 2729 1489 2752 ibid.
1508 2730 1535 2757 5,
1557 2729 1580 2751 l:
1604 2728 1652 2751 Bibi
1678 2729 1759 2751 vinum
1785 2735 1864 2750 meum
1889 2735 1942 2751 cum
1968 2728 2023 2750 lacte

1174 2776 1239 2796 meo,
1263 2769 1377 2792 comedite
1394 2769 1476 2796 amici,
1494 2772 1516 2791 et
1536 2768 1608 2791 bibite
1625 2772 1647 2790 et
1665 2768 1809 2790 inebriamini
1827 2767 1948 2790 carissimi.
1965 2766 2022 2789 lbid.

1174 2810 1200 2835 S,
1219 2810 1246 2831 2:
1263 2808 1328 2831 Dabo
1346 2808 1387 2831 tibi
1405 2809 1515 2836 poculum
1533 2814 1559 2830 ex
1577 2808 1631 2829 vino
1649 2807 1748 2830 condito.
1766 2806 1812 2829 Ctr.
1829 2808 1937 2834 August„
1956 2807 2024 2828 Enar—

1173 2851 1216 2870 rat.
1234 2848 1256 2870 in
1274 2849 1309 2870 Ps.
1327 2848 1364 2870 30.
1383 2850 1482 2870 enarrat.
1500 2848 1522 2869 2.
1539 2853 1561 2869 n.
1579 2847 1602 2869 9.
1619 2850 1641 2869 ct
1658 2847 1679 2869 111
1697 2847 1733 2869 Ρ5.
1752 2847 1840 2868 1130.11,
1853 2846 1879 2872 9,
1893 2845 1931 2868 ubi
1945 2847 2024 2868 huma-

1173 2888 1233 2910 nitas
1250 2887 1333 2910 Clu·isti
1351 2887 1388 2910 lac
1405 2887 1505 2914 dicitur;
1523 2886 1646 2912 Bernard.,
1664 2886 1693 2908 de
1716 2886 1837 2913 Diligendo
1861 2886 1918 2912 Deo,
1944 2891 1964 2907 c.
1987 2885 2024 2907 ll.

1173 2933 1197 2949 n.
1214 2927 1299 2953 31-33,
1317 2926 1357 2949 11131
1375 2927 1431 2948 llaec
1448 2926 1550 2953 applicat
1570 2925 1600 2948 ad
1622 2926 1731 2952 sanctos,
1748 2924 1834 2953 quibus
1853 2933 1865 2944 a
1877 2925 1930 2947 111110
1947 2923 2023 2946 sobria

1174 2966 1209 2988 illa
1227 2965 1326 2988 ebrietas
1339 2974 1350 2986 n
1370 2965 1456 2988 evenit.
1471 2977 1502 2981 -—
1520 2965 1631 2993 Superius
1649 2970 1691 2992 pro
1710 2963 1816 2987 elevatur
1835 2963 1878 2986 AC
1889 2964 1931 2986 DF
1951 2963 2024 2986 sable-

1175 3007 1253 3029 vatur.

2034 1113 2090 1131 super
2099 1113 2120 1127 1111
2125 1115 2133 1128 a

2033 1133 2103 1150 ereata.
