2133 3317
120 349 172 368 Vitis
185 354 207 368 ex
219 349 255 368 Pa-

141 375 170 392 tre
182 375 232 392 nata.

146 490 166 508 ln
179 489 238 508 Maria

146 513 236 537 plantata.

124 1251 151 1270 De
158 1251 259 1275 praecisio-

123 1280 147 1294 ne
158 1275 257 1299 corporali.

268 218 320 247 160

266 296 424 334 plantatur;
446 295 521 332 quod
548 295 583 323 ad
611 293 818 330 conceptionem
847 293 907 322 Iesu
935 292 1003 321 mihi
1033 292 1117 329 perti-

266 350 333 372 nere
347 342 467 371 videtur.
483 341 551 369 Vitis
565 340 639 369 enim
654 340 744 377 primo
765 342 830 368 nata
849 339 884 368 de
904 339 960 368 vite
981 342 1023 368 est
1045 339 1118 367 Deus

265 390 375 426 genitus
395 389 429 417 de
448 389 521 422 Deo,
543 391 570 416 et
598 387 702 415 Filius¹
724 386 758 415 de
788 387 879 420 Patre,
908 389 1072 415 coaeternus
1091 388 1118 414 et

266 435 507 465 consubstantialis
521 434 559 468 ei,
575 434 608 463 de
623 442 679 471 quo
700 436 750 462 est.
773 433 837 467 Sed,
859 436 891 462 ut
910 433 1043 462 maiorem
1058 432 1117 461 fru-

266 486 341 512 ctum
363 482 478 515 faceret,
499 481 622 518 plantata
642 483 684 509 est
705 480 732 508 in
754 482 842 514 terra,
864 480 938 517 quod
957 480 1040 509 estin
1057 480 1118 508 Vir-

265 530 327 567 gine
348 529 433 558 Maria
460 531 626 565 conceptus,
654 527 744 556 factus
772 527 847 565 quod
875 536 929 556 non
958 530 1033 561 erat,
1060 535 1118 556 ma-

265 584 333 606 nens
347 576 421 613 quod
440 579 500 604 erat
511 575 530 603 2.
553 575 699 603 Benedicta
713 578 789 603 terra
803 575 884 609 haec,
900 574 1118 603 benedictionem

265 623 387 651 omnium
417 622 540 659 gentium
568 622 730 658 proferens!
753 622 824 650 Vere
852 621 1008 655 benedicta,
1030 629 1117 658 quae,

265 669 321 697 Deo
335 669 416 697 dante
432 668 642 705 Benignitatem,
660 670 715 696 tam
729 667 905 696 benedictum
921 667 1038 704 protulit
1059 667 1119 696 fru-

265 718 340 744 ctum
353 716 373 743 3.
396 715 465 744 Haec
487 717 528 744 est
543 718 633 749 terra,
649 714 682 743 de
698 722 753 751 qua
768 714 902 751 scriptum
918 717 971 743 est:
995 715 1117 742 Terram

267 770 324 790 ηοη
345 762 526 799 operabatar
540 761 712 799 quisquam,
734 761 784 789 sed
801 760 991 799 irrigyabatar
1006 769 1026 789 a
1039 759 1118 798 fonte

266 809 434 838 ascendente
449 818 469 838 a
480 809 635 847 paradiso.
656 809 742 837 Terra
763 808 866 845 quippe
887 808 955 836 haec
977 816 1030 836 non
1052 816 1118 845 ope-

807 214 1003 243 OPUSCULUM
1025 215 1056 243 X.
1078 214 1164 242 VITlS
1186 214 1335 242 MYSTICA.
1358 214 1427 242 CAP.
1449 214 1477 242 Il.

1174 292 1309 320 rationem
1336 292 1487 321 humanam
1509 292 1627 329 accepit,
1656 295 1688 320 ut
1716 291 1909 328 conciperetur
1936 292 1962 320 in
1993 299 2025 320 ea

1173 339 1257 367 Filius
1278 339 1341 373 Dei;
1363 339 1410 367 sed
1431 347 1504 376 aqua
1525 339 1644 376 Spiritus
1669 339 1755 368 sancti
1777 338 1891 375 irrigata
1910 338 1969 367 fuit.
1985 339 2025 367 Ita

1174 385 1247 414 enim
1275 385 1383 422 legis4:
1414 386 1544 422 Spiritus
1564 390 1686 414 sanctas
1713 386 1896 423 superveniet
1924 386 1955 414 in
1983 388 2023 420 te,

1174 436 1200 460 et
1213 432 1310 460 virtus
1332 432 1478 461 Altissimi
1498 432 1684 461 obumbrabit
1700 432 1758 461 tibi.
1782 433 1903 461 Rursum
1919 432 1953 461 de
1973 432 2025 461 hac

1175 479 1310 515 scriptum
1326 481 1381 507 est:
1405 479 1569 515 Aperiatar
1601 482 1682 508 terra
1713 483 1739 508 et
1756 479 1900 517 germinet
1920 479 2025 508 Saloa-

1176 530 1274 554 torem.
1290 526 1390 562 Aperta
1404 525 1516 562 quidem
1531 526 1584 554 fuit
1604 526 1699 554 eadem
1718 530 1807 560 terra,
1828 527 1908 555 beata
1922 526 2025 555 scilicet

1175 573 1259 610 Virgo
1280 572 1377 606 Maria,
1399 580 1449 609 per
1470 572 1569 606 fidem,
1592 572 1707 601 credens
1734 576 1761 601 et
1782 573 1912 602 obediens
1933 573 2026 601 verbis

1175 619 1282 657 Angeb,
1304 619 1527 656 germinavitque
1550 619 1632 648 vitem
1655 620 1818 653 salutarem,
1840 620 1943 648 scilicet
1968 619 2025 648 Sal-

1174 670 1298 695 vatorem
1320 669 1461 700 nostrum,
1488 677 1502 691 <c
1523 669 1651 695 aeternae
1672 666 1744 695 vitae
1765 666 1890 703 praemia
1906 666 2025 704 largien-

1174 714 1253 742 tem⁵
1268 725 1294 741 ι).
1317 730 1355 733 -
1377 713 1431 741 Hac
1451 713 1545 750 itaque
1567 713 1622 743 vite
1644 716 1738 742 nostra
1766 713 1793 741 in
1820 713 1910 742 lucem
1938 713 2024 747 edita,

1174 760 1309 798 quaedam
1333 760 1516 797 proprietates
1537 760 1664 789 culturae
1686 760 1749 789 vitis
1776 760 1924 789 attinentes
1949 760 2026 789 adhi-

1174 808 1247 836 bitae
1268 810 1341 836 sunt.

1039 943 1201 971 CAP1TULUM
1226 943 1254 970 11.

966 1067 1006 1095 De
1024 1066 1208 1103 praecisione
1228 1065 1295 1094 vitis
1306 1065 1326 1094 6.

353 1194 374 1221 l.
398 1192 471 1221 Solet
492 1191 566 1221 enim
588 1191 651 1220 vitis
671 1191 815 1220 fructifera
833 1190 979 1228 praecidi,
1001 1189 1075 1227 quod
1093 1192 1120 1218 et

270 1239 451 1277 corporaliter
473 1242 500 1268 et
527 1238 675 1275 figurative
695 1238 781 1275 accipi
810 1240 908 1275 potest.
931 1236 1119 1266 Circumcisus

269 1287 321 1315 fuit
342 1286 476 1315 Dominus
498 1288 592 1314 noster
615 1285 689 1314 Iesus
710 1285 837 1314 Christus
853 1285 872 1319 ⁷,
895 1292 949 1312 non
971 1283 1045 1321 quod
1067 1283 1119 1312 hac

269 1333 481 1370 circumcisione
502 1332 653 1369 indigeret,
675 1332 722 1361 sed
743 1335 775 1360 ut
795 1331 987 1361 consolaretur
1008 1331 1119 1359 dolores

269 1383 379 1409 nostros
400 1379 543 1408 doloribus
574 1379 648 1408 illius
673 1379 721 1416 qui
754 1387 808 1407 non
840 1386 892 1415 pro
918 1385 960 1412 se,
991 1377 1039 1406 sed
1067 1385 1118 1414 pro

1145 1296 1148 1412 l

1176 1189 1256 1217 nobis
1276 1188 1378 1223 doluit,
1400 1191 1428 1217 et
1456 1189 1619 1217 vulneratus
1641 1191 1682 1218 est
1703 1197 1757 1217 non
1783 1197 1835 1226 pro
1856 1196 1898 1223 se,
1920 1188 1967 1218 sed
1995 1191 2027 1217 ut

1176 1236 1279 1264 nostris
1300 1235 1443 1265 doloribus
1464 1235 1624 1264 mederetur
1636 1236 1656 1264 ⁸.

1256 1284 1281 1311 2.
1305 1283 1454 1312 Possumus
1482 1283 1566 1311 etiam
1587 1282 1640 1311 alio
1669 1283 1750 1311 modo
1770 1283 1896 1320 accipere
1921 1283 2027 1320 praeci-

1176 1330 1280 1358 sionem
1302 1330 1366 1358 vitis
1390 1332 1517 1363 nostrae,
1549 1329 1730 1358 amantissimi
1761 1329 1864 1358 scilicet
1888 1329 1964 1364 Iesu,
1996 1333 2028 1359 ut

1175 1376 1268 1405 omnia
1288 1376 1322 1405 ab
1344 1384 1376 1405 eo
1391 1376 1516 1413 praecisa
1535 1376 1675 1411 dicamus,
1697 1376 1800 1413 quibus
1821 1376 1911 1405 caruit
1932 1376 1960 1405 in
1975 1377 2028 1406 hac

331 1602 338 1614 ¹
357 1602 413 1625 Cod.
435 1603 453 1624 H
477 1602 538 1625 Deus
562 1601 588 1624 (le
610 1602 668 1629 Deo,
696 1601 830 1631 uniqeniius
848 1601 931 1624 Filius.
949 1601 1053 1623 Subinde
1075 1606 1117 1628 pro

267 1641 476 1665 consubstantialis
493 1641 526 1669 ei,
544 1640 572 1664 cle
589 1647 634 1670 quo
652 1642 687 1664 est
702 1642 718 1663 F
735 1640 957 1668 consubstantialis,
976 1640 1003 1663 tle
1015 1646 1060 1670 quo
1073 1641 1118 1668 est,

268 1680 347 1709 Patri,
364 1687 407 1709 pro
424 1680 451 1703 (Ie
468 1686 514 1710 quo
532 1682 565 1703 est
582 1680 623 1702 AB
641 1684 662 1702 et
680 1680 717 1702 ed.
742 1680 746 1701 1
768 1679 796 1702 cle
813 1686 859 1709 quo
877 1679 970 1709 genitus
987 1680 1029 1702 est.

327 1719 336 1732 ²
354 1721 458 1748 August„
477 1720 497 1742 in
516 1721 577 1742 ioan.
596 1720 684 1747 Eraug.
707 1723 734 1741 tr.
753 1719 790 1741 80.
811 1726 833 1741 n.
858 1720 883 1747 2,
905 1724 1024 1747 exponens
1046 1717 1119 1740 verba

268 1759 318 1789 Epo
336 1765 391 1782 sam
408 1759 461 1782 'ritis‘
479 1765 535 1782 vera
553 1762 596 1781 etc.
614 1759 657 1781 ait:
676 1759 701 1781 Et
723 1759 743 1781 si
769 1757 871 1781 Verbum
894 1764 951 1781 caro
972 1758 1064 1787 factum
1086 1759 1119 1780 est

268 1798 340 1828 [toan.
361 1799 384 1825 i,
403 1798 463 1827 illul,
481 1798 545 1826 quod
562 1804 608 1820 non
625 1801 686 1825 erat,
704 1800 782 1820 manet
799 1798 863 1826 quod
880 1800 936 1820 erat.
953 1810 984 1813 —
1008 1796 1119 1824 Superius

268 1844 311 1866 pro
325 1837 438 1867 plantata.
454 1839 489 1860 est
506 1837 544 1866 (ita
562 1838 579 1859 Α
592 1836 696 1865 BCDF)
715 1837 752 1859 ed.
772 1837 778 1859 1
802 1840 823 1859 et
840 1837 895 1859 Bou.
910 1836 1036 1866 plantatus
1054 1837 1095 1859 est.

331 1876 339 1889 ³
358 1878 438 1899 Psalm.
459 1877 500 1904 st,
520 1877 560 1899 13:
580 1877 667 1899 Etenim
686 1877 797 1899 Dominus
817 1876 881 1899 dabit
903 1876 1081 1904 benignitatem,
1098 1878 1120 1897 et

267 1920 327 1939 terra
344 1920 420 1939 nostra
439 1916 504 1939 dabit
521 1918 621 1939 fructum
639 1922 717 1939 suum.
735 1916 777 1938 Pro
795 1916 842 1939 Deo
860 1915 930 1938 dante
954 1914 1120 1944 beniqnitatem

269 1957 312 1979 DE
330 1957 398 1979 lanta
415 1955 563 1985 beniqnitate.
583 1969 612 1971 —
629 1956 737 1984 Sequitur
755 1956 811 1978 Gen.
829 1956 854 1982 2,
873 1955 894 1977 5.
916 1962 978 1984 seq:
1001 1956 1027 1977 Et
1049 1957 1119 1977 homo

267 2002 315 2018 non
338 1998 397 2024 erat,
415 1996 455 2024 qui
473 1998 607 2023 operaretur
625 1998 722 2022 terram,
739 1995 781 2017 sed
799 1996 849 2017 sons
866 1994 1006 2017 ascendebat
1027 2000 1039 2016 e
1059 1997 1119 2016 terra

268 2035 367 2063 irrigans
390 2035 523 2057 universam
546 2034 694 2062 superficiem
717 2037 800 2056 terrae.
817 2033 875 2056 ibid.
891 2041 913 2056 v.
936 2034 973 2056 lO:
992 2035 1016 2056 Et
1034 2034 1119 2056 fluvius

268 2074 431 2102 egrediebatur
443 2074 471 2096 de
483 2075 533 2096 loco
547 2074 671 2102 voluptatis
683 2074 713 2096 ad
726 2074 870 2101 irrigandum
884 2074 1025 2101 paradisum.
1043 2073 1086 2095 Pro
1104 2079 1119 2095 a

266 2112 381 2143 paradiso
399 2114 417 2135 A
428 2114 443 2135 Β
461 2117 482 2135 et
499 2113 537 2135 ed.
559 2113 563 2135 Ι
586 2112 613 2135 de
626 2112 751 2142 paradiso.

330 2151 340 2163 ⁴
358 2152 411 2173 Luc.
434 2152 438 2173 1
452 2168 457 2178 ,
476 2152 512 2173 35.
532 2164 560 2167 —
579 2151 682 2173 Subinde
699 2151 810 2178 allegatur
822 2150 871 2173 lsai.
885 2150 926 2177 45,
940 2151 966 2179 8,
979 2151 1000 2172 in
1013 2156 1060 2179 quo
1077 2157 1119 2178 pro

268 2190 385 2220 gyerminet
400 2191 436 2212 ed.
459 2192 463 2212 1
486 2189 637 2219 qerminablt.
655 2202 686 2207 —
703 2190 746 2212 Pro
764 2189 821 2219 leqis
840 2190 895 2212 Bon.
913 2189 1007 2219 [coitur.

332 2228 340 2241 ⁵
357 2230 487 2257 Respicitur
503 2230 574 2257 Resp.
591 2230 640 2252 lect.
659 2230 680 2251 2.
699 2235 741 2257 pro
760 2230 816 2251 sesto
828 2230 851 2251 S.
865 2229 971 2251 Andreae
984 2229 1022 2257 (30
1038 2229 1117 2257 Nov.):

272 2277 282 2289 «
291 2268 403 2291 Aeternae
416 2269 476 2291 ritae
488 2272 581 2291 secutus
592 2272 625 2291 est
638 2267 761 2297 [Andreas]
777 2268 880 2296 praemia
896 2268 1032 2296 largientem
1043 2277 1064 2295 n,
1076 2268 1095 2290 D
1104 2269 1120 2290 E

267 2308 376 2337 fructum
394 2308 540 2338 largientem.⁴
558 2321 590 2324 —
607 2308 719 2336 Superius
742 2312 793 2336 post
811 2309 900 2337 Aperta
917 2309 953 2330 ed.
976 2308 981 2329 1
1004 2314 1057 2330 cum
1075 2308 1119 2330 ΑΒ

268 2348 416 2376 prosequitur
434 2348 518 2377 quippe
534 2347 579 2377 fait
592 2353 637 2377 per
654 2346 732 2377 fidem,
752 2346 849 2370 credens
868 2348 889 2370 et
905 2346 1012 2370 obediens
1030 2347 1119 2377 Anyelo

268 2386 457 2417 yerminaritque
474 2390 516 2409 etc.

331 2426 341 2438 ⁶
352 2426 426 2449 Codd.
438 2427 456 2449 Α
466 2427 482 2448 Β
494 2426 602 2449 omittunt
615 2425 679 2454 vitis,
691 2426 809 2453 nonnulli,
822 2428 846 2448 ut
858 2425 874 2449 C
883 2426 916 2453 H,
928 2426 1037 2448 omittunt
1049 2429 1119 2449 totam

268 2466 361 2494 capituli
380 2466 551 2493 inscriptionem
562 2483 568 2492 ,
585 2465 622 2488 ed.
644 2466 648 2487 1
671 2471 727 2487 vero
740 2465 804 2487 addit
815 2464 863 2488 sice
875 2464 903 2488 de
916 2465 989 2488 variis
1001 2465 1120 2495 ”materiis

268 2504 300 2527 ad
316 2506 405 2528 statum.
422 2504 593 2528 exinanitionis
611 2504 701 2527 Christi
716 2504 884 2534 spectantibus.

332 2543 340 2555 ⁷
357 2543 402 2567 Csr.
421 2545 476 2567 Luc.
493 2545 520 2573 2,
539 2545 575 2567 21.
592 2557 623 2560 —
641 2544 753 2572 Superius
770 2547 823 2571 post
834 2543 898 2573 quod
914 2544 933 2566 H
950 2544 1015 2567 addit
1027 2544 1051 2566 in
1065 2550 1120 2573 pro-

266 2583 342 2612 posito
360 2590 470 2607 rursum.

330 2621 339 2635 ³
358 2623 415 2645 Vide
435 2624 484 2645 lsai.
505 2623 546 2650 53,
565 2623 585 2645 li.
607 2629 668 2652 seq.:
690 2623 786 2645 Dolores
809 2626 900 2645 nostros
922 2623 972 2651 ipse
994 2624 1118 2651 portarit...

269 2663 318 2690 lpse
335 2665 412 2684 autem
436 2663 570 2685 vulneratus
590 2666 624 2685 est
645 2666 741 2690 propter
764 2662 895 2691 iniquitates
916 2665 1006 2685 nostras
1029 2666 1072 2685 etc.
1091 2676 1119 2678 —

269 2702 380 2729 Superius
406 2708 448 2730 pro
465 2701 588 2725 doloribus
606 2701 670 2725 illius
692 2701 734 2731 qui
754 2702 800 2724 GH
823 2700 945 2724 doloribus
968 2701 1032 2729 suis,
1055 2701 1119 2731 quia.

268 2740 341 2763 Codd.
358 2743 375 2763 Α
386 2741 414 2769 B,
432 2741 469 2763 ed.
490 2741 494 2763 1
518 2743 540 2763 et
556 2741 611 2763 Bou.
634 2743 713 2763 contra
731 2740 881 2763 CDEFGH
899 2741 963 2768 plura
978 2741 1014 2763 hic
1031 2741 1120 2763 addunt

268 2779 383 2806 legentes:
399 2779 554 2802 Circumcisus
571 2780 631 2801 euim
650 2780 691 2801 suit
708 2780 821 2802 Dominus
837 2782 915 2802 noster
932 2780 993 2801 lesus
1008 2779 1119 2806 Christus,

269 2824 314 2839 nou
331 2818 395 2846 quod
413 2819 455 2840 hac
473 2819 649 2841 circumc-islone,
671 2819 784 2846 indigeret
807 2818 835 2847 [A
847 2819 862 2841 Β
879 2824 901 2840 et
923 2818 959 2841 ecl.
985 2819 990 2840 l
1016 2818 1119 2848 eqeretL

268 2862 328 2884 quae
345 2856 367 2878 in
385 2856 485 2885 antiquis
503 2856 607 2879 Patribus
624 2857 716 2879 delebat
733 2857 844 2885 originale
861 2860 996 2886 peccatum,
1009 2857 1067 2879 sicut
1078 2856 1118 2879 ha-

268 2895 367 2923 ptismus
380 2895 401 2917 in
411 2895 486 2918 nobis.
498 2897 556 2918 Nihil
569 2897 629 2918 enim
642 2900 737 2924 peccato
749 2897 855 2924 originali
867 2903 908 2924 per
918 2897 1118 2925 concupiscentiae

269 2934 351 2956 vitium
368 2937 484 2957 contracto
502 2934 603 2957 debebat
618 2935 659 2964 qui
677 2935 717 2964 [ita
735 2937 751 2957 Α
762 2936 790 2962 Β;
808 2936 844 2958 ed.
861 2937 868 2957 i
886 2938 908 2958 et
920 2936 975 2958 Bon.
988 2935 1053 2965 quia]
1069 2936 1118 2958 sine

269 2973 331 2995 omni
349 2974 533 3001 eoncupiscentia
546 2974 630 2996 carnali
643 2977 768 3002 conceptus
780 2977 840 3001 erat;
853 2975 894 2997 sed
905 2981 934 2997 ne
946 2975 1033 3002 legem,
1045 2980 1116 3003 quarn

267 3011 319 3039 ipse
335 3011 442 3040 dederat,
460 3012 551 3034 solvere
568 3012 693 3035 videretur.
711 3025 742 3029 --
759 3013 872 3035 moraliter
889 3019 945 3035 vero
969 3013 1056 3035 docens
1078 3019 1120 3035 nos

1176 1603 1284 1627 oportere
1301 1599 1357 1629 [AB
1374 1600 1481 1622 omittunt
1503 1599 1621 1629 oportere]
1639 1606 1683 1621 non
1707 1605 1778 1627 aegre
1800 1600 1872 1626 serre,
1893 1600 1912 1622 si
1934 1600 2028 1628 quando

1176 1646 1264 1667 poenas
1286 1639 1373 1667 peccati
1391 1639 1504 1667 patimur,
1522 1639 1586 1667 quod
1607 1639 1630 1660 in
1653 1638 1826 1666 nobismetipsis
1849 1645 1894 1661 nou
1915 1645 2029 1667 recogno-

1175 1678 1275 1705 scimus,
1292 1684 1345 1700 cum
1364 1679 1413 1706 ipse
1431 1680 1581 1706 peccatorum
1599 1682 1711 1706 purgator
1733 1684 1775 1700 non
1799 1678 1866 1700 ruerit
1888 1678 2028 1706 dedignatus

1177 1724 1219 1746 pro
1237 1717 1304 1740 nobis
1321 1717 1399 1740 subire
1419 1717 1550 1740 remedium
1572 1720 1728 1745 peccatorum.
1749 1717 1900 1739 Consolernur
1922 1724 1979 1746 ergo
2001 1717 2029 1747 [A

1176 1758 1192 1779 B
1211 1756 1422 1786 Consolemurqne]
1439 1757 1531 1779 dolores
1548 1760 1650 1783 nostros,
1667 1757 1708 1785 qui
1732 1762 1881 1785 nequaquam
1904 1757 1952 1779 sine
1974 1763 2029 1784 pee-

1176 1798 1227 1817 cato
1244 1801 1338 1823 sumus,
1355 1794 1475 1817 doloribus
1493 1795 1551 1817 illius
1573 1795 1613 1823 qui
1638 1801 1683 1817 non
1706 1801 1749 1822 pro
1772 1801 1809 1821 se,
1831 1794 1872 1817 sed
1895 1801 1937 1823 pro
1961 1794 2029 1818 nobis

1177 1835 1249 1857 doluit
1266 1838 1288 1857 et
1304 1836 1440 1857 vulneratus
1457 1837 1503 1861 est,
1520 1841 1566 1856 uon
1585 1841 1627 1862 pro
1645 1840 1682 1861 se,
1700 1834 1741 1857 sed
1758 1837 1783 1856 ut
1794 1835 1878 1857 nostris
1889 1834 2026 1857 vulneribus

1177 1874 1316 1897 mederetur.
1330 1874 1400 1901 Vide,
1413 1876 1525 1902 quantum
1543 1874 1572 1895 ud
1589 1873 1751 1901 suscipiendos
1765 1874 1856 1896 dolores
1874 1873 1902 1903 [A
1912 1874 1928 1896 Β
1940 1874 2029 1897 addunt

1178 1913 1284 1943 nostros]
1303 1914 1428 1940 festinavit,
1446 1919 1517 1942 quam
1535 1915 1630 1941 paratus
1647 1916 1669 1935 et
1691 1915 1814 1941 promptus
1837 1914 1975 1941 sanguinem
1997 1913 2028 1943 [A

1177 1954 1193 1975 B
1210 1953 1299 1976 addunt
1314 1959 1360 1982 pro
1379 1952 1456 1982 uobis]
1474 1953 1606 1979 effundere,
1623 1952 1774 1975 circumcisus
1791 1958 1834 1980 pro
1851 1952 1918 1975 nobis
1935 1952 1972 1975 die
1989 1958 2030 1975 na-

1177 1992 1270 2015 tivitatis
1286 1998 1344 2015 suae
1361 1996 1451 2014 octavo.
1469 1991 1559 2014 Utinam
1578 1998 1621 2014 uos
1638 1992 1717 2014 saltem
1741 1994 1763 2014 et
1785 1997 1846 2013 anno
1866 1994 1949 2014 octavo
1971 1997 2029 2014 non-

1177 2032 1231 2054 nihil
1250 2031 1303 2061 [AB
1320 2037 1364 2054 rios
1381 2030 1474 2061 aliquid
1490 2030 1574 2054 saltem
1592 2037 1656 2053 anno
1674 2030 1765 2060 octavo]
1784 2036 1826 2058 pro
1844 2031 1943 2053 Domino
1964 2034 2029 2059 pate-

1176 2073 1267 2094 remur!
1286 2070 1331 2093 Sed
1349 2070 1405 2099 quid
1423 2070 1539 2093 dicimus?
1557 2076 1610 2092 cum
1629 2071 1707 2098 plures
1725 2070 1871 2093 inveniamus
1888 2071 1957 2093 etiam
1974 2073 2027 2099 post

1134 2110 1139 2115 '
1176 2114 1227 2133 octo
1245 2116 1318 2132 annos
1335 2110 1483 2137 decuplatos,
1501 2110 1523 2132 id
1541 2112 1575 2132 est
1592 2113 1643 2137 post
1662 2109 1701 2139 [ita
1722 2110 1777 2136 AB,
1799 2110 1836 2132 ed.
1860 2111 1864 2131 1
1886 2112 1907 2132 et
1924 2110 1982 2132 Bon.
2007 2111 2030 2133 et

1172 2151 1229 2178 post
1244 2151 1294 2172 octo
1309 2148 1445 2178 plantatos,
1465 2148 1500 2171 vel
1513 2148 1579 2178 post]
1597 2148 1714 2176 octoginta
1733 2155 1817 2175 annos,
1829 2154 1882 2171 cum
1895 2149 2028 2171 naturaliter

1176 2189 1276 2216 amplius
1293 2189 1336 2210 erit
1353 2194 1437 2211 eorum
1455 2187 1522 2211 labor
1539 2189 1560 2210 et
1577 2187 1646 2210 dolor
1664 2187 1710 2216 [ΡΞ.
1727 2188 1770 2214 89,
1787 2187 1844 2217 10.],
1857 2194 1898 2210 nec
1911 2188 2028 2210 voluntate

1176 2228 1257 2250 saltem
1274 2227 1304 2250 ad
1317 2227 1441 2250 Dominum
1453 2226 1568 2255 converti,
1581 2232 1622 2249 nec
1636 2230 1681 2248 tam
1694 2230 1785 2249 mature
1797 2226 1897 2255 impensi
1909 2227 2029 2255 sanguinis

1177 2267 1271 2295 pretiosi
1290 2273 1418 2293 memores,
1435 2266 1524 2289 tamdiu
1550 2266 1645 2288 vanitati
1668 2265 1796 2288 subiectam
1818 2266 1936 2294 corrigere
1956 2266 2029 2288 vitam

1178 2306 1231 2336 [ΑΒ
1248 2305 1376 2335 rependere
1395 2305 1558 2334 voluntatem}
1576 2305 1637 2333 Quid
1659 2305 1781 2327 miserius?
1799 2304 1903 2328 Christus
1920 2308 2027 2328 octavam

1177 2347 1239 2369 diem
1258 2352 1270 2368 a
1288 2346 1407 2368 nativitate
1424 2351 1465 2367 sua
1478 2345 1515 2367 rix
1527 2348 1655 2373 exspectat,
1669 2348 1692 2367 ut
1704 2351 1773 2367 suum
1787 2344 1825 2367 tibi
1837 2345 1974 2373 sanguinem
1988 2345 2028 2367 im-

1177 2385 1278 2413 pendere
1296 2385 1401 2413 incipiat,
1419 2388 1441 2407 tu
1462 2387 1513 2412 post
1530 2390 1576 2406 nou
1590 2384 1641 2406 dico
1654 2387 1706 2406 octo
1718 2384 1781 2411 dies,
1793 2384 1834 2407 sed
1846 2391 1889 2407 nec
1901 2387 1953 2412 post
1965 2387 2028 2407 octo-

1178 2425 1239 2453 ginta
1257 2431 1362 2451 menses,
1381 2425 1452 2447 immo
1477 2428 1499 2446 et
1523 2424 1637 2452 octogInta
1664 2430 1736 2446 annos
1757 2424 1829 2446 solam
1853 2430 1898 2446 non
1918 2424 2028 2452 repondis

1177 2464 1336 2486 voluntatem?
1347 2464 1383 2486 llle
1394 2464 1420 2493 [Α
1431 2464 1447 2486 Β
1458 2463 1574 2492 Christus]
1587 2463 1625 2485 vix
1637 2466 1705 2485 natus
1716 2463 1853 2490 sanguinem
1866 2462 1907 2485 tibi
1918 2463 2027 2490 effundit,

1177 2507 1200 2526 tu
1226 2504 1271 2526 iam
1298 2504 1424 2526 moriturus
1440 2504 1583 2526 voluntatem
1608 2506 1670 2525 tuam
1693 2503 1722 2525 illi
1741 2502 1775 2531 [ex
1798 2502 1843 2524 ΑΒ
1866 2502 2028 2530 supplevimus

1177 2543 1220 2572 illi]
1239 2549 1284 2566 non
1302 2543 1421 2565 refundis?
1439 2543 1515 2564 Bonus
1532 2542 1635 2569 profecto
1654 2542 1727 2567 lesus,
1748 2541 1787 2569 qui
1809 2541 1878 2563 etiam
1901 2541 1922 2563 in
1944 2543 2027 2570 quarta

1176 2583 1255 2610 vigilia
1268 2583 1398 2604 venientem
1411 2587 1505 2604 servum
1518 2581 1614 2608 suscipit
1624 2581 1779 2608 poemtentem
1793 2580 1841 2609 [cfr.
1853 2580 1909 2602 Luc.
1923 2581 1959 2607 12,
1972 2580 2027 2609 38.].

1178 2621 1264 2644 Dedisti
1280 2621 1352 2644 robur
1369 2627 1482 2643 annorum
1500 2620 1634 2642 iuvenilium
1653 2619 1712 2642 hosti
1732 2619 1822 2641 Christi.
1840 2618 1928 2641 Christo
1946 2619 2026 2641 saltem

1178 2661 1204 2690 [Α
1215 2661 1231 2683 Β
1243 2661 1331 2683 addunt
1340 2659 1471 2690 postremo]
1484 2659 1663 2682 misericorditer
1675 2658 1814 2686 exspectanti
1826 2658 1941 2680 infirmam
1952 2657 2028 2680 tribue

1176 2701 1330 2726 voluntatem,
1347 2706 1390 2722 uec
1407 2699 1511 2726 dubites,
1529 2699 1585 2727 quin
1603 2698 1662 2720 illam
1680 2697 1784 2726 accipiat.
1801 2698 1865 2721 Puer
1882 2697 1944 2720 enim
1955 2699 2027 2721 natus

1176 2741 1210 2762 est
1226 2738 1293 2762 nobis
1311 2739 1369 2768 [lsai.
1387 2739 1413 2765 9,
1431 2738 1475 2767 6.],
1493 2741 1517 2760 ut
1535 2737 1638 2765 parvulis
1656 2737 1800 2759 munusculis
1817 2736 1958 2765 consoletur,
1972 2736 2027 2765 quia

1176 2785 1275 2806 parvum
1294 2784 1365 2806 parva
1384 2778 1472 2800 decent.
1491 2777 1579 2805 Quodsi
1596 2776 1660 2805 quod
1678 2776 1730 2805 [AB
1754 2775 1782 2799 Si
1803 2777 1883 2799 tamen
1903 2775 2026 2805 quidquid]

1175 2819 1243 2841 offers
1260 2824 1359 2845 parvum
1377 2823 1423 2839 non
1442 2816 1509 2839 suerit
1527 2816 1579 2845 [AB
1594 2821 1700 2845 parvam
1717 2815 1769 2844 sit],
1787 2815 1810 2837 id
1822 2817 1857 2837 est
1874 2814 1972 2842 humile,
1984 2820 2027 2842 per

1177 2858 1220 2879 hoc
1238 2857 1314 2885 ipsum
1333 2855 1389 2886 [AB
1407 2855 1514 2885 alioquin
1528 2861 1572 2884 per
1590 2854 1677 2884 ipsum]
1695 2854 1724 2876 ad
1747 2854 1823 2882 ipsum
1840 2854 1950 2876 humilem
1969 2853 2026 2883 [AB

1176 2896 1285 2918 omittunt
1302 2894 1428 2924 immilem]
1446 2895 1529 2917 intrare
1546 2900 1594 2916 uon
1612 2894 1710 2922 poteris,
1734 2893 1774 2922 qui
1799 2893 1828 2915 de
1850 2899 1875 2915 se
1898 2892 1952 2915 dicit
1969 2892 1999 2922 [A
2010 2893 2026 2914 Β

1177 2934 1246 2958 (livit.
1262 2936 1323 2957 loan.
1342 2935 1383 2962 110,
1401 2934 1445 2963 9.]:
1463 2934 1513 2963 Epo
1530 2940 1585 2957 sum
1603 2933 1698 2956 ostium.
1716 2934 1741 2956 Et
1758 2932 1812 2955 alibi
1830 2932 1916 2962 [Mattli.
1933 2933 1969 2958 11,
1988 2932 2025 2954 282

1177 2973 1247 3002 seq.]:
1269 2973 1347 2996 Venite
1364 2973 1396 2996 acl
1411 2979 1460 3001 me,
1478 2978 1571 3001 omnes,
1590 2974 1612 2996 et
1628 2972 1708 2996 discite
1724 2979 1740 2995 a
1756 2978 1805 3000 me,
1818 2971 1875 3001 quia
1891 2971 1954 2994 mit&
1971 2977 2026 2994 sum

1177 3013 1200 3035 et
1214 3011 1312 3035 humilis
1329 3011 1406 3035 corde.

2050 719 2077 739 De
2088 725 2117 741 sac
2122 723 2133 744 {0

2042 739 2133 792 {aiat

2038 1295 2066 1314 De
2072 1299 2115 1319 prae
2123 1301 2133 1316 ο

2037 1323 2062 1338 ne
2072 1318 2132 1343 spiriti
