2133 3317
12 1091 43 1120 im
45 1105 60 1119 Ι“·

458 200 657 230 OPUSCULUM
678 198 766 227 xxm.
788 198 938 227 LEGENDA
960 198 1074 227 SANCTI
1095 197 1268 226 FRANCISCI.
1290 197 1358 226 CAP.
1381 197 1421 225 [V.

70 282 103 311 de
117 280 257 317 lampade,
273 288 344 317 quae
358 287 450 308 coram
466 278 585 315 Virginis
599 277 712 306 ardebat
726 277 821 310 altari,
837 284 910 305 com-

70 326 201 360 miscenS,
223 326 301 363 quasi
324 325 460 362 quoddam
476 323 657 352 electuarium
673 331 722 359 per
737 330 835 350 manus
850 322 911 350 Fra-

71 376 143 402 trum
163 372 312 400 infirmanti
329 371 493 404 transmisit,
508 370 616 399 dicens:
636 381 649 394 α
664 369 822 398 Medicinam
839 369 910 397 hanc

69 420 147 449 fratri
168 422 263 447 nostro
283 418 387 447 deferte
407 417 523 450 Morico,
545 425 601 453 qua
621 416 711 452 ipsum
734 415 835 443 Christi
855 415 912 443 vir-

70 469 115 495 tus
135 474 189 494 nou
210 465 299 493 solum
322 464 418 501 plenae
432 464 540 492 sanitati
556 463 699 495 restituet,
714 469 812 490 verum
827 461 909 489 etiam

70 513 214 542 robustum
236 511 394 540 bellatorem
416 510 559 543 effectum,
584 509 651 538 aciei
680 512 789 537 nostrae
818 515 911 544 perse-

70 561 196 588 veranter
210 558 340 594 adiunget
354 569 381 584 ».
396 557 492 585 Statim
507 560 612 590 autem,
629 558 659 584 ut
673 555 827 584 antidotum
843 554 910 582 illud

70 605 155 634 sancti
176 604 295 641 Spiritus
315 603 508 632 adinventione
535 603 689 631 confectum
717 609 799 638 aeger
829 601 912 629 homo

28 660 38 677 z
71 651 204 689 gustavit,
226 658 310 679 sanus
330 657 501 686 exsurgens,
523 652 630 677 tantum
653 648 752 676 mentis
772 651 800 676 et
814 655 912 684 corpo-

33 694 35 698 '
71 696 109 725 ris
129 704 146 724 a
165 696 221 724 Deo
242 696 364 732 vigorem
385 695 520 729 obtinuit,
541 698 573 723 ut
594 694 676 731 paulo
696 696 758 730 post
779 693 830 722 viri
850 701 912 721 san-

71 743 106 772 cti
121 742 286 779 Religionem
307 742 464 779 ingressus,
485 744 512 770 et
534 741 614 770 unica
632 744 739 769 tantum
754 740 912 777 operiretur

71 790 209 823 tumenta,
231 789 283 818 sub
304 797 360 826 qua
381 789 461 825 longo
489 791 613 825 tempore
642 788 753 816 loricam
785 787 913 824 portabat

71 836 104 865 ad
124 844 251 870 carnem,
273 839 300 864 et
320 835 414 864 crudis
434 835 580 863 dumtaxat
601 834 728 867 cibariis,
758 833 851 862 herbis
873 834 912 862 vi-

71 883 176 917 delicet,
190 882 375 919 leguminibus
389 882 582 918 fructibusque
597 884 751 914 contentus,
768 888 817 917 per
832 881 913 917 plura

72 932 227 966 temporum
249 929 337 957 lustra
357 936 408 957 nec
435 936 534 965 panem
564 931 689 964 gustaret
721 935 771 956 nec
801 927 912 961 vinum,

70 976 148 1005 fortis
169 978 258 1004 tamen
280 979 307 1004 et
327 975 472 1004 incolumis
494 982 672 1011 perseverans
685 974 703 1002 ¹.

149 1024 175 1050 9.
197 1021 390 1051 Crescentibus
408 1029 520 1058 quoque
534 1021 670 1049 virtutum
686 1021 793 1049 meritis
807 1021 833 1049 in
850 1029 913 1057 par-

55 1069 142 1098 ·vulis
162 1069 279 1102 Christi,
311 1068 379 1097 odor
409 1068 544 1105 opinionis
575 1067 662 1096 bonae
693 1068 913 1104 circumquaque

71 1115 188 1144 diffusus
208 1115 242 1144 ad
263 1115 446 1152 praesentiam
467 1114 553 1143 sancti
576 1114 662 1142 Patris
683 1114 827 1143 videndam
852 1114 913 1151 plu-

73 1162 156 1191 rimos
176 1170 191 1191 e
218 1162 335 1190 diversis
363 1161 456 1189 mundi
489 1161 614 1198 partibus
644 1161 808 1190 attrahebat.
842 1162 914 1190 Inter

72 1216 142 1246 quos
162 1208 273 1245 quidam
296 1208 478 1237 saecularium
500 1208 659 1236 cantionum
677 1208 804 1236 curiosus
820 1208 914 1237 inven-

72 1258 125 1289 tor,
146 1254 194 1291 qui
214 1255 249 1283 ab
270 1254 458 1291 imperatore2
479 1257 593 1290 propter
616 1254 667 1283 hoc
688 1254 779 1283 fuerat
800 1263 914 1283 corona-

73 1306 118 1331 tus
138 1305 165 1330 et
184 1301 246 1330 inde
272 1313 285 1326 α
301 1309 352 1330 rex
376 1309 506 1329 versuum
522 1313 535 1326 n
558 1301 663 1335 dictus,
680 1301 771 1329 virum
787 1302 833 1330 Dei
850 1310 914 1330 con-

72 1351 234 1385 temptorem
249 1348 430 1376 mundialium
445 1347 520 1376 adire
536 1348 687 1384 proposuit.
704 1348 829 1385 Cumque
841 1349 914 1385 apud

74 1398 195 1424 castrum
217 1394 302 1423 sancti
326 1394 470 1422 Severini⁵
492 1402 556 1422 eum
577 1394 780 1431 praedicantem
795 1395 914 1432 reperis-

73 1444 114 1470 set
133 1441 160 1470 in
186 1441 349 1470 Monasterio
370 1440 504 1477 quodam,
526 1440 597 1469 facta
617 1449 700 1469 manu
730 1442 837 1470 Domini
867 1450 914 1470 su-

73 1495 122 1525 per
142 1496 186 1522 se,
209 1488 275 1516 vidit
296 1487 413 1516 eundem
442 1488 533 1516 crucis
563 1487 664 1516 Christi
698 1488 913 1524 praedicatorem

72 1534 247 1563 Franciscum
267 1534 377 1563 duobus
399 1534 563 1563 transversis
584 1534 697 1563 ensibus
716 1534 794 1563 valde
808 1535 915 1572 fulgen—

73 1581 147 1610 tibus
167 1581 195 1609 in
217 1581 329 1609 modum
351 1581 443 1610 crucis
470 1581 624 1617 signatum,
653 1589 773 1618 quorum
801 1589 875 1610 unus
900 1590 916 1610 a

73 1627 160 1665 capite
180 1627 213 1656 ad
235 1628 333 1664 pedes,
354 1628 425 1656 alius
445 1636 461 1656 a
482 1636 568 1656 manu
583 1628 609 1656 in
626 1636 738 1656 manum
755 1636 804 1665 per
819 1631 915 1665 pectus

73 1674 293 1703 transversaliter
314 1674 486 1703 tendebatur.
509 1675 567 1703 Non
588 1678 703 1703 noverat
721 1675 789 1703 facie
803 1683 914 1704 servum

73 1721 189 1755 Christi,
210 1721 258 1750 sed
279 1724 354 1750 tanto
375 1724 559 1750 monstratum
581 1722 715 1750 miraculo
737 1729 803 1750 mox
831 1730 914 1759 agno-

74 1767 120 1797 vit.
143 1768 238 1797 Subito
258 1768 429 1805 stupefactus
449 1768 483 1797 ad
515 1769 621 1803 visum,
653 1768 771 1805 incipit*
802 1769 917 1797 meliora

74 1823 243 1852 proponere,
264 1815 430 1852 tandemque
452 1815 603 1844 verborum
625 1815 711 1852 ipsius
733 1819 917 1852 compunctus

29 1869 32 1873 ’
75 1861 193 1896 virtute,
214 1864 345 1899 tanquam
367 1862 389 1890 si
409 1865 482 1890 esset
502 1861 591 1899 gladio
612 1861 727 1898 spiritus
742 1870 778 1891 ex
794 1862 853 1891 eius
868 1870 916 1890 ore

30 1901 31 1906 ¹
75 1908 238 1945 procedente
259 1908 427 1943 transfixus,
453 1909 643 1937 saecularibus
670 1909 778 1945 pompis
805 1909 916 1937 omnino

76 1955 252 1992 contemptis,
273 1955 353 1984 beato
375 1955 445 1984 Patri
467 1955 636 1992 professione
657 1955 786 1984 cohaesit.
803 1955 917 1992 Propter

76 2002 148 2039 quod
171 2002 264 2031 videns
284 2003 376 2039 ipsum
397 2002 440 2031 vir
460 2005 572 2031 sanctus
592 2002 627 2031 ab
647 2002 838 2039 inquietudine
859 2010 917 2031 sae-

77 2049 130 2078 culi
151 2049 185 2078 ad
206 2049 306 2078 Christi
329 2057 424 2086 pacem
445 2049 565 2086 perfecte
593 2057 774 2083 conversum,
803 2049 916 2078 fratrem

35 2111 39 2115 ·
76 2095 221 2124 Pacificum
241 2095 396 2132 appellavit.
418 2096 465 2124 Hic
486 2095 661 2132 postmodum
683 2096 710 2124 in
729 2095 801 2124 omni
818 2095 918 2124 sancti-

77 2145 131 2171 tate
145 2142 306 2179 proficiens‚
320 2145 467 2180 antequam
482 2142 562 2171 fieret
575 2142 697 2171 Minister
712 2142 739 2171 in
754 2142 867 2170 Francia
880 2159 918 2162 —

77 2188 211 2226 siquidem
242 2189 348 2226 primus
378 2189 479 2218 ibidem
509 2189 653 2218 ministerii
685 2189 769 2226 gessit
796 2189 918 2217 officium

77 2251 114 2257 -
136 2236 238 2265 meruit
257 2236 356 2265 iterato
377 2244 507 2273 magnum
530 2236 598 2264 thau
619 2236 648 2264 in
668 2236 759 2264 fronte
782 2236 917 2264 Francisci

79 2282 186 2317 videre,
208 2283 282 2320 quod
302 2283 427 2312 colorum
458 2283 590 2311 varietate
620 2283 796 2317 distinctum,
822 2282 918 2311 faciem

15 2317 42 2360 ὀἵ
79 2328 165 2365 ipsius
186 2329 256 2358 miro
270 2329 434 2358 venustabat
447 2332 556 2358 ornatu.
572 2346 610 2350 -—
624 2330 677 2358 Hoc
692 2329 795 2366 quippe
809 2329 918 2366 signum

1753 197 1808 225 515

968 275 1010 304 vir
1036 278 1148 304 sanctus
1176 284 1273 312 magno
1305 275 1489 304 venerabatur
1521 275 1636 309 ass'ectu,
1668 275 1805 311 frequenti

967 322 1176 350 commendabat
1197 322 1306 359 eloquio
1327 325 1354 350 et
1375 322 1401 350 in
1423 322 1462 350 eis
1483 330 1552 359 quas
1572 322 1707 358 dirigebat
1737 321 1807 350 litte-

968 369 1037 397 rulis
1057 377 1141 397 manu
1163 369 1275 405 propria
1296 369 1501 402 subscribebat,
1524 372 1652 406 tanquam
1679 369 1700 397 si
1729 377 1809 398 omne

968 415 1054 452 ipsius
1075 415 1198 444 studium
1219 416 1289 444 foret
1308 416 1429 453 siynare
1444 415 1514 444 thau
1533 416 1612 444 iuxta
1625 416 1729 445 dictum
1745 425 1808 453 pro-

968 462 1108 498 pheticum
1120 462 1131 479 ⁵
1152 470 1241 498 super
1258 461 1369 498 frontes
1385 463 1517 491 virorum
1530 463 1705 500 gementium
1719 467 1745 492 ec
1758 463 1807 491 do-

969 508 1103 542 lentium,
1125 508 1158 536 ad
1180 508 1320 537 Christum
1343 509 1430 537 Iesum
1453 510 1587 538 veraciter
1601 517 1807 538 conversorum.

1050 555 1092 582 lO.
1116 555 1245 583 Processu
1267 563 1378 592 quoque
1400 556 1531 592 temporis
1553 556 1741 593 multiplicatis
1755 557 1808 585 iam

969 601 1126 635 Fratribus,
1148 602 1237 638 coepit
1257 610 1303 630 eos
1325 605 1417 638 pastor
1436 603 1569 631 sollicitus
1583 603 1609 631 in
1626 603 1684 631 loco
1699 607 1807 633 sanctae

969 648 1069 676 Mariae
1089 649 1122 677 de
1145 649 1320 677 Portiuncula
1340 649 1373 677 ad
1395 650 1521 686 generale
1539 650 1694 686 Capitulum
1710 658 1810 679 convo-

969 703 1048 728 care,
1064 698 1095 723 ut
1113 695 1139 723 in
1154 694 1287 732 fimz'oulo
1302 696 1517 724 distributionis
1530 696 1648 725 divinae
1658 697 1669 714 ⁶
1685 697 1715 725 in
1730 701 1811 726 terret

967 741 1154 778 paupertatis
1175 750 1270 770 eorum
1300 742 1451 778 unicuique
1475 743 1611 771 tribueret
1641 744 1810 773 obedientiae

970 788 1138 825 portionem;
1154 788 1215 822 ubi,
1231 788 1292 816 licet
1306 789 1430 817 omnium
1446 790 1663 818 necessariorum
1680 794 1751 819 esset
1765 798 1812 827 pe-

970 835 1066 868 nuria,
1088 835 1271 872 Fratrumque
1299 835 1446 863 multitudo
1467 836 1542 864 ultra
1572 836 1695 873 quinque
1726 837 1810 865 millia
1824 840 1956 882 3111199ὲῇῒὲ-

970 881 1129 909 conveniret
1149 881 1311 917 aliquando,
1333 881 1425 910 divina
1456 885 1546 910 minen
1577 882 1728 919 opitulante
1756 884 1810 912 cle-

971 928 1086 961 mentia,
1108 931 1135 956 ct
1156 928 1245 956 victus
1265 928 1428 957 sufficientia
1450 929 1578 962 suberat,
1594 933 1621 957 et
1635 930 1709 958 salus
1724 931 1808 959 comi-

971 974 1080 1003 tabatur
1102 983 1249 1011 corporea,
1271 979 1297 1003 et
1318 976 1469 1012 spiritualis
1490 976 1645 1005 iucunditas
1670 977 1808 1006 affluebat.

970 1021 1102 1057 Capitulis
1122 1030 1188 1049 vero
1210 1022 1438 1058 provincialibus,
1461 1022 1524 1059 quia
1546 1023 1716 1059 corporalem
1732 1031 1811 1060 prae-

971 1068 1085 1096 sentiam
1108 1068 1241 1097 exhibere
1263 1077 1316 1097 non
1338 1072 1460 1105 poterat,
1482 1077 1531 1106 per
1552 1070 1695 1098 sollicitam
1714 1078 1810 1099 curam

971 1114 1128 1151 regiminis,
1149 1115 1304 1143 instantiam
1327 1115 1416 1151 precis
1437 1118 1464 1144 et
1483 1115 1629 1144 efficaciam
1646 1117 1811 1146 benedictio-

971 1161 1013 1189 nis
1034 1161 1132 1198 spiritu
1155 1170 1285 1198 praesens
1306 1165 1380 1196 erat,
1402 1163 1529 1199 quamvis
1549 1163 1711 1200 aliquando,
1740 1165 1810 1192 mira

972 1208 1018 1236 Dei
1051 1208 1165 1237 faciente
1196 1209 1314 1242 virtute,
1340 1209 1483 1238 visibiliter
1504 1214 1658 1247 appareret.
1682 1228 1716 1231 —
1738 1211 1810 1240 Dum

972 1254 1044 1283 enim
1065 1255 1192 1292 egregius
1213 1256 1392 1292 praedicator,
1414 1256 1460 1293 qui
1483 1260 1509 1285 et
1528 1265 1601 1285 nunc
1615 1257 1716 1286 Christi
1731 1266 1811 1295 prae-

972 1301 1063 1330 clarus
1081 1302 1229 1335 confessor,
1244 1302 1375 1331 Antonius
1390 1303 1423 1331 de
1439 1303 1518 1332 titulo
1532 1304 1638 1332 crucis:
1654 1305 1735 1332 lesus
1751 1304 1812 1333 Na-

972 1357 1119 1381 zarenus,
1148 1357 1199 1376 rea:
1228 1349 1443 1383 Jaclaeornnfl,
1465 1350 1491 1378 in
1514 1350 1662 1379 Arelatensi
1687 1351 1811 1388 Capitulo

972 1395 1114 1423 Fratribus
1134 1395 1320 1432 praedicaret,
1342 1396 1453 1433 quidam
1474 1397 1568 1425 Frater
1596 1398 1727 1434 probatae
1755 1398 1810 1426 vir-

973 1441 1055 1475 tutis,
1078 1442 1218 1470 Monaldus
1239 1443 1363 1476 nomine,
1384 1443 1418 1471 ad
1445 1443 1546 1472 ostium
1574 1443 1690 1480 Capituli
1719 1445 1811 1473 divina

972 1489 1182 1517 commonitione
1203 1489 1367 1525 respiciens,
1390 1489 1457 1518 vidit
1477 1490 1617 1527 corporeis
1638 1491 1725 1519 oculis
1747 1491 1811 1520 bea-

973 1538 1032 1564 tum
1053 1535 1227 1564 Franciscum
1249 1536 1275 1564 in
1297 1537 1360 1565 aere
1382 1536 1571 1571 sublevatum,
1593 1538 1715 1567 extensis
1738 1538 1812 1567 velut

973 1582 1000 1610 in
1021 1590 1104 1611 cruce
1125 1583 1267 1616 manibus,
1289 1583 1494 1612 benedicentem
1515 1584 1631 1613 Fratres.
1647 1585 1731 1613 Tanta
1746 1593 1812 1614 vero

972 1631 1000 1658 et
1020 1632 1075 1657 tam
1096 1629 1204 1657 insolita
1225 1630 1333 1658 Fratres
1359 1638 1455 1659 omnes
1486 1631 1669 1660 consolatione
1700 1631 1814 1668 spiritus

972 1676 1092 1713 repletos
1113 1684 1141 1704 se
1162 1676 1245 1704 fuisse
1266 1679 1427 1710 senserunt,
1449 1679 1481 1705 ut
1500 1676 1534 1705 de
1559 1685 1625 1706 vera
1652 1678 1738 1706 sancti
1767 1678 1813 1707 Pa-

973 1723 1024 1752 tris
1045 1723 1199 1760 praesentia
1219 1726 1326 1751 certum
1347 1723 1386 1752 eis
1407 1723 1479 1752 intra
1500 1731 1529 1752 se
1550 1724 1668 1761 Spiritus
1690 1725 1812 1754 testimo-

973 1770 1051 1798 nium
1072 1770 1246 1806 perhiberet,
1269 1770 1331 1798 licet
1351 1770 1525 1806 postmodum
1548 1770 1573 1799 id
1589 1779 1642 1799 non
1659 1771 1747 1800 solum
1763 1780 1812 1809 per

973 1815 1110 1844 evidentia
1130 1816 1221 1853 signa,
1243 1824 1341 1845 verum
1362 1816 1443 1845 etiam
1465 1824 1514 1853 per
1528 1817 1650 1846 eiusdem
1666 1819 1751 1847 sancti
1768 1819 1814 1847 Pa-

975 1862 1024 1891 tris
1045 1862 1130 1891 verba
1156 1862 1288 1891 exteriori
1320 1862 1404 1891 fuerit
1431 1864 1603 1892 attestatione
1630 1868 1812 1901 compertum.

973 1909 1145 1938 Credendum
1167 1917 1248 1943 sane,
1270 1909 1343 1946 quod
1364 1910 1536 1946 omnipotens
1557 1911 1604 1939 Dei
1619 1911 1724 1946 virtus,
1743 1919 1814 1949 quae

974 1956 1163 1990 Ambrosium,
1184 1964 1294 1985 sacrum
1315 1957 1479 1991 antistitem,
1501 1958 1675 1987 tumulationi
1703 1959 1813 1996 gloriosi

974 2003 1108 2032 concessit
1128 2003 1260 2032 interesse
1282 2003 1404 2037 Martini,
1426 2007 1457 2032 ut
1484 2004 1561 2041 pium
1589 2005 1744 2041 pontificem
1770 2005 1814 2042 pio

975 2053 1156 2078 veneraretur
1177 2050 1266 2078 officio
1277 2050 1297 2084 ⁸,
1319 2050 1399 2078 etiam
1415 2058 1527 2079 servum
1542 2059 1623 2079 suum
1639 2052 1813 2081 Franciscum

975 2095 1168 2132 praedicationi
1191 2097 1375 2133 praesentavit
1397 2097 1501 2125 veracis
1522 2097 1564 2125 sui
1593 2098 1735 2134 praeconis
1763 2099 1815 2127 An-

976 2142 1057 2176 tonii,
1079 2145 1110 2171 ut
1130 2143 1297 2179 approbaret
1314 2143 1437 2172 veritatis
1451 2144 1574 2180 eloquia,
1590 2145 1738 2182 praecipue
1752 2153 1816 2174 cru-

976 2189 1016 2217 cis
1036 2188 1153 2223 Christi,
1175 2189 1255 2218 cuius
1275 2192 1335 2218 erat
1355 2192 1382 2218 et
1403 2190 1512 2219 baiulus
1533 2193 1560 2219 et
1580 2191 1713 2220 minister.

1057 2236 1100 2263 11.
1119 2235 1186 2264 Cum
1201 2238 1303 2269 autem,
1318 2236 1430 2265 dilatato
1443 2236 1497 2265 iam
1512 2237 1623 2271 Ordine,
1638 2238 1746 2267 vivendi
1761 2238 1816 2267 for-

977 2290 1049 2310 mam
1070 2290 1120 2319 per
1141 2282 1282 2311 dominum
1304 2283 1491 2312 Innocentium
1510 2285 1688 2321 approbatam
1701 2285 1711 2302 ⁹
1725 2285 1816 2322 dispo-

977 2332 1056 2358 neret
1076 2337 1125 2366 per
1139 2337 1326 2358 successorem
1341 2330 1427 2367 ipsius
1441 2331 1591 2360 Honorium
1606 2332 1633 2360 in
1649 2335 1813 2369 perpetuum

142 2513 148 2526 ¹
167 2513 212 2536 Cfr.
230 2514 366 2542 Wadding.,
384 2514 425 2536 loc.
444 2514 492 2541 cit.,
509 2514 537 2536 ad
555 2521 592 2537 an.
615 2514 683 2542 1209,
700 2521 723 2536 n.
744 2515 778 2536 18.

141 2551 150 2564 ²
167 2552 255 2575 Scilicet
271 2553 386 2575 Friderico
404 2554 427 2575 11.
445 2553 487 2575 iste
507 2562 517 2573 α
529 2559 567 2575 rex
585 2559 694 2575 versuum
707 2562 719 2573 r>
738 2556 787 2575 erat
811 2555 877 2580 poeta
898 2554 920 2574 et

81 2590 205 2614 vocabatur
222 2592 347 2613 Guilelmus
360 2592 441 2614 bivini.
454 2592 497 2614 Csr.
511 2593 615 2614 Analecta
633 2592 795 2618 Franciscana,
814 2595 867 2613 tom.
887 2591 920 2613 111.

82 2634 133 2656 pag.
150 2629 163 2651 7
180 2636 242 2658 seq.;
261 2630 398 2658 Wadding.,
416 2631 457 2652 loc.
474 2630 525 2658 cit.,
542 2630 572 2652 ad
590 2636 627 2652 an.
648 2631 718 2658 1212,
735 2636 757 2652 n.
776 2630 813 2652 37.
831 2636 880 2658 seq.

142 2666 151 2680 ⁸
169 2668 191 2690 ln
208 2668 306 2690 Mai-chia
318 2669 467 2691 Anconitana.
478 2682 509 2685 —
522 2669 616 2691 lnserius
628 2669 750 2696 respicitur
763 2669 840 2691 Ezech.
856 2669 863 2690 1
874 2685 880 2695 ,
893 2669 919 2691 3:

78 2705 107 2728 Et
124 2707 180 2728 facta
197 2709 231 2729 est
246 2713 317 2734 super
333 2713 386 2729 eum
405 2706 435 2729 ibi
453 2713 535 2730 manus
552 2707 650 2729 Domini.

143 2743 152 2756 ⁴
168 2744 224 2767 Cod.
242 2746 258 2767 Β
276 2745 367 2775 incepit.

143 2782 152 2795 ⁶
169 2784 248 2806 Ezech.
266 2785 291 2811 9,
310 2784 334 2806 4:
355 2785 436 2807 Transi
453 2790 494 2813 per
512 2785 613 2807 mediam
630 2784 745 2807 civitatem
763 2784 786 2806 in
799 2785 876 2807 medio
889 2785 920 2807 le*

83 2823 179 2845 rusalem
195 2826 218 2845 et
234 2823 298 2851 signa
317 2825 370 2846 thau
388 2823 428 2853 [T]
445 2830 515 2852 super
540 2825 624 2846 trontes
648 2824 751 2846 virorum
777 2824 919 2852 gementium

83 2863 105 2882 et
119 2861 243 2884 dolentium
261 2869 331 2890 super
348 2863 434 2885 cunctis
450 2862 673 2891 abominationibuS,
690 2868 750 2892 quae
768 2863 824 2885 flunt
840 2863 863 2885 in
875 2869 921 2885 rne-

83 2898 120 2921 dio
137 2900 198 2927 eius;
215 2902 255 2923 cfr.
271 2900 327 2923 ibid.
346 2907 367 2923 v.
386 2901 408 2923 6.

143 2937 153 2951 ⁶
170 2939 250 2961 Psalm.
266 2940 308 2967 77,
326 2939 368 2962 54:
386 2941 411 2962 Et
427 2943 489 2962 sorte
500 2940 578 2963 divisit
588 2941 621 2963 eis
634 2943 717 2963 terram
730 2941 751 2963 in
764 2941 864 2963 funiculo
877 2941 921 2963 dis-

84 2975 210 3000 tributionis
227 2977 276 3006 (csr.
294 2979 358 3001 losue
379 2979 417 3007 13,
434 2979 456 3001 7.
474 2982 496 3001 et
514 2979 554 3007 17,
565 2980 587 3002 5.
604 2979 655 3008 it).
668 2979 738 3002 metio
751 2979 775 3002 in
787 2980 851 3003 terra
860 2986 920 3009 patt-

972 2513 1071 2543 pertatis
1088 2515 1187 2537 occurrit
1203 2516 1258 2537 Gcn.
1277 2514 1317 2542 41,
1335 2515 1376 2537 52:
1394 2515 1501 2538 Crescere
1519 2522 1555 2538 me
1573 2516 1623 2539 fecit
1640 2517 1701 2539 Deus
1719 2517 1739 2539 in
1757 2520 1814 2540 terra

975 2553 1117 2581 paupertatis
1133 2559 1205 2576 meac.
1223 2554 1266 2576 Csr.
1284 2554 1421 2582 Wadding.,
1439 2555 1482 2577 loc.
1501 2555 1548 2582 cit.,
1566 2555 1593 2577 ad
1607 2562 1642 2578 an.
1659 2556 1727 2583 1212,
1740 2563 1762 2579 n.
1776 2556 1816 2585 4ίὸς

975 2592 1004 2614 ad
1022 2598 1058 2613 an.
1081 2592 1150 2617 1216.
1168 2599 1190 2614 n.
1212 2593 1228 2614 1.
1247 2592 1537 2619 ctadan.1l-Zlss,1i.l.
1553 2600 1618 2622 seqq.

1039 2630 1046 2643 ⁷
1065 2631 1123 2653 toan.
1146 2631 1184 2658 19,
1202 2631 1238 2652 49.
1255 2643 1286 2647 —
1303 2630 1431 2659 Capitulum
1450 2632 1579 2654 Arelatensc
1600 2632 1673 2660 (Aries
1693 2633 1713 2655 in
1736 2634 1816 2662 Gallia)

975 2672 1024 2691 erat
1040 2675 1075 2691 an.
1098 2669 1166 2697 12243
1183 2671 1223 2692 cfr.
1242 2670 1345 2692 Analecta
1364 2670 1525 2697 Franciscana,
1544 2674 1598 2693 tom.
1610 2672 1641 2694 111.
1655 2678 1708 2700 pag.
1721 2673 1749 2694 ‘23
1762 2678 1811 2701 seq.

975 2711 998 2730 et
1015 2708 1153 2736 Wadding.,
1170 2708 1213 2730 loc.
1230 2708 1280 2734 cit.,
1296 2708 1325 2730 ad
1343 2715 1377 2730 an.
1400 2708 1470 2736 ¹222,
1488 2715 1510 2731 n.
1527 2709 1563 2731 42.

1038 2745 1047 2758 ¹³
1065 2746 1122 2769 Vide
1139 2748 1233 2774 Gregor.
1253 2747 1338 2769 anon.
1358 2747 1452 2775 (Mignc,
1470 2749 1548 2770 Patrol.
1562 2749 1608 2771 Lat.
1621 2752 1676 2772 tom.
1688 2750 1747 2778 71.),
1761 2751 1774 2772 1.
1788 2751 1817 2774 do

977 2785 1089 2808 llliraculis
1106 2786 1127 2807 S.
1146 2786 1245 2812 Martini,
1262 2792 1282 2807 e.
1300 2786 1322 2808 5.
1338 2798 1369 2802 —
1385 2787 1497 2814 Superius
1514 2793 1556 2815 pro
1577 2788 1722 2817 omnspotens
1741 2789 1779 2818 (ita
1798 2791 1815 2812 A

977 2824 1129 2852 BCDGIM)
1148 2825 1198 2847 Vat.
1215 2827 1237 2846 ct
1253 2825 1290 2847 cd.
1308 2825 1316 2846 ·1
1338 2825 1514 2855 omm'potentfs,
1534 2833 1593 2855 quae
1611 2827 1677 2849 etiam
1697 2831 1746 2856 post
1764 2829 1817 2852 Am-

977 2862 1082 2886 brosium
1099 2863 1187 2886 addunt
1203 2863 1278 2892 pium.

1038 2901 1048 2914 ⁰
1064 2901 1109 2924 Ctr.
1125 2908 1194 2930 snpra
1208 2908 1226 2924 c.
1240 2903 1261 2924 3.
1273 2909 1296 2925 n.
1311 2904 1345 2925 lO.
1356 2907 1377 2926 et
1391 2904 1580 2932 wzidding.,10r.
1593 2905 1641 2933 cit.,
1654 2905 1681 2928 atl
1695 2912 1730 2928 an.
1747 2907 1816 2934 1223,

978 2947 998 2963 n.
1016 2941 1038 2963 9.

1828 561 1910 579 Primum
1921 560 1955 578 Ca-

1833 584 1912 608 pitulum
1925 588 1955 606 ge-

1834 607 1903 626 notate.

1824 1214 1843 1232 ln
1851 1214 1957 1233 Arelatensi

1848 1238 1933 1261 Capitulo

1829 1262 1924 1284 praedicat
1937 1261 1956 1279 S.

1842 1284 1941 1303 Antonius.

1835 1495 1942 1513 Praesentia

1838 1519 1938 1537 Francisci.

1844 2242 1939 2261 Revelatio

1829 2266 1877 2284 eirea
1894 2266 1953 2288 Regu-
