2133 3317
132 535 248 554 Boi-nardus.

173 1148 247 1167 Glossa.

145 1571 250 1595 Religionis

116 1597 180 1614 votum
196 1596 249 1619 ponit

117 1619 137 1637 in
146 1620 195 1637 statu
206 1623 249 1642 per-

117 1642 211 1662 sectionis.

149 2229 249 2249 Obiicitur.

265 216 323 246 248

265 298 297 324 ut
318 295 366 332 qui
387 303 403 323 a
425 293 587 323 turbulento
609 292 793 322 saecularium
816 292 965 321 turbarum
990 292 1116 321 tumultu

265 349 295 370 se
316 348 476 378 segregans,
499 339 600 377 quietis
615 339 751 368 desiderio
766 338 925 368 monasterii
941 340 1054 376 portum
1068 347 1116 376 ap-

264 388 348 425 petit,
370 395 471 416 rursus
499 386 749 415 ecclesiasticarum
777 393 910 414 curarum
939 394 994 414 non
1019 385 1118 415 debeat

264 434 433 464 tumultibus
454 433 606 470 implicari,
628 432 675 462 sed
691 433 718 461 in
733 433 782 461 Dei
797 432 927 462 laudibus
941 440 1039 462 secure
1054 440 1117 470 per-

264 482 392 510 mittatur
413 480 483 509 liber
505 480 539 508 ab
561 480 604 509 his
635 480 777 514 omnibus,
803 482 835 508 ut
862 480 998 516 postulat,
1027 487 1117 509 rema-

266 535 331 557 nere
342 539 368 555 ».
385 543 422 547 —
438 526 595 556 Bernardus
609 534 722 564 quoque
736 526 764 556 in
779 526 851 555 libro
864 526 898 555 de
910 526 1117 563 Dispensatione

265 577 291 603 et
313 576 460 611 praecepto
476 574 501 601 l:
529 573 673 607 «Audire,
695 573 802 610 inquit,
823 572 907 602 vultis
922 581 938 601 a
962 580 1022 607 nie,
1043 572 1117 601 unde

262 621 336 650 inter
357 623 449 650 cetera
469 620 654 657 poenitentiae
675 620 802 649 instituta
822 620 1024 649 monasterialis
1038 619 1117 649 disci-

263 668 338 706 plina
368 668 504 696 meruerit
531 668 603 696 hanc
631 667 869 704 praerogativam,
901 670 933 696 ut
963 667 1117 696 secuudum

263 715 399 752 baptisma
420 717 609 751 nuncupetur.
630 714 757 743 Arbitror
778 714 813 743 ob
841 714 991 751 perfectam
1021 714 1116 742 mundi

263 761 533 790 abrenuntiationem
564 769 596 790 ac
629 761 798 798 singularem
820 761 1012 790 excellentiam
1046 761 1117 790 vitae

262 808 430 845 spiritualis,
445 816 501 845 qua
515 808 708 845 praeeminens
728 808 867 837 universis
886 808 958 837 vitae
977 808 1115 837 humanae

263 855 413 893 generibus
434 855 593 884 huiusmodi
617 855 790 884 conversatio
812 855 983 892 professores
997 858 1024 884 et
1045 863 1118 883 ama-

263 905 338 931 tores
359 910 425 932 suos
446 902 555 939 Angelis
576 902 692 937 similes,
707 902 854 931 dissimiles
869 902 1029 931 hominibus
1043 901 1116 936 facit,

262 950 347 978 immo
368 949 490 978 divinam
511 949 539 978 in
561 949 672 978 homine
693 949 825 978 reformat
846 949 1012 986 imaginem,
1035 949 1117 977 confi-

263 1005 368 1034 gurans
389 997 499 1025 Christo
520 996 607 1025 instar
629 996 774 1033 baptismi,
796 996 863 1025 dum
891 1004 941 1032 per
970 995 1010 1030 id,
1043 995 1117 1032 quod

262 1043 478 1081 mortificamus
493 1043 624 1072 iitembra
645 1047 765 1077 nostra,
781 1051 856 1081 qaae
874 1046 944 1071 sunt
957 1051 1047 1080 saper
1063 1046 1118 1071 ter-

263 1099 346 1125 ram,
362 1099 478 1120 rursum
501 1089 650 1119 Christum
672 1090 843 1125 incitamus,
866 1089 1058 1127 comptantati
1077 1089 1117 1118 si-

264 1137 427 1167 militudini
440 1138 544 1167 mortis
559 1137 621 1166 eitts
632 1150 659 1165 ».
672 1137 795 1166 —Idem
810 1137 892 1166 etiam
906 1137 1008 1165 astruit
1023 1136 1118 1165 Glossa

263 1193 348 1222 super
363 1185 538 1222 trigesimum
553 1185 741 1214 Numerorum
757 1185 777 1219 2,
799 1184 907 1213 dicens:
927 1195 941 1209 «
953 1184 1002 1212 Alii
1017 1186 1118 1213 vovent

263 1232 380 1266 vitulos,
396 1232 441 1260 alii
457 1232 558 1260 arietes
572 1232 616 1260 vel
629 1231 741 1266 domos,
758 1232 914 1260 Nazaraeus
928 1231 1116 1267 semetipsum.

263 1279 318 1308 Hoc
339 1282 381 1308 est
402 1279 475 1308 enim
498 1282 594 1308 votum
616 1279 762 1313 Nazaraei,
784 1278 858 1316 quod
880 1281 921 1307 est
937 1286 1021 1315 super
1036 1286 1117 1306 omne

263 1329 368 1355 votum.
384 1326 468 1355 Filius
483 1326 554 1355 enim
571 1326 615 1355 vel
629 1326 698 1360 filia,
713 1329 762 1354 aut
776 1334 876 1362 pecus,
900 1328 949 1354 aut
973 1325 1117 1362 praedium

264 1376 346 1402 extra
367 1382 418 1402 nos
439 1377 499 1407 est;
528 1373 707 1410 semetipsum
737 1373 794 1402 Deo
821 1373 922 1402 offerre
950 1380 1001 1401 nec
1028 1372 1118 1401 alieno

263 1420 371 1454 labore,
394 1420 441 1449 sed
462 1420 576 1457 proprio
597 1420 707 1456 placere
728 1419 879 1456 perfectius
900 1422 927 1448 et
951 1418 1118 1448 eminentius

264 1470 305 1496 est
326 1467 457 1495 omnibus
478 1467 548 1496 votis
563 1479 589 1494 ».

346 1514 389 1542 lli.
414 1514 453 1542 Ex
477 1514 519 1543 his
541 1514 670 1542 omnibus
691 1517 786 1551 aperte
807 1513 946 1547 clarescit,
969 1513 1043 1550 quod
1068 1514 1118 1542 Re-

265 1561 373 1598 ligionis
396 1564 491 1589 votum
512 1561 539 1589 in
555 1563 629 1589 statu
644 1560 820 1597 perfectionis
842 1561 969 1595 collocat,
985 1563 1117 1597 tanquam

264 1608 466 1637 adminiculans
486 1608 520 1636 ad
542 1608 680 1645 perfectae
696 1608 806 1637 virtutis
821 1608 1004 1641 exercitium,
1027 1610 1118 1636 custo-

264 1655 396 1684 ditionem
411 1658 438 1683 et
453 1655 696 1692 complementum.
713 1655 791 1691 Quod
807 1655 1007 1692 intelligentes,
1024 1655 1118 1683 Patres

263 1702 291 1730 in
312 1705 414 1739 quarto
442 1702 557 1730 concilio
579 1702 710 1730 Toletano
726 1702 736 1718 ³
758 1704 931 1735 statuerunt,
953 1701 1028 1739 quod
1048 1702 1118 1731 liber

263 1749 299 1778 sit
327 1749 434 1778 clericis
465 1748 499 1777 ad
528 1748 694 1786 Religionem
724 1749 881 1786 ingressus,
913 1748 1035 1777 dicentes
1063 1749 1117 1778 sic:

269 1808 283 1821 «
296 1796 417 1830 Placuit,
440 1796 554 1825 clericos
576 1796 778 1825 monachorum
802 1796 975 1833 propositum
990 1799 1120 1833 appeten-

263 1846 320 1878 tes,
343 1843 409 1880 quia
428 1843 571 1872 meliorem
595 1843 679 1872 vitam
696 1844 774 1880 sequi
794 1844 926 1880 cupiunt,
942 1843 1044 1872 liberos
1059 1851 1119 1873 esse

263 1890 365 1919 debere
379 1890 414 1919 ab
428 1890 573 1928 episcopis,
587 1890 621 1919 ad
636 1890 870 1920 monasteriorum
886 1890 1028 1927 ingressus
1040 1902 1068 1919 n.
1081 1907 1118 1911 —

264 1937 318 1966 Hoc
340 1940 449 1972 autem,
472 1937 538 1975 quia
560 1946 614 1966 non
643 1938 732 1966 solum
761 1937 974 1966 auctoritatibus
1006 1938 1118 1975 probari

264 1987 370 2021 potest,
393 1985 441 2014 sed
462 1985 543 2013 etiam
566 1985 721 2014 innumeris
735 1986 747 2001 4
772 1985 936 2013 Sanctorum
965 1985 1118 2022 exemplis,

265 2031 312 2069 qui
335 2031 369 2060 de
391 2031 511 2060 clericali
532 2034 606 2061 statu
621 2032 655 2060 ad
671 2031 831 2068 religionem
847 2032 1036 2066 transierunt,
1051 2032 1119 2061 adeo

265 2081 373 2107 certum
396 2081 449 2112 est,
472 2081 518 2112 ut,
535 2078 556 2107 si
572 2078 635 2115 quis
650 2078 789 2107 contraire
804 2078 940 2112 voluerit,
955 2087 1009 2107 non
1025 2079 1119 2108 minus

265 2125 393 2154 videatur
414 2126 539 2162 desipere
561 2134 644 2163 quam
667 2133 771 2154 errare.

348 2172 392 2200 15.
414 2172 441 2200 Si
463 2172 526 2209 quis
546 2175 658 2206 autem,
679 2179 776 2200 errore
807 2171 956 2208 deceptus,
989 2172 1119 2208 praefatis

266 2221 382 2247 conetur
403 2218 538 2247 obsistere
558 2218 719 2253 asserendo,
748 2218 823 2255 quod
844 2218 994 2255 perfectius
1015 2219 1051 2247 sit
1075 2226 1118 2248 re-

265 2273 379 2294 manere
400 2265 427 2294 in
449 2265 572 2299 saeculo,
594 2265 660 2302 quia
678 2276 691 2290 «
704 2265 778 2294 circa
792 2265 879 2302 magis
897 2265 1008 2294 difficile
1029 2265 1119 2294 virtus

267 2312 391 2341 consistit
405 2312 416 2329 ⁵
431 2324 459 2347 n,
481 2315 508 2341 et
529 2312 668 2341 difficilius
689 2314 731 2341 est
751 2312 823 2340 inter
854 2312 1032 2341 multimodas
1056 2320 1119 2349 pec-

266 2359 345 2388 candi
367 2359 525 2388 occasiones
553 2362 664 2396 peccata
692 2359 796 2393 vitare,
825 2362 852 2388 et
879 2359 1034 2388 mirabilius
1062 2362 1118 2393 est,

266 2406 407 2435 hominem
430 2406 458 2434 in
480 2406 569 2435 medio
591 2398 845 2435 flammarum'non
866 2406 926 2440 uri,
949 2409 976 2435 et
991 2406 1120 2435 victorio*

328 2546 337 2560 ²
355 2547 411 2576 Cup.
429 2547 466 2570 rl7.
483 2554 504 2570 n.
523 2547 560 2570 54.
578 2548 621 2570 Pro
639 2547 697 2571 clam
712 2554 754 2577 per
773 2547 803 2577 id,
824 2548 886 2578 qnod
908 2551 981 2572 textus
1003 2550 1120 2577 originalis

265 2587 296 2610 Et
313 2586 382 2617 {sitast
406 2586 504 2617 [lenique
526 2586 629 2610 secundo
653 2586 820 2617 baptizamur,
843 2594 899 2611 cum
921 2594 963 2617 per
986 2588 1029 2612 hoc
1050 2588 1120 2618 quod.

265 2626 398 2654 Allegantur
415 2626 463 2649 Col.
481 2627 507 2654 3,
527 2627 554 2649 5:
571 2626 704 2649 Mortificate
722 2633 778 2654 ergo
797 2627 901 2649 membra
914 2630 991 2650 vestra
1004 2631 1058 2656 etc.;
1071 2629 1119 2650 Gal.

267 2666 291 2692 3,
309 2665 353 2687 27:
372 2666 518 2694 Quicumque
536 2666 598 2688 enini
620 2666 641 2688 in
664 2665 753 2688 Christo
777 2666 885 2694 baptizati
907 2667 974 2695 estis,
998 2667 1119 2691 Christum

265 2704 390 2733 inclitz‘stz's,-
407 2706 474 2727 Rom.
492 2706 519 2732 6,
537 2706 563 2727 5:
581 2705 603 2727 Si
621 2705 682 2727 enim
700 2705 847 2733 complantati
866 2706 918 2728 sacti
935 2712 1016 2729 sumus
1033 2709 1076 2729 etc.

329 2742 338 2756 ²
357 2744 423 2767 Vers.
440 2744 461 2766 3.
480 2745 559 2767 Glossa
577 2747 611 2767 est
627 2744 753 2767 ordinaria
771 2751 797 2767 ex
815 2744 928 2773 Origene,
940 2746 1022 2768 Homil.
1041 2745 1078 2768 24.
1097 2746 1119 2768 in

267 2783 335 2805 Num.
352 2790 374 2805 n.
392 2784 413 2805 2.
432 2784 464 2806 De
483 2785 534 2807 roto
552 2783 674 2807 Nazaraei
691 2785 730 2806 cfr.
748 2784 815 2806 Num.
833 2785 858 2811 6,
876 2785 898 2806 2.
915 2790 980 2814 seqq.

331 2820 340 2833 ³
357 2822 423 2845 Anno
442 2823 502 2851 633;
520 2829 540 2846 c.
558 2823 598 2845 50:
617 2823 710 2850 Clerici,
728 2823 767 2852 qui
785 2824 954 2846 monachorum
972 2824 1118 2852 propositum

268 2862 391 2889 appetunt,
408 2861 462 2890 quia
480 2862 599 2885 meliorem
616 2862 688 2884 vitam
706 2863 772 2891 sequi
789 2862 898 2891 cupiunt,
923 2862 1009 2885 liberos
1033 2863 1067 2885 eis
1089 2862 1118 2885 ab

268 2900 378 2928 episcopo
396 2900 418 2922 in
435 2901 580 2923 monasteriis
597 2902 675 2929 largiri
692 2904 783 2929 oportet
800 2902 919 2930 ingressus
936 2905 979 2925 etc.
1000 2902 1046 2925 Cfr.
1063 2903 1119 2925 Gra-

267 2939 329 2966 tian„
346 2939 370 2962 C.
389 2938 485 2968 Clerici,
503 2940 556 2969 qni,
574 2940 641 2963 Caus.
663 2941 696 2963 19,
714 2947 737 2970 q.
759 2941 777 2963 1.
798 2941 894 2968 Textus,
912 2947 983 2970 quem
1000 2941 1047 2964 fide
1064 2941 1117 2964 edd.

267 2980 290 3000 et
307 2977 375 3000 codd.
391 2977 539 3007 exhibemus,
557 2979 728 3007 corruptionem
746 2980 815 3008 sapit.
828 2992 859 2997 —
877 2980 988 3008 Superius
1005 2987 1032 3003 ex
1048 2979 1118 3003 BCD

267 3017 311 3039 EG
328 3017 491 3045 supplevimus
508 3017 686 3041 custoditionem
703 3020 725 3041 et
741 3018 944 3048 complementum.
956 3046 963 3051 ἡ

743 213 943 243 OPUSCULUM
964 214 1006 242 XI.
1029 213 1192 243 APOLOGIA
1213 214 1395 244 PAUPERUM.
1418 215 1487 244 CAP.
1509 215 1549 244 111.

1174 293 1231 322 sius
1252 296 1294 323 est
1314 293 1386 322 inter
1408 294 1614 323 numerosiores
1628 293 1752 323 hostium
1766 294 1839 323 acies
1853 296 1881 323 et
1894 294 2024 332 frequen-

1174 339 1258 369 tiores
1287 340 1408 369 iusultus
1438 343 1466 370 et
1496 341 1601 370 maiora
1631 340 1770 370 bellorum
1802 340 1962 370 discrimina
1992 341 2025 371 de

1174 387 1301 416 hostibus
1312 387 1504 424 triumphare;
1519 386 1765 423 respondebimus,
1781 395 1836 415 non
1850 386 1911 416 ideo
1922 389 2024 417 statum
2034 396 2131 423 nesponffl,

1173 433 1286 463 maioris
1307 442 1367 463 esse
1387 433 1516 468 virtutis,
1538 434 1604 470 quia
1625 434 1741 463 minoris
1755 434 1766 451 ⁶
1792 436 1834 463 est
1855 434 2025 470 securitatis,

1173 488 1225 509 nec
1245 480 1306 509 ideo
1327 483 1431 509 statum
1452 480 1572 517 aliquem
1599 481 1772 517 perfectioris
1799 489 1860 510 esse
1887 481 2025 517 iustitiae,

1174 527 1240 564 quia
1270 527 1426 564 proximior
1454 530 1496 556 est
1522 527 1636 562 ruinae,
1662 535 1713 556 nec
1740 528 1823 557 etiam
1851 528 1912 557 ideo
1939 528 2027 565 magis

1174 582 1234 604 esse
1255 574 1425 611 perfectum,
1447 574 1513 611 quia
1533 574 1673 603 difficilius
1694 574 1722 603 in
1743 575 1804 612 ipso
1825 575 1958 612 contingit
1986 575 2026 604 vi-

1174 624 1234 651 tare
1255 624 1407 658 peccatum.
1429 637 1468 642 —-
1489 621 1536 650 Est
1556 621 1629 650 enim
1644 621 1748 658 triplex
1763 622 1926 651 difficultas:
1941 630 2026 660 quae-
2038 633 2133 658 Tripiemii.

1174 669 1236 698 dam
1258 668 1424 705 proveniens
1452 676 1488 697 ex
1517 668 1669 697 arduitate
1690 672 1716 697 et
1742 669 1892 698 nobilitate
1911 670 2026 708 yeneris
2051 657 2133 704 {ssfflssffl

1175 715 1288 752 operis,
1311 715 1383 744 sicut
1404 715 1479 743 omni
1495 723 1524 744 se
1538 718 1661 744 castrare
1676 716 1825 745 concubitu
1835 739 1842 751 ,
1857 717 1932 746 omni
1946 717 2026 746 abre-

1174 762 1304 791 nuntiare
1332 761 1498 799 possessioni
1527 765 1554 790 et
1582 762 1694 790 omnino
1722 770 1751 791 se
1778 763 1883 792 alienae
1912 767 2026 801 propter

1174 809 1262 838 Deum
1285 809 1419 837 voluntati
1442 809 1587 837 subiicere.
1611 809 1642 837 Et
1662 809 1731 838 haec
1745 810 1851 847 absque
1864 810 1949 840 dubio
1970 819 2027 840 me-

1174 856 1260 884 ritum
1281 859 1380 893 auget,
1402 856 1483 884 iuxta
1497 855 1565 884 illud
1580 856 1708 885 Matthaei
1724 856 1750 885 ⁷:
1773 857 1884 886 Intrate
1898 866 1950 894 per
1974 866 2028 887 aii-

1172 905 1292 940 ffltstam
1310 906 1448 939 portaim
1470 902 1517 931 ubi
1546 902 1654 931 Glossa:
1687 913 1701 927 «
1716 902 1786 931 Satis
1811 906 1962 940 angustum
1987 906 2029 933 est

1174 949 1266 978 onmia
1286 949 1526 986 praetermittere,
1548 957 1636 978 unum
1658 949 1748 978 solum
1780 949 1910 987 diligere,
1939 958 2028 979 unum

1175 1004 1326 1033 quaerere,
1348 996 1382 1025 ad
1403 1004 1491 1025 unum
1513 996 1637 1033 quotidie
1658 996 1786 1033 pulsare,
1819 1005 1953 1034 prospera
1973 1005 2028 1026 non

1174 1043 1296 1077 ambire,
1318 1043 1435 1072 adversa
1454 1051 1510 1072 non
1531 1043 1668 1072 timere».
1693 1043 1719 1072 [n
1741 1044 1785 1073 liis
1806 1044 1931 1073 consistit
1958 1044 2029 1073 diffi-

1175 1090 1263 1119 cultas
1284 1090 1391 1119 ratione
1411 1090 1521 1127 generis
1549 1090 1657 1127 operis,
1686 1090 1832 1127 maiorque
1857 1090 2029 1120 difficultatis

1174 1137 1302 1174 angustia
1322 1137 1463 1174 reperitur
1484 1137 1512 1165 in
1534 1137 1578 1166 via
1598 1137 1683 1166 divini
1705 1137 1837 1172 consilii,
1859 1146 1943 1175 quam
1964 1146 2030 1175 pau-

1175 1183 1263 1212 ciores
1283 1184 1429 1212 inveniunt
1444 1183 1464 1218 8,
1487 1192 1572 1221 quam
1594 1184 1623 1213 in
1638 1184 1682 1213 via
1696 1184 1781 1213 divini
1793 1185 1961 1222 praecepti,
1976 1192 2026 1222 per

1175 1239 1259 1267 quam
1280 1238 1376 1259 omnes
1397 1231 1463 1259 iusti
1483 1231 1660 1268 gradiuntur.
1683 1231 1759 1260 Unde
1780 1232 1964 1268 Hieronymus
1995 1232 2029 1261 ad
2111 1247 2113 1259 i

1177 1278 1318 1307 Rusticum
1340 1278 1509 1306 monachum
1524 1277 1548 1306 ⁹:
1575 1289 1589 1303 <t
1604 1278 1630 1306 Si
1646 1278 1768 1315 perfecta
1782 1279 1861 1316 sequi
1875 1279 2028 1314 desideras,

1175 1325 1223 1353 exi
1243 1333 1307 1353 cum
1329 1325 1466 1353 Abraham
1488 1325 1522 1354 de
1540 1325 1645 1362 patria
1666 1328 1690 1354 et
1715 1325 1749 1354 (Ze
1776 1326 1947 1364 coynatioiie
1977 1329 2030 1355 tua

1176 1374 1203 1401 et
1224 1380 1323 1409 perge,
1346 1380 1402 1409 quo
1423 1372 1521 1401 nescis.
1548 1372 1575 1401 Si
1603 1372 1689 1401 habes
1717 1372 1914 1408 substantiam,
1939 1373 2028 1402 vende

1176 1423 1200 1448 et
1221 1420 1261 1448 aa
1279 1419 1482 1457 petitpei·tbzts;
1504 1420 1526 1448 si
1547 1428 1602 1448 non
1624 1420 1725 1454 habes,
1745 1420 1843 1457 grandi
1857 1428 1942 1449 onere
1963 1420 2030 1449 libe-

1176 1469 1255 1495 ratus
1276 1474 1313 1495 es.
1336 1466 1446 1495 Nudum
1468 1466 1610 1495 Christum
1642 1467 1734 1496 nudus
1756 1475 1881 1504 sequere.
1904 1467 2029 1502 Durum,

1176 1514 1279 1551 grande
1301 1516 1328 1542 et
1348 1514 1475 1548 difficile,
1497 1514 1545 1542 sed
1566 1522 1666 1551 magna
1686 1516 1752 1543 sunt
1774 1514 1895 1551 praemia
1910 1526 1937 1542 ».

1258 1561 1301 1588 16.
1326 1560 1370 1589 Est
1392 1563 1419 1589 et
1439 1561 1492 1589 alia
1506 1560 1670 1595 difficultas,
1686 1561 1799 1590 veniens
1819 1569 1857 1590 ex
1877 1561 2032 1590 vitiositate
2048 1568 2133 1589 nessia

1175 1616 1316 1645 personae
1329 1608 1351 1624 ¹⁰
1373 1608 1500 1645 agentis,
1520 1608 1592 1636 sicut
1606 1608 1710 1636 homiui
1733 1616 1817 1637 avaro
1835 1608 1975 1637 difficilius
1989 1611 2031 1637 est

1176 1655 1243 1684 dare
1263 1655 1371 1683 minuta
1392 1663 1477 1692 quam
1498 1655 1575 1692 largo
1596 1655 1717 1689 maiora,
1739 1658 1766 1684 et
1787 1655 1909 1692 superbo
1931 1663 1960 1684 se
1991 1656 2030 1684 al-

1176 1702 1229 1731 teri
1251 1702 1371 1731 subdere
1392 1705 1419 1731 et
1440 1702 1537 1739 guloso
1558 1702 1683 1731 ieiunare
1710 1705 1737 1731 et
1765 1705 1876 1731 assueto
1904 1703 2030 1740 volupta-

1176 1750 1252 1779 tibus
1273 1749 1365 1778 carnis
1386 1749 1526 1778 difficilius
1547 1749 1697 1778 continere.
1731 1749 1762 1778 Et
1783 1749 1836 1778 hoc
1863 1757 1918 1778 non
1947 1752 2030 1786 auget

1176 1797 1321 1830 meritum,
1344 1796 1391 1825 sed
1414 1796 1561 1825 miseriam.
1584 1796 1659 1825 Unde
1680 1796 1863 1833 Hieronymus
1876 1796 1911 1825 ad
1932 1797 2030 1826 Eusto—

1177 1843 1272 1872 chium
1288 1844 1310 1860 11
1323 1854 1329 1871 ε
1357 1855 1370 1869 «
1385 1844 1469 1872 Soror
1491 1846 1539 1872 tua
1560 1843 1669 1872 Blesilla
1682 1846 1771 1872 aetate
1785 1843 1889 1878 maior,
1905 1843 1952 1872 sed
1966 1851 2030 1880 pro-

1176 1890 1265 1927 posito
1287 1890 1390 1925 minor,
1413 1893 1475 1927 post
1488 1893 1634 1927 acceptum
1655 1890 1788 1919 maritum
1803 1890 1921 1927 septimo
1935 1898 2030 1921 mense

1176 1938 1289 1967 viduata
1321 1941 1370 1967 est.
1401 1937 1423 1966 O
1452 1937 1549 1966 infelix
1581 1938 1703 1966 humana
1734 1937 1853 1966 conditio
1884 1940 1912 1966 et
1941 1937 2029 1967 futuri

1176 1985 1282 2015 nescia!
1312 1985 1379 2014 Nam
1408 1987 1435 2014 et
1463 1985 1629 2022 virginitatis
1657 1992 1787 2014 coronam
1815 1987 1843 2014 et
1866 1985 2029 2022 nuptiarum

1175 2032 1295 2069 perdidit
1316 2032 1494 2069 voluptatem.
1518 2032 1549 2060 Et
1570 2040 1741 2069 quamquam
1767 2032 1921 2061 secundum
1950 2031 2029 2069 pudi-

1176 2080 1255 2109 citiae
1269 2079 1387 2116 gradum
1403 2082 1495 2108 teneat
1510 2079 1541 2113 ¹2,
1564 2087 1633 2116 quas
1654 2079 1729 2107 illam
1751 2087 1801 2116 per
1816 2082 1956 2108 momenta
1972 2087 2029 2108 sus-

1176 2126 1264 2155 tinere
1279 2126 1407 2155 aestimas
1422 2133 1535 2160 cruces,
1557 2128 1726 2162 spectantem
1742 2125 1865 2162 quotidie
1884 2125 1911 2154 in
1933 2133 2029 2155 sorore

1176 2172 1250 2208 quod
1272 2172 1331 2209 ipsa
1352 2172 1487 2209 perdidit,
1510 2175 1537 2201 et
1559 2180 1622 2201 cum
1644 2171 1783 2201 difficilius
1805 2175 1922 2209 experta
1937 2175 2030 2201 careat

1176 2219 1333 2255 voluptate,
1355 2219 1491 2248 minorem
1506 2219 1690 2247 continentiae
1704 2219 1808 2248 habere
1820 2219 1977 2248 mercedem
1992 2230 2006 2245 »
2018 2221 2029 2248 ‘2

1258 2267 1301 2294 17.
1326 2266 1371 2294 Est
1396 2269 1423 2294 et
1444 2265 1526 2294 tertia
1553 2265 1701 2294 difficultas
1729 2273 1765 2294 ex
1797 2265 2029 2294 circumstantiis

1177 2312 1358 2341 extrinsecas
1372 2312 1497 2341 (timia-cis
1512 2312 1626 2341 trahens
1640 2312 1788 2349 originem,
1804 2312 1875 2341 sicut
1889 2312 2029 2341 difficilius

1178 2362 1219 2388 est
1240 2359 1393 2394 abstinere,
1409 2367 1472 2388 cum
1487 2362 1667 2396 apponuntur
1688 2359 1803 2388 delicata
1818 2359 1936 2394 cibaria,
1957 2359 2028 2388 diffi-

1179 2406 1259 2436 cilius
1274 2407 1437 2443 temporalia
1451 2407 1523 2435 bona
1538 2410 1731 2442 contemnere,
1746 2407 1857 2444 quando
1872 2407 2029 2436 offeruntur

2047 2273 2073 2292 De
2086 2274 2113 2292 ter

1241 2549 1250 2562 ¹¹
1268 2551 1297 2572 lta
1316 2549 1426 2577 BCDG,
1445 2549 1498 2572 edd.
1516 2548 1643 2572 universis.

1240 2588 1250 2601 ὅ
1263 2590 1364 2616 Aristot.,
1377 2590 1401 2612 ll.
1413 2589 1484 2611 Etliic.
1496 2595 1516 2611 e.
1529 2589 1555 2611 3:
1568 2588 1633 2611 Circa
1645 2588 1669 2611 id
1680 2588 1744 2617 quod
1757 2588 1871 2611 difficilius
1882 2590 1924 2615 est,
1935 2593 2028 2616 semper

1177 2630 1200 2651 ei.
1216 2634 1254 2651 ars
1271 2631 1293 2650 et
1310 2629 1383 2651 virtus
1400 2631 1513 2651 versatur.

1240 2666 1249 2679 ὅ
1266 2667 1324 2690 Cod.
1341 2667 1386 2690 CD
1402 2670 1424 2690 et
1441 2667 1477 2690 cd.
1497 2668 1504 2689 l
1527 2665 1628 2689 intueri-s
1645 2672 1693 2690 esse
1711 2666 1817 2695 virtutis,
1837 2666 1894 2696 quia
1915 2665 2025 2689 maioris.

1239 2705 1248 2718 ⁷
1266 2706 1322 2735 Cap.
1342 2707 1370 2734 7,
1395 2707 1432 2729 ils-3.
1453 2707 1543 2734 Glossa,
1567 2712 1627 2735 quae
1649 2708 1684 2728 est
1706 2704 1844 2734 ordinaria,
1870 2705 1990 2729 exhibetur
2015 2711 2027 2728 a

1178 2745 1260 2768 Strabo
1278 2748 1300 2768 et
1317 2747 1406 2774 Lyrano
1425 2752 1466 2774 pro
1484 2752 1507 2768 v.
1526 2745 1562 2768 114.

1240 2784 1249 2797 Β
1266 2785 1397 2813 Respicitur
1414 2785 1491 2807 Matth.
1508 2784 1534 2812 7,
1553 2784 1595 2806 «142
1612 2785 1687 2813 Quam
1711 2786 1809 2812 angusta
1833 2788 1898 2812 porta
1921 2785 1944 2806 et
1965 2785 2027 2806 arcta

1176 2824 1214 2846 via
1231 2826 1290 2846 est...
1306 2827 1329 2846 et
1346 2824 1414 2852 pauci
1431 2826 1497 2851 sunt,
1514 2824 1555 2852 qui
1573 2823 1691 2846 inveniunt
1708 2825 1772 2845 eam!

1239 2862 1249 2875 ⁹
1266 2863 1337 2891 Epist.
1358 2864 1409 2885 125.
1429 2863 1492 2892 (alias
1510 2863 1540 2891 4.)
1559 2869 1581 2886 n.
1599 2863 1637 2886 20.
1654 2863 1789 2891 Allegantur
1805 2863 1861 2885 Gen.
1880 2863 1919 2891 12,
1938 2862 1958 2884 i.
1976 2861 2026 2891 (cfr.

1175 2902 1223 2925 Act.
1241 2902 1268 2930 7,
1286 2903 1317 2931 3.)
1336 2905 1358 2925 et
1375 2903 1451 2925 Matth.
1470 2903 1512 2930 19,
1530 2903 1569 2925 21.

1239 2940 1258 2953 ¹0
1275 2942 1306 2964 lta
1323 2941 1404 2968 codcl.;
1423 2941 1476 2964 edd.
1490 2947 1535 2970 per
1552 2947 1584 2964 se.

1238 2979 1256 2992 ¹¹
1275 2981 1346 3008 Epist.
1363 2981 1400 3002 22.
1418 2986 1441 3002 n.
1463 2980 1497 3002 15.

1239 3018 1258 3032 ¹2
1276 3020 1360 3042 Textus
1377 3019 1495 3047 originalis
1511 3019 1576 3042 addit
1592 3018 1706 3048 viduitas,
1723 3021 1810 3042 tamen.
