2133 3317
170 358 243 377 Simile.

113 1389 243 1408 (ἴοι-0110111110.

129 1624 243 1644 Obedientia

122 1648 242 1667 subditorum

124 1672 201 1696 duplex.

259 224 317 254 394

259 303 293 332 de
321 303 365 332 his
392 301 562 339 praecipitur
590 300 737 328 omnibus:
772 300 869 328 Vovete
899 303 926 328 et
955 299 1107 328 reddite».

259 350 336 379 Sicut
357 357 422 386 ergo
443 349 471 376 in
493 348 545 376 1100
566 355 668 384 genere
689 347 745 375 voti
765 355 821 375 non
843 347 1007 384 intelligitur
1029 354 1109 384 prae-

260 396 380 433 ceptorie
393 396 403 412 1
424 394 517 423 voveri
539 394 574 422 ab
595 393 725 422 omnibus
745 393 925 428 Christianis,
952 394 1005 422 nisi
1034 393 1109 431 quod

259 442 449 480 praeceptorie
470 441 625 478 imponitur
646 449 683 469 ex
698 441 758 478 lege
772 441 840 476 Dei;
856 441 894 470 sic
909 449 960 470 1100
975 443 1033 469 tota
1046 448 1109 477 per—

259 490 340 519 fectio
361 488 519 525 evangelica
539 491 659 517 vovetur
679 488 714 516 ab
736 488 896 517 huiusmodi
913 488 1031 525 Regulae
1045 495 1110 524 pro-

258 536 425 569 sessoribus,
454 535 501 564 sed
523 538 632 563 tantum
654 535 701 563 illa
722 535 783 564 eius
804 543 885 572 pars,
907 543 979 573 quae
1000 543 1037 564 ex
1060 535 1109 564 Re-

258 584 339 621 gulae
350 583 502 611 intentione
517 582 571 611 illis
586 582 740 619 imponitur
751 582 913 619 obligatorie
928 582 1108 612 observanda.

258 630 365 659 Vovent
386 629 471 666 igitur
492 630 603 658 Fratres
624 632 709 657 totam
732 629 864 666 Regulam
890 629 1043 658 secundum
1069 629 1110 657 10-

259 677 409 706 tentionem
430 676 600 705 mandatoris
631 677 733 713 partim
759 676 793 705 ad
822 676 1057 711 observantiam,
1079 678 1111 705 ut

258 724 449 761 praeceptorie
470 723 614 760 imposita,
637 723 738 760 partim
760 723 794 752 ad
816 724 1009 752 reverentiam
1024 726 1051 752 et
1066 731 1111 760 ap—

258 770 450 807 probationem
472 771 584 799 1110100]
607 778 679 807 quae
700 779 754 799 non
777 773 833 799 tam
855 770 1046 807 praeceptorie
1060 770 1111 798 iu]-

258 819 403 854 ponuntur
418 825 501 854 quam
517 817 665 845 monitorie
680 819 877 853 proponuntur
892 816 937 845 tali
954 816 1037 845 statui
1053 824 1112 853 spe—

258 864 364 892 cialiter
386 863 565 897 aemulanda,
587 867 619 892 ut
639 867 681 892 est
702 863 770 892 illud
792 863 868 900 quod
881 863 976 892 infra2
991 863 1110 892 dicitur:

261 911 356 940 Orare
376 920 489 948 semper
504 911 544 940 ad
559 911 652 939 Deam
668 919 748 948 puro
769 911 871 945 corde,
894 909 1000 939 babere
1015 909 1112 939 limni-

259 958 368 987 litatent
383 962 409 987 et
421 959 599 995 patientiam
620 959 651 987 in
670 958 869 995 persecutione
883 961 908 986 et
929 957 1110 995 infirmitate.

258 1006 333 1035 Licet
353 1006 426 1034 enim
449 1005 586 1034 virtutum
608 1008 687 1034 actus
709 1005 764 1034 sint
791 1005 819 1034 in
848 1007 1010 1042 praecepto,
1036 1007 1112 1033 tanta

258 1057 351 1082 tamen
366 1056 479 1082 actuum
492 1053 686 1089 praecellentia
701 1053 769 1081 nulli
784 1053 936 1089 imponitur
952 1055 1112 1089 praecepto-

258 1100 315 1135 rie,
338 1103 442 1137 quanta
469 1100 495 1128 111
529 1100 658 1136 pluribus
686 1100 804 1136 Regulae
833 1100 961 1136 capitulis
989 1100 1112 1128 contine-

259 1150 315 1176 tur.
344 1148 451 1176 Vovent
472 1155 538 1184 ergo
560 1148 670 1176 Fratres
694 1147 790 1176 eodem
812 1147 894 1176 modo
916 1147 1111 1184 Evangelium,

259 1194 361 1231 partim
384 1194 489 1223 scilicet
509 1194 543 1222 ad
564 1194 785 1228 observantiam,
801 1194 902 1231 partim
925 1194 958 1222 ad
981 1202 1111 1222 reveren—

259 1241 325 1269 tiam
348 1241 510 1277 specialem,
533 1249 616 1277 quam
638 1241 716 1269 decet
737 1244 765 1269 et
786 1241 916 1278 congruit
936 1243 1013 1269 tanto
1028 1240 1112 1269 statui

260 1288 403 1317 aemulari.

338 1336 377 1364 Ex
401 1336 444 1364 his
465 1343 531 1372 ergo
560 1338 635 1372 patet
662 1344 743 1364 error
771 1336 939 1369 dicentium,
968 1335 1043 1372 quod
1065 1343 1111 1364 vo-

262 1386 356 1411 ventes
378 1383 449 1411 lianc
471 1383 601 1419 Regulam
625 1385 726 1411 vovent
748 1382 830 1410 etiam
846 1382 939 1410 omnia
954 1384 1112 1418 praecepto-

261 1429 317 1464 rie,
340 1437 411 1466 (piae
433 1429 460 1457 in
483 1429 541 1466 ipsa
563 1429 666 1466 Regula
688 1429 885 1462 continentur;
908 1429 961 1457 hoc
982 1429 1055 1457 enim
1071 1431 1112 1457 est

260 1480 357 1505 contra
384 1477 515 1513 Regulam
538 1476 696 1510 manifeste,
718 1484 790 1513 quae
812 1484 945 1513 expresse
966 1476 1112 1513 distinguit

259 1523 432 1552 monitiones
451 1532 467 1551 a
485 1524 650 1560 praeceptis
662 1523 681 1551 ³.

338 1570 364 1598 lt.
388 1570 539 1607 Sequitur:
570 1570 693 1598 Viventio
716 1570 746 1598 in
769 1570 945 1604 obedientia,
967 1570 1030 1598 sine
1041 1579 1112 1607 pro-

256 1617 325 1654 prio
347 1620 371 1645 et
393 1618 424 1645 in
443 1618 583 1646 castitate.
600 1617 678 1646 Circa
693 1617 767 1654 quod
783 1617 943 1651 sciendum,
959 1617 1032 1654 quod
1050 1617 1112 1646 obe-

258 1665 369 1693 dientia
390 1673 447 1693 uno
470 1665 550 1693 modo
572 1668 614 1693 est
629 1665 724 1693 virtus
739 1664 880 1693 contraria
894 1664 1110 1699 inobedientiae,

258 1715 286 1740 et
301 1712 339 1741 510
354 1712 428 1740 omni
445 1712 573 1741 convenit
588 1712 757 1746 Christiano3
773 1712 879 1749 primae
894 1712 966 1740 Petri
982 1712 1072 1749 primo
1083 1714 1110 1740 4:

260 1759 463 1796 Castificantes
485 1759 605 1787 animas
626 1763 740 1788 vestras
761 1759 793 1788 in
814 1759 974 1787 obedientia
1000 1759 1111 1787 carita-

259 1807 304 1835 tis.
320 1807 377 1835 Alio
393 1806 474 1835 modo
489 1806 649 1835 obedientia
663 1806 730 1835 dicit
742 1810 855 1835 statam
875 1806 1043 1835 eminentem
1058 1807 1112 1835 hu—

259 1853 303 1882 ius
326 1853 453 1888 virtutis,
475 1854 586 1891 quando
608 1854 709 1891 aliquis
730 1862 784 1882 000
807 1856 916 1882 tantum
932 1853 1025 1882 obedit
1039 1854 1111 1888 Deo,

258 1909 359 1929 verum
380 1901 463 1930 etiam
485 1901 589 1929 homini
613 1904 726 1938 propter
749 1901 856 1935 Deum,
879 1901 960 1935 item,
977 1901 1032 1929 Deo
1047 1901 1111 1930 obe-

259 1947 299 1976 dit
319 1956 375 1976 non
396 1950 504 1977 tantum
527 1948 555 1976 in
576 1948 768 1982 necessariis,
791 1956 891 1977 verum
906 1948 989 1977 etiam
1004 1948 1032 1976 10
1048 1956 1112 1985 ope-

261 2133 360 2156 stitatem
378 2136 400 2155 et
417 2133 551 2155 huiusmodi
577 2134 716 2162 (seeundum
739 2135 847 2163 August.)
860 2143 883 2156 n.
906 2135 963 2157 Dein
981 2141 1008 2157 ex
1025 2135 1112 2158 Cassio-

261 2172 334 2194 doro:
352 2172 472 2200 Quaedam
489 2176 554 2199 sunt,
572 2179 631 2201 (1000
649 2179 690 2195 nec
708 2174 866 2200 promittentes
884 2173 998 2196 debemus
1011 2174 1111 2202 solvere,

261 2214 285 2234 111
298 2218 342 2234 000
356 2212 448 2234 occides
459 2214 481 2234 et
493 2212 642 2238 1111111501001,
654 2212 696 2233 alia
710 2215 774 2240 sunt⁷
787 2218 858 2241 (11100,
871 2213 914 2235 11151
927 2219 1054 2240 vox-emus,
1066 2219 1112 2235 11011

262 2251 368 2279 cogimur
386 2251 482 2279 implere
499 2254 541 2273 etc.

324 2290 331 2302 ¹
352 2291 402 2313 Vat.
420 2296 542 2319 capi-esse,
568 2290 668 2312 subinde
690 2294 743 2318 post
763 2290 905 2314 Christianis
922 2291 1001 2314 addito
1015 2297 1112 2320 pracce-

257 2329 348 2359 ptorzie,
366 2335 427 2358 quae
443 2329 511 2351 etiam
530 2329 625 2351 interius
643 2335 685 2357 pro
703 2329 834 2358 imponitur
854 2336 885 2352 ez·
903 2329 951 2359 Ieye
969 2330 1012 2353 Dei
1030 2329 1112 2353 substi-

261 2368 303 2391 tuit
319 2367 343 2390 in
362 2367 410 2397 [eye
426 2368 525 2397 ponitur
541 2367 620 2391 divina
639 2371 661 2390 et
678 2367 726 2391 vila
744 2375 786 2396 pro
800 2368 922 2398 perfectio.

324 2406 333 2419 2
351 2407 406 2435 Cap.
426 2408 462 2429 10.
474 2419 505 2424 ·—
518 2407 631 2435 Superius
649 2414 691 2435 pro
703 2407 853 2431 mandatoris
867 2408 916 2430 Vat.
928 2407 1111 2435 mandatorum,

261 2453 304 2475 pro
321 2446 516 2476 approbationem
533 2447 551 2468 Α
569 2449 591 2469 01
608 2447 644 2469 ed.
667 2447 672 2468 1
694 2446 726 2469 ad
739 2446 918 2476 probationem,
941 2450 963 2469 et
979 2454 1022 2475 pro
1039 2447 1112 2471 moni-

261 2485 320 2509 toria
338 2486 377 2514 (ita
395 2486 438 2508 AC
456 2489 478 2508 et
495 2486 532 2508 ed.
551 2486 573 2515 1)
593 2486 643 2508 Vat.
661 2486 789 2509 meritorie.

324 2524 334 2537 ³
351 2526 438 2548 Eodem
456 2526 527 2548 modo
539 2526 667 2547 declaravit
678 2526 773 2554 Gregor.
787 2526 825 2548 lX.
838 2526 859 2548 in
872 2532 913 2548 5110
926 2525 1046 2549 Constitut.
1060 2526 1112 2554 Ono

262 2564 367 2594 elongati
384 2564 434 2593 (cfr.
452 2571 522 2593 supra
540 2570 593 2593 pag.
612 2565 670 2592 312,
696 2568 750 2587 110ῑο
769 2565 799 2593 3.)
818 2568 840 2587 et
857 2567 938 2593 postea
955 2566 1061 2588 Nicolaus
1078 2567 1112 2588 Ill.

263 2605 287 2627 in
305 2611 346 2627 sua
363 2604 485 2627 Constitut.
504 2604 568 2628 Exiit
586 2604 628 2634 qni
642 2604 746 2628 seminat
762 2604 812 2633 (cfr.
831 2611 901 2633 supra
919 2611 973 2633 pag.
993 2606 1046 2634 3⁴21,
1058 2609 1111 2628 nota

262 2643 293 2672 6.)
306 2650 326 2666 a.
342 2644 361 2665 ’1.
374 2650 396 2665 0.
410 2644 430 2666 l.
445 2646 467 2665 et
482 2643 589 2666 Clemens
602 2644 629 2666 V.
642 2644 665 2666 111
678 2650 719 2666 5110
737 2643 857 2666 Constitut.
875 2643 949 2667 Ea'ivi
959 2643 986 2667 [le
994 2644 1111 2674 paradiso

263 2683 300 2711 (V.
318 2682 428 2705 Clement.
445 2683 477 2705 tit.
499 2683 541 2712 11.)
560 2690 579 2705 c.
599 2684 619 2705 l.
637 2683 682 2705 Cfr.
700 2683 815 2710 Expositio
832 2685 932 2711 quatuor
950 2684 1111 2711 magistrorum

262 2721 334 2749 (Alex.
350 2722 451 2748 Hatens„
470 2722 530 2744 ioan.
545 2722 575 2744 de
592 2722 701 2750 nupeiia,
714 2722 809 2744 Roberti
826 2722 856 2744 de
872 2722 946 2744 Bastia
959 2725 981 2745 et
993 2723 1110 2751 Ricliardi)

262 2766 332 2788 super
350 2761 476 2789 Regulam,
493 2761 516 2783 in
534 2767 555 2783 c.
573 2762 597 2787 11,
617 2761 657 2783 nbi
674 2761 736 2784 idem
754 2762 901 2789 proponitur.

324 2798 334 2811 ‘¹
353 2800 418 2822 Vei-s.
436 2801 480 2828 223
499 2800 555 2823 ibid.
574 2807 597 2822 v.
616 2800 651 2822 14.
669 2801 753 2823 dicitur
766 2800 892 2830 quasifilii
902 2800 1051 2824 obedientiae.
1064 2800 1109 2824 Ctr.

265 2838 362 2867 Bonav.,
380 2839 403 2860 ll.
422 2840 483 2861 Sent.
500 2839 524 2861 d.
542 2840 579 2861 35.
595 2839 652 2861 (1011.
671 2839 691 2861 4.

326 2876 335 2889 ⁵
354 2878 420 2900 Vers.
443 2879 463 2900 8.
481 2891 511 2895 —
529 2879 637 2907 Sequitur
663 2879 739 2901 Matth.
766 2879 806 2907 116,
830 2878 868 2901 24.
885 2891 916 2895 -
933 2879 1045 2907 Superius
1068 2885 1110 2907 pro

265 2915 375 2946 operibus
394 2917 443 2939 Vat.
461 2917 578 2940 omnibus.

326 2954 336 2967 ⁶
353 2955 481 2983 Respieitur
498 2956 582 2978 divisio
607 2957 793 2985 propositionum
818 2957 980 2985 oppositarum
1000 2964 1012 2980 a
1030 2957 1111 2986 logicis

263 2992 328 3021 data,
345 2999 391 3022 qua
410 2994 578 3021 propositiones
595 2996 715 3023 oppositae
733 2996 869 3018 dividuntur
885 2996 907 3018 10
925 2996 1074 3024 contrarias,
1087 3002 1109 3018 v.

264 3038 287 3060 g.
305 3033 381 3055 omnis
399 3033 468 3056 homo
485 3033 559 3056 iustus
576 3036 622 3062 est,
639 3035 716 3056 nullus
733 3035 803 3057 homo
829 3036 902 3058 iustus
926 3038 975 3064 051;
993 3035 1111 3059 contradi-

501 222 699 252 OPUSCULUM
719 222 786 250 XVI.
809 220 983 250 EXPOSlTlO
1005 221 1108 250 SUPER
1130 221 1285 251 REGULAM
1305 222 1460 252 FRATRUM
1481 222 1643 252 MINORUM.
1665 223 1734 252 CAP.
1757 224 1775 252 I.

1166 299 1251 328 ribas
1278 302 1548 339 supererogyationis
1575 305 1603 331 et
1632 302 1742 331 (livinis
1769 302 2016 339 inspirationibus

1166 347 1329 381 universis,
1352 351 1610 386 quantumcumque
1631 349 1790 378 difficilibus
1810 352 1838 378 et
1858 349 1969 383 arduis,
1984 350 2016 378 il-

1166 393 1221 422 lius
1242 395 1384 431 exemplo,
1399 396 1448 432 qui
1462 395 1562 433 factas
1576 400 1617 425 est
1631 396 1762 425 obediens
1777 405 1868 435 usqae
1883 397 1923 425 acl
1939 406 2015 425 mor-

1167 444 1238 474 tem,
1260 444 1293 469 ut
1313 441 1416 470 dicitur
1436 442 1468 470 ad
1491 443 1679 480 Philippenses
1694 444 1853 478 secund05,
1876 444 1923 481 qui
1946 445 2015 473 mori

1167 488 1279 516 minime
1300 488 1455 517 tenebatur.
1478 490 1547 518 Haec
1568 490 1722 519 obedientia
1743 499 1779 519 ex
1800 491 1886 520 verbo
1908 491 2015 520 Domini

1166 535 1323 570 descendit,
1342 535 1391 572 qui
1411 536 1477 564 dicit
1497 536 1626 565 Matthaei
1647 537 1754 566 decimo
1776 540 1875 567 sexto:
1898 538 1931 567 Si
1951 538 2017 576 qais

1168 582 1229 610 vult
1248 582 1347 610 venire
1364 586 1432 619 post
1452 591 1512 617 me,
1534 583 1651 621 abneget
1671 585 1856 622 semetipsam
1878 588 1929 614 etc.

1247 630 1273 657 5.
1295 629 1346 658 Sed
1368 630 1471 666 triplex
1493 633 1535 659 est
1556 630 1598 659 sui
1619 631 1782 668 abnegatio:
1797 640 1854 660 una
1868 635 1909 661 est
1923 640 2016 661 neces-

1167 676 1241 705 saria
1262 684 1312 713 per
1333 676 1446 705 modum
1466 677 1781 712 su-bcontrarietatisss,
1804 686 1859 715 qua
1880 679 1963 707 homo
1988 679 2015 707 in

1167 723 1334 760 quibusdam
1357 731 1423 752 suae
1445 724 1580 752 voluntati
1603 725 1761 759 renuntiat,
1783 728 1814 753 111
1835 725 1863 753 10
1885 725 2017 762 peccatis,

1167 771 1196 799 10
1216 771 1277 799 aliis
1299 779 1381 805 vero,
1403 774 1435 799 ut
1456 771 1484 799 in
1503 771 1741 806 indifferentibus,
1757 772 1809 800 sibi
1824 780 1903 800 suam
1918 772 2019 801 retinet

1168 818 1349 846 voluntatem.
1365 834 1403 838 —
1418 818 1475 846 Alia
1489 820 1530 847 est
1545 818 1588 847 sui
1603 818 1748 855 abnegatio
1763 827 1813 855 per
1827 819 1940 848 modum
1956 827 2019 847 con—

1169 864 1350 898 lrarz‘etatis,
1373 865 1399 893 in
1422 865 1476 893 illis
1498 865 1617 899 scilicet,
1639 865 1687 902 qui
1708 865 1736 893 in
1751 865 1882 894 omnibus
1896 866 1939 894 vel
1954 865 2019 894 sim-

1168 911 1289 948 pliciter,
1312 912 1356 940 vel
1376 912 1553 941 accommode
1581 920 1647 941 suae
1679 913 1841 941 renuntiant
1868 913 2018 947 voluntati,

1168 958 1238 986 nihil
1259 958 1383 987 volentes
1404 959 1447 987 vel
1465 962 1578 996 agentes
1596 959 1748 988 secundum
1772 962 1871 988 nutum
1892 967 1958 988 suae
1972 967 2019 988 vo-

1168 1005 1291 1033 luntatis.
1314 1005 1353 1034 De
1374 1014 1430 1042 qua
1451 1005 1516 1034 dicit
1538 1006 1650 1043 quidam
1663 1006 1689 1034 ⁷:
1710 1017 1723 1031 cc
1738 1006 1780 1034 Nil
1794 1006 1833 1034 ita
1847 1006 1952 1043 fragrat
1966 1006 2018 1035 Do-

1169 1052 1244 1080 mino
1264 1052 1296 1080 in
1318 1053 1435 1081 odorem
1456 1053 1631 1087 suavitatis,
1660 1061 1744 1090 quam
1766 1053 1787 1082 si
1811 1056 1948 1082 mactetur
1970 1053 2019 1082 Do-

1168 1099 1244 1127 mino
1265 1099 1371 1128 vitulus
1393 1100 1522 1136 propriae
1543 1100 1694 1129 voluntatis
1709 1112 1735 1128 n.
1757 1100 1894 1129 Nimirum
1920 1101 2020 1130 altissi-

1168 1154 1246 1174 mum
1268 1149 1309 1175 est
1330 1147 1358 1174 in
1380 1147 1493 1175 homine
1518 1147 1646 1176 voluntas
1671 1147 1828 1182 rationalis;
1854 1148 2019 1176 altissimum

1168 1201 1234 1230 ergo
1249 1196 1290 1222 est
1305 1194 1472 1222 sacrificium
1494 1202 1554 1222 eam
1571 1194 1691 1223 totaliter
1712 1195 1829 1223 Domino
1844 1202 2019 1230 consecrare,

1169 1248 1223 1268 uon
1246 1243 1354 1269 tantum
1377 1240 1427 1277 ipsi
1450 1241 1507 1269 Deo
1528 1241 1695 1275 obediendo,
1724 1242 1772 1270 sed
1800 1242 1882 1271 etiam
1914 1242 2019 1271 homini

1169 1290 1283 1323 propter
1304 1287 1409 1321 Deum,
1432 1295 1496 1316 cum
1517 1291 1544 1316 et
1565 1288 1624 1324 ipse
1645 1288 1679 1317 ad
1710 1289 1762 1317 hoc
1792 1288 1947 1317 docendum
1973 1297 2020 1326 pa—

1169 1337 1281 1363 rentum
1303 1343 1420 1363 suorum
1442 1334 1570 1364 subditus
1591 1335 1676 1364 fuerit
1697 1336 1849 1370 voluntati,
1873 1339 1903 1364 ut
1919 1336 2020 1373 legitur

1169 1382 1258 1410 Lucae
1280 1382 1402 1410 secundo
1413 1382 1432 1410 ⁸.
1448 1399 1487 1403 —
1503 1382 1549 1411 Est
1570 1382 1651 1411 etiam
1667 1383 1812 1420 abnegatio
1827 1383 1923 1417 tertia,
1940 1383 2019 1420 quasi

1169 1429 1417 1463 contradictoria,
1447 1438 1518 1467 quae
1544 1430 1628 1459 vitam
1655 1430 1798 1467 propritim
1825 1430 1940 1467 exponit
1968 1438 2019 1467 pro

1167 1476 1256 1512 gloria
1277 1476 1440 1505 ConditoriS.
1740 1490 1742 1492 -

1248 1524 1273 1551 6.
1295 1523 1456 1552 Obedientia
1477 1527 1583 1558 tamen,
1605 1524 1757 1553 secundum
1779 1524 1854 1561 quod
1875 1524 1940 1553 dicit
1960 1527 2019 1552 sta—

1169 1574 1231 1599 tum
1260 1571 1426 1600 eminentem
1455 1571 1567 1600 virtutis
1595 1571 1783 1606 obedientiae,
1812 1572 1907 1609 plures
1938 1572 2021 1600 habet

1168 1618 1279 1654 gradus.
1296 1618 1411 1654 Quidam
1434 1618 1506 1647 enim
1528 1619 1555 1647 in
1577 1619 1707 1648 omnibus
1727 1619 1861 1648 obediunt
1875 1618 2019 1653 absolate,

1168 1668 1200 1693 ut
1220 1665 1325 1693 dictum
1348 1665 1428 1700 est⁹3
1458 1665 1569 1702 quidam
1599 1674 1665 1695 vero
1693 1666 1721 1694 in
1750 1666 1879 1695 omnibus
1907 1674 2020 1695 accom-

1168 1713 1268 1747 mode,
1290 1715 1386 1750 utpote
1408 1712 1441 1741 ad
1461 1713 1679 1742 mediocritatem
1702 1716 1790 1742 status
1812 1713 1853 1742 sui
1880 1713 2020 1750 pertinen-

1169 1759 1261 1794 tibus,
1287 1760 1416 1797 propriae
1448 1760 1609 1789 renuntiant
1639 1760 1793 1795 volnntati;
1825 1760 1892 1797 quia
1923 1760 2022 1789 clerici

1168 1806 1336 1835 saeculares
1361 1807 1389 1835 10
1421 1807 1492 1836 sacri
1524 1807 1629 1836 ordinis
1655 1807 1828 1844 susceptione
1859 1807 2021 1836 renuntiant

1168 1853 1290 1890 propriis
1318 1853 1523 1888 voluntatibus,
1555 1857 1582 1883 et
1613 1862 1650 1883 ex
1680 1857 1747 1883 tunc
1779 1854 1890 1891 penitus
1920 1854 2021 1883 debent

1168 1901 1267 1930 subiici
1286 1901 1487 1930 ecclesiasticae
1508 1902 1651 1938 potestati,
1672 1904 1705 1930 ut
1726 1901 1827 1939 legitur
1843 1902 1931 1931 Causa
1952 1901 2020 1930 duo-

1167 1948 1288 1983 decima,
1317 1949 1478 1986 quaestione
1505 1949 1611 1986 prima,
1638 1957 1741 1978 canone
1772 1949 1838 1978 Non
1869 1949 1976 1978 dicatis
1987 1949 2019 1977 ¹⁰.

1170 2135 1271 2163 otor-ias,
1290 2142 1313 2157 v.
1331 2142 1354 2163 g.
1372 2135 1448 2157 omnis
1466 2136 1536 2157 homo
1563 2135 1636 2157 iustus
1660 2138 1707 2161 est,
1732 2135 1827 2163 quidam
1853 2135 1924 2157 homo
1945 2135 2019 2158 iustus

1171 2181 1215 2196 non
1232 2177 1280 2202 est;
1306 2174 1500 2201 subcontrarias,
1525 2181 1546 2196 v.
1565 2180 1586 2202 g.
1605 2174 1700 2203 quidam
1720 2175 1790 2196 110010
1809 2175 1881 2197 1051115
1899 2177 1945 2202 051,
1968 2175 2019 2203 (1111-

1170 2214 1223 2236 dam
1243 2215 1312 2236 1101110
1331 2214 1404 2235 1051115
1430 2219 1476 2235 non
1502 2216 1542 2235 est.
1568 2213 1613 2235 Csr.
1636 2214 1751 2235 Averroes
1767 2216 1790 2235 et
1808 2213 1916 2236 Boethius
1933 2214 1954 2236 in
1973 2214 2019 2236 Ari-

1169 2255 1234 2280 stot,
1252 2253 1266 2275 1.
1285 2253 1409 2275 Pei-ilierm.
1428 2258 1448 2274 c.
1466 2253 1486 2275 5.
1504 2265 1535 2268 —
1552 2252 1664 2280 Superius
1681 2258 1723 2280 pro
1740 2251 1788 2275 Sed
1800 2252 1888 2281 triplex¹
1905 2253 1924 2275 D
1941 2252 2019 2276 Scien-

1170 2291 1240 2319 dum,
1259 2291 1322 2321 quod
1339 2291 1435 2321 triplea'.

1234 2330 1242 2344 ⁷
1259 2332 1369 2359 Gregor.‚
1388 2331 1485 2353 XXXV.
1502 2331 1579 2353 Morat
1597 2337 1618 2353 c.
1638 2331 1672 2353 14.
1690 2337 1712 2353 n.
1730 2332 1776 2353 28:
1799 2331 1890 2353 Samuel
1915 2330 1938 2360 [l.
1962 2331 2017 2359 Reg.

1174 2370 1213 2398 15,
1230 2369 1283 2399 22]
1302 2370 1347 2392 ait:
1365 2370 1443 2392 Melior
1461 2372 1495 2392 est
1512 2368 1642 2392 obedientia
1659 2375 1732 2399 quam
1748 2369 1880 2393 victimae...
1906 2369 2019 2392 Obedien-

1169 2410 1199 2431 tia
1217 2410 1305 2438 quippe
1329 2409 1428 2431 victimis
1445 2408 1495 2430 iure
1512 2409 1674 2436 praeponitur,
1692 2409 1745 2437 (11110
1764 2415 1805 2436 per
1821 2409 1928 2431 victimas
1945 2409 2016 2431 aliena

1169 2455 1235 2476 earo⁷
1253 2454 1295 2476 per
1313 2447 1471 2470 obedientiam
1488 2454 1544 2470 vero
1563 2448 1667 2470 voluntas
1684 2448 1778 2475 propria
1792 2450 1905 2469 mactatur
1917 2450 1960 2470 etc.
1972 2447 2016 2470 Csr.

1170 2489 1197 2511 V.
1215 2488 1239 2510 in
1256 2488 1272 2510 I.
1290 2488 1345 2515 Reg.
1364 2494 1384 2510 c.
1404 2488 1424 2509 2.
1443 2494 1466 2509 0.
1483 2488 1521 2509 22.
1538 2493 1603 2515 seqq.
1620 2486 1724 2509 Dictione
1740 2486 1764 2509 in
1783 2485 1879 2509 odorem
1891 2485 2017 2509 suavitatis

1169 2528 1293 2556 respicitur
1310 2527 1379 2549 Exod.
1399 2527 1441 2555 29,
1461 2526 1501 2553 41;
1518 2526 1573 2548 Lev.
1591 2527 1618 2554 2,
1635 2526 1658 2548 9.
1675 2529 1717 2548 etc.
1730 2538 1761 2542 —
1773 2525 1885 2553 Superius
1902 2528 1954 2553 post
1966 2531 2018 2549 con-

1170 2565 1303 2589 trarietatis
1320 2565 1373 2587 Vat.
1391 2565 1556 2593 prosequitur:
1573 2566 1602 2587 ut
1617 2564 1642 2587 in
1659 2563 1706 2587 illis
1724 2563 1833 2587 omnibus
1858 2563 1906 2587 sive
1930 2563 2017 2593 simpli·

1169 2604 1226 2628 citer
1244 2604 1292 2627 sire
1308 2603 1460 2627 accommode
1481 2609 1540 2627 suae
1556 2603 1698 2626 renuntiant
1712 2602 1840 2631 volantati,
1865 2602 1926 2626 nillil
1942 2602 2018 2626 colen-

1169 2645 1202 2667 tes
1220 2643 1268 2667 siue
1287 2645 1383 2673 agentes
1404 2642 1536 2666 secundum
1559 2649 1630 2665 snam
1655 2642 1801 2665 voluntatem
1825 2642 1863 2665 vel
1886 2641 2015 2665 secundum

1168 2686 1256 2706 nutant
1273 2690 1332 2706 snae
1348 2682 1487 2706 voluntatis.
1506 2683 1549 2705 Pro
1566 2684 1652 2705 natum
1669 2688 1727 2705 suae
1745 2681 1873 2705 voluntatis
1890 2682 1909 2704 D
1926 2683 2016 2705 motum

1165 2722 1282 2751 propriae
1298 2721 1434 2745 voluntatis.

1231 2760 1241 2773 θ
1259 2761 1325 2783 Vers.
1344 2762 1385 2783 5-12
1404 2762 1429 2783 Et
1446 2763 1494 2783 erat
1511 2760 1619 2783 subditus
1635 2760 1685 2782 illis.
1703 2772 1734 2776 —
1750 2759 1796 2782 Csr.
1815 2760 1838 2782 ll.
1857 2760 1917 2782 Sent.
1935 2759 1957 2781 d.
1979 2759 2016 2782 25.

1168 2807 1191 2828 p.
1209 2801 1225 2823 1.
1242 2807 1264 2829 q.
1283 2801 1304 2822 6.
1323 2800 1438 2828 scholion,
1456 2806 1478 2822 n.
1496 2801 1522 2828 2,
1540 2799 1579 2822 ubi
1597 2799 1626 2822 de
1649 2799 1818 2826 controversia⁷
1836 2801 1913 2821 utrum
1931 2798 2016 2820 intelle-

1167 2843 1230 2868 ctusy
1248 2846 1277 2862 00
1295 2840 1401 2862 voluntas
1425 2840 1453 2862 sit
1470 2839 1535 2862 altior
1552 2839 1574 2861 in
1592 2839 1692 2861 nomine..
1703 2851 1735 2855 —
1747 2838 1859 2866 Superius
1876 2840 1928 2866 post
1945 2836 2018 2860 Nimi-

1167 2884 1224 2901 rum
1242 2879 1260 2901 D
1276 2879 1341 2901 addit
1358 2878 1422 2908 qaia.
1441 2878 1534 2901 inferius
1552 2884 1594 2906 pro
1613 2877 1748 2901 conditoris
1774 2878 1821 2900 DG
1846 2880 1868 2899 et
1890 2877 1927 2899 ed.
1946 2877 1953 2898 1
1976 2876 2017 2899 Re-

1167 2916 1304 2947 dempta-is.
1881 2915 1891 2928 ⁹
1909 2916 1976 2938 Num.
1993 2916 2015 2938 5.

1231 2955 1250 2969 ¹⁰
1268 2956 1323 2979 Can.
1341 2957 1377 2978 41.
1396 2956 1440 2979 Csr.
1457 2962 1528 2984 supra
1544 2962 1600 2984 pag.
1623 2956 1681 2983 284,
1698 2958 1750 2978 nota
1769 2956 1790 2977 8.
1802 2968 1833 2972 —
1844 2955 1956 2983 Superius
1973 2960 2015 2982 pro

1167 2997 1189 3018 et
1205 3002 1236 3019 esc
1254 2997 1310 3019 tunc
1335 2996 1354 3018 D
1380 2996 1437 3025 qnia
1454 3002 1484 3018 em
1501 2997 1564 3024 tunc,
1582 2998 1604 3018 et
1620 3001 1663 3023 pro
1676 2995 1772 3025 penitus
1790 2994 1830 3023 (ita
1846 2995 1890 3017 FG
1907 2997 1929 3016 et
1946 2994 1983 3016 ed.
2002 2994 2010 3015 1

1167 3041 1221 3057 cum
1239 3035 1336 3063 canone)
1357 3035 1407 3057 Vat.
1422 3034 1499 3064 plene.

2039 604 2122 662 Abnegati

2053 662 2122 686 triplex«

2037 1529 2123 1549 Obedien·
2132 1537 2133 1548 1

2038 1553 2105 1578 gradus
2119 1555 2123 1572 1

2037 1624 2117 1643 Primus.
2130 1623 2131 1644 1

2038 1671 2122 1691 Secundi:
2130 1659 2131 1692 1

2131 1735 2132 1748 1

2131 1771 2132 1778 1

2131 1817 2132 1834 l

2131 1839 2133 1847 l
