2133 3317
820 212 1063 241 PROLEGOMENA
1084 213 1112 241 C.
1135 213 1153 241 Ι.

119 293 171 315 180.
188 299 206 315 r.
224 294 267 316 hoc
284 292 367 315 modo:
385 291 468 321 Incipit
489 292 605 314 tractatus
631 291 796 314 Bonacenture
820 290 847 313 de
871 289 960 319 triplici

117 340 162 363 via.
181 340 266 362 Desinit
284 340 318 362 sol.
338 339 389 361 199.
407 346 443 361 v.:
461 339 490 361 Et
506 338 549 362 hoc
566 344 607 367 per
625 337 761 367 Seraphim.
772 337 809 360 Ad
820 336 883 367 quod
893 343 959 360 oscu-

117 387 167 410 lum
184 392 227 410 nos
240 385 357 416 perducat
373 385 414 415 qui
429 385 479 408 sine
495 385 541 415 fine
557 384 614 408 vivit
630 386 651 408 el
667 385 760 414 reynat.
778 386 860 407 Amen.
877 383 958 413 Eaepli-

117 433 148 457 cit
163 432 265 456 trinario
283 432 347 461 (sict)
365 432 531 455 Bonacenture
547 431 574 454 de
591 431 638 454 cita
655 430 849 460 contemplativa,
872 430 900 453 de
916 430 960 454 tri-

116 479 188 502 nitate
203 480 284 502 creata
299 477 453 501 similitudine
472 477 594 500 Trinitatis
611 477 723 500 inci-eale.

179 526 231 547 117.
248 524 348 553 Ibidem,
371 525 423 547 cod.
448 525 517 547 3811.
544 524 674 552 descriptus
700 527 754 546 tom.
773 524 800 546 V.
818 529 872 551 pag.
897 523 958 545 XXll

116 579 139 595 n.
156 572 208 595 104.
224 584 255 589 -
270 572 316 594 Fol.
339 571 388 594 155.
405 578 436 594 r.:
455 571 539 600 Incipit
560 570 705 594 tractatulus
727 569 818 593 domini
838 570 958 593 Bonaoen-

116 620 168 642 ture
184 617 277 641 subtilis
293 619 316 641 et
328 618 412 648 pulcer
429 617 456 641 de
473 618 561 647 triplici
577 617 629 646 via,
646 624 690 647 que
706 616 771 640 ducit
786 615 818 639 ad
829 622 911 639 veram
922 621 959 638 sa-

112 665 238 695 pientiam,
256 666 277 688 et
290 665 371 694 primo
388 664 416 688 de
437 664 593 688 meditatione.
616 664 701 687 Desinit
724 664 761 686 sol.
784 664 837 685 162.
855 670 878 685 v.
895 666 920 685 ut
935 663 958 684 in

115 712 189 735 editis.
205 712 294 734 Deinde
310 711 402 734 additur
419 712 587 739 fragmentum:
605 711 668 733 Deus
685 711 719 733 est
736 715 785 732 esse
800 708 888 738 absque
909 714 957 732 non

115 758 208 782 entitale
224 762 278 786 etc.,
297 761 321 780 ut
337 764 408 786 supra
425 764 448 780 n.
466 758 503 780 92.

179 806 231 827 118.
247 804 347 832 Ibidem,
365 805 416 827 cod.
434 805 487 827 106.
504 804 603 827 membr.
628 809 689 826 saec.
713 803 772 826 XlV.
797 803 909 825 exeuntis.
926 815 957 819 —

115 852 196 880 lncipit
212 853 256 875 hoc
272 853 409 880 opusculum
423 853 460 874 sol.
472 852 509 874 91.
521 852 647 879 praemissa
659 851 764 879 sequenti
776 850 881 873 rubrica:
894 850 957 874 Nota

111 905 217 928 parvum
235 898 323 922 bonum
339 898 371 921 ad
387 898 578 928 informationem
594 897 640 921 vite
657 897 789 920 secundnm
812 897 957 920 Bonacenta-

114 951 169 968 rani
186 944 210 967 in
227 946 343 973 tractatu,
361 944 403 974 qui
418 944 511 974 incipit:
529 944 598 972 Ecce,
616 943 729 974 descripsi
745 950 805 966 eam.
817 944 903 966 Desinit
917 944 955 966 tol.

115 992 152 1015 93.
169 999 188 1014 r.
205 991 283 1014 verbis
300 998 351 1020 cap.
368 993 390 1014 2.
407 998 429 1014 n.
448 992 455 1014 1
464 992 489 1014 1;
507 992 534 1014 In
547 997 608 1020 pace
623 991 701 1021 factus
719 992 752 1014 est
769 990 834 1013 locus
851 990 909 1013 eius.

181 1040 231 1062 ll9.
249 1039 347 1067 Ibidem,
364 1039 415 1062 eod.
433 1039 501 1061 3227.
520 1037 619 1061 membr.
637 1038 658 1060 in
677 1038 697 1060 4.
710 1044 769 1060 saeC.
782 1038 832 1060 XV.
846 1037 954 1060 exeuntis.

114 1100 145 1103 —
161 1087 208 1109 Fol.
227 1087 247 1108 1.
264 1093 295 1108 r.:
312 1085 396 1115 Incipit
412 1085 566 1108 Itinerarium
578 1084 663 1114 fratris
676 1084 841 1108 Bonaventare
852 1083 954 1107 hominis

115 1133 139 1156 in
155 1132 266 1162 seipsum.
285 1132 370 1154 Desinit
386 1132 422 1154 tol.
442 1131 478 1153 14.
496 1138 514 1153 r.
532 1137 572 1159 per
595 1131 679 1153 verba:
702 1130 731 1154 Et
752 1130 796 1154 hoc
818 1130 953 1159 Seraphim.

115 1179 222 1208 Sequitur
238 1185 310 1207 opus,
327 1178 391 1207 quod
408 1178 498 1206 incipit:
515 1177 654 1201 Notandum
671 1176 734 1207 quod
749 1183 793 1200 sex*
809 1178 866 1200 sant
875 1177 955 1206 polen-

113 1225 143 1249 tie
159 1228 214 1252 etc.,
231 1225 261 1248 de
277 1231 324 1254 quo
340 1225 395 1247 ride
411 1225 599 1247 Additamentum
617 1225 650 1246 111.
669 1224 733 1252 (pag.
753 1224 800 1253 19).

178 1273 229 1295 120.
246 1272 346 1300 Ibidem,
363 1272 464 1295 collectio
481 1272 648 1300 Arundeliana,
666 1271 716 1294 cod.
735 1271 788 1294 507.
804 1272 877 1293 chart.
894 1271 914 1293 in
934 1270 954 1293 4.

112 1325 172 1342 saec.
189 1319 239 1342 XV.
257 1319 364 1342 ineuntis.
381 1331 411 1335 —-
428 1319 506 1347 lncipit
524 1319 560 1341 fol.
582 1320 615 1340 12.
633 1325 652 1341 r.
669 1319 712 1340 hoc
735 1318 811 1340 titulo:
833 1317 952 1341 Meditatio

111 1366 197 1396 fratris
221 1366 284 1389 Bone
305 1367 426 1389 avenlure.
452 1366 537 1388 Desinit
562 1366 599 1388 sol.
621 1366 653 1387 13.
671 1371 693 1387 v.
712 1364 802 1387 verbis:
819 1364 955 1388 Secundum

113 1413 175 1436 hunc
192 1413 290 1436 modum
306 1414 329 1436 et
344 1412 368 1436 in
385 1412 439 1436 aliis
456 1414 490 1436 est
506 1412 685 1442 intettiqemtum
703 1411 764 1441 (cap.
783 1412 804 1433 1.
821 1418 842 1434 n.
861 1412 916 1440 19.).

177 1461 229 1482 121.
246 1459 345 1487 Ibidem,
364 1460 415 1482 cod.
431 1459 484 1482 205.
503 1459 601 1482 membr.
619 1459 642 1481 in
660 1459 682 1481 4.
699 1464 759 1481 saec.
782 1459 843 1481 XlV.
858 1471 889 1474 —
906 1459 952 1480 Fol.

113 1507 135 1530 6.
151 1514 169 1530 r.
187 1510 277 1530 notatur
295 1510 395 1529 tantum:
418 1507 586 1530 Bonarentura
611 1505 749 1529 cardinalis.
775 1505 912 1535 Capitulum
930 1506 951 1528 1.

112 1554 182 1582 Ecce,
202 1553 316 1583 descripsi
331 1560 382 1576 eam
398 1556 440 1576 etc.
460 1553 544 1576 Desinit
561 1553 598 1575 tol.
619 1553 652 1575 11.
670 1559 687 1575 r.
707 1552 784 1575 verbis
795 1558 847 1580 cap.
860 1553 882 1574 3.
894 1559 915 1575 n.
926 1552 940 1574 7
949 1560 954 1574 z

112 1601 144 1624 Et
159 1600 268 1624 osculum
284 1601 306 1623 et
321 1600 468 1630 amplexum.
487 1600 539 1628 Quo
555 1606 598 1623 nos
614 1599 730 1629 perducat
747 1599 788 1629 qui
810 1599 865 1623 ci‘cit
880 1600 901 1622 et
917 1605 954 1622 re-

112 1648 171 1677 quat
186 1650 230 1669 etc.

178 1695 227 1716 l22.
245 1693 344 1721 Ibidem,
362 1694 464 1716 collectio
486 1693 632 1721 Cottoni'ana,
654 1694 706 1716 cod.
724 1693 879 1721 Vespasianus
896 1693 919 1715 E.
937 1693 951 1715 l.

111 1739 210 1762 rnemhr.
228 1740 250 1762 in
269 1740 290 1762 4.
307 1746 368 1762 saec.
385 1740 434 1762 XV.
452 1753 482 1756 —
498 1740 544 1762 Fol.
562 1740 598 1762 69.
616 1746 634 1762 r.
651 1742 685 1762 est
701 1739 793 1762 rubrica
810 1739 878 1762 huius
895 1745 954 1767 opu-

111 1786 167 1809 sculi
184 1786 217 1808 sic
234 1790 337 1809 exarata:
354 1785 396 1809 Hic
413 1785 529 1815 incipiunt
539 1785 700 1809 meditationes
712 1786 776 1809 Bone
788 1787 884 1809 venture
896 1785 954 1808 Fra-

112 1833 156 1856 tris
173 1832 282 1856 Minoris.
300 1834 386 1856 Desinit
403 1834 440 1855 tol.
452 1833 491 1855 78.
502 1840 533 1856 r.:
547 1832 626 1856 Tertia
637 1832 773 1857 hierarchia
787 1833 952 1860 Thronoi-um,

113 1879 251 1907 Cherubim,
269 1880 403 1910 Seraphim.

175 1927 228 1949 123.
243 1926 343 1955 Ibidem,
355 1927 406 1950 cod.
418 1927 536 1955 Faustina,
549 1928 574 1950 A.
587 1927 625 1950 Vl.
637 1926 736 1949 membr.
748 1927 771 1949 in
785 1926 804 1948 4.
817 1932 877 1949 saec.
889 1926 950 1948 XlV.

110 1985 142 1990 —-
158 1973 263 1996 Secunda
281 1979 363 1996 manus
380 1973 417 1996 sol.
435 1974 486 1996 160.
504 1980 527 1996 v.
544 1976 608 2001 parte
625 1973 745 2001 superiore
767 1973 877 1995 advertit:
897 1973 952 1995 Tra-

111 2021 188 2044 ctatus
204 2019 272 2043 valde
288 2019 408 2048 eruditus,
424 2020 465 2043 sed
481 2026 529 2043 non
545 2020 603 2043 satis
621 2019 741 2043 emendate
756 2019 872 2049 scriptus,
885 2020 907 2042 et
917 2020 952 2042 est

109 2067 275 2090 Bonaventure
291 2066 396 2095 libellus,
415 2066 491 2090 dictus
507 2067 615 2090 Parvum
632 2066 728 2090 bonum.
745 2066 831 2089 Desinit
848 2067 884 2088 sol.
901 2066 950 2088 166,

110 2120 142 2137 r.:
161 2114 240 2137 Tertia
256 2113 391 2144 Seraphim.

173 2161 224 2183 121.
241 2160 340 2189 Ibidem,
358 2161 460 2183 collectio
478 2161 561 2188 Regia,
579 2161 631 2183 cod.
649 2162 670 2183 8.
689 2161 714 2183 B.
732 2161 785 2183 Vlll.
807 2159 907 2182 membr.
929 2161 951 2182 in

110 2207 131 2230 4.
149 2213 207 2230 saec.
226 2207 276 2229 XV.
294 2220 325 2224 —
340 2208 386 2230 Fol.
404 2207 442 2230 84.
458 2214 482 2230 v.
498 2210 550 2235 post
565 2208 607 2230 alia
621 2208 794 2230 Bonaventurae
806 2207 902 2230 tributa:
915 2208 951 2231 In-

110 2253 165 2284 cipit
181 2255 297 2277 tractatus
314 2253 417 2277 eiusdem
434 2253 461 2277 de
483 2253 684 2283 contemplatione.
707 2254 793 2277 Desinit
816 2255 852 2277 sol.
871 2255 907 2277 93.
926 2261 950 2277 ν.

108 2306 151 2329 per
168 2300 251 2323 verba:
271 2300 349 2324 Tertia
365 2300 499 2330 Seraphim.

177 2347 226 2369 125.
244 2346 382 2377 Luneburyi
397 2347 418 2370 in
435 2347 570 2375 Germania,
594 2347 731 2370 bibliotheca
757 2348 871 2376 Civitatis,
896 2348 949 2371 cod.

110 2394 178 2416 theol.
199 2394 234 2416 13.
250 2393 348 2416 membr.
371 2393 393 2415 in
412 2393 432 2415 4.
449 2400 509 2416 saec.
532 2394 591 2416 XlV.
611 2394 722 2417 exeuntis.
738 2407 768 2411 —
784 2395 830 2418 Fol.
848 2395 901 2417 207.
919 2401 949 2417 r.:

109 2439 192 2469 Incipit
203 2439 331 2469 speculatio
342 2439 428 2469 fratris
439 2440 604 2463 Bonaventare
614 2440 744 2463 secundum
754 2439 869 2470 triplicem
880 2441 950 2464 cuim.

109 2486 196 2509 Desinit
213 2486 265 2508 solio
283 2486 336 2508 213.
353 2492 383 2508 r.:
400 2487 423 2509 et
438 2485 481 2509 hoc
498 2487 532 2510 est
547 2486 683 2516 Seraphim.
700 2486 737 2510 Ad
752 2493 797 2516 que
812 2493 856 2510 nos
865 2487 951 2517 perdu-

110 2534 147 2556 cat
164 2532 206 2562 qui
221 2539 293 2562 super
311 2532 407 2556 thronos
424 2532 571 2562 Anqelorum
588 2532 613 2556 in
629 2534 737 2556 eternum
754 2533 811 2557 vivit
826 2535 847 2557 et
859 2535 951 2564 reynat.

110 2580 192 2602 Amen.

173 2626 226 2648 126.
242 2625 352 2654 Madriti,
371 2625 508 2648 bibliotheca
526 2626 658 2654 Escurialis,
675 2626 727 2649 cod.
745 2627 759 2649 1.
778 2627 801 2649 Ρ.
818 2627 840 2649 4.
852 2627 951 2650 membr.

110 2678 170 2695 saec.
186 2672 246 2695 XlV.
263 2675 315 2695 ante
332 2673 442 2696 medium.
459 2685 490 2690 —
507 2674 553 2696 Fol.
570 2673 624 2696 263.
646 2680 663 2695 r.
682 2673 710 2696 ad
736 2674 822 2697 calcem
847 2674 951 2702 opusculi

111 2718 198 2741 Stimuli
215 2719 301 2742 amoris
317 2719 362 2742 sub
378 2719 471 2742 nomine
488 2720 663 2742 Bonaventurae
687 2720 770 2743 exarati
793 2723 827 2743 est
851 2727 951 2750 sequens

110 2765 215 2788 rubrica:
232 2765 313 2793 Ratio,
330 2772 405 2795 quare
421 2765 465 2789 sub
482 2765 572 2796 triplici
587 2766 699 2790 divisione
710 2767 797 2797 scripsi
807 2767 879 2791 istum
891 2767 952 2791 libel-

111 2811 169 2835 lum.
180 2811 251 2839 Ecce,
263 2811 378 2842 descripsi
388 2811 429 2835 tibi
439 2818 492 2835 eam
503 2812 634 2842 tripliciter,
644 2812 828 2837 l’roverbiorum
841 2813 951 2844 vicesimo

109 2858 212 2882 secundo
229 2857 341 2888 capitulo.
358 2858 418 2882 Cum
434 2858 511 2882 omnis
527 2858 625 2882 scientia
645 2861 713 2889 perat
736 2859 839 2890 iiisz'ynia
863 2860 912 2888 (sic)
930 2862 952 2884 et

105 2904 218 2935 precipue
234 2904 277 2928 illa
294 2911 338 2935 que
354 2904 451 2928 docetur
467 2904 493 2928 in
509 2905 637 2935 Scriptura
653 2912 738 2935 sacra,
755 2906 820 2930 debet
836 2907 861 2930 in
876 2914 901 2931 se
917 2914 952 2931 re-

105 2952 245 2981 presentare
261 2951 385 2981 vesliqium
404 2951 538 2980 Trinitatis,
552 2953 652 2982 propter
675 2953 738 2982 quod
759 2953 815 2977 dicit
835 2954 951 2984 sapientia

202 3029 230 3053 S.
240 3029 334 3053 Bonav.
343 3042 373 3047 -
386 3030 456 3053 Tom.
466 3031 524 3053 Vlll.

1791 214 1860 242 XVll

1016 290 1043 313 de
1060 290 1104 314 hac
1120 297 1191 314 sacra
1208 291 1347 321 Scriptura,
1367 298 1392 315 se
1407 298 1460 315 eam
1482 291 1605 321 tripliciter
1628 291 1786 321 descripsisse.
1811 292 1857 314 Deo

1015 337 1115 367 qratias.
1132 338 1172 360 Hic
1189 338 1264 361 scriba
1281 339 1376 367 desecit3
1392 339 1480 367 reliqua
1498 344 1552 366 pars
1567 338 1635 360 huius
1650 338 1695 360 solii
1709 341 1732 360 et
1742 338 1859 367 sequentis

1015 384 1091 406 adhuc
1108 387 1227 407 remanent
1243 384 1316 407 albae.

1080 431 1131 453 127.
1149 430 1248 460 Ibidem,
1266 432 1317 454 cod.
1334 433 1352 454 J.
1371 433 1394 454 11.
1412 432 1454 460 25,
1471 438 1540 461 quem
1553 432 1685 454 notavimus
1697 435 1751 454 tom.
1765 432 1792 453 V.
1804 438 1858 459 pag.

1016 477 1083 499 XXX
1100 484 1123 500 n.
1140 479 1177 500 62.
1194 491 1225 494 —
1241 478 1383 507 Opuseulum
1401 480 1480 507 incipit
1497 480 1532 501 tol.
1550 480 1587 501 98.
1605 485 1628 501 v.
1651 479 1695 501 sub
1717 479 1811 507 antiquo
1835 478 1859 500 ti-

1015 524 1074 546 tulo:
1092 524 1245 547 Itinerarium
1263 525 1346 548 mentis
1364 525 1388 548 in
1404 525 1514 555 seipsam.
1537 526 1621 549 Desinit
1643 527 1681 548 tol.
1708 526 1756 548 109.
1774 532 1810 547 v.:
1831 525 1859 548 Et

1015 570 1057 594 hec
1074 570 1208 600 Seraphim.
1227 571 1274 599 Oui
1289 571 1350 595 dedit
1366 572 1438 601 alpha
1454 574 1475 596 et
1492 578 1588 602 omeya,
1607 572 1638 595 sit
1661 572 1714 595 laus
1736 573 1757 595 et
1779 571 1858 601 gloria

1015 619 1066 640 oeto.
1090 617 1195 646 Eoeplicit
1213 618 1366 641 ltiuerarium
1388 619 1471 642 mentis
1493 619 1516 641 in
1539 618 1641 648 seipsam
1664 618 1820 648 compositum
1842 624 1858 640 a

1014 662 1091 692 fratre
1108 663 1276 686 Bonaeentnra
1298 665 1405 694 yenerali
1425 665 1534 688 Ministro
1558 665 1653 688 Ordinis
1677 665 1792 688 Fratrum
1815 665 1859 688 lili-

1014 715 1112 732 norum.

1081 758 1130 780 128.
1146 757 1315 788 Maydeburqi,
1333 758 1470 781 bibliotheca
1487 759 1603 788 Civitatis,
1620 760 1671 782 cod.
1689 760 1736 782 Xll.
1754 760 1790 782 tol.
1807 759 1856 781 148.

1015 806 1086 827 chart.
1102 811 1162 827 saec.
1181 806 1230 827 XV.
1250 818 1276 821 —-
1295 806 1341 828 Ful.
1363 807 1380 828 l.
1398 813 1428 828 r.:
1448 806 1530 835 Incipit
1547 806 1653 834 libellus,
1669 806 1856 836 quiappellatiu·

1014 851 1120 880 reqimen
1136 852 1274 875 conscientie
1293 853 1327 875 cel
1341 859 1445 882 parcum
1463 853 1563 881 bonum,
1580 853 1669 876 editum
1688 859 1703 875 a
1720 853 1797 882 fratre
1814 853 1856 876 Bo-

1014 899 1148 921 navenlura
1166 898 1296 922 Cardinali.
1314 900 1383 927 Ecce,
1401 899 1516 929 descripsi
1531 906 1583 923 eam
1600 904 1643 923 etc.
1656 901 1742 923 Desinit
1754 901 1790 923 sol.
1804 901 1824 922 9.
1838 907 1856 923 r.

1014 951 1056 973 per
1072 944 1156 967 rerba:
1174 946 1205 968 Et
1220 945 1263 968 hoc
1279 947 1312 969 est
1329 945 1463 975 Seraphim.
1481 947 1538 969 Hinc
1555 952 1606 975 post
1623 946 1727 976 Eoeplicit
1738 947 1855 970 adduntur

1013 992 1107 1020 eadem,
1125 999 1185 1021 quae
1207 993 1384 1021 praemittuntur
1400 994 1471 1015 initio.

1080 1039 1130 1061 l29.
1141 1038 1247 1063 Medelcii
1258 1039 1348 1069 (Melck)
1362 1040 1383 1062 in
1395 1040 1484 1062 Austria
1492 1059 1497 1068 ,
1511 1040 1646 1063 bibliotheca
1660 1041 1789 1063 Monasterii
1801 1040 1856 1062 Ord.

1012 1086 1034 1107 S.
1053 1086 1180 1114 Benedicti,
1198 1087 1250 1109 cod.
1267 1087 1290 1109 C.
1310 1088 1330 1109 1.
1348 1089 1419 1110 chart.
1436 1088 1458 1110 in
1477 1089 1514 1110 tol.
1531 1094 1590 1110 saec.
1604 1088 1663 1110 XlV.
1676 1101 1706 1105 —
1719 1088 1763 1110 Fol.
1776 1088 1814 1110 61.
1825 1094 1843 1110 r.

1012 1132 1096 1162 Incipit
1116 1132 1232 1156 Viaticum
1249 1133 1328 1156 anime
1345 1133 1376 1156 ad
1394 1134 1467 1156 Deum
1485 1135 1658 1157 Bonaventure.
1670 1134 1756 1156 Desinit
1768 1135 1805 1157 sol.
1818 1135 1855 1157 65.

1012 1186 1030 1202 r.
1043 1179 1120 1202 verbis
1132 1186 1183 1208 cap.
1195 1181 1217 1203 3.
1230 1187 1251 1203 n.
1263 1181 1296 1203 8.:
1308 1180 1417 1208 adhereo,
1429 1187 1444 1204 a
1457 1183 1477 1204 te
1490 1188 1614 1211 nunquam
1625 1181 1763 1211 separabor.
1773 1183 1856 1204 Amen.

1076 1227 1127 1249 130.
1146 1226 1245 1256 Ibidem,
1265 1228 1316 1250 cod.
1334 1228 1357 1250 B.
1376 1229 1412 1250 23.
1431 1229 1502 1250 chart.
1520 1228 1541 1250 in
1563 1229 1597 1250 12.
1614 1231 1731 1256 exaratus,
1750 1231 1775 1250 ut
1791 1231 1852 1250 nota-

1012 1273 1089 1296 vimus
1107 1276 1162 1296 tom.
1180 1274 1207 1296 V.
1225 1280 1277 1302 pag.
1296 1274 1362 1297 XXX
1377 1281 1399 1296 n.
1417 1275 1459 1301 62,
1476 1281 1537 1297 anno
1555 1275 1624 1297 1452.
1640 1287 1671 1292 -
1688 1275 1743 1303 Pag.
1768 1274 1804 1297 49.
1822 1278 1856 1296 est

1012 1320 1102 1342 titulus:
1120 1320 1203 1350 Incipit
1220 1322 1336 1344 tractatus
1354 1321 1519 1344 Bonarenture
1541 1321 1568 1344 de
1590 1320 1679 1351 triplici
1699 1323 1754 1344 actu.
1777 1322 1854 1343 lerar-

1012 1366 1089 1395 ellico,
1106 1367 1153 1390 sice
1170 1366 1197 1389 de
1215 1367 1303 1396 triplici
1318 1367 1387 1390 modo
1404 1374 1429 1391 se
1445 1367 1578 1391 eoeercendi.
1597 1368 1682 1390 Desinit
1699 1374 1752 1396 pag.
1769 1368 1807 1390 70.
1825 1368 1853 1390 ad

1011 1414 1083 1436 verba
1101 1420 1152 1442 cap.
1169 1415 1190 1436 3.
1208 1421 1231 1436 n.
1250 1414 1277 1437 7:
1296 1415 1410 1438 Osculum
1427 1416 1447 1438 et
1464 1414 1612 1444 amplerum.
1629 1414 1665 1438 Ad
1677 1414 1740 1444 quod
1752 1421 1793 1438 uos
1803 1421 1855 1443 per-

1011 1460 1082 1484 ducat
1098 1464 1140 1483 etc.
1158 1461 1263 1491 Eaeplicil
1279 1461 1447 1484 Bonarentura
1464 1461 1491 1484 de
1508 1461 1596 1491 triplici
1611 1463 1667 1484 actu
1684 1461 1830 1491 yerarchico.

1078 1508 1126 1530 131.
1145 1507 1243 1536 Ibidem,
1262 1508 1313 1530 cod.
1332 1509 1356 1530 B.
1374 1508 1411 1530 29.
1428 1509 1499 1530 chart.
1518 1508 1539 1530 in
1561 1509 1594 1530 12.
1613 1514 1671 1531 saec.
1690 1508 1854 1536 XV.-—Opu·

1010 1555 1100 1577 sculum
1118 1556 1161 1577 hoc
1179 1555 1257 1583 incipit
1274 1556 1312 1577 rol.
1336 1555 1383 1577 145.
1402 1562 1433 1578 r.:
1451 1555 1519 1582 Ecce,
1537 1555 1652 1585 descripsi
1668 1561 1719 1578 eam
1737 1558 1780 1578 etc.
1792 1555 1853 1577 Desi-

1009 1601 1042 1624 nit
1057 1602 1093 1624 fol.
1111 1601 1162 1623 138.
1180 1608 1214 1629 v.‚
1232 1605 1255 1624 ut
1272 1602 1294 1624 in
1311 1602 1386 1624 editis.
1405 1602 1473 1624 Dein:
1493 1601 1597 1631 Explicit
1613 1603 1730 1625 tractatus
1743 1601 1818 1625 bonus
1830 1604 1853 1625 et

1007 1647 1107 1678 pulcher
1123 1648 1198 1671 trium
1214 1648 1349 1678 graduum,
1367 1647 1451 1678 quibus
1465 1648 1604 1678 pervenitur
1621 1648 1653 1671 ad
1669 1654 1751 1671 ceram
1762 1648 1852 1678 sapien-

1011 1694 1076 1718 tiam.

1076 1742 1125 1764 132.
1143 1741 1242 1770 Ibidem,
1260 1742 1310 1764 cod.
1329 1742 1354 1765 O.
1376 1743 1410 1765 18.
1427 1743 1498 1764 chart.
1517 1742 1537 1764 in
1557 1743 1594 1765 sol.
1611 1748 1670 1765 saec.
1689 1742 1740 1764 XV.
1758 1754 1788 1758 ——-
1805 1742 1851 1764 Fol.

1010 1788 1047 1811 21.
1064 1795 1086 1810 v.
1105 1788 1173 1811 nabet
1189 1791 1306 1811 exaratum
1323 1789 1344 1811 in
1363 1792 1427 1817 parte
1444 1790 1576 1817 superiore:
1590 1789 1714 1817 Quoddam
1726 1795 1787 1818 opus
1795 1796 1854 1818 par-

1009 1841 1078 1864 vum,
1097 1835 1138 1859 sed
1154 1835 1241 1859 bonum
1259 1836 1423 1859 Bonaventure
1440 1835 1528 1865 incipit.
1546 1836 1631 1858 Desinit
1654 1837 1691 1858 tol.
1709 1835 1744 1858 40.
1763 1842 1785 1858 v.
1804 1842 1852 1858 ver-

1009 1881 1045 1905 bis
1061 1888 1112 1910 cap.
1130 1883 1152 1905 3.
1169 1889 1190 1905 11.
1208 1883 1235 1905 7:
1253 1883 1280 1905 In
1296 1882 1444 1912 sequentibus
1461 1882 1599 1906 dominatur
1616 1882 1717 1913 affectio.

1076 1930 1124 1952 133.
1142 1929 1239 1957 Ibidem,
1256 1930 1307 1952 cod.
1325 1931 1348 1952 P.
1367 1929 1402 1952 14,
1421 1931 1492 1952 chart.
1510 1930 1532 1952 in
1551 1930 1571 1952 4.
1594 1936 1654 1952 saec.
1679 1930 1731 1952 XV.
1753 1942 1784 1947 --
1807 1930 1852 1952 Fol.

1009 1976 1031 1998 1.
1048 1982 1066 1998 r.
1085 1978 1187 1998 notatur:
1210 1975 1294 2005 Incipit
1319 1977 1435 1999 tractatus
1457 1976 1629 2004 Bonavenlure,
1654 1976 1696 2006 qui
1717 1976 1853 1999 intitulatur

1008 2022 1120 2045 stimulus
1137 2022 1279 2046 consciencie
1295 2022 1322 2045 de
1338 2022 1439 2052 rependo
1457 2022 1593 2052 racionem;
1611 2025 1633 2046 et
1653 2023 1701 2053 leqe
1724 2025 1810 2046 attente
1832 2025 1854 2046 et

1005 2069 1114 2099 pondera
1131 2069 1158 2092 de
1179 2068 1248 2092 verbo
1269 2069 1301 2092 ad
1324 2069 1429 2092 verbum.
1449 2070 1514 2093 Tunc
1531 2069 1642 2093 ascendes
1664 2070 1688 2093 in
1711 2069 1853 2100 contempla-

1008 2115 1099 2139 cionem
1115 2117 1137 2139 et
1153 2115 1177 2139 in
1192 2115 1371 2145 providenciam
1387 2116 1424 2139 tui
1438 2116 1512 2146 ipsius
1530 2118 1552 2139 et
1567 2116 1611 2139 erit
1628 2116 1671 2140 tibi
1685 2123 1757 2146 super
1771 2116 1853 2140 metet

1007 2162 1090 2192 favum
1108 2162 1131 2186 in
1148 2162 1230 2186 anima
1247 2164 1296 2186 tua.
1318 2163 1373 2186 Hinc
1396 2164 1543 2192 prosequitur
1566 2164 1705 2192 opusculum
1727 2170 1801 2193 usque
1823 2164 1852 2186 ad

1008 2210 1045 2232 tol.
1063 2210 1100 2232 11.
1118 2216 1140 2232 v.
1157 2209 1196 2232 ubi
1214 2210 1297 2233 desinit
1320 2210 1410 2233 verbis:
1433 2211 1460 2233 In
1483 2210 1529 2233 illis
1551 2212 1586 2234 est
1609 2210 1663 2240 fons
1688 2210 1740 2234 vite.
1767 2212 1850 2234 Amen.

1010 2258 1115 2288 Explicit
1130 2259 1247 2281 tractatus
1264 2258 1436 2281 Bonavenlure.

1072 2304 1124 2327 434.
1141 2304 1240 2333 Ibidem,
1258 2305 1310 2327 cod.
1328 2305 1351 2327 B.
1369 2305 1406 2327 36.
1423 2306 1495 2328 chart.
1513 2306 1534 2328 in
1553 2306 1589 2328 12.
1606 2312 1667 2328 saec.
1684 2306 1734 2328 XV.
1746 2318 1777 2322 —
1789 2306 1850 2334 Opu-

1008 2352 1097 2374 sculum
1123 2351 1202 2379 incipit
1228 2352 1264 2374 tol.
1287 2352 1308 2373 2.
1329 2358 1348 2374 r.
1371 2351 1414 2373 sub
1438 2352 1513 2374 titulo:
1538 2352 1663 2375 Tractatus
1685 2352 1851 2376 Bonaventure

1008 2397 1112 2421 multum
1128 2397 1193 2420 utilis
1210 2399 1232 2420 et
1248 2396 1331 2420 bouus.
1348 2397 1406 2421 Ecce
1422 2403 1463 2427 epo
1481 2397 1596 2427 descripsi
1612 2397 1653 2421 tibi
1668 2404 1721 2421 eam
1742 2401 1796 2425 etc,
1814 2398 1852 2420 de-

1007 2443 1060 2466 sinit
1076 2444 1114 2466 101.
1130 2444 1152 2466 7.
1169 2450 1192 2466 V.
1212 2443 1290 2466 verbis
1307 2450 1358 2471 cap.
1376 2444 1397 2466 2.
1414 2450 1436 2466 n.
1458 2445 1479 2466 11
1492 2452 1497 2466 :
1511 2444 1610 2467 Inducat
1618 2444 1786 2474 perfectionem
1803 2450 1850 2467 om-

1007 2489 1074 2513 nium
1086 2489 1209 2513 bonorum.
1224 2490 1301 2518 Quam
1313 2489 1379 2513 nobis
1388 2490 1485 2519 prebeat
1497 2491 1561 2514 Iesus
1570 2492 1627 2514 atus
1639 2490 1752 2514 Dominus
1761 2492 1849 2519 noster,

1007 2535 1050 2565 qui
1064 2537 1106 2559 etc.

1072 2583 1124 2605 135.
1141 2582 1238 2609 Ibidem,
1259 2583 1310 2605 cod.
1329 2584 1352 2605 Ε.
1370 2584 1406 2605 38.
1424 2584 1498 2605 chart.
1514 2589 1574 2605 saec.
1593 2584 1643 2606 XV.
1669 2596 1699 2600 —
1719 2584 1774 2612 Pag.
1791 2584 1849 2606 367:

1007 2628 1091 2658 Incipit
1117 2629 1282 2658 itinerarium,
1308 2629 1356 2653 sice
1380 2629 1511 2659 speculacio
1539 2630 1652 2659 mayistri
1677 2631 1848 2654 Bonaventure.

1007 2676 1094 2698 Desinit
1109 2682 1164 2704 pag.
1181 2676 1233 2698 380.
1251 2682 1293 2704 per
1309 2675 1381 2698 verba
1397 2682 1448 2704 cap.
1466 2677 1486 2698 2.
1505 2683 1527 2698 n.
1550 2677 1586 2703 il,
1606 2679 1630 2699 ut
1642 2676 1792 2704 praecedens.

1071 2722 1123 2745 136.
1141 2721 1240 2750 Ibidem,
1256 2722 1309 2745 cod.
1325 2723 1351 2745 N.
1368 2723 1402 2750 7.,
1419 2723 1448 2745 de
1464 2729 1511 2752 quo
1528 2723 1581 2745 vide
1599 2726 1654 2745 tom.
1668 2724 1693 2745 V.
1707 2730 1760 2751 pag.
1781 2724 1847 2745 XXX

1006 2775 1029 2791 n.
1047 2769 1084 2791 66.
1100 2781 1131 2785 -
1146 2768 1204 2791 Huic
1220 2769 1332 2796 opusculo
1345 2769 1381 2792 sol.
1403 2769 1437 2791 16.
1449 2775 1467 2791 r.
1480 2769 1633 2797 praemittitur
1646 2772 1745 2793 tantum:
1764 2770 1848 2793 Sermo

1007 2815 1122 2843 eiusdem,
1144 2816 1185 2838 sed
1202 2815 1322 2838 rubricista
1340 2816 1429 2838 addidit
1445 2822 1457 2838 a
1476 2817 1556 2839 latere:
1576 2816 1729 2840 Tractatitius
1745 2817 1848 2841 eiusdem

1007 2862 1034 2886 de
1054 2862 1143 2892 triplici
1161 2864 1217 2886 actu
1237 2862 1382 2892 yerarchico.
1407 2863 1492 2886 Desinit
1515 2864 1552 2886 tol.
1576 2865 1612 2886 22.
1636 2871 1658 2886 ν.
1680 2865 1702 2886 in
1720 2871 1770 2892 cap.
1788 2866 1808 2887 3.
1826 2872 1848 2887 n.

1007 2909 1030 2932 7.
1046 2908 1139 2932 verbis:
1164 2908 1278 2932 Osculum
1299 2911 1320 2933 et
1344 2909 1497 2939 amplectari,
1521 2910 1554 2933 ad
1578 2910 1641 2940 quod
1661 2917 1704 2934 nos
1726 2911 1846 2940 perducat.

1007 2956 1090 2979 Amen.

1729 3038 1752 3059 lll
