2133 3317
115 356 162 374 Pars
175 355 192 373 1.
208 355 234 374 De

122 378 233 402 pertinenti-

112 402 147 421 bus
154 402 177 420 ad
185 407 239 425 prae·

124 426 227 444 dicandum

107 449 238 468 auctoritatem

124 472 225 496 duplicem.

126 496 153 515 De
166 496 233 520 prima.

119 1340 232 1360 Notandum.

108 1529 197 1553 Quaestio
210 1530 237 1547 in-

137 1553 209 1572 cidens.

108 1623 145 1642 Pro
156 1624 237 1650 negatio-

109 1652 132 1666 ne
144 1649 192 1665 ratio
202 1653 239 1671 pri-

108 1676 145 1689 ma.

147 2000 240 2019 secunda.

248 223 305 251 4028

329 303 355 330 Ξ).
384 301 494 329 Fratres
522 302 613 327 autem
644 298 829 334 praedicaturi
862 297 964 334 duplici
998 298 1100 334 egent¹

251 348 424 381 auctoritate,
441 346 543 375 50111001
552 345 758 382 praelatorum
772 344 985 378 saccularium,
998 344 1101 381 quibus

252 398 317 425 sunt
338 402 435 431 greges
456 392 610 426 commissi,
627 395 653 421 et
666 392 873 429 praelatorum
890 391 1028 424 Ordinis,
1051 398 1101 427 per

251 450 321 479 quos
336 441 419 470 habet
430 440 463 468 tle
476 439 601 476 personis
617 439 720 468 idoneis
736 438 884 475 provideri.
899 454 936 458 —
947 439 999 466 Pro
1012 438 1101 475 primo

251 489 316 517 dicit
337 489 392 517 sic:
415 488 538 515 Fratres
559 495 617 515 11011
631 487 801 523 praedicent
816 486 847 514 in
862 486 1030 523 episcopata
1047 485 1101 514 ali-

251 536 337 565 cutus
359 533 495 571 episcopi,
512 542 579 561 cum
594 533 630 561 al)
646 542 676 561 eo
692 533 750 561 illis
764 532 858 570 fucrit
872 532 1099 561 contradictum.

249 583 303 610 Hoc
326 581 385 609 ideo
406 580 518 614 dicitur,
540 580 606 617 quia
627 580 771 608 Fratribus
793 580 843 608 iste
858 579 961 616 gradus
977 579 1102 608 licentiae

252 629 380 658 sufficere
402 627 495 661 debet,
518 627 584 664 quia
606 627 811 663 praesumitur,
833 635 896 655 0011]
927 626 1099 660 0005001110,

249 676 271 704 51
293 684 347 704 non
369 675 547 703 contradicat.
570 674 646 703 Unde
667 674 818 711 Gregorius
833 674 966 710 vigesimo
981 673 1102 702 secundo

250 722 435 751 Moralium2:
469 734 482 747 «
498 722 543 750 Pia
565 725 708 758 pastorum
738 729 831 755 mens,
858 721 924 758 quia
955 729 1009 749 non
1038 729 1102 757 pro-

250 770 339 806 priam
362 770 493 806 gloriam,
516 769 562 798 sed
592 769 714 797 auctoris
744 769 785 797 sui
809 768 935 805 quaerit,
957 768 991 796 ab
1012 767 1100 796 omni-

250 817 304 845 bus
334 817 394 845 vult
423 816 521 844 iuvari.
555 816 653 844 Fidelis
675 823 795 852 namque
816 815 991 852 praedicator
1011 817 1101 851 optat,

251 864 273 893 si
295 863 355 892 fieri
379 864 483 898 valeat,
502 866 531 891 ut
553 863 714 896 veritatem,
737 871 820 899 quam
843 862 919 891 solus
940 862 1015 898 loqui
1047 870 1102 890 non

251 911 369 945 sufficit,
392 919 441 939 ora
470 913 635 939 cunctorum
668 914 812 939 sonent».
845 910 915 938 Haec
943 908 1102 945 Gregorius.

250 958 327 987 Unde
349 958 375 986 in
399 959 487 986 Lucae
516 958 627 986 nonoss:
652 958 842 994 Praeceptor,
865 956 994 985 vidimus
1016 964 1104 994 quen-

252 1006 319 1035 dam
344 1006 374 1034 in
395 1005 512 1034 nominc
535 1009 583 1033 tao
602 1005 759 1033 eiicientcm
780 1003 937 1032 daemonia
958 1007 984 1032 et
1003 1002 1104 1040 prohi-

252 1053 371 1081 buimus
391 1061 474 1087 cam,
497 1053 569 1091 quia
594 1061 652 1080 11011
672 1051 806 1090 sequitur
828 1054 854 1079 te
878 1051 1039 1079 nobiscum.
1071 1051 1105 1078 Et

252 1101 295 1129 ait
316 1100 357 1129 att
388 1100 471 1129 ittam
503 1100 601 1128 Iesus.-
625 1098 717 1127 Nolite
746 1097 919 1135 prohibere;
947 1098 999 1136 qai
1028 1097 1105 1126 enim

251 1157 309 1176 11011
339 1151 379 1176 est
407 1147 564 1175 adversam
597 1155 647 1174 vos
668 1155 722 1183 pro
745 1145 824 1174 vohis
846 1148 894 1173 est.
917 1145 1011 1173 Simile
1039 1144 1105 1181 legi-

252 1199 299 1224 tur
321 1195 507 1223 Numerorum
530 1193 677 1222 undecimo
688 1194 708 1220 4.
724 1193 762 1221 Νο
778 1192 862 1229 igitur
876 1192 1104 1228 impedimentum

252 1250 311 1271 esse
334 1242 419 1279 possit
441 1241 517 1270 verbi
542 1241 587 1269 Dei
604 1240 775 1276 exspectatio
797 1239 924 1268 licentiae
945 1246 1106 1275 expressae,

252 1293 284 1318 ut
312 1289 490 1323 ostendatur,
521 1291 708 1324 praesumtam
737 1287 874 1315 licentiam
906 1286 1035 1315 sufficere
1063 1286 1107 1314 1115

252 1337 409 1370 dumtaxat,
425 1343 546 1373 quorum
564 1334 730 1371 praedicatio
745 1337 787 1362 est
803 1341 851 1370 per
866 1333 962 1362 Sedem
979 1332 1107 1369 apostoli-

253 1384 331 1413 cam⁵
344 1383 509 1420 approbata;
522 1382 646 1419 loquitur
662 1381 796 1418 negative,
808 1381 835 1409 in
852 1380 987 1417 principio
998 1380 1106 1408 dicens:

254 1432 378 1460 Fratres
403 1440 460 1459 11011
482 1430 651 1467 praedicent
673 1430 705 1458 in
725 1429 894 1466 episcopata
916 1428 1054 1456 alicuius.

334 1478 359 1507 3.
383 1478 434 1506 Sed
457 1485 606 1514 ponamus,
629 1477 719 1514 quod,
746 1477 874 1513 0111500110
900 1477 1059 1512 acceptante
1081 1477 1108 1503 ct

254 1526 425 1562 approbante
446 1525 679 1562 praedicationem
701 1524 846 1556 Fratrum,
872 1522 972 1559 aliquis
994 1522 1108 1550 inferior

254 1573 396 1610 praelatus
424 1572 540 1609 repellat
562 1572 588 1600 in
616 1571 747 1608 parochia
768 1579 836 1604 sua;
863 1569 989 1607 nunquid
1012 1572 1109 1598 contra

254 1620 425 1649 voluntatem
447 1620 507 1648 eius
524 1619 625 1647 debent
637 1619 647 1635 ὃ
664 1618 763 1647 ibidem
781 1617 941 1654 praedicare
949 1620 959 1645 ‘3
975 1633 1013 1637 -
1027 1616 1108 1645 Vide-

256 1671 316 1702 tur,
338 1667 412 1704 quod
434 1675 504 1701 non,
534 1667 599 1703 quia
630 1666 720 1694 omnis
751 1665 902 1694 auctoritas
933 1672 1062 1693 concessa
1093 1672 1109 1692 a

255 1722 434 1752 quocumque
455 1714 545 1742 iudice
568 1713 730 1750 intelligitur
759 1712 870 1741 concedi
893 1711 951 1740 sine
973 1711 1109 1748 praeiudi-

255 1762 312 1796 cio;
335 1761 380 1790 sed
403 1761 564 1798 praedicare
580 1761 605 1788 in
622 1760 718 1789 alienis
734 1759 888 1796 parochiis,
911 1758 996 1787 invito
1011 1766 1109 1787 curam

256 1809 391 1842 habente,
413 1811 455 1837 est
477 1808 503 1836 in
526 1807 729 1844 praeiudicium
754 1805 858 1843 proprii
885 1805 1020 1842 pastoris:
1043 1813 1109 1841 ergo

256 1856 365 1884 nullum
387 1855 532 1883 Fratribus
553 1854 724 1891 suffragatur
746 1853 921 1890 privilegium
944 1852 977 1881 ad
1000 1851 1109 1889 praedi-

257 1902 376 1931 candum
399 1902 487 1939 plebi,
511 1901 717 1930 contradicente
739 1900 853 1937 proprio
874 1902 994 1936 pastore.

338 1950 419 1984 ltem,
442 1949 537 1978 saltem
562 1949 656 1977 nullus
684 1948 781 1976 audire
803 1947 884 1976 debet
910 1946 1108 1975 confessionem

257 1997 375 2026 alicuius
398 1996 556 2033 parochiani
579 1995 707 2029 alterius,
727 1995 792 2032 quia
808 2002 857 2031 per
873 1994 925 2022 hoc
940 1993 1108 2030 impeditur,

477 221 675 250 OPUSCULUM
696 221 761 248 XVI.
785 219 959 248 EXPOSlTlO
981 219 1083 247 SUPER
1106 219 1259 248 REGULAM
1281 220 1435 248 FRATRUM
1456 219 1619 248 MtNORUM.
1641 220 1710 248 CAP.
1734 220 1774 248 tx.

1158 305 1192 325 ne
1213 298 1299 333 possit
1320 306 1469 334 agnoscere
1491 299 1599 327 vultum
1616 307 1748 335 pecorum
1764 306 1894 333 suorum,
1910 301 2006 327 contra

1158 343 1226 372 illud
1259 344 1472 373 Proverbiorum
1505 345 1637 381 vigesimo
1662 345 1817 382 septimo⁷:
1850 345 2006 382 Ditiqeiiteo·

1158 399 1283 427 agnosce
1303 391 1420 419 vultum
1438 392 1554 428 pecoris
1577 392 1628 420 tui.

1238 438 1265 466 li..
1289 438 1456 474 Respondeo.
1468 438 1542 466 Cura
1556 439 1702 475 pastoralis
1717 447 1769 467 11011
1786 442 1828 467 051
1842 439 2005 473 dominium,

1158 484 1206 513 sed
1226 484 1395 521 dispensatio
1424 487 1451 512 ct
1479 484 1600 513 officium
1633 485 1833 514 ecclesiasticae
1855 486 2005 522 potestatis.

1158 531 1234 560 Unde
1256 531 1423 566 hierarchia,
1445 532 1598 560 secundum
1622 532 1783 568 Dionysium
1794 532 1815 566 8,
1831 536 1872 561 051
1888 535 2007 569 110105135

1158 578 1284 607 ordinata
1306 579 1339 607 ad
1360 579 1561 615 disponendum
1578 587 1672 607 sacrae
1687 579 1778 607 omnia
1793 580 1920 616 potestati
1941 580 2008 609 sub-

1158 626 1236 654 iecta.
1261 626 1286 654 ln
1311 626 1493 662 potestatibus
1514 629 1607 654 autem
1636 626 1770 655 ordinatis
1791 627 1926 664 quidquid
1949 630 2008 664 pot-

1159 676 1200 701 est
1221 673 1351 707 inferior,
1369 676 1457 709 potest
1472 673 1553 701 etiam
1570 673 1707 709 superior,
1723 676 1750 702 et
1765 682 1819 702 non
1835 682 1849 702 0
1865 682 2006 703 converso.

1160 720 1235 748 Unde
1256 722 1283 748 et
1304 720 1362 756 ipse
1386 720 1532 748 hierarcha
1554 720 1637 748 habet
1658 723 1743 748 totam
1759 723 1921 756 potestatem
1938 720 1964 749 in
1980 728 2009 750 se

1159 767 1325 801 adunatam,
1347 775 1419 804 quae
1440 770 1482 795 est
1503 767 1529 795 in
1559 767 1718 796 hierarchia
1749 776 1798 804 per
1827 768 1919 797 varios
1947 776 2009 805 gra-

1159 814 1212 842 dus
1231 814 1392 848 distributa;
1408 814 1482 842 unde
1501 825 1515 838 «
1528 814 1672 843 nominans
1694 814 1868 843 hierarcham
1887 815 2010 844 nominat

1160 870 1269 890 omnem
1287 861 1488 890 hierarchicam
1505 864 1667 898 potestatem
1679 874 1706 896 »,
1725 864 1757 890 nt
1771 862 1850 891 docet
1863 852 2010 899 Dionysius

1161 908 1281 945 capitulo
1297 908 1387 945 primo
1403 908 1607 937 Ecclesiasticae
1622 908 1824 937 11101310111309.
1839 909 1912 937 Licet
1925 909 2010 946 igitur

1161 956 1309 984 hierarcha
1330 956 1390 984 aliis
1412 955 1502 984 tradat
1517 955 1566 984 sibi
1585 955 1703 984 subditis
1724 958 1903 992 potestatem,
1919 959 2011 985 manet

1161 1005 1251 1031 tamen
1273 1003 1347 1039 apud
1361 1011 1425 1031 eum
1441 1002 1582 1031 ordinaria
1602 1005 1724 1039 potestas
1738 1002 1771 1031 ad
1786 1003 1891 1040 agenda
1905 1003 2009 1037 omnia,

1162 1058 1357 1087 quaecumque
1378 1058 1428 1086 per
1450 1050 1501 1078 sibi
1523 1049 1649 1078 subditos
1670 1049 1730 1078 fieri
1753 1053 1870 1086 possunt
1890 1050 1923 1078 ad
1939 1050 2012 1079 salu-

1163 1100 1217 1125 tem
1240 1097 1362 1125 fidelium
1384 1097 1598 1133 procurandam.
1621 1097 1653 1125 Et
1675 1097 1741 1134 quia
1762 1097 1897 1134 quidquid
1923 1099 2013 1134 potest

1162 1152 1199 1172 ex
1220 1144 1360 1172 ordinaria
1383 1146 1516 1180 potestate
1548 1152 1596 1172 5011
1629 1144 1794 1173 auctoritate
1822 1147 1912 1181 potest
1933 1144 2011 1173 alteri

1163 1191 1345 1225 committere,
1362 1194 1388 1219 et
1403 1191 1477 1228 quod
1492 1194 1582 1228 potest
1596 1199 1646 1228 per
1662 1199 1691 1220 se
1706 1194 1796 1228 potest
1811 1199 1861 1228 per
1875 1191 1960 1220 alium
1974 1191 2012 1225 ¹⁰;

1164 1242 1254 1275 potest
1276 1238 1302 1266 in
1325 1238 1493 1266 adiutorium
1510 1238 1560 1266 sibi
1576 1238 1751 1267 subditarum
1766 1241 1933 1275 potestatum
1951 1239 2013 1267 mit-

1165 1288 1223 1313 tere
1245 1285 1453 1322 opitulat'iOnes,
1470 1285 1702 1322 quotiescumque
1724 1285 1774 1314 sibi
1797 1285 1907 1314 videtur
1929 1293 2014 1322 expe-

1164 1332 1236 1366 dire;
1259 1333 1380 1369 alioquin
1404 1332 1486 1360 nimis
1507 1332 1712 1368 periclitaretur
1728 1335 1817 1361 status
1833 1333 1976 1367 Ecclesiae,
1991 1332 2013 1361 si

1166 1380 1237 1416 Papa
1259 1380 1301 1408 vel
1317 1379 1431 1408 inferior
1446 1379 1609 1413 hierarcha,
1632 1379 1741 1413 videns,
1763 1380 1813 1408 sibi
1837 1379 2012 1408 subditorum

1165 1435 1250 1455 curae
1265 1435 1319 1455 non
1342 1427 1480 1461 sufficere,
1497 1434 1546 1455 nec
1561 1434 1590 1455 50
1611 1427 1702 1463 ipsum
1726 1435 1805 1463 posse
1819 1427 1949 1456 omnibus
1970 1427 2014 1455 ad-

1165 1482 1235 1508 esse,
1251 1482 1304 1502 non
1326 1477 1418 1511 posset
1433 1474 1508 1502 viros
1524 1474 1635 1502 idoneos
1658 1474 1768 1503 mittere
1790 1474 1848 1502 vice
1864 1482 1922 1502 sua.
1939 1474 2014 1503 Unde

1165 1521 1186 1549 si
1210 1521 1339 1549 sacerdos
1364 1529 1460 1549 curam
1484 1520 1589 1549 habens
1617 1521 1686 1549 nolit
1716 1520 1862 1549 admittere
1890 1521 2014 1549 Fratrem

1165 1568 1281 1597 missum
1304 1567 1448 1601 canonice,
1464 1571 1556 1603 peccat
1573 1567 1743 1602 mortalitem
1765 1567 1799 1595 ad
1821 1568 1956 1596 Romanos
1969 1567 2016 1596 de-

1166 1616 1237 1644 cimo
1257 1615 1338 1644 terti0
1350 1615 1387 1642 ¹¹:
1411 1615 1469 1650 Qai
1488 1615 1623 1652 potestati
1643 1615 1753 1643 resistit
1769 1615 1821 1643 Dei
1834 1614 2017 1644 ordinationi

1166 1663 1282 1691 resistit.
1299 1679 1337 1682 —
1352 1663 1377 1690 Si
1395 1662 1479 1699 igitur
1501 1662 1612 1691 resistat
1632 1662 1773 1696 sacerdos,
1795 1662 1901 1691 nitatur
1922 1663 2016 1691 Frater

1166 1718 1229 1739 eum
1252 1710 1409 1738 humilitate
1430 1709 1557 1743 allicere3
1587 1709 1662 1746 quod
1690 1710 1711 1738 si
1744 1718 1799 1738 non
1831 1709 1932 1746 1105511,
1964 1709 2017 1738 nisi

1166 1756 1325 1785 scandalum
1341 1756 1497 1790 immineat,
1512 1755 1593 1784 debet
1608 1756 1703 1784 Frater
1724 1755 1937 1793 praedicationis
1957 1755 2018 1784 offi—

1166 1804 1240 1832 010111
1256 1811 1398 1832 exercere.
1421 1803 1523 1840 Quodsi
1546 1803 1658 1832 omnino
1679 1811 1707 1832 se
1729 1803 1857 1832 sacerdos
1872 1803 2018 1832 irrationa-

1166 1851 1260 1880 biliter
1291 1854 1435 1888 opponat,
1466 1851 1617 1880 vehemens
1648 1853 1690 1880 est
1720 1851 1890 1888 praesumtio
1922 1853 2019 1879 contra

1166 1899 1274 1936 ipsum,
1298 1898 1451 1927 cedendum
1473 1900 1514 1927 est
1528 1898 1562 1926 ad
1577 1901 1687 1934 tempus
1708 1897 1841 1932 malitiae,
1857 1906 1891 1926 ne
1905 1897 2018 1926 scanda-

1167 1946 1224 1975 lum
1241 1946 1392 1974 suscitetur
1405 1946 1437 1979 ¹2,
1459 1948 1486 1974 et
1501 1945 1720 1974 denuntiandum
1737 1947 1779 1974 est
1793 1944 1957 1974 hierarchae
1971 1952 2018 1981 pe-

1167 1993 1289 2021 riculum
1310 1993 1477 2021 animarum.

324 2134 331 2146 ¹
351 2134 401 2156 Yat.
420 2134 450 2156 Et
468 2133 579 2163 quoiu‘am
596 2132 764 2162 praedicaturi
779 2131 913 2161 fulciuntur
931 2131 1110 2161 clupticzssaucto-

260 2173 338 2197 ritate.
356 2173 451 2196 inferius
469 2179 511 2201 pro
529 2174 550 2195 et
566 2172 731 2201 praelatormn
748 2172 788 2194 cd.
810 2172 814 2193 1
837 2178 890 2194 011111
908 2173 925 2194 G
944 2171 998 2194 item
1016 2171 1111 2201 proelu-

261 2215 349 2240 torum,
368 2215 389 2235 01
402 2219 443 2240 pro
461 2211 530 2235 hahet
542 2213 557 2233 A
577 2211 682 2234 hahetur.

324 2251 332 2264 2
350 2252 405 2279 Cup.
425 2252 461 2273 23.
480 2258 501 2273 11.
520 2251 557 2273 51.
577 2252 629 2272 Post
648 2250 698 2273 rult
719 2254 791 2272 textus
815 2250 932 2277 originalis
950 2249 1110 2277 prosequitur:

261 2291 375 2314 adim-ari
392 2290 455 2320 quod
472 2290 529 2320 uait.
548 2289 634 2313 Fidelis
651 2294 702 2317 eun,
721 2290 793 2311 ADG
812 2295 867 2311 vero
885 2292 907 2311 01
925 2289 961 2311 ed.
981 2289 1004 2310 l:
1023 2287 1110 2311 iocari.

263 2330 332 2359 Quod
348 2336 452 2359 namque
468 2329 518 2359 uqi!
534 2328 687 2358 praedicator
704 2328 792 2358 (idelis,
811 2329 889 2357 optut,
907 2328 929 2351 si
949 2327 1003 2358 ficri
1018 2327 1108 2355 01110111,

263 2369 291 2399 [D
309 2369 373 2392 addit
390 2369 425 2398 111]
445 2368 567 2391 veritatem
584 2372 627 2390 cte.

325 2408 334 2421 ³
353 2409 417 2431 Vei-s.
437 2408 473 2430 49.
491 2414 540 2436 seq.

325 2447 335 2460 4
354 2448 419 2470 Vcrs.
438 2448 475 2469 ‘2ss.
493 2454 567 2476 seqq„
585 2453 645 2476 quos
662 2447 679 2469 G
698 2447 727 2469 ita
747 2448 829 2469 refert:
848 2446 875 2468 (Ic
892 2445 983 2468 duobus
1000 2445 1058 2468 ciris
1072 2445 1113 2474 [Et

263 2488 309 2510 dad
327 2490 349 2509 01
367 2486 469 2516 medad]
486 2492 558 2515 super
577 2492 635 2516 quos
652 2486 767 2515 requievit
793 2485 907 2515 spiritus,
926 2485 967 2514 qui
985 2484 1114 2514 propheta-

263 2528 349 2549 verunt
367 2526 392 2549 iu
414 2526 513 2553 castris,
531 2527 552 2548 et
572 2527 651 2548 tumen
668 2531 715 2548 nou
742 2524 852 2547 exierant
876 2523 908 2547 act
931 2523 1114 2547 tabernaculum

265 2566 338 2595 [quod
355 2565 466 2588 indicavit
491 2566 541 2587 Nun
567 2565 638 2592 moysi
665 2565 808 2592 deprecans:
832 2562 933 2586 Prohibe
950 2569 996 2586 ecs.
1015 2564 1044 2586 At
1060 2562 1113 2585 itte:

266 2604 340 2633 Quid,
359 2604 447 2634 iuquit,
465 2604 597 2627 aemularis
614 2610 658 2633 pro
676 2605 730 2626 me?
746 2603 803 2631 Quis
822 2602 923 2630 tribuat,
943 2604 969 2625 ut
985 2601 1061 2625 omma·
1073 2608 1114 2632 po-

261 2643 336 2673 pulus
353 2643 487 2673 prophetet,
506 2645 527 2666 et
543 2642 582 2666 det
597 2642 628 2666 ris
647 2642 764 2666 Dominus
781 2641 892 2671 spiritum
910 2641 1019 2671 suum?].

328 2681 337 2693 ⁵
355 2682 395 2705 lid.
417 2684 421 2703 t
444 2682 508 2705 addit
524 2683 546 2705 et
559 2682 682 2712 praelatos
701 2681 806 2705 Ordinis.

328 2721 338 2734 ⁶
356 2723 396 2745 Ed.
420 2723 424 2744 1
447 2725 469 2744 01
487 2723 504 2744 D
522 2722 611 2745 addunt
628 2722 736 2744 Fratres.

330 2760 338 2773 ⁷
358 2761 422 2783 Vers.
440 2761 476 2783 23.
498 2773 529 2777 —
551 2761 665 2788 Superius
691 2767 732 2788 pro
758 2765 888 2789 agnoscere
909 2760 982 2782 ADG
1002 2762 1024 2782 01
1046 2759 1082 2782 ed.
1101 2759 1109 2780 t

267 2805 414 2829 coquoscerc.

330 2837 339 2850 Β
358 2839 389 2861 De
406 2839 560 2861 Ecclesiastica
580 2839 720 2865 Ilici-archia,
742 2845 763 2861 c.
787 2839 805 2860 1.
822 2839 835 2867 [3
854 2839 880 2861 3:
893 2839 931 2860 Est
942 2838 1036 2867 quidem
1056 2837 1115 2860 hier-

268 2878 344 2899 archia
368 2878 456 2906 omnis,
474 2878 603 2901 secundum
621 2878 756 2900 honorabile
774 2881 866 2900 nostrae
882 2883 962 2900 sacrae
980 2877 1115 2904 traditionis,

269 2916 344 2939 omnis
361 2916 518 2939 subiectorum
537 2924 657 2939 sat-rorum
683 2917 752 2945 ratio,
770 2920 809 2939 aut
834 2917 1030 2939 universalissima
1048 2916 1116 2938 huius

270 2956 372 2978 fortassis
388 2956 530 2978 hierarchiae
547 2960 587 2979 aut
604 2957 672 2979 huius
695 2963 813 2979 sacrorum
840 2956 1018 2978 consummatio.
1036 2956 1115 2978 Nostra

270 2995 340 3023 igitur
358 2995 485 3017 hierarchia
504 2995 587 3017 dicitur
604 3000 624 3017 01
643 2998 677 3017 est
698 2996 816 3018 continens
842 2995 960 3021 omnium,
978 3000 1039 3023 qnae
1055 2994 1116 3016 iuxta

1167 2133 1282 2159 perfectus
1300 2131 1405 2153 omnium
1423 2129 1530 2156 habebit,
1548 2136 1609 2158 quae
1625 2130 1754 2152 secundum
1768 2130 1844 2157 ipsum
1862 2132 1928 2156 suut,
1946 2135 2019 2151 sacra-

1168 2170 1309 2193 tissimorum
1339 2170 1553 2197 participationem,
1580 2172 1658 2196 utpote
1687 2169 1803 2190 hierarcha
1833 2168 2017 2196 cognominatus.

1168 2209 1231 2231 Sicut
1249 2208 1310 2230 enim
1329 2208 1482 2230 hierarchiam
1506 2207 1546 2236 qui
1569 2207 1633 2234 dicit,
1657 2207 1761 2229 omnium
1780 2207 1847 2229 simul
1869 2207 2019 2234 comprehen-

1168 2254 1217 2270 sam
1237 2248 1292 2269 (11011
1308 2253 1427 2269 sacrorum
1446 2247 1635 2275 dispositionem,
1653 2246 1685 2269 sic
1711 2246 1846 2268 hierarchen
1872 2246 1963 2273 dicens,
1981 2246 2017 2268 de-

1167 2288 1238 2309 clarat
1260 2286 1389 2308 mirabilem
1413 2289 1435 2308 ct
1460 2286 1565 2308 divinum
1592 2286 1681 2312 virum,
1700 2286 1776 2307 omnis
1801 2291 1880 2307 sacrae
1901 2285 2018 2307 eruditum

1169 2326 1290 2352 scientiae,
1308 2326 1329 2347 in
1348 2332 1394 2354 quo
1413 2332 1470 2353 pure
1496 2332 1536 2347 sua
1560 2324 1686 2347 hierarchia
1710 2324 1787 2347 omnis
1810 2324 1928 2352 perficitur
1944 2327 1965 2346 et
1984 2329 2018 2346 co-

1170 2365 1288 2393 gnoscitur
1307 2365 1391 2394 [versio
1410 2365 1470 2386 Scoti
1488 2364 1601 2392 Erigenae
1626 2363 1768 2385 verbotenus
1785 2363 1913 2386 secundum
1933 2365 2018 2385 textum

1169 2404 1300 2433 Graecum}
1328 2405 1369 2426 Pro
1395 2410 1479 2427 sacrae
1502 2404 1520 2425 D
1542 2409 1626 2431 sacru,
1651 2406 1673 2425 et
1695 2409 1737 2431 pro
1757 2402 1870 2432 potestati
1890 2402 1928 2425 ed.
1950 2403 1958 2424 ¹t
1977 2408 2020 2431 po-

1170 2443 1263 2466 tentiae.

1232 2481 1242 2494 9
1259 2483 1352 2510 Dat-agr.
1370 2483 1395 2509 3,
1408 2483 1447 2504 cfr.
1460 2485 1514 2504 nota
1527 2482 1669 2510 praecedens
1681 2484 1703 2504 01
1715 2488 1784 2509 supra
1798 2487 1852 2509 pag.
1865 2481 1919 2508 254,
1931 2483 1983 2503 nota
1998 2481 2019 2503 3.

1172 2523 1214 2544 Pro
1232 2521 1408 2545 hierarchicam
1426 2522 1443 2543 D
1461 2524 1483 2543 01
1499 2522 1536 2543 ed.
1555 2521 1563 2543 t
1585 2520 1741 2544 hierarchiae.
1759 2521 1819 2546 Vat.v
1842 2520 1950 2548 superius
1976 2526 2018 2547 pro

1170 2561 1303 2584 “comatam
1321 2564 1399 2583 contra
1417 2561 1433 2583 F
1445 2561 1463 2583 G
1481 2564 1503 2582 et
1520 2561 1556 2583 ed.
1579 2561 1583 2581 1
1606 2559 1730 2583 substituto
1753 2559 1903 2587 ordinatam,
1921 2560 1971 2586 1110,
1989 2560 2020 2582 in-

1172 2601 1332 2629 terpunctione
1355 2606 1478 2628 perperam
1503 2603 1601 2628 mutata,
1627 2600 1683 2628 legit
1708 2598 1889 2627 (refragantibus
1906 2599 1979 2621 ADG
1997 2601 2019 2621 et

1172 2641 1209 2662 ed.
1228 2641 1264 2669 11)·.
1282 2639 1390 2662 nominat
1407 2639 1583 2662 hierarchicam
1598 2640 1746 2668 potestatem.
1771 2638 1836 2661 Unde
1853 2638 1919 2661 docet
1935 2637 2020 2668 Diony-

1170 2679 1221 2702 sius
1251 2678 1270 2702 sl.
1297 2678 1431 2702 Ecclesiust.
1460 2678 1631 2706 Ht'erurchiae,
1658 2678 1722 2708 qaod
1749 2677 1801 2701 licet
1828 2677 1867 2700 itte
1891 2677 2020 2701 hierarcha

1171 2719 1226 2742 aliis
1243 2722 1286 2741 etc.
1305 2719 1360 2741 Fide
1379 2719 1394 2740 Β
1412 2718 1574 2740 substituimus
1591 2717 1745 2741 hierarcham
1763 2723 1805 2745 pro
1823 2716 1992 2739 hierarchiam.

1234 2757 1254 2770 ¹⁰
1270 2758 1316 2780 Cfr.
1333 2757 1433 2779 Bonifac.
1453 2757 1505 2779 Vltl.
1525 2757 1573 2785 (Vl.
1593 2757 1681 2779 Decret.
1700 2756 1750 2778 libr.
1768 2756 1795 2779 V.
1812 2756 1842 2778 tit.
1858 2756 1894 2778 ta.
1907 2756 1936 2778 de
1948 2756 2021 2783 Regu-

1171 2798 1198 2820 lis
1214 2798 1279 2824 iuris,
1297 2798 1376 2825 regula
1397 2797 1456 2826 68.):
1476 2797 1551 2819 Potest
1568 2797 1620 2825 quis
1637 2802 1679 2824 per
1696 2796 1765 2819 alium
1783 2796 1846 2825 quod
1859 2798 1933 2824 potest
1946 2797 2020 2818 facere

1172 2843 1213 2865 per
1230 2843 1255 2859 50
1272 2837 1358 2864 ipsum.
1376 2836 1421 2858 Cfr.
1438 2836 1495 2858 ibid.
1513 2836 1630 2862 Glossam,
1654 2835 1676 2857 in
1702 2841 1747 2864 qua
1771 2835 1901 2857 indicantur
1923 2835 1967 2857 1001
1993 2841 2019 2857 ex

1171 2876 1221 2898 iure
1239 2876 1313 2904 civili;
1330 2875 1385 2897 vide
1402 2875 1470 2897 etiam
1488 2874 1544 2897 ibid.
1562 2874 1666 2902 regulam
1684 2874 1721 2896 72.
1739 2886 1770 2890 —
1789 2874 1884 2896 inferius
1902 2880 1944 2901 pro
1966 2879 2020 2903 quo-

1172 2914 1316 2944 tiescumque
1334 2916 1349 2936 A
1361 2914 1407 2936 DG
1425 2915 1596 2943 quotcumque,
1613 2913 1649 2935 ed.
1670 2913 1677 2935 vt
1700 2912 1927 2943 quomodocumque.

1235 2953 1253 2966 ¹¹
1272 2955 1338 2976 Vers.
1356 2954 1377 2975 2.

1236 2992 1255 3006 ¹²
1273 2993 1317 3016 Cfr.
1334 2999 1404 3021 supra
1422 2999 1476 3021 pag.
1496 2992 1549 3019 411,
1566 2996 1618 3014 nota
1638 2992 1658 3014 t.
1670 3005 1700 3007 —
1713 2992 1769 3014 Voci
1787 2990 1915 3014 cedendum
1928 2991 1946 3013 D
1958 2996 2021 3018 prae-

271 3040 322 3057 eam
340 3037 403 3062 sunt,
422 3041 540 3057 sacrorum
558 3035 629 3063 actio,
647 3035 775 3057 secundum
794 3041 864 3064 quam
879 3035 973 3057 divinus
985 3035 1117 3057 hierarc-hes
1143 3024 1146 3058 Ι
1173 3033 1223 3061 figit
1239 3032 1310 3055 unde.

2028 445 2103 470 Respuit}

2028 539 2054 558 De
2066 539 2102 559 hier

2031 563 2071 582 chia
2082 569 2106 589 ⁰¹¹¹.

2055 588 2100 606 nata.

2035 1477 2048 1497 N
2052 1477 2111 1497 otandi

2034 1666 2112 1685 Resoluti
