2133 3317
791 211 967 240 PROLEGOM
972 211 1033 240 ENA
1054 212 1082 240 C.
1105 213 1122 240 I.

93 293 121 315 ut
134 290 247 314 vilescant
263 289 403 320 temporalia
420 291 442 313 et
457 288 594 312 dulcescant
609 290 703 316 eterna,
721 288 753 311 ad
769 295 813 318 que
830 294 873 312 nos
882 295 935 318 per-

93 337 166 361 ducat
181 338 245 360 Iesus
261 338 327 360 πίω.
343 337 426 359 Amen.

156 383 192 406 42.
210 382 310 410 Ibidem,
328 382 379 405 cod.
397 382 471 411 (deest
488 382 562 410 num.)
585 382 632 404 DD.
655 381 716 404 XIX.
734 382 755 403 3.
777 382 849 403 chart.
873 381 894 403 111
913 381 934 403 4.

93 435 152 452 saec.
169 429 221 452 XV.
236 440 267 445 —
283 428 328 451 Fol.
347 428 368 450 1.
385 434 404 450 r.
421 428 532 456 opusculo
555 427 722 456 praemittitur:
747 427 835 457 Ymaao
856 429 935 450 eterne.

94 476 144 500 vite.
161 475 248 498 Desinit
265 475 303 497 101.
320 475 356 497 30.
374 481 398 497 v.
414 481 467 497 cum
485 474 614 497 additione:
631 473 736 504 Explicit
758 473 816 497 liber
838 473 934 497 medita·

93 522 183 546 tionum
199 525 253 548 etc„
271 524 295 544 ut
312 521 334 543 in
352 520 543 549 praecedentibus
559 519 686 543 codicibus.

155 568 192 590 43.
210 567 307 595 Ibidem,
333 567 385 590 cod.
410 567 484 596 (deest
508 567 583 596 num.)
608 567 655 589 ΑΑ.
672 567 710 589 Χ1.
728 567 765 589 40.
781 567 853 589 chart.
870 567 892 589 in
911 566 932 589 4.

92 620 151 638 saec.
169 614 228 637 XIV.
245 626 276 630 —
292 614 340 636 Alia
358 620 453 642 manus,
473 613 514 636 sed
537 619 637 641 coaeva,
658 619 712 641 pag.
738 613 783 635 286
809 613 933 642 soliloquio

92 661 211 690 praemisit
227 661 285 683 hanc
301 659 431 682 rubricam:
448 659 532 689 Incipit
548 659 637 689 pulcra
659 658 827 689 contemplacio
848 658 933 688 fratris

92 707 259 730 Beneventure.
276 706 354 730 Flecto
372 712 450 736 qenaa
467 712 519 729 mea.
535 709 578 729 etc.
596 706 682 729 Desinit
706 712 760 734 pag.
785 705 838 728 354.
863 706 933 728 Hinc:

92 753 195 783 Explicit
212 753 270 776 liber
286 753 466 777 meditationum
482 753 530 777 siae
546 756 587 776 etc.
606 756 630 776 ut
647 759 729 781 supra,
746 760 768 775 n.
785 753 823 775 39.

155 799 192 822 44.
208 799 341 823 Cremtsani
358 800 565 829 (Kremsmiinster)
582 800 603 822 in
615 800 718 828 Austria‚
735 799 872 822 bibliotheca
890 800 933 822 Mo-

92 846 196 875 nasterii,
214 846 265 869 cod.
284 847 337 869 179.
353 848 426 869 chart.
442 847 464 869 111
481 847 517 869 101.
534 853 594 869 saec.
612 847 673 869 XIV.
689 846 799 869 exeuntis.
811 858 842 863 -
853 846 934 869 solilo-

92 893 172 922 quium
189 893 268 921 incipit
285 894 323 915 101.
341 893 393 916 135.
410 900 442 916 1.;
459 892 537 917 Fleclo
553 899 631 922 ¹oenua
648 898 701 916 mea
722 895 765 915 etc.
788 893 874 915 Desinit
896 893 933 915 101.

93 939 144 961 146.
162 945 185 961 v.
202 939 231 962 ad
248 939 332 962 verba:
349 939 377 963 Si
392 939 453 963 enim
470 946 501 962 ez·
518 939 655 962 dilatatione
671 939 794 969 deficiunt,
817 939 933 963 desideria

91 991 138 1009 non
154 986 260 1016 fuerunt.
276 987 339 1010 Deus
356 986 441 1010 enim...
458 993 518 1015 quae
535 986 649 1009 habentur
666 992 718 1015 cap.
729 987 751 1009 3.
764 993 786 1009 n.
800 987 836 1009 44.
853 987 933 1010 Cetera

91 1033 183 1054 suerunt
199 1033 287 1055 avulsa.

154 1078 191 1100 45.
209 1077 307 1106 Ibidem,
325 1079 377 1101 cod.
395 1079 447 1101 338.
465 1079 536 1101 chart.
555 1078 576 1100 in
595 1079 631 1101 101.
654 1084 713 1100 saec.
736 1079 787 1101 XV.
804 1091 835 1095 —
852 1078 933 1107 Incipit

91 1126 134 1147 hoc
151 1125 288 1153 opusculum
306 1125 343 1147 101.
364 1125 398 1147 I4.
416 1131 434 1147 r.
451 1125 500 1147 sine
517 1126 561 1147 ulla
579 1125 669 1147 rubrica
688 1128 710 1148 et
720 1125 804 1148 desinit
816 1126 852 1148 101.
865 1127 902 1148 29.
914 1132 934 1148 r.

91 1174 116 1194 ut
131 1172 227 1194 editum.
244 1173 261 1194 A
281 1178 350 1194 manu
368 1172 442 1200 prima
460 1172 564 1195 additur:
584 1170 656 1195 4474.

154 1219 190 1241 46.
208 1219 367 1247 Darmstadii,
385 1219 521 1242 bibliotheca
540 1220 642 1246 Duealis,
659 1219 711 1242 cod.
729 1219 781 1242 673.
793 1221 864 1242 chart.
877 1220 899 1242 in
912 1220 932 1242 4.

91 1272 149 1289 saec.
167 1266 226 1288 XIV.
243 1266 354 1289 excuntis.
370 1278 400 1283 —
418 1266 451 1289 Ad
468 1266 554 1289 calcem
576 1267 612 1289 101.
629 1267 651 1288 3.
668 1273 686 1288 r.
710 1272 792 1289 manus
814 1267 869 1294 3113,
892 1267 932 1290 sed

91 1318 188 1339 coaeva,
205 1313 308 1340 scripsit:
325 1312 409 1342 Incipit
421 1312 479 1336 liber
496 1312 675 1336 meditationum
687 1312 736 1336 sire
747 1312 883 1337 orationum
894 1313 933 1337 do-

90 1358 150 1381 mini
165 1358 296 1382 cardinalis
312 1360 335 1382 et
350 1358 467 1387 doctoris,
484 1358 526 1388 qui
541 1358 620 1388 imayo
637 1359 682 1382 vite
699 1358 845 1387 intitulatur,
860 1359 934 1382 Bone-

90 1406 194 1428 venture.
212 1405 298 1428 Desinit
315 1406 353 1428 rol.
370 1406 407 1428 35.
425 1412 443 1428 r.
461 1406 519 1428 Hinc
536 1405 642 1428 librarius
658 1406 717 1428 inter
734 1406 776 1428 alia
789 1407 845 1429 haec
857 1409 932 1429 notat:

91 1451 123 1474 Et
137 1450 171 1474 sic
187 1452 221 1475 est
237 1451 291 1480 finis
309 1450 365 1474 libri
379 1451 448 1475 istius
461 1451 549 1481 primi,
569 1451 631 1482 finiti
646 1453 668 1474 et
684 1451 793 1481 completi
808 1451 852 1475 sub
869 1458 933 1476 anno

91 1497 181 1521 domini
205 1498 419 1521 MCGGLXXXIV.
441 1498 466 1521 in
490 1498 572 1528 vibilia
597 1498 739 1522 Palmarum
755 1499 815 1522 liora
838 1499 867 1522 VI
880 1501 934 1529 post

93 1544 277 1574 completorium
293 1544 424 1574 assianata.

155 1591 192 1613 47.
209 1590 308 1620 Ibidem,
326 1592 378 1614 cod.
395 1592 448 1614 767.
466 1593 538 1615 chart.
555 1593 576 1615 in
595 1593 632 1615 101.
654 1599 715 1615 saec.
737 1593 788 1615 XV.
805 1605 836 1610 —
852 1593 898 1616 FoI.
915 1600 934 1616 r.

91 1644 138 1660 non
154 1642 288 1661 numerato:
305 1638 389 1668 Incipit
402 1638 519 1668 prologus
536 1638 560 1662 in
578 1638 737 1669 Soliloquium
758 1640 822 1663 Bone
837 1641 935 1664 venture

92 1683 119 1708 de
136 1687 240 1714 quatuor
256 1684 382 1708 ezer-ciliis.
400 1685 484 1708 Eadem
502 1685 608 1713 leguntur
625 1686 647 1708 in
665 1686 721 1715 tine,
738 1686 824 1715 quibus
841 1687 934 1710 additur

92 1734 194 1754 tantum:
211 1732 257 1755 Deo
275 1732 375 1761 ¹aratias.

156 1779 192 1801 48.
208 1779 282 1802 Dolae
300 1779 359 1808 (Dol)
378 1780 401 1802 111
418 1780 500 1807 Gallia,
518 1779 654 1803 bibliotheca
671 1780 786 1808 Civitatis,
798 1781 899 1803 cod.79.
912 1787 933 1803 a.

93 1828 131 1850 83.
147 1827 241 1850 miscell.
257 1832 317 1849 saec.
334 1826 386 1849 XV.
402 1839 433 1843 —
449 1826 566 1855 Opuseulo
584 1827 737 1855 praemittitur
753 1826 858 1849 rubrica:
876 1827 935 1850 Inci-

89 1874 126 1903 pit
141 1873 258 1904 dyaloqus
274 1872 405 1896 cardinalis
422 1872 600 1901 Bonaventure,
626 1872 652 1896 in
674 1879 719 1902 quo
744 1873 827 1896 anima
852 1872 935 1897 devota.

91 1919 226 1943 meditando
242 1919 385 1948 interrobat,
397 1920 420 1942 et
430 1918 499 1942 homo
512 1918 611 1942 interior
623 1919 757 1943 mentaliter
767 1919 892 1949 respondet
905 1919 935 1943 lo-

92 1967 183 1997 quendo
200 1968 221 1990 et
237 1968 321 1990 cetera.
338 1966 424 1989 Desinit
441 1966 479 1989 101.
495 1967 534 1989 36.
550 1973 572 1988 ν.
590 1969 615 1989 ut
632 1966 653 1989 in
671 1967 745 1989 editis.
763 1967 815 1989 Post
831 1966 936 1997 Eapticit

92 2016 227 2042 repetuntur
244 2013 340 2041 eadem,
357 2019 417 2042 quae
434 2013 558 2041 praemissa
576 2016 630 2035 sunt
646 2013 717 2036 initio.

155 2060 191 2083 49.
209 2059 318 2088 Dublini,
336 2060 474 2082 bibliotheca
490 2059 583 2088 Collegii
601 2060 640 2082 SS.
657 2060 785 2087 Trinitatis,
802 2060 854 2083 cod.
872 2061 898 2082 A.
910 2060 933 2083 5.

92 2107 129 2129 30.
146 2107 240 2129 miscell.
257 2106 278 2128 in
297 2107 318 2129 8.
335 2112 395 2129 saec.
412 2106 473 2129 XIV.
489 2106 599 2129 exeuntis.
614 2118 646 2123 -
662 2106 727 2130 Circa
748 2107 850 2129 medium
873 2107 935 2129 volu-

93 2153 173 2180 minis,
190 2153 226 2176 sol.
243 2159 289 2175 non
305 2156 427 2175 numerato
444 2153 528 2181 legitur
544 2159 557 2175 a
575 2159 644 2175 manu
662 2153 736 2181 prima
753 2156 884 2176 exaratum:
900 2153 936 2176 In-

92 2199 148 2229 cipit
163 2199 273 2229 dlaloyus
290 2199 455 2222 Bonaventure
471 2198 609 2222 cardinalis.
627 2198 705 2222 Fleclo
722 2205 799 2229 qenua
822 2205 875 2223 mea
892 2202 935 2223 etc.

93 2246 190 2269 Desinit:
208 2246 249 2276 qui
264 2247 299 2269 est
314 2246 392 2269 trinus
407 2247 430 2269 et
446 2252 509 2270 unus
534 2245 666 2270 benedictus
687 2246 712 2269 in
735 2246 825 2270 secula.
849 2248 932 2270 Amen.

93 2292 155 2316 Deus
169 2292 311 2322 propitietur
327 2292 406 2315 anime
423 2292 536 2316 Iohannis
554 2292 670 2315 Hornton.
691 2294 773 2316 Amen.
796 2292 936 2323 Expliciunt

93 2340 195 2368 quatuor
212 2338 373 2362 meditationes
390 2338 501 2368 imaginis
517 2338 569 2361 vite.

155 2386 192 2408 50.
210 2385 376 2415 Ducumburqi
398 2385 595 2414 (Herzogenburg)
622 2386 643 2408 in
669 2386 774 2413 Austria,
797 2385 934 2409 bibliotheca

93 2431 221 2459 Canoniae,
238 2433 289 2455 cod.
307 2432 344 2454 51.
362 2433 432 2455 chart.
450 2433 472 2455 in
491 2433 527 2455 101.
544 2439 603 2456 saec.
621 2433 672 2455 XV.
690 2433 795 2456 ineuntis.
811 2445 842 2450 —
859 2433 936 2455 Solilo-

93 2479 173 2508 quium
191 2479 268 2507 incipit
286 2482 338 2508 post
354 2479 500 2502 medietatem
518 2480 642 2502 voluminis
659 2480 696 2502 101.
713 2486 731 2502 r.
744 2486 789 2502 non
802 2483 935 2503 numerato:

95 2525 172 2549 Flecto
189 2532 266 2556 genua
284 2532 336 2549 mea
354 2531 396 2549 etc.
415 2527 499 2549 Desinit
516 2528 553 2549 101.
571 2533 595 2550 v.
611 2533 652 2555 per
664 2526 749 2550 verba:
761 2526 865 2556 Eaplicit
877 2526 935 2550 liber

94 2571 121 2595 de
137 2572 248 2602 ymayine
263 2572 315 2595 vite.

157 2618 194 2640 5I.
211 2618 375 2648 Diisseldorpii
391 2618 542 2647 (Diisseldorr)
560 2619 590 2642 ad
607 2620 728 2647 Rhenum,
749 2619 886 2642 bibliotheca
903 2619 936 2641 Ci-

95 2664 183 2691 vitatis,
200 2664 251 2687 cod.
270 2665 294 2687 Β.
312 2664 364 2687 145.
381 2666 452 2688 chart.
471 2665 493 2687 In
510 2665 531 2688 4.
548 2671 608 2688 sace.
626 2665 678 2688 XV.
693 2665 803 2688 exeuntis.
816 2678 845 2682 —
856 2666 904 2688 Fol.
914 2672 934 2688 r.

95 2716 141 2732 non
158 2714 290 2733 numerato:
307 2710 390 2740 Incipit
413 2710 567 2741 soliloquium
591 2711 756 2735 Bonaventure
780 2711 808 2735 de
832 2713 936 2741 quatuor

95 2757 213 2781 exercitiis
237 2758 315 2781 anime
336 2759 358 2781 et
383 2758 491 2782 hominis.
509 2758 594 2781 Desinit
611 2759 648 2781 101.
665 2765 684 2781 r.
701 2758 791 2782 verbis:
807 2759 838 2782 Et
853 2758 887 2782 sic
903 2760 937 2782 est

95 2804 150 2835 finis
166 2804 238 2828 liuius
255 2804 311 2828 libri
325 2804 353 2828 de
369 2806 475 2835 quatuor
490 2805 610 2828 excercitiis
626 2805 705 2828 anime
721 2807 743 2829 et
758 2805 867 2829 hominis.
889 2806 937 2829 Deo

95 2850 196 2880 oratius.

158 2897 195 2920 52.
213 2896 347 2921 Einsiedeln
373 2898 396 2920 in
420 2898 536 2925 Helvetia,
561 2897 700 2921 bibliotheca
719 2898 858 2926 Illonasterii,
884 2898 935 2921 cod.

97 2943 134 2967 43.
151 2945 222 2966 chart.
236 2950 296 2966 saec.
309 2944 360 2966 XV.
371 2956 402 2961 —
418 2945 465 2967 Fol.
483 2943 534 2967 484.
547 2950 565 2967 r.
582 2947 616 2967 est
632 2944 723 2967 rubrica
735 2950 747 2967 a
765 2945 851 2967 recenti
867 2951 935 2967 manu

1752 214 1832 242 XXIX

989 292 1093 312 exarata:
1109 289 1136 313 S.
1152 290 1329 314 Bonaventura.
1346 291 1428 320 lmayo
1451 290 1494 314 cite
1510 292 1598 314 sancte.
1617 291 1701 313 Desinit
1724 291 1761 313 101.
1782 291 1831 314 197.

990 342 1009 358 r.
1025 342 1078 358 cum
1095 337 1226 360 additione:
1243 337 1347 367 Explicit
1364 337 1433 366 liber,
1446 337 1488 367 qui
1500 337 1587 361 dicitur
1598 343 1685 368 ymaqo
1696 337 1742 361 viic
1752 339 1833 361 sancte

989 387 1061 411 super
1078 385 1183 412 quatuor
1198 383 1293 413 punctis
1307 383 1487 414 principalibus.

1052 429 1089 451 53.
1107 429 1245 459 Erfordiae,
1269 430 1406 453 bibliotheca
1432 431 1514 459 Regia,
1539 431 1642 454 collectio
1667 431 1832 459 Amploniaua,

990 475 1041 497 cod.
1060 475 1112 498 155.
1130 476 1228 499 membr.
1245 477 1268 498 in
1287 476 1307 499 4.
1324 483 1384 500 saec.
1406 477 1466 500 XIV.
1482 490 1513 494 —
1530 477 1610 505 Incipit
1627 477 1777 506 Soliloquium
1796 478 1833 500 101.

989 522 1026 544 26.
1044 528 1063 544 r.
1079 522 1129 545 sine
1146 523 1222 550 titulo,
1238 523 1320 546 desinit
1338 524 1374 546 101.
1392 523 1430 546 43.
1449 531 1483 552 v.;
1500 524 1554 546 dein
1574 523 1706 547 subiicitur:
1727 523 1831 553 Explicit

989 568 1098 598 dialoyus
1115 569 1190 593 bonus
1206 572 1228 593 et
1245 569 1321 593 brevis
1340 571 1402 593 Bone
1424 572 1528 594 venture.

1053 615 1091 638 54.
1108 615 1207 644 Ibidem,
1225 617 1277 639 cod.
1295 617 1333 639 98.
1348 618 1421 640 chart.
1438 618 1461 640 in
1480 617 1500 640 4.
1517 624 1578 640 saec.
1596 618 1655 640 XIV.
1673 618 1789 645 exeuntis,
1807 620 1831 640 ut

989 662 1147 684 recensuiinus
1158 669 1242 690 supra,
1253 669 1308 691 pag.
1321 663 1381 686 XIV.
1390 670 1411 686 n.
1423 664 1461 686 71.
1470 676 1501 680 -
1509 664 1557 686 Fol.
1572 663 1622 686 124.
1634 670 1666 686 r.:
1679 663 1761 693 Incipit
1773 663 1831 686 liber

988 707 1168 731 meditationum
1178 709 1227 732 sive
1243 709 1380 732 orationum
1391 709 1487 733 Domini
1498 710 1673 737 Bonaventure,
1692 710 1734 739 qui
1751 709 1831 739 imaqo

989 754 1033 777 vite
1049 754 1193 784 appellatur.
1212 755 1297 778 Eadem
1315 756 1423 784 leguntur
1439 757 1461 779 in
1478 757 1535 784 fine,
1552 757 1592 786 qui
1609 757 1709 779 occurrit
1726 757 1763 779 101.
1782 757 1831 779 152.

988 807 1023 828 v.‚
1040 800 1126 830 quibus
1142 801 1235 824 additur
1252 802 1299 825 Deo
1315 802 1415 831 qratz'as.
1432 803 1515 826 Amen.

1052 847 1089 869 55.
1107 846 1205 875 Ibidem,
1224 848 1277 870 cod.
1297 849 1319 870 8.
1336 849 1407 871 chart.
1429 849 1499 871 111101.
1517 855 1577 872 saec.
1598 849 1649 872 XV.
1665 861 1696 866 —
1713 850 1766 872 Post
1787 849 1831 872 alia

989 900 1059 922 opera
1076 895 1114 917 101.
1131 901 1149 917 r.
1166 901 1211 917 non
1229 898 1349 918 numerato
1366 896 1445 924 incipit
1461 896 1613 925 soliloquium
1630 897 1680 919 sine
1696 896 1773 924 titulo,
1790 896 1831 919 sed

988 942 1058 969 paulo
1075 944 1127 963 ante
1143 942 1201 964 aliae
1218 948 1300 964 manus
1317 943 1450 970 posterioris
1460 943 1512 965 aevi
1528 943 1706 971 inscripserunt:
1724 942 1831 972 Huqonis

989 987 1016 1011 de
1032 988 1058 1011 S.
1087 987 1178 1011 Victore
1201 990 1222 1011 et
1244 989 1420 1017 Bonaventure,
1445 995 1490 1012 una
1514 996 1570 1012 vero
1593 990 1614 1012 in
1640 989 1746 1012 inferiore
1766 992 1831 1017 parte

990 1035 1035 1057 solii
1052 1035 1154 1057 exaravit
1171 1036 1227 1058 haec
1244 1035 1328 1058 verba:
1352 1035 1436 1065 Incipit
1451 1036 1530 1066 imayo
1551 1036 1609 1064 cite,
1633 1041 1700 1065 quem
1727 1035 1831 1059 libellum

989 1082 1120 1112 composuit
1136 1081 1245 1111 eyreyius
1262 1081 1343 1105 doctor
1355 1082 1469 1112 niaqzleter
1481 1083 1597 1107 Iohannes
1609 1083 1636 1106 de
1650 1084 1831 1110 Bonavenlura,

988 1128 1070 1152 doctor
1089 1128 1185 1152 Ordinis
1203 1128 1332 1152 Minornm.
1354 1129 1406 1151 Post
1429 1130 1497 1152 tinem
1515 1130 1583 1152 etiam
1606 1130 1710 1152 addidit:
1728 1129 1831 1160 Explicit

990 1174 1047 1198 liber
1065 1174 1253 1204 Sollloquz'orum
1270 1175 1373 1205 scriptus
1390 1176 1479 1205 Praye,
1496 1176 1664 1199 Boneventnre.

1052 1222 1088 1244 56.
1108 1221 1205 1249 Ibidem,
1227 1222 1278 1244 cod.
1305 1222 1326 1244 4.
1343 1223 1415 1244 chart.
1440 1223 1461 1245 111
1480 1223 1500 1245 8.
1526 1229 1586 1245 saec.
1607 1223 1658 1245 XV.
1674 1236 1705 1239 —
1721 1223 1768 1246 Fol.
1785 1230 1831 1246 non

989 1271 1111 1291 numerato
1128 1275 1146 1291 r.
1158 1271 1249 1291 notatur
1261 1269 1409 1297 simpliciter:
1420 1270 1501 1299 Imayo
1513 1269 1558 1293 vite
1576 1270 1753 1298 bonaventura,
1767 1273 1790 1292 et
1801 1270 1831 1293 ad

989 1315 1088 1337 calcem:
1105 1314 1178 1338 Finis.
1191 1316 1273 1344 Imayo
1286 1315 1330 1338 vile
1341 1316 1507 1339 Bonaventure
1514 1322 1558 1345 per
1572 1315 1708 1339 Conradum
1725 1310 1831 1340 [imbelm

989 1361 1016 1384 de
1034 1360 1144 1384 Terbern.

1052 1408 1089 1430 57.
1107 1407 1205 1436 Ibidem,
1224 1408 1276 1431 cod.
1293 1409 1330 1430 26.
1343 1409 1414 1431 chart.
1431 1409 1452 1431 in
1471 1409 1493 1432 4.
1509 1415 1570 1432 saec.
1582 1409 1633 1432 XV.
1647 1423 1677 1426 —
1689 1410 1736 1432 Fol.
1753 1416 1772 1433 r.
1784 1417 1830 1433 non

989 1457 1123 1477 numerato:
1135 1454 1218 1484 Incipit
1229 1454 1308 1484 imaqo
1319 1454 1362 1478 vite
1371 1455 1539 1479 Bonevenlure.
1550 1455 1628 1479 Flecto
1639 1462 1717 1485 yenua
1726 1462 1778 1480 mea
1787 1460 1831 1480 etc.

989 1501 1076 1523 Desinit
1097 1501 1133 1523 101.
1150 1507 1168 1523 r.
1186 1501 1264 1524 verbis
1281 1502 1394 1524 editionis.

1052 1547 1091 1570 58.
1109 1547 1212 1576 Gedani,
1231 1547 1368 1571 bibliotheca
1380 1551 1473 1571 sanctae
1484 1549 1578 1576 Mariae,
1595 1549 1647 1572 cod.
1662 1556 1777 1577 progress.
1791 1550 1829 1573 95.

989 1595 1061 1616 chart.
1077 1594 1100 1617 in
1118 1595 1155 1617 101.
1166 1595 1235 1617 scrin.
1248 1595 1301 1622 298,
1314 1595 1343 1617 de
1354 1602 1401 1624 quo
1413 1596 1482 1618 locuti
1495 1602 1577 1619 sumus
1593 1602 1675 1624 supra,
1688 1602 1742 1625 pag.
1755 1597 1798 1619 XV
1809 1604 1832 1620 n.

990 1642 1029 1664 8l.
1044 1654 1075 1657 -—
1092 1642 1139 1664 Ful.
1157 1642 1192 1664 43.
1210 1648 1228 1664 r.
1250 1645 1284 1664 est
1306 1642 1398 1665 rubrica
1420 1643 1488 1665 hqus
1510 1643 1616 1671 opusculi
1639 1644 1674 1666 his
1694 1643 1772 1667 verbis
1793 1650 1833 1666 ex-

990 1695 1085 1717 pressa:
1101 1688 1185 1718 Incipit
1206 1688 1264 1712 liber
1285 1689 1480 1718 meditacionum,
1508 1690 1556 1713 sive
1580 1690 1718 1714 orationum
1742 1690 1834 1714 domini

990 1734 1121 1758 cardinalis
1137 1736 1159 1758 et
1170 1735 1272 1759 doctoris
1290 1736 1353 1759 Bone
1363 1738 1474 1765 venture,
1487 1736 1529 1766 qui
1544 1736 1624 1767 imaqo
1641 1737 1686 1760 vite
1699 1739 1777 1760 eterne
1793 1743 1833 1760 no-

990 1781 1106 1805 minatur.
1125 1782 1210 1804 Desinit
1227 1783 1263 1804 101.
1277 1783 1315 1805 33.
1331 1789 1350 1805 r.
1367 1789 1408 1811 per
1425 1782 1509 1805 verba:
1527 1783 1569 1813 qui
1584 1785 1618 1807 est
1634 1783 1714 1807 trinus
1730 1785 1752 1807 et
1769 1790 1832 1807 unus

991 1827 1123 1852 benedictus
1140 1828 1165 1851 in
1180 1828 1268 1852 secula.
1285 1831 1367 1852 Amen.

1053 1875 1091 1898 59.
1110 1874 1208 1903 Ibidem,
1226 1875 1277 1898 cod.
1296 1882 1413 1904 progress.
1425 1876 1463 1899 10.
1476 1876 1544 1899 scrin.
1562 1876 1600 1899 55.
1618 1876 1716 1899 membr.
1733 1877 1755 1899 111
1773 1877 1832 1900 10110.

990 1921 1122 1943 —Initium
1141 1921 1209 1944 huius
1225 1922 1331 1950 opusculi
1348 1925 1382 1945 est
1398 1923 1435 1945 rol.
1447 1923 1483 1945 8¹.
1495 1929 1519 1945 ν.
1535 1922 1579 1945 sub
1596 1924 1639 1946 hoc
1656 1923 1732 1946 titulo:
1750 1922 1835 1953 Incipit

987 1967 1107 1997 proloyus
1131 1967 1272 1991 venerabilis
1291 1967 1394 1992 doctoris
1419 1969 1585 1992 Bonaventure
1608 1975 1681 1999 super
1697 1969 1832 1999 ymayinem

991 2014 1043 2037 vite.
1061 2015 1098 2037 Est
1114 2015 1167 2037 finis
1184 2015 1221 2037 sol.
1239 2015 1277 2037 97.
1294 2022 1317 2037 ν.
1333 2021 1386 2038 cum
1404 2016 1446 2038 hac
1463 2016 1596 2038 additione:
1619 2016 1724 2046 Eaplicit
1744 2023 1831 2047 ymaqo

992 2060 1042 2084 vite.
1058 2062 1127 2084 Anno
1144 2061 1241 2084 Domini
1256 2060 1383 2085 millesimo
1400 2062 1632 2092 quadrinyentesimo
1649 2063 1722 2086 XLII.

1054 2108 1091 2130 60.
1108 2106 1209 2135 Ibidem,
1227 2107 1366 2130 bibliotheca
1378 2108 1491 2136 Civitatis,
1508 2109 1559 2131 cod.
1577 2109 1604 2131 Η.
1616 2110 1638 2132 5.
1654 2109 1679 2132 B.
1691 2109 1744 2132 XX.
1756 2110 1780 2132 Β.
1793 2110 1831 2132 30.

990 2155 1062 2177 chart.
1080 2154 1102 2177 in
1121 2154 1143 2177 4.
1167 2160 1226 2177 saec.
1248 2155 1299 2177 XV.
1317 2155 1421 2178 ineuntis.
1439 2168 1469 2171 —
1486 2156 1533 2178 rol.
1557 2156 1609 2178 444.
1626 2162 1644 2178 r.
1670 2156 1692 2178 in
1713 2156 1834 2184 superiore

990 2204 1056 2230 parte
1072 2202 1168 2230 legitur:
1185 2201 1270 2231 Incipit
1286 2201 1344 2225 liber
1360 2201 1552 2230 meditationum,
1570 2202 1618 2226 sive
1642 2202 1778 2226 orationum
1796 2202 1833 2226 do·

991 2247 1052 2270 mini
1067 2247 1198 2271 cardinalis
1214 2247 1318 2271 doctoris
1335 2248 1398 2271 Bone
1414 2250 1524 2276 venture,
1539 2248 1581 2278 qui
1595 2255 1682 2278 ymayo
1698 2249 1744 2272 vite
1755 2250 1833 2272 eterne

990 2296 1138 2318 nominatur.
1157 2295 1243 2317 Desinit
1260 2295 1297 2317 101.
1318 2295 1367 2318 131,
1384 2301 1403 2317 r.
1420 2298 1445 2318 ut
1460 2295 1485 2317 111
1501 2295 1610 2318 editione.

1054 2342 1091 2364 61.
1108 2341 1207 2370 Ibidem,
1226 2342 1279 2365 cod.
1290 2342 1317 2364 11.
1329 2341 1350 2364 5.
1368 2342 1392 2364 Β.
1404 2342 1451 2364 XII.
1465 2343 1488 2365 B.
1500 2342 1521 2364 5.
1539 2343 1610 2365 chart.
1623 2342 1644 2364 in
1657 2343 1694 2365 sol.
1706 2348 1766 2365 saec.
1783 2343 1835 2366 XV.

991 2388 1101 2411 exeuntis.
1117 2401 1149 2405 —
1165 2389 1210 2411 FoI.
1224 2389 1276 2411 121.
1293 2391 1327 2411 est
1343 2389 1424 2411 eadem
1437 2388 1542 2417 rubrica,
1559 2395 1619 2418 quae
1636 2389 1658 2411 in
1676 2389 1833 2418 praecedenti,

991 2441 1018 2457 ex
1035 2441 1082 2463 quo
1100 2436 1176 2457 forsan
1199 2435 1353 2463 exemplatum
1372 2435 1413 2458 tuit
1434 2438 1507 2458 totum
1524 2435 1670 2463 opusculum.
1693 2435 1779 2458 Desinit
1795 2436 1834 2458 101.

995 2481 1044 2503 140.
1061 2487 1084 2503 ν.
1101 2487 1143 2509 per
1160 2481 1247 2503 verba:
1270 2480 1376 2511 Emplicit
1391 2481 1448 2505 liber
1470 2481 1649 2505 meditationum
1671 2481 1719 2505 sive
1746 2482 1833 2506 oratio-

990 2533 1049 2550 num
1066 2526 1156 2550 domini
1171 2527 1302 2551 cardinalis>-
1319 2529 1341 2551 et
1356 2527 1458 2551 doctoris
1481 2528 1544 2551 Bone
1561 2529 1670 2556 venture,
1690 2528 1733 2558 qui
1752 2528 1832 2559 imayo

990 2573 1036 2597 vite
1051 2575 1129 2597 eume
1144 2573 1292 2597 nominatur.

1055 2620 1092 2643 62.
1110 2619 1204 2643 Giessae
1223 2621 1246 2643 in
1264 2621 1356 2649 Hassia,
1373 2620 1509 2644 bibliotheca
1530 2622 1700 2649 Universitatis,
1719 2629 1762 2645 mS.
1779 2622 1834 2645 726.

992 2667 1063 2688 chart.
1081 2666 1104 2688 in
1121 2667 1142 2688 8.
1159 2672 1218 2689 saec.
1237 2667 1288 2689 XV.
1305 2679 1335 2683 -—
1351 2667 1397 2689 Fol.
1415 2667 1437 2689 4.
1453 2673 1486 2690 r.:
1508 2667 1592 2697 Incipit
1613 2667 1772 2698 Soliloquium
1789 2668 1834 2692 Bo-

991 2713 1135 2739 naventure,
1152 2711 1194 2741 qui
1214 2711 1354 2735 intitulatur
1376 2718 1464 2742 ymayo
1481 2713 1533 2736 vite.
1558 2713 1645 2736 Desinit
1662 2714 1700 2736 101.
1726 2714 1777 2736 113.
1795 2720 1833 2737 v.:

992 2757 1034 2787 qui
1049 2760 1083 2781 est
1098 2759 1206 2786 eternus,
1223 2758 1302 2782 trinus
1318 2760 1340 2782 et
1355 2765 1419 2782 unus
1435 2761 1458 2782 et
1479 2758 1611 2783 benedictus
1628 2759 1653 2783 in
1669 2760 1750 2784 secula
1767 2766 1835 2784 secu—

993 2804 1082 2828 lorum.
1099 2806 1179 2828 Amen.
1198 2805 1227 2828 Et
1242 2804 1277 2828 sic
1293 2807 1327 2829 est
1342 2805 1403 2836 finis.
1421 2806 1489 2829 Anno
1507 2806 1605 2830 Domini
1614 2806 1739 2830 MCGGCL.
1755 2807 1834 2831 sancti

993 2851 1110 2881 Bonisacii
1125 2851 1184 2881 (sic).

1055 2899 1093 2921 63.
1111 2898 1208 2927 Ibidem,
1229 2905 1272 2922 ms.
1288 2899 1343 2922 788.
1359 2900 1431 2922 chart.
1448 2900 1470 2922 in
1488 2900 1508 2922 4.
1525 2906 1585 2923 saec.
1599 2901 1666 2929 XV.,
1682 2901 1712 2923 de
1728 2907 1775 2930 quo
1787 2901 1834 2929 egi·

993 2952 1045 2968 rnus
1061 2951 1143 2973 supra,
1156 2945 1206 2967 XV.
1219 2951 1272 2974 pag.
1290 2952 1312 2968 n.
1327 2946 1364 2969 83.
1377 2958 1409 2963 —
1420 2946 1465 2969 Fol.
1484 2946 1520 2969 40.
1538 2953 1561 2969 v.
1579 2949 1631 2975 post
1647 2947 1705 2970 alia:
1718 2947 1833 2977 Sequitur
