2133 3317
134 475 186 497 Item,
200 475 224 493 ad
236 480 255 493 a·

122 503 194 540 plaiorem
204 498 255 516 Chri·

117 1676 146 1695 ΒΘ
160 1676 245 1695 aureola.

269 220 326 248 ⁶214

267 305 299 323 ae
312 298 427 329 superbis
440 298 555 327 resistat,
575 304 605 321 ne
619 304 643 321 50
663 296 803 321 exaltantes
821 295 947 324 humiliet,
966 302 997 319 ne
1015 295 1116 319 inflatos

268 348 312 372 per
325 341 459 372 augustam
473 340 571 371 portam
584 346 633 364 non
646 338 766 367 traiiciat,
781 345 931 369 quamquam
944 338 978 362 sit
990 338 1116 368 superflua

270 383 421 412 sollicitudo,
441 390 484 412 ne,
504 382 545 406 ubi
565 381 645 406 fervet
663 381 769 409 caritas,
789 380 853 405 desit
871 380 1001 404 humilitas
1015 380 1022 392 ¹
1034 390 1058 404 ».

340 425 399 450 115.
423 425 473 449 «Si
492 432 549 456 ergo
568 424 671 455 nuptias
697 424 881 454 contempsistis
906 423 1015 448 filiorum
1040 423 1115 448 homi-

268 477 341 499 num,
365 477 394 494 ex
418 469 507 500 quibus
533 468 670 499 gigneretis
699 467 763 491 filios
791 467 911 496 hominis3
938 466 1010 499 tanto
1035 467 1115 498 magis

268 512 338 537 corde
352 512 433 536 amate
452 511 543 535 Filium
562 510 668 535 hominis
691 510 833 540 speciosam
857 508 943 539 forma
962 517 1027 540 prae
1052 509 1115 539 filiis

269 554 402 579 hominum
415 555 431 577 ².
451 553 572 584 Inspicite
590 552 782 584 pulcritudinem
800 552 920 577 amatoris
933 552 1025 582 vestri3
1039 552 1114 576 etiam

267 598 313 622 hoc
331 598 420 627 ipsum,
441 596 505 627 quod
524 596 549 620 111
569 603 595 621 00
615 595 728 620 derident
746 595 860 626 superbi,
885 595 1014 626 inspicite,
1040 603 1114 627 quam

266 641 380 672 pulcrum
399 639 432 664 sit
450 639 610 664 interioribus
628 639 772 663 luminibus.
791 638 912 669 Inspicite
930 639 1035 663 vulnera
1054 646 1114 669 pen-

266 683 360 712 dentis,
374 683 500 707 cicatrices
510 681 676 713 resurgentis,
691 682 838 713 sanguinem
850 682 990 711 morientis,
1005 681 1114 712 pretium

266 725 400 755 credentis,
424 725 596 750 commercium
615 724 767 749 redimentis.
792 724 860 749 Haec
885 724 973 755 quanti
998 724 1112 753 valeant,

266 768 385 800 cogitate,
404 768 465 793 haec
482 769 508 792 in
528 768 624 792 statera
642 768 756 793 caritatis
775 768 921 798 appendite,
946 768 971 792 et
996 767 1114 798 quidquid

267 812 358 836 amoris
377 812 402 836 111
420 811 524 842 nuptias
542 811 640 836 vestras
663 810 855 842 impendendum
879 810 990 839 habetis,
1014 810 1051 834 illi
1076 818 1114 834 re—

266 855 378 886 pendite,
398 855 441 886 qui
459 862 508 879 non
528 855 641 885 pulcram
660 861 770 883 carnem,
791 854 833 878 sed
857 854 1000 878 interiorem
1026 853 1114 884 pulcri-

265 897 346 922 dinem
365 898 475 922 vestram
495 897 604 929 quaerit,
625 897 667 921 ubi
685 897 756 922 vobis
779 896 847 922 clcclit
868 897 1021 927 potestatem
1045 896 1115 926 filias

265 942 315 966 Dei
332 940 389 971 fieri
402 939 420 965 ³.
438 941 540 970 Videte,
560 948 615 965 cum
634 940 729 972 quanta
748 940 882 965 securitate
899 940 990 964 amatis
1004 947 1058 964 eum
1076 940 1114 964 cui

265 985 393 1016 displicere
422 984 493 1009 falsis
521 984 702 1016 suspicionibus
726 991 777 1008 non
801 983 904 1008 timetis.
931 983 976 1008 Vir
1004 983 1029 1007 et
1053 990 1114 1007 uxor

265 1029 370 1053 invicem
389 1035 414 1052 se
434 1027 533 1057 amant,
554 1028 612 1059 quia
636 1027 661 1051 in
687 1034 712 1051 se
735 1026 821 1051 vident
839 1027 865 1051 in
884 1026 1016 1051 manifesto
1042 1027 1114 1057 signa

265 1071 392 1101 caritatis,
413 1078 486 1102 saepe
505 1070 589 1095 tamen
608 1070 637 1095 de
656 1077 681 1094 se
705 1070 799 1101 aliquid
821 1070 881 1094 mali
905 1070 1010 1094 invicem
1036 1070 1114 1100 suspi-

265 1114 368 1143 cantur,
388 1115 445 1145 quia
465 1121 510 1138 sua
529 1113 625 1138 occulta
644 1114 748 1138 invicem
766 1120 816 1137 non
835 1112 993 1137 contuentur.
1007 1112 1064 1137 Non
1077 1111 1114 1136 ita

265 1157 303 1181 est
322 1157 350 1181 de
370 1157 481 1182 amatore
499 1156 597 1186 vestro,
618 1156 759 1181 dulcissimo
778 1156 849 1185 Iesu,
870 1155 923 1180 toto
942 1155 1112 1184 desiderabili,

263 1201 289 1225 in
308 1208 356 1232 quo
374 1200 437 1225 nihil
459 1200 604 1229 invenietis,
634 1200 698 1231 quod
723 1199 902 1230 reprehendere
927 1198 1043 1230 possitis;
1069 1205 1113 1223 nec

264 1244 335 1268 vobis
354 1243 490 1268 timendum
510 1243 548 1268 est
573 1243 602 1268 (10
627 1243 689 1274 ipso,
708 1243 772 1274 quod
796 1242 859 1267 falso
879 1242 973 1273 aliquid
997 1242 1056 1266 mali
1084 1242 1112 1266 de

264 1286 335 1311 vobis
362 1286 503 1317 suspicetur
521 1286 563 1317 qui
588 1292 660 1310 rencs
685 1285 798 1310 intuetur
824 1286 847 1309 et
871 1285 950 1309 corda
963 1283 980 1308 ⁴.
1006 1284 1030 1308 Si
1054 1291 1112 1315 ergo

264 1337 383 1361 magnum
411 1336 520 1354 amorem
547 1328 694 1360 coniugibus
719 1327 854 1357 deberetis,
881 1327 1003 1359 quantum
1029 1334 1112 1351 amare

264 1373 358 1398 debetis
371 1380 440 1402 eum,
454 1372 558 1403 propter
571 1379 643 1403 quem
657 1372 773 1402 coniuges
786 1371 876 1395 habere
889 1370 1024 1395 noluistis?
1034 1369 1112 1395 Totus

264 1416 333 1441 vobis
352 1416 446 1447 figatur
465 1416 491 1440 in
510 1415 580 1440 corde
600 1415 642 1446 qui
661 1422 706 1446 pro
724 1414 793 1439 vobis
806 1414 870 1439 fixus
883 1414 960 1439 estin
973 1421 1043 1439 cruce
1057 1416 1066 1429 ⁶
1079 1423 1092 1435 »
1106 1423 1111 1443 ;

264 1467 361 1491 semper
373 1459 494 1483 habentes
503 1459 529 1483 in
539 1458 635 1488 mente,
647 1457 767 1489 quantam
777 1457 908 1482 caritatem
919 1457 988 1482 vobis
1001 1456 1113 1481 exhibuit

264 1504 306 1535 qui
324 1510 368 1527 vos
387 1502 434 1527 sibi
452 1501 587 1526 inviolatas
606 1501 658 1525 tam
677 1502 703 1525 in
722 1508 823 1532 corpore
836 1508 910 1532 quam
923 1501 948 1525 in
962 1501 1045 1525 anima
1058 1507 1112 1525 con-

263 1545 385 1575 servavit,
405 1545 525 1577 quantam
538 1544 608 1569 vobis
621 1544 646 1569 et
658 1551 733 1575 quam
747 1544 877 1575 specialem
890 1544 996 1575 gloriam
1010 1550 1112 1574 praepa—

261 1589 340 1619 ravit,
360 1596 421 1620 quas
440 1588 493 1613 tam
512 1588 612 1619 speciali
631 1587 715 1619 gratia
734 1586 897 1612 sublimavit?
913 1587 1062 1617 Specialem,
1077 1587 1112 1610 in-

264 1639 350 1664 quam,
364 1632 482 1663 gloriam,
496 1631 627 1662 specialem
646 1637 761 1655 coronam
781 1629 882 1654 donabit
900 1629 970 1654 vobis
983 1629 1008 1653 in
1022 1629 1111 1657 caelis,

262 1683 337 1707 quam
349 1674 430 1700 nostri
443 1673 549 1705 majores
562 1673 696 1698 aureolam
711 1671 720 1684 ³
733 1672 877 1704 appellant,
891 1679 966 1703 quam
978 1671 1067 1696 idcirco
1080 1671 1112 1695 ab

262 1726 322 1743 auro
335 1718 438 1743 aestimo
451 1717 619 1746 nominatam,
633 1716 662 1741 ut
674 1717 756 1747 ipsum
769 1723 872 1741 coronae
885 1723 982 1745 nomen,
996 1723 1058 1746 quae
1072 1715 1112 1739 da—

262 1761 330 1786 bitur
343 1761 412 1786 vobis
425 1761 451 1785 in
468 1760 604 1791 praemium
624 1759 792 1791 virginitatis,
812 1758 922 1783 insinuet
941 1758 1111 1783 excellentiam

261 1805 356 1837 gloriae
374 1804 514 1836 virginalis.
534 1803 611 1833 Quid,
630 1804 746 1834 inquam,
767 1802 868 1827 dabitur
881 1803 958 1827 sacris
972 1802 1112 1833 virginibus

263 1847 373 1873 Christi?
387 1847 481 1872 Ceteris
495 1846 589 1872 sanctis
600 1846 629 1871 ut
642 1845 836 1877 praeemineant,
851 1845 915 1870 sicut
927 1852 1017 1870 aurum
1029 1845 1112 1870 cetera

261 1891 365 1916 metalla
383 1889 520 1922 praecellit.
539 1889 606 1914 Dicit
624 1889 689 1914 enim
702 1889 784 1914 Isaias
797 1887 820 1913 ⁷:
834 1888 869 1913 Ia
882 1889 923 1914 dic
935 1888 985 1913 illa
998 1889 1047 1913 erit
1060 1888 1112 1913 Do-

262 1935 349 1960 minus
368 1941 463 1959 corona
480 1933 582 1965 yloriae
601 1934 625 1957 ct
641 1934 738 1958 sartam
758 1932 939 1957 exsultationis
956 1931 1059 1957 ‘residuo
1066 1939 1112 1963 po-

257 1977 319 2009 puli
331 1978 381 2002 sai.
400 1977 523 2007 Attende,
543 1976 608 2008 quod
627 1983 723 2001 corona
742 1976 772 2000 fit
790 1976 819 2000 de
832 1983 893 2001 auro
907 1975 932 2000 et
945 1976 974 2000 de
986 1975 1112 2006 lapidibus

262 2021 391 2052 pretiosis,
411 2021 508 2045 sertam
526 2020 556 2044 de
574 2019 691 2049 floribus,
712 2019 774 2051 puta
792 2019 870 2049 rosis,
889 2019 962 2044 violis
981 2018 1006 2044 et
1028 2018 1112 2043 huius-

262 2063 335 2088 modi.
354 2063 475 2092 Attende,
494 2069 567 2094 quam
586 2069 705 2093 magnum
724 2062 763 2086 est
775 2062 858 2093 ipsum
871 2061 950 2086 Deum
962 2060 1054 2085 habere
1066 2066 1112 2091 pro

263 2107 366 2131 corona!
386 2106 420 2130 Et
438 2106 549 2137 virgines
567 2112 616 2130 non
636 2104 736 2129 tantum
755 2104 884 2129 habebunt
902 2104 982 2128 Deum
1006 2110 1051 2134 pro
1075 2110 1112 2128 co-

262 2156 336 2179 rona,
356 2149 380 2173 id
399 2149 464 2180 quod
482 2148 521 2173 est
539 2155 667 2173 commune
686 2147 800 2173 omnibus
824 2147 984 2179 glerificatis;
1008 2146 1051 2171 sed
1069 2146 1111 2170 ha-

262 2192 357 2217 bebunt
376 2199 421 2223 pro
439 2192 529 2223 capillo
547 2191 634 2216 florido
653 2190 826 2215 exsultationis
840 2190 1041 2222 praerogativam
1061 2190 1112 2221 spi-

263 2236 363 2261 ritualis
382 2235 540 2260 excellentiae
551 2254 557 2264 ,
577 2242 639 2266 quae
657 2234 683 2258 in
702 2233 842 2265 virginibus
859 2234 886 2258 111
904 2233 988 2264 patria
1011 2232 1112 2258 caelesti

263 2278 402 2309 apparebit.
430 2277 492 2307 Quid
515 2276 598 2302 autem
618 2276 656 2301 est
674 2276 717 2300 ille
737 2275 807 2301 locus
825 2275 907 2300 multo
925 2275 1017 2300 melior
1037 2282 1111 2306 quam

263 2320 371 2345 filiorum
390 2320 447 2350 Dei,
466 2319 526 2351 quid
544 2319 607 2344 illud
625 2326 716 2344 nomen
730 2320 862 2343 aeterawm
875 2320 898 2348 ³;
916 2318 975 2349 quid
994 2318 1112 2343 aureola?

262 2364 383 2395 Magnum
401 2363 440 2388 est
456 2363 528 2388 valde
542 2362 566 2387 et
578 2362 750 2393 inexplicabile
762 2361 906 2392 inexpertis.
920 2361 966 2386 Sed
979 2360 1112 2392 propterea

263 2414 318 2432 cum
337 2414 429 2438 magua
447 2406 567 2431 aviditate
586 2405 747 2435 currendum,
772 2412 863 2436 magna
887 2404 1033 2430 fortitudine
1059 2411 1112 2435 per-

264 2450 426 2475 severandum
445 2449 484 2474 est
503 2450 537 2474 eis
556 2449 597 2480 qui
618 2449 663 2474 soli
682 2448 785 2473 fruendo
802 2448 921 2479 poterunt
938 2447 984 2473 hoc
997 2448 1111 2479 experiri.

327 2642 335 2654 ¹
354 2643 464 2670 August,
481 2642 523 2664 loc.
541 2642 578 2665 cit.
595 2654 626 2658 —
643 2642 777 2670 Allegantur
794 2642 862 2664 Eccli.
880 2642 904 2669 3,
922 2642 966 2669 20;
985 2642 1027 2664 lac.
1047 2642 1073 2669 4,
1085 2642 1108 2665 6.

265 2673 315 2702 (cfr.
333 2674 346 2695 1.
365 2674 423 2696 Pelr.
441 2674 467 2701 5,
485 2673 529 2702 5.),
547 2676 570 2696 et
585 2673 708 2701 respicitur
725 2674 801 2696 Manli.
821 2674 863 2700 23,
882 2673 981 2702 '12:Qui
994 2675 1073 2695 autem
1086 2679 1111 2696 se

264 2705 396 2728 exaltaverit
412 2704 586 2733 lnimiliabitur;
604 2707 625 2727 et
642 2705 670 2732 7,
689 2705 733 2727 113:
751 2706 833 2727 Intrate
850 2710 891 2733 per
913 2708 1036 2733 angustam
1060 2711 1111 2733 por-

263 2738 309 2759 tam
326 2739 434 2789 &uli-sulm.
453 2767 494 2795 44,
513 2768 534 2790 3.

326 2798 335 2810 ³
354 2799 414 2821 ioan.
433 2799 453 2825 4,
473 2799 509 2821 112.
527 2798 567 2821 Ed.
589 2799 594 2820 1
611 2805 664 2821 cum
681 2799 699 2820 Α
717 2800 795 2821 contra
812 2799 909 2826 August.
922 2798 984 2829 filios
996 2797 1040 2821 Dei
1049 2797 1110 2828 fieri.

325 2829 334 2841 *¹
352 2830 434 2852 Psalm.
452 2829 479 2857 7,
498 2830 540 2852 ι10;
558 2830 667 2852 Scrutaus
684 2830 753 2852 corda
772 2832 794 2852 et
805 2836 872 2852 renes
883 2830 952 2852 Deus.
965 2829 1010 2853 Csr.
1025 2831 1040 2852 1.
1052 2830 1110 2857 neg.

265 2861 306 2887 '¹6'
323 2860 345 2903 Z
353 2861 529 2920 1ξ1ι1ἐὲξ1.,2(1)00.ἰ
537 2862 578 2915 c{nt
596 2898 615 2915 c.
634 2892 711 2915 54-56.
729 2898 750 2914 u.
770 2892 851 2919 55-57,
864 2891 970 2920 pluribus
982 2895 1059 2915 tamen
1072 2892 1110 2914 ali-

266 2923 518 2981 qualigellsffulgatltsavq
538 2955 575 2977 lV.
596 2955 657 2977 Sent.
678 2955 701 2977 d.
722 2955 759 2976 33.
781 2961 800 2976 a.
819 2956 842 2977 2.

266 2985 310 3008 VH·
328 2986 410 3044 ⁷C'C7a'p.
422 3017 459 3043 28,
470 3017 490 3038 5.
500 3028 530 3033 —
540 3016 594 3039 Cod.
604 3017 622 3038 Α
632 3017 715 3039 omittit
727 3016 788 3039 Dicit
798 3016 860 3039 enim
869 3016 969 3040 Isaias...
979 3015 1109 3046 apparebit.

866 2961 887 2983 q.
911 2955 937 2983 3;
958 2954 1109 2983 Brex·iloq.p.

708 218 905 246 OPL'SCULUM
926 218 957 245 X.
980 217 1034 245 VIT
1039 217 1065 245 IS
1086 217 1236 245 MYSTICA.
1258 217 1520 247 ADDITAMENTUM
1541 219 1582 247 lv.

1173 309 1209 313 —
1221 295 1267 320 Sed
1281 296 1350 327 quia,
1365 297 1576 322 commemorando
1589 297 1698 329 gratiam
1713 298 1843 329 specialem
1856 298 1995 330 virginibus
2007 307 2022 325 a

1173 338 1268 369 Sponso
1288 346 1332 363 suo
1352 339 1432 370 gratis
1452 347 1591 365 concessam
1611 341 1636 365 et
1654 341 1760 372 gloriam
1774 342 1904 372 specialem
1924 341 1955 366 ab
1968 343 2021 373 ipso

1173 388 1268 412 quoque
1294 382 1454 407 nihilominus
1473 383 1498 407 111
1521 383 1595 407 caelis
1614 384 1753 415 virginibus
1778 384 1967 415 praeparatam,
1991 386 2021 410 ad

1173 424 1304 454 specialem
1324 424 1477 449 dilectionem
1492 425 1581 456 sponsi
1595 426 1715 457 caelestis,
1736 427 1836 458 benigni
1849 427 1907 452 Iesu
1926 428 2021 453 animos

1172 467 1304 498 virginalis
1322 467 1473 497 munditiae,
1493 468 1568 499 prout
1586 469 1639 499 ipse
1658 470 1813 501 virginitatis
1832 470 1857 495 et
1883 471 2021 495 dilectionis

1171 510 1258 535 auctor
1276 510 1365 541 largiri
1383 510 1502 541 dignatus
1521 512 1570 540 est,
1596 512 1699 536 incitare
1724 514 1880 543 curavimus;
1900 514 2017 539 materiae

1172 553 1282 578 ordinem
1301 553 1482 584 prosequendo,
1502 554 1531 578 de
1550 554 1679 579 dilectione
1699 556 1816 586 proximi,
1837 557 1889 581 sine
1908 564 1957 588 qua
1976 557 2020 582 Dei

1171 595 1269 620 dilectio
1288 603 1337 620 non
1357 596 1485 625 subsistit,
1505 604 1584 627 pauca
1603 604 1717 622 curemus
1742 599 1885 629 adnectere,
1911 601 1968 631 quia
1993 601 2021 625 in

1172 638 1212 663 liis
1232 638 1329 663 claobzls
1347 639 1478 664 vzsmclatis
1497 641 1551 664 tota
1569 640 1625 665 Lea:
1638 641 1733 670 penclet
1750 642 1775 665 et
1792 642 1939 673 Prophetae
1952 642 1970 668 ⁹.

1491 726 1575 751 CAPUT
1595 727 1699 752 XXXII.

1193 811 1234 835 De
1247 818 1290 836 sex
1303 811 1417 841 flosculis
1431 812 1507 842 flac-is
1520 813 1549 837 in
1560 813 1641 838 medio
1653 813 1718 845 lilii,
1733 814 1760 839 id
1771 815 1808 839 cst
1821 815 1851 840 cle
1864 815 1998 840 dilectione

1295 854 1414 885 proximi
1433 856 1457 879 et
1472 862 1516 880 5010
1534 856 1654 887 operibus
1666 857 1859 883 misericordiae
1869 857 1896 883 ¹⁰.

1244 940 1302 965 116.
1322 941 1431 966 Flosculi
1450 942 1529 973 igitur
1548 943 1615 967 aurei
1635 943 1723 968 coloris
1743 951 1845 969 numero
1865 952 1918 974 sex,
1938 946 2019 976 quiin

1172 982 1250 1008 medio
1269 983 1337 1008 floris
1356 983 1407 1008 albi
1426 984 1451 1008 111
1470 984 1522 1009 11110
1542 985 1696 1015 consistunt,
1717 986 1849 1011 caritatem
1868 994 1929 1018 erga
1941 988 2021 1018 proxi-

1172 1033 1239 1050 mum
1258 1026 1398 1051 habendam
1424 1026 1550 1058 figurant,
1571 1035 1633 1059 quae
1652 1028 1677 1053 111
1697 1036 1738 1053 sex
1757 1029 1873 1060 operibus
1892 1030 2019 1061 caritatis,

1171 1077 1234 1100 quae
1252 1069 1277 1094 et
1296 1077 1374 1101 opera
1393 1070 1585 1095 misericordiae
1596 1069 1614 1082 ¹¹
1627 1072 1800 1101 nominantur,
1815 1072 1937 1097 consistit.
1952 1073 2021 1098 Oari-

1170 1112 1211 1137 tas
1230 1113 1308 1142 enim,
1328 1120 1391 1144 quae
1404 1113 1484 1138 otiosa
1497 1121 1549 1138 esse
1562 1121 1612 1139 non
1626 1114 1723 1145 potest,
1737 1115 1883 1147 ubicumque
1897 1115 1948 1146 est,
1966 1123 2020 1147 ope-

1170 1155 1239 1180 ribus
1259 1163 1284 1180 se
1303 1155 1424 1185 ostendit,
1445 1156 1509 1181 sicut
1527 1156 1616 1181 beatus
1630 1157 1765 1189 Gregorius
1776 1155 1795 1170 ¹²
1808 1159 1861 1183 ait:
1880 1158 2019 1185 «Probatio

1171 1198 1309 1223 dilectionis
1334 1198 1452 1224 exhibitio
1478 1199 1516 1224 est
1535 1200 1616 1230 operis
1629 1209 1653 1229 »ς
1674 1201 1699 1225 et
1716 1201 1759 1225 ille
1778 1202 1893 1232 specialis
1914 1202 2019 1227 dilectus

1170 1241 1227 1266 boni
1245 1241 1317 1272 Iesu,
1337 1242 1445 1267 Ioannes
1464 1242 1516 1267 ait:
1541 1242 1591 1274 Qui
1609 1243 1728 1268 habuerit
1748 1244 1922 1269 substantiam
1942 1244 2019 1270 liuius

1169 1284 1261 1309 piandi
1279 1286 1303 1309 ct
1320 1284 1413 1309 viderit
1430 1284 1540 1315 fratrem
1558 1292 1635 1310 suam
1653 1287 1827 1311 necessitatem
1841 1288 1984 1318 patientem
1996 1289 2020 1313 et

1170 1327 1294 1353 clauserit
1311 1328 1411 1352 viscera
1429 1335 1477 1352 saa
1496 1328 1528 1352 ab
1547 1335 1593 1358 eo,·
1613 1329 1739 1359 quomodo
1753 1330 1850 1355 caritas
1868 1331 1920 1355 Dei
1931 1332 2019 1356 ‘manet

1169 1371 1198 1395 ia
1217 1377 1244 1395 co
1255 1370 1268 1394 ,ἒ
1287 1370 1318 1395 Si
1336 1371 1404 1395 enim
1423 1370 1533 1400 fratrem
1551 1379 1641 1403 saum,
1660 1378 1732 1403 quem
1744 1372 1826 1403 videt,
1845 1380 1899 1397 ozon
1918 1373 2019 1405 etiayn,—

1168 1414 1269 1445 Dcam,
1289 1421 1363 1444 quem
1381 1421 1434 1438 non
1452 1414 1533 1445 videt,
1553 1415 1681 1445 quomodo
1695 1416 1785 1446 posset
1797 1415 1924 1447 cliliqere?
1936 1416 2018 1448 Opera

1169 1457 1253 1482 autem
1271 1457 1467 1486 misericordiae,
1487 1457 1576 1488 quibus
1589 1457 1682 1482 caritas
1695 1458 1800 1489 proximi
1817 1459 2017 1490 demonstratur,

1168 1501 1267 1525 curavit
1284 1501 1340 1531 ipsa
1358 1500 1473 1530 Veritas,
1493 1500 1572 1525 bonus
1591 1501 1663 1525 Iesus
1683 1502 1820 1532 explicare,
1835 1502 1978 1533 ostendens,
1993 1510 2019 1528 se

1169 1544 1198 1568 de
1216 1543 1256 1568 his
1275 1544 1335 1569 solis
1353 1543 1433 1568 iustos
1452 1544 1478 1567 in
1497 1543 1601 1568 extremi
1625 1544 1708 1569 iudicii
1726 1545 1837 1570 examine
1856 1545 2018 1571 laudaturum

1169 1587 1194 1611 et
1207 1587 1310 1618 propter
1323 1586 1412 1611 horum
1425 1586 1547 1611 defectum
1560 1587 1678 1618 reprobos
1691 1588 1877 1618 damnaturum,
1891 1589 1974 1614 dicens
1984 1588 2018 1613 1³¹:

1173 1628 1238 1654 Cam
1255 1629 1352 1654 venerit
1369 1629 1460 1654 Filias
1473 1629 1585 1654 hominis
1604 1631 1628 1654 et
1644 1629 1737 1655 sederit
1756 1631 1783 1655 in
1801 1631 1857 1656 sede
1875 1631 2018 1657 maiestatis

1167 1679 1230 1698 suae
1249 1674 1272 1697 et
1289 1672 1413 1697 statuerit
1431 1672 1511 1697 iustos
1530 1680 1547 1697 a
1566 1672 1661 1698 cleoetris
1679 1673 1735 1699 sais
1753 1675 1777 1698 et
1800 1674 1922 1706 reprobos
1947 1682 1964 1699 a
1986 1675 2018 1700 si-

1168 1716 1276 1746 nistris,
1294 1715 1360 1740 (licet
1378 1716 1432 1747 ipse
1450 1716 1506 1741 Rex
1525 1715 1565 1741 his
1584 1717 1630 1747 qai
1649 1724 1665 1741 a
1684 1716 1782 1742 dextris
1799 1719 1892 1743 erant:
1917 1717 2017 1750 Venite,

1169 1758 1293 1783 benedicti
1311 1758 1404 1783 Patris
1422 1759 1484 1790 mci,
1499 1759 1626 1790 percipite
1638 1766 1759 1791 requam,
1779 1760 1848 1791 qaod
1858 1760 1929 1786 vobis
1936 1768 2018 1792 para—

1170 1803 1224 1826 tam
1236 1803 1280 1826 est.
1293 1801 1403 1826 Esarivi
1422 1802 1489 1826 caim
1496 1821 1503 1833 ,
1517 1803 1541 1826 ot
1553 1801 1657 1827 dedistis
1670 1802 1736 1827 milti
1747 1802 1906 1828 manducare
1913 1812 1922 1834 ,·
1934 1803 2017 1835 sitivi,

1168 1847 1193 1870 et
1210 1845 1316 1870 dedistis
1334 1845 1400 1870 mila·
1419 1845 1522 1876 biberffl
1540 1845 1631 1876 hospes
1643 1844 1695 1876 fai,
1710 1846 1734 1870 et
1751 1846 1892 1878 collegistis
1904 1854 1956 1877 me3
1969 1854 2018 1872 azo-

1169 1889 1230 1920 clas,
1249 1890 1274 1913 et
1291 1889 1459 1920 cooperuistis
1476 1896 1516 1913 me
1526 1897 1534 1919 ,·
1552 1889 1674 1919 infirmis
1694 1890 1718 1914 et
1736 1889 1765 1914 ia
1783 1896 1898 1921 carcere,
1918 1891 1942 1914 et
1959 1890 2016 1915 visi-

1169 1932 1243 1957 tastis
1262 1939 1317 1962 me;
1335 1932 1398 1963 qaia
1418 1932 1487 1963 qaod
1504 1932 1552 1956 zmi
1570 1939 1599 1956 cx
1616 1931 1937 1967 minimis-meissecistis,
1950 1933 2015 1958 milii

1168 1974 1271 2005 fecistis.
1292 1975 1365 2000 Tunc
1383 1975 1450 2000 (licet
1463 1975 1503 2000 liis
1516 1975 1561 2006 qai
1575 1982 1591 2000 a
1603 1975 1720 2000 sinistris
1732 1984 1739 2000 :
1757 1975 1812 2008 Ite,
1831 1976 1976 2008 maledicti,
1989 1977 2018 2001 ia

1168 2018 1254 2050 ignem
1273 2019 1414 2043 aeternam.
1433 2018 1543 2043 Esar-ivi
1556 2018 1636 2049 enim,
1650 2019 1674 2043 et
1685 2025 1738 2043 nori
1751 2018 1857 2044 dedistis
1869 2018 1935 2044 mihi
1946 2026 2019 2044 man-

1169 2060 1263 2085 ducare
1272 2069 1281 2090 ;
1298 2061 1383 2092 sitivi,
1403 2062 1427 2085 et
1444 2068 1496 2085 nori
1512 2060 1617 2086 dedistis
1629 2061 1695 2085 mihi
1702 2062 1797 2092 potam
1806 2070 1815 2091 ;
1828 2061 1919 2093 hospes
1931 2068 2018 2094 eram,

1168 2105 1193 2128 ct
1209 2111 1263 2128 aon
1282 2103 1421 2135 collegistis
1439 2110 1478 2128 me
1488 2111 1497 2134 ,·
1514 2103 1635 2133 ‘infirmus
1653 2105 1678 2128 et
1696 2104 1723 2128 iri
1741 2110 1856 2134 carcere,
1877 2105 1902 2129 et
1919 2112 1972 2129 non
1983 2105 2018 2129 vi-

1168 2146 1269 2171 sitastis
1287 2153 1341 2176 me;
1361 2146 1424 2177 qaia
1442 2146 1511 2177 quod
1528 2153 1582 2171 ozon
1599 2145 1695 2176 fecistis
1708 2147 1755 2171 ani
1768 2147 1797 2172 cle
1809 2147 1926 2172 niinimis
1941 2142 2017 2178 meis,

1168 2196 1213 2214 nec
1230 2189 1295 2214 milii
1312 2188 1415 2219 fecistis.
1435 2189 1509 2218 Ecce,
1525 2196 1600 2220 opera
1612 2190 1793 2215 misericordiae
1807 2190 1836 2215 de
1849 2190 1963 2215 caritatis
1976 2198 2017 2215 ra-

1168 2233 1219 2258 dice
1238 2232 1405 2264 procedentia.
1426 2232 1637 2258 Considerandum
1657 2232 1695 2258 est
1714 2233 1812 2265 itaque,
1833 2234 1942 2265 quantae
1967 2234 2018 2259 sint

1168 2275 1300 2308 dignitatis
1319 2283 1381 2307 quae
1405 2276 1459 2301 sola
1482 2276 1509 2300 in
1534 2275 1647 2301 districto
1672 2277 1783 2301 examine
1807 2277 1907 2301 laudari
1925 2284 2018 2302 meren-

1168 2320 1227 2349 tur;
1247 2325 1352 2350 quorum
1371 2318 1482 2350 dignitas
1501 2319 1527 2343 in
1546 2319 1626 2344 colore
1645 2326 1719 2344 aureo
1732 2319 1892 2345 flosculorum
1911 2320 1966 2351 ipsa
1985 2321 2018 2345 si-

1167 2361 1342 2393 gnificantium
1361 2361 1509 2393 designatur
1519 2360 1547 2386 1‘.
1570 2361 1641 2386 Nihil
1659 2362 1728 2387 valet
1757 2362 1808 2387 albi
1826 2362 1895 2388 floris
1922 2363 2017 2388 mundi-

1168 2405 1204 2429 tia
1223 2405 1276 2429 sine
1295 2404 1365 2434 istis,
1386 2404 1410 2428 id
1438 2404 1477 2429 est
1496 2405 1627 2436 virginalis
1650 2405 1748 2436 puritas
1768 2406 1820 2430 sine
1839 2406 1955 2437 operibus
1979 2414 2016 2432 ca-

1168 2447 1261 2472 ritatis.

1230 2640 1240 2654 8
1258 2641 1388 2669 Respicitur
1404 2641 1455 2663 lsai.
1473 2641 1514 2667 56,
1533 2641 1559 2667 5,
1576 2640 1605 2663 de
1622 2647 1669 2669 quo
1686 2647 1755 2669 supra
1773 2648 1795 2663 n.
1815 2642 1822 2663 i
1835 2642 1867 2664 13.

1231 2671 1240 2685 ⁹
1257 2673 1333 2695 Matth.
1352 2673 1395 2701 22,
1413 2672 1450 2694 40.
1462 2685 1493 2688 —
1505 2672 1617 2725 Superilus
1628 2678 1671 2700 pro
1683 2672 1799 2695 melmae
1812 2672 1920 2696 ordinem
1932 2672 1971 2702 (iza
1985 2674 2013 2702 A)

1169 2705 1223 2727 Bon*
1232 2702 1536 2758 lgulrssnldontitlietmiclnlelscln..
1547 2709 1739 2763 QQZ‘ZZZMZ-ae,
1754 2736 1772 2757 A
1787 2735 1842 2763 legit
1854 2735 1886 2758 De
1897 2734 2011 2764 flosculis,

1168 2766 1210 2796 qui
1224 2768 1281 2790 sunt
1298 2766 1322 2789 in
1338 2766 1414 2789 medio
1432 2766 1500 2795 floris
1516 2765 1577 2794 albi,
1594 2767 1617 2789 ec
1632 2765 1659 2789 de
1676 2765 1797 2789 dilectione
1810 2766 1928 2796 prooeimz'.

1231 2797 1249 2810 ²¹
1267 2797 1314 2820 Cfr.
1333 2798 1433 2825 Bonav.,
1451 2797 1487 2820 lV.
1506 2797 1567 2820 Seni.
1585 2797 1608 2819 d.
1630 2798 1662 2820 15.
1681 2804 1703 2825 p.
1721 2798 1746 2820 11.
1761 2797 1818 2820 dub.
1830 2799 1856 2825 2,
1871 2797 1910 2820 ubi
1927 2799 2014 2827 sepiem

1167 2830 1306 2857 asseruntur,
1324 2829 1354 2852 de
1371 2829 1457 2858 quibus
1475 2831 1563 2851 tantum
1581 2835 1624 2851 sex
1641 2829 1678 2851 liic
1694 2829 1835 2856 afferuntur,
1848 2835 1908 2858 quae
1919 2829 2014 2851 inferius

1167 2866 1193 2883 ex
1210 2861 1287 2883 Manli.
1305 2860 1348 2887 25,
1365 2860 1403 2882 35.
1421 2866 1487 2889 seqq.
1503 2859 1648 2883 exhibentur.

1231 2890 1250 2904 ²²
1268 2891 1328 2914 Libr.
1346 2892 1370 2914 ΙΙ.
1387 2892 1470 2914 Ηο11111.
1487 2891 1509 2913 111
1527 2892 1615 2919 Evaug.
1632 2891 1711 2913 homil.
1728 2891 1766 2913 30.
1785 2898 1809 2914 n.
1834 2892 1850 2919 Ι;
1868 2891 1924 2914 ibid.
1942 2898 1964 2914 n.
1983 2892 2012 2913 2:

1167 2923 1290 2951 Nunquam
1308 2925 1344 2945 est
1359 2923 1400 2945 Dei
1418 2928 1484 2945 amor
1501 2923 1594 2945 otiosus.
1613 2935 1643 2938 —
1661 2923 1794 2951 Sequuntur
1812 2924 1825 2945 1.
1844 2923 1904 2945 loen.
1925 2923 1952 2950 3,
1979 2922 2013 2945 17.

1168 2957 1190 2976 et
1208 2954 1233 2981 4,
1252 2954 1297 2976 20:
1315 2954 1358 2982 Qui
1376 2954 1549 2976 enim-fratrem
1567 2959 1637 2976 suum
1655 2956 1698 2976 etc.

1231 2984 1250 2997 ¹⁵
1268 2985 1344 3007 Mauri.
1362 2985 1405 3012 ⁴25,
1424 2984 1503 3007 31-45.

1231 3015 1250 3028 ¹⁴
1268 3017 1298 3038 Ita
1316 3018 1350 3044 Α;
1369 3017 1424 3038 Bon.
1441 3022 1495 3038 011111
1512 3016 1548 3038 ed.
1566 3017 1571 3037 1
1593 3015 1749 3045 flosculorum
1768 3015 1812 3039 lilii
1827 3015 1974 3045 designatur.

2039 304 2055 324 N
2056 307 2103 326 otaut'
2108 315 2118 330 ι,

2036 1160 2131 1185 Requirtmr

2039 1189 2096 1211 opera
2105 1191 2132 1206 re-

2039 1208 2111 1227 ricardi:

2035 2237 2049 2256 N
2053 2236 2116 2256 otandu
