2133 3317
115 372 185 394 Tertio,
192 371 215 389 de
220 375 251 397 oe-

123 395 198 414 casinae
213 399 251 417 spi·

137 418 234 444 ritualium

138 443 233 464 cognatio-

158 470 209 484 num.

168 1593 246 1612 Divisio.

118 1829 146 1848 De
155 1829 250 1856 desiderio

138 1855 230 1876 martyr-11.

261 238 318 267 436

341 315 472 352 Sequitur
493 322 544 350 pro
566 313 647 341 tertia
669 315 762 349 parte:
785 311 843 340 Nec
855 311 932 348 sia-nt
949 315 1112 348 compatres

262 363 397 391 virorum
428 361 471 389 vel
498 360 673 393 mulierum,
702 368 737 387 ne
768 357 824 387 liae
855 358 1005 387 occasione
1036 357 1112 386 inter

263 410 386 438 Fratres
406 408 450 437 vel
469 408 503 436 de
525 406 685 435 Fratribus
705 405 883 434 scandalum
904 405 1031 433 oriatur.
1058 405 1112 433 Hoc

262 457 335 486 idem
354 455 498 484 inhibetur
520 453 677 487 monachis,
693 453 782 481 Causa
795 452 901 481 decima
916 455 1011 486 sexta,
1027 459 1111 489 quae-

263 503 351 532 stione
372 502 477 539 prima,
500 509 604 530 canone
626 500 776 528 Placuit¹.
799 500 830 528 Et
846 499 912 536 quia
926 499 959 528 de
974 498 1112 527 similibus

261 552 303 578 est
324 548 394 577 ratio
416 547 528 581 similis,
550 547 633 581 scito,
656 547 701 575 bic
722 545 865 583 prohiberi
887 553 968 574 omne
982 545 1111 573 Fratrum

261 595 295 624 ad
317 595 448 623 mulieres
468 593 682 627 commercium,
704 593 738 622 de
763 601 819 629 quo
847 595 940 629 posset
968 591 1112 620 Fratribus

261 641 421 671 scandalum
442 641 579 678 generari.

539 733 746 767 (CAPITULUM
764 733 836 765 XII.)

320 822 358 846 Dn
377 828 501 846 nummus
520 828 596 846 INTER
615 821 758 845 SARAcnnos
776 827 807 844 nr
828 826 898 844 Ainos
917 826 1055 844 rnrmnnns.

335 916 486 947 Quicumque
506 915 625 940 Fratrum
644 915 729 940 divina
748 914 913 946 inspiratione
935 913 1061 939 voluerint
1078 914 1113 938 ire

263 960 329 985 inter
348 960 484 985 Saracenos
503 959 528 983 et
546 959 609 984 alios
627 958 752 988 infideles,
773 957 862 989 petant
880 957 936 982 inde
955 956 1081 981 licentiam
1099 964 1114 981 a

262 1003 387 1028 Ministris
406 1003 614 1034 provincialibus3
634 1002 745 1026 Ministri
770 1009 828 1026 vero
847 1001 924 1025 nullis
947 1000 1021 1025 eundi
1038 1001 1115 1025 licen-

262 1047 324 1072 tiam
343 1046 471 1075 tribuant,
491 1047 539 1071 nisi
558 1046 592 1070 eis
612 1053 674 1077 quos
693 1045 802 1070 viderint
820 1052 873 1069 esse
891 1044 992 1069 idoneos
1009 1043 1041 1068 ad
1059 1043 1114 1068 mit-

263 1090 374 1116 tendum.
393 1090 434 1115 Ad
451 1090 512 1114 haec
540 1097 584 1120 per
604 1089 769 1114 obedientiam
792 1088 896 1119 iniungo
921 1087 1059 1117 Ministris,
1085 1086 1115 1111 ut

263 1134 352 1166 petant
371 1141 386 1158 a
404 1125 502 1158 domino
522 1133 593 1164 Papa
610 1140 687 1157 unum
708 1132 737 1156 de
766 1132 867 1156 sauctae
889 1131 1014 1156 Romanae
1034 1130 1114 1155 Eccle-

264 1178 314 1202 siae
333 1176 516 1205 cardinalibus,
530 1177 572 1207 qui
586 1176 619 1200 sit
632 1174 800 1207 gubernator,
814 1174 940 1206 protector
954 1174 979 1198 et
991 1173 1115 1199 corrector

263 1220 337 1245 istius
356 1219 539 1249 fraternitatis,
559 1218 588 1243 ut
608 1225 705 1249 semper
724 1218 817 1242 subditi
837 1218 861 1242 et
881 1217 985 1242 subiecti
1011 1217 1114 1248 pedibus

263 1263 372 1288 eiusdem
392 1262 494 1287 sanctae
512 1261 649 1290 Ecclesiae,
669 1261 773 1285 stabiles
792 1261 817 1285 in
836 1260 884 1285 fide
897 1260 1033 1289 catholica,
1054 1267 1115 1290 pau-

263 1306 387 1338 pertatem
406 1306 431 1330 et
449 1304 619 1329 humilitatem
644 1304 669 1329 et
697 1304 812 1328 sanctum
831 1303 996 1335 Evangelium
1016 1303 1115 1327 Domini

263 1350 344 1375 nostri
364 1349 422 1374 Iesu
436 1348 541 1377 Christi,
563 1347 628 1379 quod
640 1347 746 1372 firmiter
760 1347 931 1378 promisimus,
946 1346 1114 1371 observemus.

599 1444 780 1473 EXl’OSlTlO.

345 1542 369 1569 l.
394 1541 574 1578 Quicumque
597 1540 750 1567 Fratrum.
774 1538 819 1566 Hic
842 1537 945 1566 terti0²
977 1537 1056 1566 docet
1087 1537 1113 1564 in

263 1588 397 1624 martyrio
419 1594 627 1619 consumniare;
657 1590 684 1614 et
712 1585 777 1622 quia
808 1585 973 1620 martyrium
1006 1584 1115 1612 nullum

263 1638 319 1668 est,
343 1634 393 1662 nisi
416 1634 470 1665 liat,
486 1634 510 1661 in
533 1633 718 1661 ecclesiastica
740 1632 860 1664 unitate,
884 1631 974 1667 primo
1000 1630 1055 1667 agit
1082 1630 1115 1658 de

263 1682 369 1718 primm
392 1681 525 1714 secuiulo,
541 1680 574 1708 de
590 1679 726 1713 seeundo,
750 1679 801 1707 ibi:
822 1678 869 1706 Ad
890 1677 961 1706 hacc
980 1686 1033 1714 per
1054 1676 1116 1705 obe-

265 1728 415 1757 dientiam.

343 1776 369 1804 2.
393 1775 419 1803 ln
442 1774 532 1811 prima
554 1777 632 1811 parte
654 1773 740 1810 tangit
761 1773 889 1801 Fratrum
912 1772 965 1800 hoc
980 1771 1116 1800 desiderio

265 1823 443 1860 flagrantium
465 1822 641 1850 devotionem
673 1824 700 1849 et
731 1820 922 1848 lllinistrorum
953 1819 1116 1848 examinan-

265 1870 333 1898 tium
356 1869 573 1902 discretionem,
589 1868 698 1896 dicens:
717 1867 897 1904 Quicumque
914 1867 1058 1894 Fratrum
1073 1865 1117 1893 di-

263 1917 335 1945 vina
355 1916 567 1953 inspiratione,
589 1923 643 1943 non
666 1914 792 1947 levitate,
816 1921 870 1941 non
896 1912 1116 1949 impetuositate,

264 1972 318 1992 non
341 1963 443 1992 astutia
464 1961 708 1999 subterfugiendae
723 1961 898 1997 disciplinae,
913 1959 1058 1988 voluerint
1074 1959 1117 1987 ire

264 2011 340 2039 inter
362 2010 527 2039 Saracenos
556 2013 581 2038 et
610 2009 684 2037 alios
712 2007 857 2044 infideles,
879 2010 911 2035 ut
932 2014 1053 2043 paganos
1074 2006 1117 2034 vel

265 2058 434 2091 haereticos,
456 2057 500 2085 vel
521 2056 725 2088 scliismaticos;
746 2058 847 2092 petant
874 2054 941 2082 inde
970 2053 1117 2082 licentiam

266 2114 285 2133 a
305 2105 369 2132 suis
391 2104 535 2132 Ministris
555 2102 805 2140 prouincialibus,
828 2102 970 2138 signanter
991 2100 1056 2128 dicit
1069 2108 1117 2136 pe-

266 2155 330 2179 tant
351 2150 534 2183 licentiam&
557 2150 622 2186 quia
644 2149 729 2177 liuius
751 2149 789 2177 rei
812 2148 967 2176 obedientia
993 2155 1047 2175 non
1076 2149 1117 2175 est

265 2197 459 2226 involuntariis
482 2196 654 2232 imponenda.
678 2195 753 2223 Unde
775 2194 883 2223 subdit:
906 2193 1036 2222 illinistri
1050 2201 1117 2221 vero

266 2244 357 2272 nullis
379 2243 468 2271 eundi
489 2243 635 2271 licentiam
657 2242 804 2275 tribuant,
825 2241 886 2269 nisi
899 2241 939 2269 eis
954 2248 1026 2278 quos
1041 2239 1117 2267 vide-

267 2291 328 2319 rint
348 2299 406 2318 esse
428 2290 545 2318 idoneos
566 2290 606 2317 ad
628 2289 808 2317 nziltcndum.
830 2288 929 2316 Idonei
942 2290 1035 2315 autem
1052 2289 1117 2315 sunt

267 2337 373 2366 robusti
397 2345 514 2373 corpore
535 2340 561 2365 et
583 2339 739 2364 constantes
761 2336 787 2363 in
804 2335 873 2368 fide,
889 2334 996 2371 probati
1015 2334 1117 2362 virtute

267 2388 294 2413 et
315 2392 424 2421 semper
446 2383 728 2420 irreprehensibiliter
750 2382 913 2411 conversati.

488 235 685 265 OPUSCULUM
708 234 773 262 XVI.
795 232 970 262 EXPOSITIO
992 233 1094 262 SUPER
1116 232 1271 262 REGULAM
1293 233 1447 262 FRATRUM
1468 232 1630 262 MlNORUM.
1653 232 1722 261 CAP.
1741 233 1793 261 ΧΠ.

1248 311 1274 340 3.
1297 311 1428 348 Sequitur
1456 319 1507 348 pro
1538 311 1659 340 secunda
1690 314 1783 348 parte:
1807 311 1853 339 Ad
1874 310 1944 340 liaeo
1962 320 2016 348 per

1169 358 1358 387 obedientiam
1380 358 1503 395 iniungo
1524 358 1684 392 Minislris,
1707 361 1739 386 ul
1750 361 1850 395 petant
1866 366 1885 386 α
1899 358 2015 387 domino

1171 406 1258 442 Papa
1279 414 1372 433 unum
1393 405 1427 433 de
1447 409 1566 433 sanctae
1598 406 1748 434 Romanae
1780 404 1923 433 Ecclesiae
1950 413 2016 433 car-

1169 451 1334 486 dinalibus,
1356 452 1408 490 qui
1428 452 1466 479 sit
1491 451 1687 488 gubernator,
1719 452 1746 480 in
1778 452 1857 480 bonis
1889 451 2016 488 agendis,

1167 502 1322 535 protector,
1344 498 1378 527 ab
1399 498 1625 535 oppressionibus
1646 498 1757 532 alienis,
1779 502 1805 527 et
1818 501 1974 532 corrector,
1990 498 2017 526 in

1169 546 1292 580 delictis,
1315 546 1401 574 istius
1421 544 1640 582 fraternitatis,
1663 549 1696 573 ut
1721 554 1833 582 semper
1857 545 1968 574 subditi
1994 549 2018 574 et

1169 592 1292 621 subiecti
1308 592 1433 629 pedibus
1454 592 1582 620 eiusdem
1604 595 1746 620 sanctae¹l
1772 592 1931 625 Ecclesiae,
1959 595 2018 620 sta-

1170 639 1239 668 biles
1261 640 1291 667 in
1311 639 1368 676 fide
1389 638 1549 672 catholica,
1571 638 1630 667 sine
1645 647 1700 675 qua
1714 639 1782 667 illud
1797 639 1962 675 martyrium
1977 639 2018 668 ni-

1170 686 1209 714 hil
1231 687 1351 720 valeret,
1371 689 1595 722 paupertatem,
1617 688 1713 714 contra
1734 686 1895 720 avaritiam,
1920 690 1946 714 et
1967 684 2019 714 Iiu—

1170 733 1339 766 militalem‚
1362 735 1458 761 contra
1479 732 1654 769 superbiam,
1676 736 1699 761 et
1724 736 1860 761 sanctum.
1890 733 2019 770 Euanye-

1171 780 1244 808 lium
1267 779 1386 807 Domini
1406 779 1501 807 nostri
1521 780 1587 807 Iesu
1610 778 1735 813 Christi,
1757 783 1892 816 quantum
1915 779 1948 808 ad
1963 780 2019 808 vir-

1172 829 1264 855 tutum
1286 826 1482 863 perfectionem
1504 826 1706 860 omnimodam,
1722 826 1799 864 quod
1813 826 1938 863 firmiter
1951 835 2020 863 pro-

1170 874 1325 907 misimus,
1347 873 1373 902 id
1395 876 1451 907 est,
1474 876 1613 910 quatenus
1633 873 1724 910 ipsum
1753 874 1948 910 promisimus,
1973 873 2019 902 ob-

1170 929 1319 949 servemus
1327 931 1336 954 ;
1357 920 1391 949 ad
1414 920 1549 949 Hebraeos
1570 920 1728 949 secundo⁵z
1752 921 1912 957 Propterea
1927 920 2020 949 abun-

1171 968 1293 996 dantius
1315 971 1423 1005 oportet
1444 967 1598 996 observare
1619 976 1672 996 nos
1692 976 1727 996 ea
1741 976 1816 1006 quae
1834 968 2019 1003 audivimus,

1171 1023 1206 1042 ne
1227 1013 1303 1052 sorte
1321 1014 1542 1052 pereffluamus.

1488 1116 1700 1137 CONCLUSIO.

1254 1204 1277 1230 l.
1299 1202 1472 1239 Quaeritur6
1494 1203 1528 1231 de
1549 1203 1704 1239 praeceptis
1725 1203 1860 1240 ReguIae,
1882 1211 1954 1240 quae
1969 1203 2020 1231 sci—

1173 1250 1235 1278 licet
1256 1250 1451 1278 universaliter
1473 1250 1649 1287 intelligenda
1670 1253 1735 1279 sunt
1760 1250 1950 1287 praeceptorie
1971 1250 2021 1278 im-

1172 1297 1252 1333 poni,
1275 1300 1301 1325 et
1316 1297 1342 1324 in
1359 1296 1461 1333 quibus
1477 1297 1581 1333 possint
1596 1297 1709 1333 praelati
1726 1297 1837 1325 Ordinis
1851 1297 2020 1334 dispensare.

1251 1344 1287 1372 Ad
1311 1344 1361 1372 hoc
1385 1344 1553 1380 respondeo,
1575 1343 1649 1380 quod
1671 1344 1774 1380 Regula
1795 1343 1846 1372 ista
1868 1344 2022 1381 praeceptis

1172 1394 1214 1420 est
1236 1392 1330 1428 plena,
1353 1394 1395 1424 et,
1417 1394 1449 1419 ut
1471 1393 1553 1427 puto,
1576 1399 1645 1427 pene
1660 1391 1751 1419 omnia
1767 1391 1793 1419 in
1809 1399 1841 1419 ea
1855 1391 1943 1428 posita
1957 1395 2022 1420 sunt

1170 1442 1343 1475 praecepta,
1366 1438 1412 1466 ubi
1429 1438 1532 1475 aliquid
1548 1446 1681 1474 expresse
1695 1438 1835 1472 additum,
1851 1441 1882 1466 ut
1897 1439 2023 1467 monitio-

1173 1486 1215 1514 nis
1236 1486 1280 1513 vel
1301 1485 1504 1514 exhortationis
1525 1485 1690 1513 vocabulum
1714 1485 1757 1513 vel
1779 1485 1932 1519 consimile,
1948 1485 2022 1514 aliud

1172 1541 1226 1561 non
1248 1533 1377 1561 declarat.
1400 1533 1613 1569 Praeceptorum
1635 1536 1727 1561 autem
1750 1533 1867 1561 istorum
1890 1533 1943 1561 tria
1957 1536 2022 1561 sunt

1172 1588 1289 1617 genera:
1312 1580 1339 1608 in
1361 1579 1527 1616 quibusdam
1549 1579 1621 1607 enim
1644 1579 1756 1615 ponitur
1777 1587 1910 1616 expresse
1935 1587 2022 1616 prae-

1173 1627 1300 1664 cipiendi
1320 1626 1458 1660 verbum,
1480 1629 1512 1654 ut
1534 1634 1599 1662 prae
1621 1626 1720 1655 ceteris
1735 1626 1980 1660 commendentur;
1996 1629 2023 1655 et

1173 1675 1219 1703 illa
1240 1675 1278 1703 sic
1300 1677 1446 1702 transeunt
1466 1673 1494 1701 in
1517 1677 1628 1707 votum,
1650 1676 1681 1701 nt
1700 1673 1727 1701 in
1744 1673 1820 1701 nullo
1835 1681 1931 1701 eornm
1948 1673 2023 1702 Ordo

1173 1722 1262 1750 valeat
1282 1721 1450 1757 dispensare.

1253 1770 1279 1797 Ξ).
1303 1768 1381 1796 Aliud
1403 1771 1443 1796 est
1464 1775 1552 1804 genus
1572 1770 1801 1804 praeceptorum,
1824 1767 1926 1804 quibus
1947 1767 2022 1795 addi·

1175 1820 1221 1845 tur
1243 1815 1363 1844 verbum
1386 1815 1519 1844 tentionis
1541 1815 1583 1843 vel
1604 1814 1687 1843 debiti
1710 1814 1753 1842 vel
1778 1814 1889 1851 aliquod
1918 1814 2021 1848 simile,

1174 1872 1210 1892 ex
1233 1871 1288 1900 quo
1310 1862 1439 1899 obligatio
1460 1862 1627 1890 declaratur.
1650 1861 1821 1890 Vocabulum
1848 1864 1942 1889 autem
1965 1865 2023 1889 ten-

1176 1910 1278 1944 tioniS,
1300 1910 1361 1938 licet
1383 1909 1577 1945 obligationem
1599 1908 1744 1944 importet,
1775 1915 1828 1935 non
1860 1910 1953 1935 tamen
1985 1906 2023 1935 sic

1174 1957 1299 1986 districte
1327 1956 1398 1985 sicut
1419 1956 1586 1984 vocabulum
1606 1954 1756 1992 praecepti
1775 1954 1809 1983 ad
1830 1954 1898 1982 illud
1923 1954 2023 1983 facien-

1174 2004 1241 2033 dum
1263 2004 1344 2041 ligat,
1366 2003 1409 2031 cui
1433 2002 1561 2031 tentionis
1589 2002 1755 2031 vocabulum
1783 2004 1825 2030 est
1852 2000 2021 2029 adiunctum.

1175 2052 1253 2088 Quod
1278 2054 1367 2088 patet,
1389 2050 1469 2087 quia,
1492 2058 1555 2078 cum
1578 2050 1661 2077 homo
1682 2048 1786 2077 bomini
1808 2048 1896 2077 teneri
1922 2048 2023 2076 dicitur

1175 2099 1201 2127 in
1224 2099 1318 2135 aliqua
1340 2098 1473 2134 pecuniae
1495 2097 1663 2134 quantitate3
1679 2100 1787 2125 certum
1803 2099 1859 2130 est,
1875 2095 1948 2133 quod
1965 2098 2023 2124 ten-

1175 2145 1212 2173 tio
1234 2145 1427 2181 obligationem
1450 2144 1580 2180 importat
1602 2143 1645 2171 vel
1665 2143 1699 2171 ad
1721 2143 1899 2177 solvendum,
1925 2143 1968 2171 vel
1989 2142 2022 2171 ad

1175 2191 1398 2220 satisfaciendum
1420 2191 1472 2218 alio
1495 2190 1590 2223 modo,
1619 2190 1669 2218 nisi
1691 2189 1814 2218 debitum
1844 2189 1910 2217 velit
1938 2189 2023 2217 credi-

1174 2242 1217 2266 tor
1239 2238 1380 2266 remittere
1402 2237 1527 2265 debitori.
1544 2253 1581 2256 —
1596 2236 1671 2265 Unde
1693 2236 1755 2265 licet
1777 2236 1862 2264 tentio
1880 2236 2022 2272 obligatio-

1174 2293 1236 2314 nem
1260 2288 1353 2319 sonet,
1376 2287 1465 2321 potest
1486 2288 1578 2312 tamen
1599 2283 1673 2312 Ordo
1694 2284 1721 2311 in
1750 2283 1911 2320 particulari
1940 2286 1967 2311 et
1995 2283 2021 2311 in

1174 2340 1240 2361 casu
1262 2340 1325 2360 cum
1348 2332 1440 2368 aliquo
1465 2331 1625 2368 dispensare
1653 2331 1680 2359 in
1712 2331 1751 2359 sic
1779 2330 1871 2364 dietis,
1899 2330 2023 2367 exceptis

1174 2379 1244 2413 illis,
1271 2379 1297 2406 in
1326 2378 1428 2415 quibus
1450 2381 1537 2415 patet,
1559 2377 1737 2406 intentmnem
1765 2377 1883 2414 Regulae
1911 2377 2022 2405 omniuo

268 2535 342 2562 Super
359 2535 394 2557 liis
412 2535 480 2562 igitur
498 2537 517 2556 et
537 2540 598 2562 quae
615 2534 698 2555 omissa
718 2537 803 2555 restant
825 2536 901 2555 vestra
925 2532 1032 2555 discretio
1055 2531 1115 2561 [scil.

268 2574 363 2596 Ministri
381 2574 494 2601 generalis
511 2576 534 2596 et
550 2573 696 2595 definitorum
716 2571 871 2601 generalium]
890 2572 1023 2600 provideat,
1047 2571 1118 2600 quali-

268 2616 302 2635 tcr
319 2614 348 2636 ad
367 2613 557 2635 conscientiarum
576 2613 722 2635 securitatem
742 2615 762 2634 et
781 2612 872 2634 Ordinis
890 2612 1008 2633 utilitatem
1027 2617 1069 2639 per
1081 2611 1118 2633 Se-

268 2653 321 2675 dem
340 2652 488 2680 apostolicam
507 2653 664 2679 disponatur»
686 2651 732 2679 (Sic
751 2651 799 2673 sinit
817 2651 865 2678 ipsa
882 2650 1013 2679 expositio).

331 2692 338 2704 ¹
358 2692 411 2715 Can.
431 2692 455 2713 8:
475 2692 557 2713 Placuit
576 2691 693 2713 communi
712 2693 789 2712 nostro
807 2690 915 2716 concilio,
934 2693 957 2712 ut
975 2690 1050 2711 nullus
1072 2695 1118 2711 mo-

269 2732 394 2753 nachorum
414 2737 455 2758 pro
474 2732 536 2753 lucro
554 2734 644 2753 terreno
662 2731 691 2752 de
710 2730 848 2751 monasterio
866 2730 927 2751 exire
950 2729 1118 2751 nefandissimo

269 2775 325 2791 ausu
345 2773 500 2797 praesumat...
519 2776 593 2798 neque
612 2769 682 2791 tilium
701 2769 730 2791 de
748 2768 864 2796 baptismo
881 2769 987 2796 accipere
1004 2773 1047 2790 etc.
1067 2768 1118 2789 Vnt.

269 2808 428 2836 allegationem
453 2808 520 2830 liuius
543 2809 637 2830 canonis
658 2808 749 2830 omittit.
766 2820 797 2823 —
815 2807 936 2834 Boethius,
954 2808 986 2829 lll.
1004 2807 1033 2829 de
1050 2807 1118 2828 Diffe-

268 2848 347 2869 renuis
364 2848 457 2875 topicis:
475 2848 507 2869 De
524 2847 637 2869 similibus
655 2847 715 2869 idem
734 2850 767 2869 cst
785 2847 904 2868 iudicium.
922 2859 951 2862 —
970 2846 1064 2868 lnterius
1076 2852 1117 2873 pro

269 2885 297 2908 cle
314 2886 431 2909 similibus
450 2888 465 2908 Α
476 2886 491 2908 C
502 2887 519 2908 G
537 2889 559 2908 ct
576 2886 612 2908 ed.
635 2887 639 2907 l
663 2886 689 2908 ‹lc
707 2884 846 2913 Fratribus,
860 2889 881 2907 et
894 2891 936 2913 pro
949 2884 1117 2908 commereumi

270 2925 286 2946 B
299 2925 316 2946 G
334 2925 479 2947 consorlsuiu
500 2925 534 2947 ccl
551 2924 729 2948 commercium.

334 2962 342 2975 ²
359 2963 403 2985 Cir.
422 2970 490 2991 supra
508 2971 527 2986 c.
550 2965 583 2985 lO.
595 2971 616 2986 n.
634 2965 649 2985 l.
663 2976 693 2980 —-
706 2964 815 2991 August„
828 2964 897 2991 Epist.
913 2963 962 2985 173.
977 2963 1042 2991 (alias
1054 2962 1116 2991 204.)

271 3009 292 3024 n.
312 3003 338 3029 G,
356 3003 471 3030 expliruus
489 3003 541 3024 illud
561 3004 575 3025 1.
593 3002 645 3025 Cor.
664 3003 701 3030 13,
715 3003 740 3024 3;
754 3003 781 3025 Si
792 3002 914 3025 tradidero
927 3008 1014 3031 corpus
1026 3008 1116 3026 mcumv

272 3041 303 3064 z'ta
324 3043 349 3064 ut
365 3041 477 3069 ardeam,
490 3041 612 3064 tem-uutmu
626 3044 705 3064 aulem
720 3048 765 3064 uon
779 3041 896 3069 habuero,
911 3041 969 3063 nillil
980 3039 1118 3070 milu‘procl-

1174 2532 1220 2559 est,
1240 2531 1307 2552 dicit:
1325 2530 1389 2552 Foris
1406 2532 1482 2551 autem
1501 2528 1530 2550 ab
1548 2527 1645 2550 Ecclesia
1668 2527 1804 2550 constitutus
1827 2529 1849 2548 et
1871 2528 1992 2554 separatus
2008 2532 2020 2548 a

1175 2576 1289 2597 compage
1307 2569 1398 2591 unitatis
1416 2571 1437 2590 et
1455 2568 1547 2589 vinculo
1565 2566 1675 2593 caritatis,
1687 2569 1779 2588 aeterno
1792 2565 1905 2593 supplicio
1917 2565 2022 2593 puniere-

1174 2610 1217 2637 ris,
1235 2609 1326 2631 etiamsi
1344 2614 1386 2636 pro
1404 2608 1485 2630 Christi
1504 2607 1596 2629 nomine
1613 2607 1682 2628 vivus
1700 2606 1861 2628 incendereris.
1880 2605 1926 2628 Csr.
1944 2605 1980 2627 lV.
1992 2605 2021 2628 de

1175 2649 1293 2676 Baptisnio
1311 2651 1388 2670 contra
1407 2647 1548 2672 nemausis-s,
1567 2652 1585 2667 c.
1605 2646 1641 2668 Π.
1660 2652 1681 2667 n.
1700 2645 1737 2667 24.
1755 2648 1777 2667 et
1795 2645 1875 2667 Sermo
1892 2645 1922 2667 ad
1943 2644 2022 2667 Caesa-

1174 2688 1261 2710 recnsis
1279 2687 1392 2709 Ecclesiae
1410 2686 1514 2714 plebem,
1529 2692 1550 2707 n.
1565 2685 1586 2707 (3.
1599 2697 1629 2701 —
1644 2685 1737 2707 lnserius
1749 2690 1790 2712 pro
1802 2683 1898 2706 nullum
1911 2684 1949 2713 (ita
1963 2685 1980 2706 A
1993 2682 2020 2712 G>

1175 2728 1227 2749 Vat.
1244 2726 1311 2749 nilul.

1237 2764 1246 2777 ³
1264 2766 1315 2787 Vnt.
1332 2765 1414 2787 omittit.
1431 2764 1555 2793 siynouler
1571 2763 1626 2786 dicit
1640 2764 1722 2792 petunt
1739 2762 1865 2785 licentiam.

1237 2804 1245 2816 *¹
1265 2805 1305 2827 Ed.
1325 2805 1332 2826 l
1356 2810 1408 2826 cum
1427 2804 1443 2825 G
1462 2804 1524 2825 addit
1543 2806 1621 2825 contra
1639 2806 1723 2825 textum
1741 2801 1875 2829 originalem
1889 2801 2020 2828 Romanae,

1173 2843 1236 2872 quod
1255 2843 1322 2865 etium
1342 2842 1411 2865 babet
1428 2843 1458 2869 A,
1476 2842 1562 2864 omisso
1580 2844 1656 2863 tamen
1669 2842 1773 2863 sanctae.
1789 2840 1884 2862 lnserius
1901 2846 1943 2867 pro
1961 2838 2021 2861 illud

1173 2883 1321 2911 martyrium
1339 2882 1375 2904 cd.
1395 2883 1402 2903 Ἰ1
1425 2880 1523 2910 aliquod
1539 2879 1694 2910 martyrium.

1237 2921 1245 2933 Β
1265 2922 1328 2943 Vcrs.
1350 2922 1368 2942 1.
1386 2933 1416 2937 -
1434 2921 1475 2942 l‘ro
1494 2920 1569 2949 ipsum
1586 2918 1742 2949 promisimus
1760 2918 1796 2941 ed.
1819 2919 1823 2939 1
1845 2917 1922 2947 ipsum
1931 2916 2020 2946 promi-

1173 2961 1243 2984 serim
1249 2967 1283 2983 us.

1237 2999 1247 3011 ⁶
1263 2999 1319 3022 Cod.
1339 3000 1356 3021 D
1378 2999 1507 3026 szerum·
1526 3004 1588 3021 nuuc
1601 2998 1776 3027 cousequenter,
1789 2997 1828 3025 qui
1841 2997 1909 3018 etiam
1921 2995 2020 3018 subinde

1174 3042 1225 3067 post
1243 3039 1335 3068 imponi
1350 3039 1414 3061 addit
1431 3040 1457 3061 ut
1471 3039 1605 3067 praecepta.

2033 319 2058 346 ⁰5³
2072 322 2105 340 ecel
2111 329 2122 344 ³-

2028 345 2073 362 stiea
2078 346 2106 363 uni
2111 353 2121 368 ³.

2037 1207 2115 1231 Quaesti(

2045 1348 2112 1372 nespon
2119 1346 2122 1365 l

2036 1535 2078 1554 Tria
2090 1540 2115 1558 gei
2125 1541 2129 1555 ι

2044 1563 2116 1583 praecep

2047 1587 2093 1601 rum.
2107 1583 2115 1601 l»

2066 1611 2113 1624 mum

2042 1769 2113 1789 Secund
2124 1770 2125 1781 ³

2040 2239 2066 2258 De
2078 2238 2121 2257 facul
2131 2242 2133 2257 t

2038 2263 2121 2286 dispensa
2131 2273 2133 2280 ⁴
