2133 3317
272 213 350 242 CXIV

335 292 357 315 7.
370 292 493 316 Eoeercitia
506 292 624 323 quaedam
635 291 773 322 spiritualia
785 288 916 320 (Vat.'tom.
928 292 974 314 VII.
993 298 1045 320 pag.
1060 293 1067 313 I
1075 292 1122 321 05).

335 340 427 368 Opella,
444 346 490 362 non
507 340 606 367 implens
619 345 688 361 unam
700 339 737 361 ed.
750 338 875 361 Vaticanae
892 339 1014 367 paginam,
1032 338 1123 366 incipit:

277 394 288 407 a
300 387 328 409 Ut
346 387 367 409 in
380 386 505 409 virtutibus
516 386 662 409 conserveris
674 395 695 414 ιι,
713 385 805 408 exhibet
821 386 846 407 13
859 385 967 408 exercitia
984 384 1123 408 brevissima

273 437 296 456 et
313 434 336 456 in
354 434 399 456 tine
416 433 535 462 quandam
548 433 757 455 consideratIOnem
770 435 872 455 sumtam
883 438 911 454 ex
925 432 1053 455 Bernardo.
1063 433 1124 455 Haec

274 481 397 509 Exercitia,
415 487 458 509 pro
475 480 539 509 praxi
551 480 670 507 salutaria,
683 486 695 502 a
708 480 816 502 Sbaralea
829 480 862 502 510
873 482 1036 502 recensentur:
1057 487 1067 500 a
1076 479 1126 502 Mo-

274 528 353 550 dicum
370 527 465 556 quidem
483 530 505 550 et
526 527 605 555 phrasi
627 527 731 555 neglecta
754 527 902 556 simplicique
924 529 1045 549 tractatum
1067 533 1125 555 opu-

274 575 365 596 sculum
383 580 466 602 parum
480 574 641 596 Bonaventura
654 573 752 601 dignum
769 573 862 596 videtur
873 582 895 595 υ.
913 573 1019 596 Oudinus
1032 573 1125 600 iudicat,

274 621 330 643 illud
355 627 406 643 esse
431 620 555 650 spurium,
581 621 682 643 editores
707 621 788 643 Veneti
814 620 926 649 dubium,
953 621 1016 643 solus
1041 620 1126 643 Bonelli

274 668 406 697 (Prodrom.
428 669 470 691 col.
494 668 548 696 566)
574 667 675 697 diqnum
692 668 791 691 Doctore
807 669 899 690 nostro.
921 668 1024 696 Revera,
1047 667 1125 690 omnia

275 717 311 738 illa
334 716 439 739 exercitia
462 722 475 738 a
499 716 659 738 Bonaventura
683 715 753 738 variis
779 715 834 737 locis
860 714 1066 742 commendantur,
1084 715 1126 737 sed

274 764 343 786 etiam
363 763 386 786 in
404 769 475 791 opere
492 764 527 785 Fr.
546 763 621 785 David
638 762 668 785 ab
686 763 790 790 Augusta
813 765 835 784 et
852 762 875 784 in
892 761 1003 790 operibus
1021 763 1126 785 Thomae

275 817 288 833 a
305 811 410 839 Kempis.
423 811 544 833 Inventum
557 812 592 832 est
609 810 671 833 idem
684 810 706 832 in
719 810 732 832 6
747 809 879 837 codicibus,
896 809 936 838 qui
954 815 1035 832 omnes
1047 809 1126 837 scripti

274 860 329 880 sunt
345 863 405 884 saec.
428 857 489 880 XVI.
506 859 528 879 et
545 863 599 879 cum
616 857 710 879 nomine
733 857 928 885 Bonawnturae,
946 859 1042 884 excepto
1068 862 1126 885 uno,

275 904 447 934 Dusseldoipiz',
460 904 599 928 bibliotheca
609 904 718 931 Civitatis,
731 905 833 933 miscell.,
845 904 951 927 nondum
963 904 1054 932 signato
1066 910 1126 926 saec.

276 952 327 975 XV.
350 952 453 975 exeuntis
475 952 524 975 sine
547 952 640 974 nomine
662 952 776 981 auctoris,
793 952 834 974 sed
856 954 908 980 post
930 952 1042 980 opuscula
1065 952 1128 973 Tho-

277 1007 330 1023 mae
347 1006 359 1022 3
377 1000 481 1028 Kempis.
499 1000 584 1022 Bonelli
602 1000 685 1028 allegat
701 1000 819 1028 quendam
845 999 950 1022 codicem
974 999 1128 1022 bibliothecae

278 1048 408 1071 Monasterii
425 1047 552 1075 Pollingani
571 1047 603 1076 (in
625 1047 744 1076 Bavaria),
763 1047 784 1069 in
807 1054 854 1076 quo
875 1048 940 1070 deest
957 1048 979 1070 in
996 1048 1041 1070 fine
1064 1048 1128 1070 locus

277 1097 369 1119 sumtus
385 1102 412 1118 ex
430 1095 561 1122 Bernardo,
578 1097 648 1123 atque
659 1095 728 1117 etiam
740 1095 871 1117 versionem
890 1094 989 1117 italicam
1007 1095 1031 1116 in
1048 1095 1129 1117 codice

278 1142 432 1165 bibliothecae
449 1142 617 1164 Riccardianae
630 1141 783 1170 (Florentiae),
800 1141 824 1164 in
836 1141 922 1170 quibus
934 1142 1008 1170 opella
1020 1141 1129 1164 tribuitur

277 1190 467 1217 Bonaventurae,
485 1189 549 1218 quod
572 1195 618 1211 non
641 1189 737 1211 concedi
760 1191 836 1217 potest
857 1189 901 1211 nisi
918 1195 946 1211 eo
964 1194 1047 1215 sensu,
1065 1188 1130 1217 quod

277 1239 385 1265 excerpta
403 1237 432 1259 sit
449 1243 476 1259 ex
493 1237 543 1259 eius
561 1235 679 1264 operibus.

341 1285 362 1306 8.
387 1284 420 1307 De
442 1285 530 1313 sepiem
552 1283 668 1313 ,οι-1111111113
690 1282 895 1312 contemplationis
919 1282 981 1311 (Vat.
1003 1284 1057 1304 tom.
1085 1282 1131 1304 VII.

280 1338 304 1360 p.
322 1331 385 1360 404).

342 1379 435 1406 Incipit:
456 1387 467 1398 α
480 1378 717 1406 Contemplativorum
735 1377 850 1406 aquilinos
867 1376 962 1399 obtutus
980 1376 1032 1398 acui
1044 1385 1066 1398 n.
1091 1377 1131 1398 Re-

280 1425 393 1454 probatur
405 1425 514 1453 exiguum
528 1426 571 1447 hoc
582 1425 721 1452 opusculum
735 1427 758 1446 ut
769 1423 881 1453 spurium
891 1423 921 1446 ab
933 1423 1032 1451 Oudino,
1046 1423 1076 1445 ab
1086 1423 1132 1445 edi-

280 1473 370 1496 toribus
388 1473 482 1495 VenetiS
499 1475 521 1495 et
538 1479 550 1495 a
569 1472 676 1495 Sbaralea
690 1473 742 1501 (loc.
754 1472 791 1494 cit.
809 1478 863 1500 pag.
882 1471 950 1501 Ifil),
962 1472 1001 1500 qui
1015 1477 1068 1493 cum
1080 1472 1132 1493 Pos-

281 1521 362 1544 sevino
381 1520 521 1549 (Apparatus
538 1526 584 1542 530.
602 1522 657 1542 10111.
675 1520 697 1542 11.
721 1525 779 1542 voce
805 1518 960 1548 Humbertus)
984 1521 1006 1541 et
1029 1519 1133 1541 Echardo

283 1568 421 1597 (Scriptores
438 1568 494 1590 Ord.
511 1567 593 1589 Praed.
610 1570 665 1589 tom.
684 1568 698 1589 1.
717 1573 771 1594 pag.
794 1566 834 1588 147
853 1567 894 1589 col.
913 1567 936 1595 II,
956 1566 997 1589 sed
1023 1566 1059 1588 hic
1087 1572 1134 1588 non

281 1616 411 1643 assertorie)
430 1615 567 1643 opusculum
586 1615 666 1637 tribuit
678 1613 807 1637 Humberlo
825 1613 852 1637 de
870 1613 993 1641 Romanis,
1013 1614 1072 1641 Mag.
1091 1614 1134 1636 Ge-

281 1663 352 1685 nerali
370 1662 425 1685 Ord.
442 1662 530 1689 Praed.,
548 1662 623 1684 amico
640 1663 664 1684 S.
682 1662 869 1689 Bonaventurae3
887 1661 973 1684 Bonelli
991 1667 1048 1683 vero
1072 1660 1134 1689 (Pro-

283 1710 358 1732 drom.
377 1710 419 1732 col.
438 1709 478 1732 571
501 1709 576 1738 seqq.)
595 1709 693 1737 opellam
712 1708 830 1731 vindicare
847 1709 897 1731 vult
912 1709 1099 1730 Bonaventurae.

346 1757 391 1779 Sed
416 1757 537 1779 sciendum
561 1759 595 1778 est
612 1757 700 1784 primo,
718 1756 887 1779 distinctionem
905 1756 997 1778 illorum
1016 1755 1134 1783 graduum

283 1807 384 1827 sumtam
402 1810 452 1826 esse
464 1810 490 1827 ex
508 1803 680 1827 Commentario
697 1804 718 1826 S.
732 1804 908 1826 Bonaventurae
925 1804 948 1826 in
965 1804 1051 1826 Lucam
1070 1803 1135 1831 (tom.

283 1852 329 1875 VII.
346 1858 399 1880 pag.
418 1852 458 1874 231
481 1858 502 1874 n.
522 1851 584 1880 48),
597 1851 636 1874 ubi
649 1851 744 1879 legitur:
765 1851 886 1879 «Quidam
904 1853 994 1878 autem,
1011 1851 1063 1873 licet
1079 1851 1132 1873 sim-

283 1899 337 1926 plici
355 1905 475 1925 sermone,
494 1898 536 1920 sed
558 1904 604 1920 non
625 1898 732 1926 scientIa,
755 1898 833 1920 Frater
855 1898 980 1926 Aegidius,
1003 1904 1074 1927 quem
1094 1900 1137 1920 sre-

284 1946 435 1975 quentissime
453 1946 504 1974 rapi
521 1945 646 1973 probatum
664 1948 708 1973 est,
726 1945 759 1968 510
783 1946 903 1973 distinguit
920 1946 1020 1973 gradus,
1043 1946 1136 1968 dicens:

285 1993 379 2021 Septem
396 1995 450 2015 sunt
467 1992 555 2020 gradus
573 1992 786 2020 contemplationis:
804 1993 894 2020 primus
911 1996 945 2015 est
962 1992 1040 2022 z'qm's‚·
1057 1999 1137 2015 secun·

285 2040 330 2063 dus
347 2042 382 2062 est
404 2039 485 2063 unctio
491 2048 501 2068 ;
525 2040 605 2062 tertius
627 2043 661 2062 est
683 2039 779 2063 ecstasis
789 2048 798 2069 ‚·
820 2042 929 2069 quartus,
955 2039 1136 2069 contemplatio,-

286 2087 393 2116 quintus,
412 2088 513 2116 mistus,-
530 2089 615 2114 sextus,
632 2086 739 2116 7·equies‚·
757 2087 883 2115 septimus,
896 2086 991 2116 9101111,-
1009 2089 1061 2115 0051
1077 2093 1137 2116 quos

285 2141 332 2157 non
348 2136 419 2157 restat
436 2134 478 2156 nisi
495 2133 595 2163 felicitas
612 2133 764 2163 sempiterna.
783 2146 814 2151 -—
830 2134 870 2156 His
887 2134 958 2162 igitur
980 2137 1069 2162 septem
1090 2134 1138 2157 die-

287 2180 332 2204 bus
349 2181 484 2209 pervenitur
502 2187 576 2210 usque
592 2181 622 2203 ad
645 2181 707 2203 diem
730 2184 839 2203 octavum
861 2181 961 2209 gloriae;
985 2188 1045 2210 quos
1066 2181 1139 2204 voluit

286 2229 310 2251 in
326 2228 482 2256 assignatione
499 2228 610 2256 1011100115
622 2228 721 2256 Spiritus
732 2230 825 2251 sanctus
836 2228 959 2256 designare
971 2236 981 2249 »ι
1004 2228 1055 2257 (cfr.
1069 2228 1137 2251 etiam

288 2276 351 2305 quod
369 2276 488 2304 praecedit
504 2282 528 2298 n.
546 2275 582 2298 47.
602 2275 657 2304 48).

351 2324 472 2351 Secundo,
491 2324 631 2351 opusculum
649 2325 711 2345 certo
729 2326 763 2346 est
779 2324 864 2346 saeculi
876 2324 938 2351 XIII,
950 2324 1014 2353 quod
1028 2326 1140 2347 testantur

289 2371 359 2400 ailqui
378 2370 471 2393 codices
487 2370 547 2393 illius
565 2371 659 2398 aetatis;
677 2371 719 2393 sed
737 2371 810 2400 (quod
822 2372 944 2400 hucusque
962 2371 1067 2399 ignotum
1089 2371 1139 2400 suit)

289 2417 359 2440 habet
376 2420 421 2440 tres
438 2417 586 2441 recensiones
603 2423 652 2441 11οη
664 2424 757 2447 parum
774 2417 915 2448 differentes,
933 2418 985 2441 licet
1001 2418 1140 2441 conveniant

290 2465 314 2487 in
330 2465 477 2487 distinctione
494 2465 620 2494 graduum,
637 2466 659 2488 in
677 2471 769 2488 summa
786 2465 917 2493 doctrinae,
936 2465 959 2487 in
976 2465 1091 2493 principio
1116 2466 1141 2488 li—

290 2511 343 2534 belli
356 2514 378 2534 et
391 2512 444 2534 111110
457 2512 510 2535 111110
522 2512 545 2534 111
558 2513 652 2540 integris
664 2512 874 2541 propositionibus,
892 2519 962 2541 saepe
974 2515 1051 2535 tamen
1062 2513 1140 2541 quoad

291 2559 398 2582 ordinem
416 2562 438 2582 et
455 2560 532 2582 locum
550 2560 700 2588 transpositis.
719 2560 878 2589 Unaquaeque
894 2560 998 2583 recensio
1011 2566 1142 2588 repraesen-

291 2608 350 2629 tatur
362 2606 468 2635 pluribus
485 2607 606 2630 codicibus
622 2608 691 2630 etiam
701 2607 802 2636 antiquis
814 2607 883 2636 (saec.
895 2607 956 2630 XIV.
969 2607 1085 2636 ineuntis),
1102 2608 1142 2637 qui

292 2653 376 2676 iterum
393 2654 450 2676 inter
468 2660 493 2676 se
510 2654 588 2683 quoad
606 2655 689 2677 multas
712 2654 822 2677 lectiones
844 2655 983 2683 discrepant.
1004 2667 1036 2671 —
1057 2655 1142 2678 Textus

292 2701 368 2724 editus
379 2701 471 2724 videtur
489 2708 539 2724 esse
556 2702 673 2731 antiquior
685 2704 708 2725 et
719 2702 862 2730 primitivus,
875 2705 924 2725 tum
936 2703 990 2731 quia
1008 2702 1066 2725 aliae
1082 2702 1143 2725 duae

292 2749 439 2771 recensiones
457 2749 576 2772 manifeste
589 2749 706 2777 laborant,
719 2752 744 2772 ut
757 2750 896 2773 locutionem
911 2749 1035 2773 obscuram
1048 2752 1070 2772 et
1084 2750 1142 2772 inso-

293 2796 355 2818 litam
368 2796 506 2825 plerumque
520 2796 598 2819 verbis
612 2797 688 2825 magis
699 2797 815 2820 consuetis
826 2800 849 2820 et
860 2798 978 2820 sententiis
990 2798 1065 2825 magis
1076 2797 1143 2820 claris

294 2843 430 2872 emendent,
441 2846 489 2866 tum
502 2844 556 2873 quia
569 2844 673 2867 omnium
686 2845 802 2874 antiquior
814 2845 865 2867 cod.
878 2851 938 2868 saec.
948 2845 1004 2867 XIII.
1014 2844 1144 2873 <Vindobo-

294 2890 382 2919 nensis)
400 2893 422 2913 et
440 2890 514 2913 maior
531 2897 584 2918 pars
601 2891 709 2914 codicum
726 2891 835 2914 desinunt
852 2891 934 2914 iisdem
952 2892 998 2914 fere
1014 2891 1094 2913 verbis
1118 2893 1143 2914 ut

295 2938 332 2960 ed.
350 2938 469 2960 Vaticana.
486 2950 516 2954 —
534 2938 641 2961 Secunda
657 2939 762 2961 recensio
779 2941 813 2961 est
829 2939 940 2967 prolixior
956 2941 978 2961 et
995 2939 1078 2961 desinit
1095 2938 1143 2961 aliis

295 2984 387 3007 verbis:
407 2993 418 3005 α
430 2985 590 3008 manuducens
612 2988 635 3008 et
656 2985 708 3008 finis
730 2986 852 3014 perficiens
869 2989 892 3009 et
912 2991 1087 3013 consummans,
1105 2985 1142 3008 cui

975 213 1220 243 PROLEGOMENA
1241 214 1268 243 C.
1291 214 1331 243 111,

1180 295 1214 315 051
1230 294 1304 316 1101101
1321 296 1343 316 et
1360 293 1433 321 gloria
1456 299 1498 321 per
1521 293 1609 316 infinita
1631 294 1723 316 saecula
1748 294 1903 316 saeculorum.
1925 294 1999 317 Amen
2009 303 2033 318 n.

1181 339 1218 362 sic
1235 339 1343 362 desinunt
1368 340 1447 367 plures
1468 340 1506 362 alii
1531 346 1586 362 mss.
1612 340 1682 362 etiam
1707 346 1769 362 saec.
1791 341 1852 363 XIV.
1875 340 1984 367 ineuntis,
2006 344 2031 363 ut

1181 386 1265 414 probat
1290 387 1385 415 quidam
1414 387 1465 409 cod.
1491 387 1633 409 Matritensis.
1656 387 1677 409 111
1700 387 1780 409 codice
1801 387 1931 411 Florentino
1954 386 2034 419 biblios

1181 434 1260 456 thecae
1277 434 1402 456 Nationalis
1419 433 1488 461 (sign.
1506 434 1533 455 M.
1552 434 1620 456 1817.
1638 434 1662 455 B.
1681 434 1724 462 8.)‚
1742 434 1781 462 qui
1799 436 1957 461 repraesentat
1974 435 2032 457 hane

1180 480 1350 509 recensionem,
1369 481 1392 502 in
1410 480 1525 508 principio
1543 480 1641 503 habetur
1659 482 1715 503 haec
1733 480 1840 504 rubrica:
1861 485 1871 501 a
1884 481 1963 509 Incipit
1984 481 2032 509 qui-

1182 528 1236 550 dam
1255 527 1346 550 libellus
1363 527 1458 550 Abbatis
1477 528 1628 550 Vercellensis
1644 534 1715 556 super
1732 530 1820 556 septem
1834 528 1921 555 gradus
1933 531 2033 551 contem-

1181 575 1298 603 plationis,
1316 575 1444 597 secundum
1462 574 1527 603 quod
1544 580 1571 596 ex
1589 575 1738 602 inspiratione
1750 574 1829 597 divina
1846 577 1940 597 sanctus
1956 575 2033 598 Frater

1181 622 1276 650 Egidius
1288 622 1375 644 invenit
1384 630 1405 643 n.
1420 623 1443 644 In
1456 623 1499 644 1100
1511 621 1591 644 codice
1603 624 1655 649 post
1667 621 1752 644 verba:
1769 630 1779 641 <z
1789 621 1830 644 sed
1842 622 1910 644 etiam
1922 621 2033 650 baiulare,

1181 669 1239 691 lacte
1264 669 1368 696 virgineo
1391 669 1504 695 educare,
1522 667 1629 690 manibus
1650 668 1760 691 eburneis
1777 671 1920 691 contrectare
1933 677 1944 689 υ
1970 669 2034 697 (vide

1184 716 1289 738 ultimam
1307 715 1490 743 propositionem
1509 715 1530 737 in
1548 715 1624 743 editis)
1642 715 1725 743 legitur
1737 715 1922 738 additamentum
1933 722 1978 738 non
1991 716 2034 739 exi-

1183 769 1271 791 guum,
1289 763 1353 792 quod
1371 762 1464 790 incipit:
1484 762 1628 791 «Quomodo
1646 768 1687 790 per
1705 768 1778 784 unum
1801 762 1934 785 ascenditur
1955 763 1983 785 ad
2006 763 2034 785 al-

1183 813 1258 832 terum
1268 811 1278 831 ‘I
1290 810 1379 832 Horum
1391 809 1578 837 supradictorum
1590 809 1706 837 graduum
1716 817 1728 829 υ
1743 811 1794 836 etc„
1806 811 1828 831 et
1837 809 1921 831 desinit
1933 809 1974 831 illis
1984 815 2035 832 ver-

1184 856 1219 880 bis
1236 857 1281 879 iam
1299 855 1384 879 citatis:
1405 856 1608 879 ainanuducens»
1636 858 1679 879 etc.
1696 868 1728 872 —
1746 855 1822 878 Tertia
1839 855 1942 878 recensio
1959 856 2034 884 magis

1184 904 1292 927 convenit
1303 910 1358 926 cum
1371 904 1473 926 secunda
1485 909 1556 932 quam
1569 909 1622 925 cum
1635 902 1694 925 edita
1705 921 1709 931 ,
1722 905 1756 925 est
1767 905 1845 925 tamen
1857 902 1951 925 brevior
1963 908 2035 931 quam

1184 952 1299 979 secunda,
1316 952 1399 973 multas
1416 951 1540 973 sententias
1557 951 1697 978 transponit,
1721 950 1750 973 de
1773 950 1872 978 septimo
1895 950 1970 978 gradu
1988 956 2034 973 non

1184 998 1254 1021 habet
1270 999 1312 1021 nisi
1337 1004 1410 1026 pauca
1435 997 1519 1026 verba,
1536 1003 1597 1026 quae
1622 998 1730 1020 desinunt
1755 997 1800 1020 sic:
1830 999 1871 1019 net
1896 996 2034 1019 aeternitatis

1184 1046 1305 1073 speculum
1324 1045 1445 1067 irrevelato
1462 1045 1566 1067 contuitu
1583 1044 1769 1072 contemplari».
1793 1045 1853 1066 Tum
1875 1044 1980 1073 sequitur
1997 1044 2035 1067 ad-

1185 1093 1347 1115 ditamentum:
1361 1101 1371 1112 c<
1382 1092 1576 1121 (Recepitulatio).
1589 1091 1621 1113 De
1632 1091 1713 1114 ordine
1725 1092 1841 1119 graduum
1854 1092 2035 1119 praedictorum.

1185 1139 1296 1162 Ordinem
1322 1140 1439 1168 graduum
1465 1139 1637 1168 praedictorum
1660 1142 1804 1162 resumentes
1829 1139 1947 1166 dicimus,
1972 1139 2037 1168 quod

1186 1187 1263 1215 primo
1282 1187 1379 1215 ignitur,
1397 1186 1469 1214 ignita
1486 1186 1618 1214 inungitur,
1636 1186 1727 1208 inuncta
1752 1186 1841 1214 rapitur
1853 1194 1864 1206 n
1890 1188 1942 1214 etc„
1965 1191 2037 1214 quam

1187 1234 1370 1261 propositionem
1383 1236 1405 1255 et
1417 1236 1553 1262 sequentem
1566 1233 1616 1255 Vat.
1629 1233 1698 1255 habet
1710 1233 1734 1255 in
1746 1233 1861 1261 principio
1879 1232 1955 1255 libelli.
1967 1233 2037 1255 Porro

1187 1286 1274 1308 paucas
1291 1281 1361 1303 lineas
1378 1279 1482 1308 exhibet,
1507 1286 1567 1309 quae
1591 1286 1707 1302 summam
1730 1279 1844 1308 praebent
1871 1285 1954 1302 eorum
1978 1284 2038 1308 quae

1187 1328 1291 1350 recensio
1308 1327 1410 1350 secunda
1435 1327 1490 1349 satis
1512 1327 1594 1349 diffuse
1616 1327 1720 1355 explicat.
1743 1327 1831 1349 Desinit
1853 1329 1931 1349 autem
1948 1325 2038 1348 verbis:

1192 1374 1236 1396 «fit
1253 1380 1363 1397 ascensus
1381 1377 1427 1396 tam
1445 1373 1587 1396 delectabilis
1603 1380 1674 1402 quam
1692 1373 1836 1396 admirabilis
1847 1382 1869 1395 n.
1887 1373 1969 1396 lisdem
1990 1379 2039 1395 ver-

1188 1421 1224 1443 bis
1243 1421 1332 1444 libellus
1349 1421 1433 1444 desinit
1450 1421 1530 1443 saltem
1548 1421 1570 1443 in
1589 1421 1618 1443 25
1636 1420 1767 1448 codicibus,
1785 1427 1885 1449 quorum
1898 1420 1976 1448 plures
1987 1422 2040 1443 sunt

1189 1474 1249 1491 saec.
1267 1469 1327 1490 XlV.
1346 1469 1430 1491 Eorum
1450 1475 1508 1491 unus
1532 1467 1674 1498 (Hei-tripoli,
1702 1468 1842 1490 bibliotheca
1866 1467 2039 1495 Universitatis,

1189 1517 1249 1544 sign.
1267 1517 1325 1539 111011.
1343 1517 1396 1539 102.
1418 1517 1491 1539 chart.
1515 1522 1575 1539 saec.
1593 1516 1654 1545 XV.)
1674 1515 1749 1539 libello
1772 1516 1898 1544 praemittit
1920 1516 2041 1544 epistolam

1190 1564 1351 1592 incipientem:
1367 1573 1378 1584 ιι
1388 1564 1535 1587 Salutationis
1546 1564 1621 1587 officio
1633 1564 1778 1586 reverentiali
1792 1564 1908 1586 humiliter
1920 1563 2041 1592 premisso,

1190 1611 1313 1638 noveritis,
1336 1611 1434 1633 Domine
1451 1611 1610 1640 suscipiende,
1628 1611 1692 1640 quod
1709 1611 1789 1634 devoti
1806 1610 1876 1633 vestri
1894 1610 1984 1633 domini
2008 1610 2042 1633 10-

1191 1658 1272 1681 bannis
1289 1658 1404 1681 Herbordi
1422 1658 1528 1681 instantia
1542 1665 1579 1681 me
1593 1658 1734 1686 sollicitavit,
1753 1661 1867 1687 quatenus
1883 1657 2041 1685 subscriptum

1191 1706 1391 1734 contemplationis
1408 1706 1553 1728 tractatulum
1571 1708 1647 1728 vestre
1667 1705 1806 1728 studiositati
1826 1703 2040 1732 communicarem,

1192 1753 1255 1783 quod
1273 1756 1295 1776 et
1312 1753 1385 1776 libens
1403 1754 1478 1776 facere
1495 1753 1575 1776 curavi
1587 1761 1597 1773 n
1624 1756 1667 1775 etc.
1693 1752 1851 1775 Subscribitur
1876 1752 1972 1780 epistola
1994 1751 2041 1774 sic:

1195 1800 1325 1829 «lacobus,
1351 1806 1433 1823 servus
1451 1801 1501 1823 Iesu
1523 1799 1606 1823 Christi
1628 1800 1769 1829 humilisque
1792 1802 1868 1822 vester
1880 1807 1903 1822 n.
1920 1798 2040 1827 Sequitur:

1196 1856 1208 1869 11
1219 1848 1366 1871 Prooemium
1376 1855 1381 1870 :
1391 1847 1627 1876 Contemplativorum
1638 1847 1770 1876 aquilinos»
1784 1849 1827 1869 etc.
1835 1846 1935 1869 Desinit:
1948 1854 1958 1866 ιι
1967 1851 2044 1868 ascen-

1193 1902 1233 1918 sus
1252 1898 1298 1918 tam
1321 1895 1468 1918 delectabiles
1490 1901 1560 1924 quam
1583 1894 1766 1917 admirabiles».
1791 1894 1813 1916 Si
1835 1894 1933 1922 scriptor
1958 1893 2044 1916 codicis

1193 1944 1252 1965 hanc
1270 1943 1390 1971 epistolam
1408 1942 1528 1965 sumsisset
1545 1948 1572 1965 ex
1584 1942 1679 1971 antiquo
1691 1942 1772 1965 codice
1789 1941 1863 1970 (quod
1875 1947 1920 1964 non
1933 1941 2043 1970 constat),

1194 1991 1261 2019 argui
1278 1994 1371 2019 posset,
1390 1990 1412 2012 in
1434 1990 1496 2012 dicto
1513 1989 1596 2012 lacoho
1613 1989 1713 2012 inveniri
1734 1991 1853 2012 auctorem
1875 1989 1945 2012 huius
1965 1994 2044 2012 recen-

1193 2037 1280 2066 sionis,
1305 2038 1356 2060 licet
1377 2044 1425 2060 non
1448 2037 1507 2059 clare
1524 2043 1549 2059 se
1566 2040 1686 2059 auctorem
1708 2043 1759 2059 esse
1777 2036 1850 2065 dicat,
1872 2036 1913 2059 sed
1936 2037 1980 2059 hoe
1997 2039 2045 2059 tan-

1194 2088 1244 2108 tum
1270 2085 1371 2107 insinuet
1395 2083 1473 2106 verbis
1494 2086 1574 2112 postea
1596 2083 1675 2106 dictis:
1701 2092 1712 2103 (ι
1722 2083 1787 2106 Absit
1809 2090 1822 2106 a
1844 2089 1896 2111 me,
1919 2086 1944 2106 ut
1969 2085 2045 2106 vestre

1194 2134 1242 2154 tam
1259 2131 1371 2159 sapientie
1396 2137 1468 2159 quam
1497 2130 1636 2158 experientie
1657 2130 1787 2159 quidquam
1808 2130 1913 2153 doctrine
1934 2130 2046 2159 superad-

1195 2179 1250 2201 dere
1267 2178 1404 2207 pretendam
1416 2187 1438 2200 ».
2015 2201 2018 2203 Α

1261 2226 1349 2249 Inventi
1366 2229 1420 2249 sunt
1435 2226 1465 2248 70
1478 2226 1570 2249 codices
1582 2232 1637 2248 mss.
1655 2225 1723 2249 huius
1740 2226 1847 2254 opusculi
1865 2225 1977 2255 (nonnulli
1994 2228 2046 2248 sunt

1197 2277 1251 2302 post
1268 2280 1304 2296 311.
1329 2274 1389 2296 1500
1411 2274 1519 2303 01131311);
1545 2274 1689 2302 antiquiores
1712 2275 1759 2296 fere
1781 2280 1863 2296 omnes
1884 2273 1933 2296 sine
1954 2274 2046 2299 nomine

1197 2323 1309 2351 auctoris;
1328 2323 1357 2344 26
1377 2322 1433 2351 (duo
1451 2328 1511 2345 saec.
1528 2322 1600 2347 XIV.)
1618 2328 1705 2344 nomen
1721 2321 1807 2344 habent
1829 2322 2014 2349 Bonaventurae,
2031 2321 2045 2345 5

1197 2369 1353 2392 inscribuntur
1370 2370 1500 2399 Bernardo,
1517 2370 1531 2392 3
1554 2376 1611 2392 vero
1633 2369 1718 2392 Abbati
1735 2369 1888 2396 Vercellensi,
1909 2375 1969 2392 unus
1986 2374 2046 2392 saec.

1198 2417 1258 2440 XIV.
1277 2417 1300 2440 S.
1318 2417 1436 2444 Thomae‚
1452 2417 1493 2440 sed
1511 2423 1524 2439 a
1541 2423 1612 2440 manu
1624 2417 1759 2439 recentiore.
1770 2416 1865 2440 Certum
1882 2418 1960 2439 tamen
1976 2418 2010 2439 est
2025 2418 2046 2439 et

1197 2464 1228 2486 ab
1250 2464 1373 2491 omnibus,
1395 2467 1491 2493 excepto
1514 2464 1610 2493 Bonelli,
1632 2470 1783 2493 concessum,
1806 2464 1884 2487 stilum
1906 2463 2047 2487 recensionis

1197 2512 1273 2535 editae
1290 2514 1337 2534 tam
1354 2512 1456 2534 alienum
1473 2518 1486 2534 a
1503 2512 1704 2534 Bonaventuriano
1721 2514 1744 2534 et
1765 2511 1879 2534 exoticum
1900 2517 1963 2538 esse,
1984 2513 2010 2533 ut.
2024 2510 2047 2532 li-

1198 2558 1272 2581 bellus
1289 2558 1318 2581 ab
1336 2560 1387 2587 ipso
1404 2559 1500 2582 minime
1517 2559 1617 2587 scriptus
1634 2565 1684 2581 esse
1701 2559 1782 2587 possit.
1797 2559 1834 2581 1511
1850 2558 1948 2587 quidem
1958 2559 2046 2586 septem

1198 2607 1286 2635 gradus
1302 2607 1332 2629 ab
1349 2613 1377 2629 eo
1394 2607 1482 2635 accepti
1500 2609 1565 2635 sunt,
1581 2607 1623 2629 sed
1640 2606 1759 2635 explicatio
1776 2608 1812 2629 est
1827 2606 1921 2629 omnino
1933 2605 2006 2628 aliena
2017 2604 2046 2628 ab

1198 2653 1303 2676 eiusdem
1322 2654 1407 2676 indole.
1426 2654 1471 2677 Nec
1488 2653 1609 2682 probabile
1626 2656 1670 2681 est,
1690 2653 1719 2676 ab
1736 2654 1792 2682 1050
1799 2656 1873 2676 0113111
1885 2659 1936 2676 esse
1947 2653 2047 2682 aliquam

1198 2701 1355 2730 posteriorum
1373 2702 1546 2729 recensionum,
1564 2707 1625 2730 quae
1636 2701 1706 2724 etiam
1719 2701 1814 2724 minime
1828 2701 1878 2723 eius
1889 2700 2009 2728 ingenium
2025 2701 2047 2722 et

1199 2749 1276 2772 stilum
1293 2749 1446 2771 manifestant.

1262 2797 1284 2818 9.
1302 2796 1455 2819 Amatorium
1473 2796 1534 2825 (Vat.
1551 2798 1608 2819 tom.
1627 2796 1673 2818 Vll.
1691 2802 1745 2824 pag.
1764 2796 1828 2825 250).

1263 2844 1344 2872 Incipit
1369 2844 1494 2872 Prologus:
1522 2844 1656 2866 «Praesens
1680 2843 1819 2872 opusculum
1836 2852 1865 2870 »ς
1891 2843 1967 2871 10511111
1992 2847 2046 2864 vero

1199 2896 1272 2919 opus:
1292 2891 1349 2913 «Ad
1366 2893 1387 2913 te
1403 2897 1480 2913 sermo
1499 2896 1565 2914 meus
1577 2891 1684 2919 dirigitur
1695 2899 1718 2913 n.
1735 2890 1840 2913 Oudinus
1852 2892 1937 2917 censet,
1951 2894 2047 2918 opuscu-

1199 2938 1247 2960 lum
1264 2944 1314 2960 esse
1331 2937 1459 2967 spurium;
1477 2937 1585 2960 Sbaralea
1603 2938 1654 2967 (100.
1672 2938 1710 2960 cit.
1728 2944 1782 2966 pag.
1800 2937 1853 2966 55),
1871 2942 1922 2959 esse
1936 2935 2046 2964 dubium,-

1200 2984 1285 3007 Bonelli
1304 2990 1373 3013 vero,
1391 2986 1495 3013 certum,
1513 2987 1608 3013 excepto
1626 2984 1697 3008 dubio
1718 2984 1830 3012 prologo,
1853 2984 1893 3013 qui
1915 2990 1928 3006 a
1947 2983 2046 3006 Mariano
