2133 3317
137 445 207 467 Tertio,
215 450 247 464 sex

128 469 194 487 modos
212 468 248 487 sol-

128 492 184 511 vendi
202 492 248 510 ieiu-

130 516 181 534 nium
196 515 249 533 mali-

128 539 176 558 tiose
183 538 249 557 distin-

129 562 175 585 guit.

132 1153 246 1173 Notandum.

125 1388 169 1407 Loci
179 1388 207 1406 Ss.
218 1387 254 1406 Pa-

162 1414 217 1430 trum.

129 1481 247 1501 Ambrosius.

261 221 317 249 ⁵270

263 298 362 327 docere
377 296 597 334 praesumserit?
612 295 710 323 Nullus
725 297 816 328 certe,
839 297 870 323 ut
892 294 1046 328 credimus,
1062 294 1114 323 nisi

264 345 311 382 qui
334 347 443 373 sanctae
466 343 564 371 matris
587 342 722 370 Ecclesiae
745 344 848 370 statuta
870 344 1028 370 contemnat
1040 342 1058 369 ¹.

346 392 388 420 13.
411 391 531 424 Dehinc,
554 393 586 418 ut
607 397 686 418 suam
708 389 817 417 finalem
844 388 965 417 declaret
987 388 1114 417 intentio-

264 447 342 472 nem,
365 446 420 474 qua
440 445 495 465 non
517 436 550 465 ad
572 436 707 465 ieiunium
735 435 918 470 servandum,
947 435 994 464 sed
1022 435 1115 472 potius

265 485 299 514 ad
321 484 481 513 solvendum
504 485 620 512 conatur
641 482 789 516 inducere,
811 490 862 511 sex
883 481 980 511 modos
994 482 1115 519 assignat

265 531 409 560 solutionis
435 530 544 564 ieiunii,
567 537 688 566 quorum
718 529 840 566 primum
868 529 934 558 dicit
962 528 1113 562 illicitum,

265 578 418 607 secundum
449 576 670 614 imperfectum,
702 579 823 613 quatuor
851 579 999 613 sequentes
1019 575 1114 604 modos

263 625 329 654 dicit
360 632 419 653 esse
447 623 655 661 perfectorum.
688 623 717 651 In
747 623 850 660 quibus
872 623 954 660 plura
973 622 1114 651 interserit

263 679 461 709 perversorum
484 670 631 699 seminaria
655 670 832 707 dogmatum,
848 678 919 707 quae
934 670 968 698 ad
983 677 1114 707 praesens

264 719 417 748 indiscussa
438 718 638 755 relinquimus,
660 725 695 746 ne
717 717 867 754 legentium
895 717 1002 745 animos
1031 716 1114 753 proli-

265 765 352 794 xitate
372 772 528 802 gravemus.
552 764 606 793 Hoc
628 767 719 793 tamen
736 764 970 801 praetereundum
985 772 1040 792 non
1055 766 1112 797 est,

263 812 338 850 quod
354 829 389 832 —
406 820 469 840 cum
485 820 571 848 supra
582 812 592 828 2
609 819 660 840 sex
675 811 770 840 modos
784 810 923 839 ieiunandi
939 810 1113 844 distinxerit,

264 860 291 888 in
313 859 416 896 quibus
437 861 559 895 quatuor
581 858 673 895 posuit
689 858 790 891 licitos,
805 861 832 886 et
851 857 911 886 illos
926 857 1114 885 indifferenter

265 909 421 944 competere
443 905 573 942 perfectis
594 909 621 934 et
636 904 824 942 imperfectis3
840 904 938 933 deinde
953 912 1003 933 sex
1019 903 1114 932 modos

263 953 402 983 subnectit
432 952 554 981 solvendi
577 952 729 986 ieiunium,
755 959 791 980 ex
813 951 915 988 quibus
945 959 1033 979 unum
1064 951 1114 979 im-

264 1000 394 1038 perfectis
415 999 558 1034 attribuit,
580 1001 702 1036 quatuor
718 1006 784 1027 vero
799 999 922 1035 reliquos
936 998 1031 1027 modos
1051 1005 1115 1034 per-

264 1048 342 1077 fectis
362 1047 484 1076 maxime
506 1049 663 1083 competere
684 1046 751 1074 dicit
767 1063 802 1066 -—
818 1046 961 1075 manifeste
979 1045 1113 1079 declarat,

264 1096 324 1124 eius
345 1103 373 1124 se
395 1102 454 1123 esse
476 1094 643 1128 sententiae,
672 1093 746 1130 quod
776 1093 843 1122 viris
871 1093 1000 1130 perfectis
1028 1092 1115 1129 magis

264 1144 401 1179 competat
422 1141 524 1170 ieiunia
545 1141 652 1169 solvere
673 1148 756 1177 quam
772 1148 892 1169 servare.
909 1140 938 1168 In
953 1148 1009 1177 quo
1023 1141 1050 1168 et
1064 1139 1114 1167 im-

264 1189 393 1226 pietatem
422 1187 593 1216 transcendit
623 1187 752 1216 Ioviniani
781 1187 930 1221 haeretici,
951 1187 997 1223 qui
1021 1194 1115 1215 sacrae

265 1236 433 1265 ieiuniorum
457 1234 648 1263 observantiae
670 1234 840 1263 moderatam
856 1233 982 1262 ciborum
1001 1233 1116 1261 511111110-

263 1291 326 1312 Π6111
348 1290 434 1311 ausus
455 1290 508 1310 non
531 1281 583 1310 suit
605 1289 792 1318 praeponere,
815 1280 862 1309 sed
883 1280 1035 1317 aequare?

346 1329 389 1357 ¹14.
413 1329 495 1365 Legat
515 1328 616 1365 igitur,
639 1328 660 1356 si
682 1327 828 1364 dignetur,
851 1326 991 1355 veracium
1013 1326 1117 1362 scripta

266 1376 428 1410 doctorum,
451 1375 476 1403 in
500 1375 603 1412 quibus
624 1374 730 1411 magnis
758 1381 934 1411 nequaquam
962 1372 1117 1410 praeconiis

266 1423 367 1452 solutio
388 1422 555 1451 ieiuniorum
578 1422 740 1455 extollitur,
762 1421 810 1450 sed
831 1420 909 1449 miris
924 1420 1054 1448 laudibus
1068 1420 1116 1448 ob-

265 1470 405 1499 servantia
426 1469 644 1498 commendatur.
667 1469 739 1497 Hanc
762 1468 834 1497 enim
857 1476 934 1497 sacer
956 1467 1116 1495 Ambrosius

263 1517 291 1546 in
314 1517 385 1545 libro
406 1516 440 1545 de
462 1516 588 1545 Ieiuni04
609 1524 663 1544 non
687 1519 741 1544 tam
765 1515 892 1544 miseriae
914 1515 999 1543 huius
1013 1513 1116 1543 saeculi

263 1565 322 1594 fore
351 1564 449 1593 asserit
477 1572 560 1600 quam
593 1563 774 1591 innocentiae
793 1562 950 1600 paradisi,
973 1569 1036 1590 cum
1059 1561 1115 1589 ait:

269 1623 282 1637 (ι.
297 1612 392 1648 Itaque
414 1619 448 1639 ne
470 1613 613 1639 terrenum
636 1610 699 1646 quis
720 1612 769 1638 aut
790 1609 930 1637 novellum
952 1611 1031 1645 putet
1056 1616 1116 1636 esse

263 1658 414 1692 ieiunium,
430 1658 540 1695 primus
555 1665 623 1686 usus
639 1656 733 1685 mundi
746 1664 762 1685 a
774 1656 876 1685 ieiunio
891 1656 989 1693 coepit,
1006 1654 1116 1692 quaudo

263 1706 315 1734 lux
337 1705 412 1734 clara
440 1704 619 1741 resplenduit.
653 1704 703 1732 Ubi
738 1703 817 1732 cibus
848 1703 953 1740 coepit,
985 1702 1021 1731 ibi
1054 1702 1117 1730 finis

264 1752 354 1781 factus
375 1755 417 1781 est
438 1751 543 1780 mundi.
566 1751 614 1779 Ubi
639 1750 728 1787 coepit
743 1758 793 1779 sua
807 1750 979 1779 incrementa
993 1749 1115 1783 nescire,

264 1800 301 1828 ibi
324 1801 476 1836 coeperunt
507 1798 600 1826 divina
632 1797 707 1826 circa
739 1805 802 1826 eum
825 1805 910 1834 opera
930 1796 1033 1825 feriari.
1055 1796 1116 1832 Quo

264 1846 365 1875 indicio
386 1846 556 1874 declaratum
579 1848 635 1879 est,
658 1844 733 1881 quod
754 1852 804 1881 per
826 1844 901 1873 cibos
924 1843 1044 1872 mundus
1067 1843 1117 1871 ha-

264 1893 344 1922 beret
364 1892 506 1926 imminui,
529 1899 578 1929 per
600 1899 671 1928 quos
692 1891 773 1919 desiit
791 1894 818 1919 et
832 1890 937 1927 augeri.
955 1890 986 1918 Et
1001 1893 1032 1919 ut
1047 1889 1116 1918 scia-

264 1948 343 1974 mus,
366 1940 507 1968 novellum
529 1947 584 1967 non
612 1946 672 1967 esse
700 1938 851 1972 ieiunium,
879 1938 998 1974 primam
1020 1938 1047 1965 in
1070 1945 1117 1974 pa-

266 1987 357 2016 radiso
382 1987 469 2024 legem
502 1986 646 2015 constituit
677 1985 710 2014 de
740 1985 861 2019 ieiunio;
890 1985 993 2014 sciebat
1025 1984 1116 2019 enim,

266 2033 339 2070 quod
362 2041 410 2070 per
431 2041 521 2062 escam
551 2033 632 2069 culpa
660 2033 776 2061 baberet
803 2032 950 2060 intrare».
977 2048 1015 2052 ——
1043 2031 1116 2059 Idem

266 2080 348 2109 etiam
363 2080 434 2109 libro
448 2080 543 2108 eodem
555 2080 566 2097 ⁵
583 2079 717 2108 ieiunium
734 2083 875 2116 comparat
889 2079 966 2107 vitae
984 2078 1116 2107 caelesti:

271 2137 284 2153 «
298 2127 409 2161 Merito,
431 2127 537 2163 inquit,
560 2126 644 2154 Eliam
666 2126 781 2163 dignum
803 2126 878 2154 caelo
898 2125 991 2153 divina
1013 2125 1116 2153 iudica-

266 2174 305 2202 vit
325 2173 476 2208 sententia,
498 2176 529 2202 ut
551 2181 614 2202 cum
637 2173 696 2209 ipso
718 2175 865 2209 raperetur
886 2179 1018 2208 corpore,
1047 2180 1116 2208 quo-

266 2221 338 2249 niam
372 2220 481 2249 caelesti
513 2220 569 2249 vita
600 2220 710 2248 vivebat
735 2219 763 2247 in
785 2226 902 2255 corpore
923 2222 950 2247 et
978 2226 1116 2255 supernae

268 2275 350 2297 usum
383 2267 600 2296 conversationis
631 2267 782 2295 exhibebat
803 2266 831 2294 in
853 2266 943 2294 terris.
976 2265 1047 2302 Quid
1076 2268 1117 2294 est

267 2315 340 2344 enim
371 2314 505 2343 ieiunium
534 2314 585 2342 nisi
614 2313 768 2342 substantia
796 2316 823 2342 et
853 2313 943 2349 imago
969 2312 1116 2341 caelestis?

269 2361 404 2390 Ieiunium
426 2361 539 2390 refectio
560 2361 667 2389 animae
695 2363 722 2389 et
754 2360 833 2389 cibus
854 2359 955 2388 mentis
975 2361 1025 2388 est.
1047 2359 1116 2388 Ieiu-

739 217 937 245 OPUSCULUM
959 217 1000 245 XI.
1023 216 1183 244 APOLOGIA
1206 216 1386 245 PAUPERUM.
1408 216 1476 245 CAP.
1499 216 1540 245 VI.

1172 294 1249 322 nium
1271 294 1327 323 vita
1348 297 1388 323 est
1403 294 1568 331 Angelorum
1578 317 1585 328 ‚
1600 294 1735 323 ieiunium
1751 294 1849 330 culpae
1863 302 1954 328 mors,
1969 302 2018 323 ex-

1172 341 1274 370 cidium
1295 341 1475 375 delictorum,
1498 341 1652 370 remedium
1675 341 1787 375 salutis,
1804 341 1885 369 radix
1899 341 2018 377 gratiae,

1171 388 1381 416 fundamentum
1405 391 1446 417 est
1467 388 1608 416 castitatis.
1631 388 1685 416 Hoc
1706 387 1739 415 ad
1761 387 1849 416 Deum
1871 387 1960 424 gradu
1981 388 2018 416 ci-

1172 435 1227 463 tius
1249 435 1426 471 pervenitur,
1449 435 1501 463 hoc
1516 434 1605 471 gradu
1621 434 1691 463 Elias
1712 434 1834 463 ascendit
1855 438 1918 463 ante
1937 443 2019 472 quam

1172 490 1278 515 curru;
1300 482 1327 510 in
1351 482 1402 510 hac
1423 481 1529 510 virtute
1549 484 1576 510 et
1598 481 1697 518 spiritu
1715 481 1786 510 Eliae
1802 481 1876 510 venit
1891 482 2020 517 Ioannes,

1171 528 1291 565 denique
1312 529 1338 557 in
1361 528 1471 557 deserto
1503 531 1530 557 et
1557 528 1603 557 1116
1630 529 1723 557 vacuit
1748 528 1873 563 ieiuniis,
1896 531 1923 557 et
1943 529 2020 564 ideo,

1172 575 1237 612 quia
1258 575 1329 604 vitae
1352 576 1490 604 humanae
1511 575 1719 612 possibilitatem
1735 575 1903 604 continentia
1924 583 2020 612 super-

1171 630 1284 659 gressus
1314 622 1422 655 fuerat,
1454 629 1508 650 nou
1542 622 1640 656 homo,
1671 621 1719 650 sed
1748 622 1866 658 Angelus
1894 622 2021 650 aestima-

1172 672 1217 697 tus
1238 671 1279 697 est
1293 679 1320 696 ».

1253 716 1296 743 15.
1320 715 1347 743 In
1370 715 1413 743 his
1435 714 1595 743 Ambrosius
1623 722 1701 743 sacer
1723 715 1857 744 ieiunium
1880 718 2021 752 comparat

1171 762 1309 799 angelicae
1341 762 1428 796 vitae,
1451 764 1478 790 et
1499 761 1611 798 quidem
1638 761 1704 790 satis
1726 762 1815 799 digne.
1839 762 1907 791 Cum
1929 762 2019 797 enim,

1172 810 1243 838 sicut
1264 809 1301 838 ait
1322 809 1508 845 Dionysiusss,
1531 808 1705 837 hierarchiae
1727 809 1851 837 caelestis
1867 809 1970 846 triplex
1986 809 2021 838 sit

1171 860 1266 890 actus,
1287 856 1428 893 pitrgyatio
1450 855 1568 889 scilicet,
1591 855 1768 884 illuminatio
1784 859 1810 884 et
1822 854 1971 893 perfectio,
1994 859 2021 884 et

1171 903 1205 932 ad
1226 904 1295 932 haec
1316 903 1370 931 tria
1398 910 1446 939 per
1478 902 1572 930 ieiunii
1595 902 1798 931 observantiam
1821 903 2019 939 perveniatur3

1172 953 1264 979 sancte
1296 950 1478 979 ieiunantium
1511 950 1567 978 vita
1593 949 1679 986 magis
1701 950 1826 978 caelestis
1847 958 1906 979 esse
1928 950 2020 987 perhi-

1172 998 1254 1027 betur
1276 1005 1360 1034 quam
1380 1001 1499 1026 terrena.
1516 1014 1551 1017 —
1568 997 1618 1026 Per
1633 997 1766 1025 ieiunium
1791 997 1864 1025 enim
1878 997 2020 1026 obtinetur
2060 1024 2064 1028 .
2087 1003 2127 1061 Οῑῇἑι

1172 1045 1294 1081 perfecta
1315 1044 1449 1073 custodia
1464 1044 1647 1072 sanctitutis:
1670 1044 1759 1080 primo
1779 1047 1914 1081 quantum
1930 1043 1964 1072 ad
1978 1044 2021 1072 de·
2037 1030 2128 1090 ἓέῗιοὲπῖ

1172 1092 1357 1121 elinationenz
1379 1091 1550 1119 carnalium
1571 1091 1729 1125 vitiorum,
1747 1091 1818 1120 sicut
1838 1091 1876 1119 ait
1889 1090 2020 1127 Hierony·
2035 1077 2121 1130 edilia..

1173 1146 1235 1166 mus
1256 1138 1289 1166 ad
1312 1137 1554 1166 Demetriadem⁷z
1581 1149 1594 1162 «
1612 1138 1673 1166 Post
1694 1137 1893 1174 cogitationum
1907 1137 2021 1174 diligen·
2042 1124 2116 1162 mcfffflf

1173 1184 1307 1213 tissimam
1331 1184 1486 1212 cautionem
1516 1184 1684 1212 ieiuniorum
1707 1184 1755 1212 tibi
1778 1192 1856 1212 arma
1887 1183 2021 1212 sumenda

1173 1234 1239 1260 sunt
1259 1234 1287 1260 et
1308 1231 1462 1259 cauendum
1486 1239 1548 1259 cum
1570 1231 1676 1260 David:
1696 1231 1864 1260 Huinitictvi
1896 1230 1926 1259 in
1950 1230 2022 1259 ieiu-

1173 1279 1222 1307 nio
1244 1279 1378 1307 animam
1399 1286 1495 1307 meanz
1507 1289 1517 1311 ,·
1538 1281 1583 1307 et:
1608 1278 1738 1307 Ginerein
1754 1281 1897 1317 tanquam
1915 1287 2022 1316 panem

1173 1325 1393 1354 nictnduectbanz
1408 1337 1435 1353 ».
1458 1325 1490 1353 Et
1511 1325 1594 1362 paulo
1615 1325 1718 1362 post3:
1745 1336 1758 1350 «
1775 1325 1860 1362 ignita
1881 1329 1946 1354 sunt
1966 1325 2023 1354 dia-

1174 1372 1228 1401 boli
1251 1372 1355 1406 iacula⁷
1377 1380 1449 1409 quae
1471 1372 1555 1401 simul
1576 1372 1725 1400 vulnerant
1746 1374 1773 1400 et
1788 1372 1975 1406 inflammant,
1997 1374 2024 1399 et

1174 1428 1189 1447 a
1211 1427 1275 1456 rege
1307 1419 1452 1455 Babylonis
1484 1419 1575 1447 tribus
1606 1419 1702 1455 pueris
1730 1421 1942 1455 praeparantur.
1971 1418 2023 1447 Sed

1174 1466 1312 1503 quomodo
1334 1466 1369 1495 ibi
1392 1469 1536 1504 quartus,
1562 1466 1684 1503 speciem
1716 1464 1824 1494 liabens
1855 1465 1943 1504 qnasi
1969 1465 2025 1502 filii

1175 1514 1240 1547 Dei,
1274 1514 1421 1542 immensos
1453 1513 1588 1550 mitigavit
1618 1513 1750 1547 ardores3
1774 1513 1812 1541 sic
1834 1516 1861 1541 et
1882 1513 1909 1541 in
1931 1512 2023 1541 animo

1174 1560 1300 1597 virginali
1324 1568 1387 1588 rore
1408 1560 1516 1589 caelesti
1533 1564 1560 1589 et
1575 1560 1743 1589 ieiuniorum
1765 1559 1869 1597 frigore
1889 1559 2023 1596 puellaris
2059 1570 2061 1573 ·

1174 1608 1248 1636 calor
1270 1607 1475 1644 exstinguitur,
1491 1610 1518 1635 et
1533 1607 1560 1635 in
1576 1607 1699 1635 humano
1721 1615 1837 1644 corpore
1858 1607 2023 1644 Angelorum

1174 1654 1347 1683 conversatio
1368 1654 1534 1690 impetratur
1549 1666 1575 1682 n.
1593 1671 1630 1675 —
1644 1654 1749 1683 Dehinc
1768 1656 1882 1691 propter
1904 1653 2023 1682 debella-

1175 1701 1279 1730 tionem
1294 1701 1501 1738 spiritualium
1516 1700 1659 1735 hostium,
1682 1701 1762 1729 iuxta
1783 1700 1851 1729 illud
1872 1700 2022 1735 Ambrosii,

1174 1748 1221 1777 ubi
1237 1756 1323 1784 supra
1334 1748 1344 1764 ⁹
1358 1759 1364 1776 :
1391 1759 1405 1773 «
1420 1748 1524 1782 Iudith,
1539 1748 1665 1777 ieiunans
1679 1748 1808 1777 omnibus
1822 1748 1920 1777 diebus
1935 1747 2024 1776 vidui-

1175 1795 1237 1824 tatis
1259 1803 1341 1830 suae,
1363 1796 1407 1824 his
1428 1796 1513 1824 armis
1534 1795 1641 1824 munita
1662 1795 1796 1832 processit
1811 1798 1838 1824 et
1852 1803 1962 1824 omnem
1977 1796 2024 1824 As—
2115 1800 2116 1836 1

1174 1843 1313 1880 syriorum
1336 1843 1521 1872 circumvenit
1542 1842 1714 1877 exercitum,
1736 1842 1821 1871 sobrii
1843 1842 1938 1879 vigore
1959 1850 2024 1871 con-

1175 1890 1227 1919 silii
1254 1890 1370 1919 abstulit
1402 1890 1554 1919 Holofernis
1583 1893 1681 1927 caput,
1703 1890 1825 1919 servavit
1846 1889 2024 1926 pudicitiam,

1174 1936 1319 1965 victoriam
1348 1936 1509 1973 reportavit.
1539 1936 1637 1965 Esther
1659 1944 1787 1973 quoque,
1810 1935 1933 1973 pulcrior
1954 1935 2026 1964 facta

1175 1983 1292 2018 ieiunio,
1315 1992 1396 2012 omne
1417 1991 1505 2020 genus
1526 1991 1609 2012 suum
1631 1991 1646 2011 a
1666 1983 1861 2020 persecutione
1882 1982 2023 2016 liberavit,

1175 2031 1212 2059 ita
1232 2034 1264 2059 ut
1286 2038 1377 2067 regem
1400 2031 1450 2059 sibi
1473 2030 1576 2059 faceret
1596 2038 1656 2059 esse
1674 2030 1845 2063 subiectum,
1862 2037 1916 2058 non
1936 2028 2024 2057 libidi-

1174 2078 1217 2106 nis
1231 2078 1331 2106 ardore
1346 2078 1566 2112 inflammatum,
1582 2077 1629 2106 sed
1643 2077 1752 2106 caelesti
1768 2077 1945 2105 miseratione
1960 2084 2024 2105 con-

1173 2132 1302 2158 versum,
1325 2127 1357 2153 ut
1378 2132 1466 2161 poena
1487 2124 1515 2152 in
1536 2124 1652 2161 impium
1674 2126 1905 2161 retorqueretur,
1927 2126 1954 2152 et
1976 2124 2025 2152 ho-

1174 2180 1225 2200 nor
1253 2172 1339 2201 sacris
1371 2171 1536 2201 redderetur
1564 2171 1707 2200 altaribus.
1736 2171 1781 2200 Est
1802 2179 1868 2208 ergo
1889 2171 2023 2200 ieiunium

1173 2218 1404 2247 reconciliationis
1438 2218 1622 2252 sacrificium,
1657 2218 1770 2247 virtutis
1804 2218 2023 2252 incrementum,

2048 722 2108 745 ieiuni,

2037 751 2104 770 compar
2107 754 2117 768 u·

2036 769 2083 789 vitan
2095 773 2118 792 ³³-

2066 793 2104 812 licat

2039 1657 2046 1676 1
2049 1659 2090 1681 tem,
2103 1664 2106 1675 ι
2116 1663 2133 1678 ,τε

2050 1681 2106 1700 daem(
2117 1687 2124 1701 1.

1174 2265 1248 2302 quod
1268 2265 1332 2294 fecit
1353 2266 1435 2294 etiam
1456 2265 1572 2294 feminas
1591 2265 1721 2294 fortiores
1736 2277 1762 2293 ».
2046 2270 2132 2290 ommi·

1256 2312 1299 2340 16.
1324 2312 1373 2340 Per
1395 2311 1530 2340 ieiunium
1551 2311 1634 2340 etiam
1655 2311 1822 2348 impetratur
1842 2311 1964 2348 perfecta
1977 2311 2023 2339 in-
2040 2292 2133 2345 ⁰3¹3ssth

2042 2346 2102 2366 primu
2118 2344 2133 2360 11-

1175 2358 1330 2396 telligyentz'a
1360 2358 1510 2392 veritatis,
1543 2358 1632 2395 primo
1660 2358 1773 2395 quidem
1797 2358 1826 2386 in
1847 2357 2021 2395 operandis,
2056 2369 2124 2397 perans

333 2551 340 2564 ¹
359 2551 416 2574 Cod.
432 2552 449 2573 B
467 2551 600 2574 contemnit.
619 2550 675 2573 Cod.
695 2552 710 2573 Ε
728 2557 753 2573 ea
772 2556 832 2579 quae
849 2557 923 2579 usque
940 2551 969 2573 ad
986 2557 1038 2578 cap.
1050 2550 1073 2572 7.
1085 2557 1120 2573 se-

268 2593 382 2620 quuntur,
404 2591 487 2613 omittit
503 2591 627 2619 solumque
644 2590 735 2612 exhibet
756 2594 800 2612 [res
817 2590 878 2612 locos
897 2590 1028 2618 (Bernardi,
1051 2589 1120 2617 Chry-

269 2630 364 2652 sostomi
382 2632 404 2652 et
420 2629 552 2658 Augustini)
571 2629 600 2651 de
617 2629 685 2651 laude
703 2629 787 2651 ieiunii.

333 2668 341 2681 ²
359 2669 427 2691 Num.
445 2669 467 2690 9.

333 2707 342 2720 ³
359 2707 403 2730 Csr.
422 2714 491 2735 supra
510 2714 564 2735 pag.
585 2708 641 2736 263,
659 2710 713 2729 nota
735 2708 752 2729 1.

332 2746 342 2758 ⁴
360 2747 413 2768 Sive
430 2747 459 2769 de
477 2747 524 2769 Elia
541 2750 563 2768 et
581 2746 680 2773 ieiunio,
697 2753 718 2769 0.
737 2746 757 2768 4.
775 2752 795 2768 n.
815 2746 836 2768 6.
854 2752 902 2774 seq.
920 2746 1050 2774 Respicitur
1062 2746 1117 2768 Gen.

271 2786 292 2812 3,
314 2787 331 2807 1.
350 2787 402 2808 Post
418 2785 565 2815 resplenduit
581 2790 603 2808 et
620 2785 706 2815 (111116νί
723 2788 797 2808 textus
814 2786 931 2813 originalis
948 2786 1013 2813 plura
1031 2785 1102 2808 addit.

333 2824 342 2837 ⁵
359 2824 414 2852 Cap.
432 2826 454 2847 2.
471 2828 493 2847 et
512 2825 532 2847 3.
550 2831 572 2847 n.
592 2825 613 2847 3.
630 2827 652 2847 et
671 2824 690 2847 4.
709 2825 741 2847 De
760 2825 803 2847 Elia
822 2824 876 2847 vide
901 2825 939 2847 lV.
960 2825 1018 2852 Reg.
1036 2825 1063 2851 2,
1082 2825 1118 2846 11.

272 2866 294 2886 61
310 2864 377 2886 Eccli.
396 2864 437 2892 48,
455 2864 484 2889 9:
502 2864 531 2886 de
548 2864 633 2886 Ioanne
651 2865 704 2886 Luc.
727 2864 744 2891 l,
767 2864 808 2886 17:
825 2864 851 2886 Et
868 2864 918 2892 ipse
930 2863 1054 2891 praecedet
1066 2866 1119 2885 ante

271 2903 334 2925 illum
352 2903 373 2924 in
391 2903 472 2930 spiritu
490 2906 512 2925 et
524 2903 609 2925 virtute
621 2903 696 2931 Eliae;
709 2903 784 2925 Matth.
798 2903 825 2930 3,
838 2903 857 2924 1.
870 2909 937 2931 seqq.
950 2905 972 2925 et
986 2903 1022 2924 ii.
1035 2902 1056 2924 9.
1069 2908 1118 2930 seq.

334 2941 343 2954 ‘³
360 2941 406 2964 Csr.
423 2948 492 2970 supra
510 2948 564 2970 pag.
582 2942 609 2970 3,
627 2944 680 2964 nota
700 2942 721 2964 4.

335 2980 343 2992 ⁷
361 2980 428 3008 Epist.
440 2981 492 3003 130.
503 2980 567 3009 (alias
577 2981 607 3009 8.)
619 2981 688 3003 11.110.
699 2981 831 3008 Allegantur
842 2981 876 3003 ΡΞ.
886 2980 924 3007 34,
936 2981 973 3003 13.
984 2980 1070 3007 61101,
1084 2980 1118 3002 10.

335 3018 344 3031 ³
360 3020 413 3042 Loc.
431 3020 468 3042 cit.
486 3020 615 3047 Respicitur
634 3020 688 3041 Dan.
708 3020 734 3048 3,
753 3020 790 3042 115.
803 3026 868 3048 seqq.
881 3022 903 3042 et
914 3020 1025 3047 allegatur
1037 3025 1059 3041 v.
1073 3019 1117 3041 92:

1177 2551 1235 2572 Ecce
1252 2556 1296 2578 ego
1315 2548 1551 2579 [Nabuchodonosor]
1570 2548 1638 2571 video
1655 2551 1755 2577 quatuor
1772 2547 1835 2569 viros
1847 2547 1934 2570 solutos
1946 2550 2024 2569 etam·
2120 2537 2122 2587 1

1178 2588 1281 2611 balantes
1299 2589 1323 2610 in
1340 2588 1417 2610 medio
1435 2588 1506 2616 ignis,
1519 2591 1541 2610 et
1552 2588 1606 2610 nihil
1623 2587 1777 2615 corruptionis
1794 2586 1817 2608 in
1834 2586 1867 2608 eis
1885 2588 1925 2613 est,
1939 2588 1961 2608 et
1975 2592 2024 2613 spe·
2120 2592 2122 2608 l

1177 2629 1223 2651 cies
1241 2628 1317 2657 quarti
1334 2628 1415 2650 similis
1433 2628 1478 2649 filio
1498 2627 1545 2649 Dei.
1563 2627 1649 2649 Textus
1666 2626 1784 2654 originalis
1809 2626 1861 2648 hinc
1887 2625 1941 2647 inde
1957 2625 2023 2653 plura
2120 2613 2121 2635 1

1176 2668 1254 2694 addit,
1271 2667 1388 2689 substituit
1405 2666 1476 2696 quusi
1491 2665 1535 2696 filii
1552 2665 1653 2689 hominis
1672 2672 1714 2693 pro
1740 2665 1810 2695 quasi
1825 2664 1870 2695 filii
1888 2663 1940 2692 Dei,
1959 2667 1980 2686 et
2002 2664 2024 2685 in
2120 2662 2122 2676 l

1177 2707 1222 2728 fine
1239 2707 1310 2734 legit:
1327 2709 1349 2728 et
1366 2706 1506 2728 ieiuniorum
1523 2705 1601 2733 rigore
1619 2705 1683 2734 [alias
1707 2704 1806 2734 frissore]
1839 2705 1899 2726 calor
1916 2704 2024 2732 puellaris

1176 2746 1340 2773 exstinguitur,
1352 2745 1409 2767 etin
1427 2746 1528 2767 humano
1545 2750 1643 2772 corpore
1659 2744 1799 2772 Angelorum
1818 2744 1954 2771 impetratur
1971 2749 2024 2765 0011-

1175 2785 1274 2807 versatio
1292 2784 1356 2814 [Vat.
1373 2790 1427 2807 011111
1445 2784 1515 2806 codd.
1532 2788 1554 2806 et
1570 2783 1606 2805 ed.
1626 2783 1646 2811 i,
1664 2784 1677 2805 2
1690 2785 1713 2806 et
1722 2783 1828 2806 humano
1841 2782 1937 2812 corpori
1948 2783 2026 2811 Anae-

1177 2823 1258 2847 lorum
1275 2822 1423 2846 conuersatio
1442 2822 1588 2852 imperatur,
1606 2822 1625 2844 D
1642 2821 1784 2851 inseratur}

1239 2861 1249 2874 ⁰
1266 2862 1326 2885 Libr.
1345 2863 1374 2885 de
1391 2862 1436 2884 Elia
1454 2865 1477 2884 et
1494 2861 1579 2884 ieiunio
1596 2867 1617 2884 0.
1634 2862 1656 2883 9.
1676 2868 1697 2883 n.
1715 2861 1780 2883 29-31
1793 2879 1798 2888 ,
1811 2860 1850 2883 ubi
1863 2863 1938 2882 tamen
1951 2862 2024 2882 textus

1176 2902 1295 2929 originalis
1312 2902 1378 2929 plura
1396 2901 1517 2923 interserit.
1534 2901 1567 2923 De
1583 2900 1657 2922 Iudith
1675 2900 1729 2922 vide
1746 2900 1820 2922 Iudith
1839 2900 1865 2927 8,
1884 2899 1912 2921 6:
1939 2899 2024 2921 Ieiuna-

1176 2939 1216 2962 hat
1232 2939 1341 2962 omnihus
1358 2939 1441 2962 diebus
1459 2939 1519 2961 vitae
1535 2945 1591 2961 suae
1608 2942 1650 2961 610.
1668 2939 1701 2961 De
1712 2939 1792 2961 Esther
1804 2939 1844 2960 cfr.
1856 2939 1936 2960 Esther
1948 2937 1969 2964 4,
1982 2937 2023 2959 16;

1176 2980 1224 3007 Ego
1242 2985 1296 3002 cum
1313 2979 1400 3001 ancillis
1417 2979 1474 3001 meis
1491 2978 1595 3001 similiter
1612 2978 1733 3005 ieiunabo,
1751 2980 1773 3000 et
1790 2980 1844 3000 tunc
1860 2976 1977 3004 ingrediar
1994 2977 2022 2998 ad

1174 3024 1254 3046 regem
1273 3021 1316 3041 etc.
