2133 3317
362 265 419 288 MUL

111 304 227 327 consortio
256 304 379 327 mulierum
408 303 528 326 observari
556 305 675 332 nequeunt

112 343 156 366 432
175 343 188 366 4
205 355 236 360 ——
253 343 373 366 Mulierum
390 343 531 366 consortium
552 345 575 365 et
597 345 675 365 conta-

111 384 173 405 ctum
190 382 264 405 vitare
281 383 408 410 perfectum
425 384 460 404 est
477 381 521 404 242
541 382 564 403 11
585 393 616 398 -
633 382 675 403 501-

111 421 193 444 licitius
210 422 332 444 evitandae
348 425 401 444 sunt
419 421 462 443 487
481 422 503 443 2,
523 420 568 442 494
586 420 608 442 b.
629 420 673 443 517

111 460 125 483 5
142 472 172 477 -
189 461 311 489 Nunquam
323 460 494 488 respiciendum
506 463 540 482 est
557 459 580 481 in
593 459 674 481 faciem

111 499 213 522 mulieris
230 499 274 521 487
293 500 306 521 2
325 511 353 514 —
377 498 493 521 Frivolum
516 501 550 521 est
572 498 675 520 mulieris

111 538 264 567 colloquium,
282 541 376 566 excepta
393 537 535 560 confessione
546 537 582 559 vel
595 538 675 559 instru-

111 577 186 599 ctione
204 576 340 599 brevissima
358 576 403 598 517
421 577 435 599 5
454 589 482 592 —
508 576 584 599 Verba
603 576 675 604 ipsius

111 616 218 638 citissime
243 615 430 638 circumcidenda
457 618 510 637 sunt
536 615 579 637 487
606 616 619 637 2

111 655 171 683 Quid
188 655 216 677 sit
232 657 365 682 suspectum
383 655 525 677 consortium
550 654 674 676 mulierum

112 693 157 716 435
174 694 187 716 2

157 745 188 748 -
215 732 238 754 111
259 732 370 755 adulterio
394 732 536 759 deprehensa
554 732 675 760 poenitens

110 773 206 799 paterno
223 772 305 793 affectu
323 777 335 793 a
347 770 436 794 Christo
453 774 560 798 suscepta
571 774 594 793 et
610 770 675 793 abso-

111 810 157 832 luta
174 813 208 832 est
224 810 254 832 74
281 810 306 832 13
331 823 359 825 -
385 810 566 832 concomitantes
589 812 676 831 susten-

111 848 189 871 tabant
200 848 316 871 Christum
334 849 380 871 285
398 849 434 871 39.
454 848 498 871 415
515 849 528 870 8
543 861 574 865 -
585 848 675 870 Christo

112 890 205 910 mortuo
222 888 306 916 pietate
328 888 429 910 officiosa
452 887 620 910 famulabantur
645 887 674 909 80

111 926 141 948 32
153 939 184 942 —
196 927 295 955 pavidae
304 928 443 949 confortatae
452 930 546 954 aspectu
555 926 636 954 Angeli
646 927 670 948 8l

112 965 142 988 34
158 978 189 982 -
206 965 338 988 Mulieribus
356 966 468 988 Dominus
485 971 609 993 resurgens
632 965 676 993 pri-

111 1010 176 1027 mum
193 1004 301 1032 apparuit
318 1007 413 1032 propter
429 1004 560 1026 devotionis
574 1004 675 1026 intensae

111 1044 216 1065 affectum
235 1042 288 1066 ibid.

157 1082 320 1108 Mummoouiun
341 1095 372 1098 —-
398 1082 521 1110 exstinguit
545 1082 675 1104 devotionis

111 1122 225 1144 fervorem
244 1121 288 1143 453
310 1121 325 1143 b
342 1134 373 1136 —
390 1121 510 1143 vitandum
528 1124 562 1143 est
580 1120 625 1143 484
642 1122 656 1143 2

160 1160 270 1182 Mutuum
287 1172 317 1176 —
341 1160 446 1182 mentalis
471 1163 505 1182 est
527 1159 551 1182 in
572 1165 675 1182 sursum-

111 1199 200 1221 actione
217 1199 238 1221 in
258 1199 331 1221 Deum
348 1198 392 1221 246
410 1199 436 1225 6,
449 1199 461 1220 8
474 1210 505 1215 —
516 1199 643 1226 corporalis
654 1201 676 1221 et

111 1238 235 1266 spiritualis
252 1244 295 1266 pro
306 1244 324 1260 5.
336 1238 473 1260 eucharistia
485 1237 617 1266 recipienda
634 1238 670 1259 101

110 1276 125 1299 7
141 1289 174 1294 -
189 1283 268 1299 rerum
285 1277 315 1299 ad
331 1277 469 1299 sacrificium
482 1277 562 1299 Missae
573 1280 676 1305 spectan-

112 1315 168 1338 tium
186 1315 240 1338 ibid.

157 1355 249 1377 Munnus
264 1367 296 1371 —
312 1360 351 1377 sex
368 1354 452 1377 diebus
470 1354 491 1376 in
509 1360 560 1377 esse
580 1357 675 1377 naturae

111 1393 239 1421 productus
255 1397 289 1416 est
306 1393 350 1415 246
369 1394 381 1415 8
394 1405 424 1409 -
437 1393 512 1416 Mundi
526 1393 674 1416 fundamenta

111 1435 163 1455 sunt
179 1438 249 1460 opera
267 1432 336 1454 trium
354 1433 457 1460 priorum
475 1433 579 1460 dierum,
606 1433 673 1455 trium

111 1470 257 1498 sequentium
274 1472 326 1492 sunt
344 1470 512 1498 complementa
530 1469 560 1492 ib.
572 1470 585 1492 9
597 1482 628 1486 —
639 1470 674 1492 Ad

159 1743 262 1765 Nsmnuu
279 1755 308 1759 —
326 1742 367 1765 541
389 1743 411 1765 9.
430 1743 474 1765 549
494 1743 532 1765 10.
550 1743 590 1765 561
614 1742 626 1765 4

159 1782 278 1804 ΝΛτινιτΑ5
302 1795 333 1797 -
359 1782 418 1810 Quid
436 1782 465 1804 sit
482 1782 589 1804 nativitas
613 1782 678 1810 spiri-

114 1821 179 1843 tualis
195 1820 277 1844 Christi
295 1821 318 1843 in
334 1821 410 1843 anima
434 1821 458 1843 9l
488 1821 496 1843 4
526 1833 556 1838 --
581 1822 678 1844 Effectus

112 1860 216 1883 eiusdem
234 1859 288 1883 ibid.
305 1872 337 1877 —
353 1860 470 1889 Requisita
488 1860 517 1882 ad
534 1866 585 1883 eam
598 1867 678 1888 perve-

113 1899 190 1922 niendi
208 1898 238 1922 ib.
254 1900 276 1921 2.
287 1905 340 1928 sqq.
351 1911 382 1915 ——
394 1899 513 1922 Beatitudo
526 1899 595 1922 huius
606 1902 678 1922 status

111 1937 142 1961 ib.
160 1938 173 1960 3
191 1950 221 1955 -
239 1938 271 1960 De
287 1938 359 1960 variis
375 1938 455 1966 signis,
472 1944 533 1967 quae
546 1939 679 1961 acciderunt

115 1977 137 1999 in
155 1977 273 1999 nativitate
290 1976 372 2000 Christi
391 1977 420 2000 95
437 1983 458 2005 a,
476 1977 491 1999 b
509 1989 539 1993 —
556 1977 678 2006 Quomodo

113 2017 170 2039 haec
187 2016 253 2044 signa
269 2016 417 2044 spiritualiter
433 2016 573 2038 innoventur
585 2016 613 2038 96
626 2022 679 2038 a—

114 2054 197 2078 Christi
213 2055 346 2078 solemniter
363 2054 491 2077 celebratur
508 2061 521 2077 a
544 2056 567 2077 S.
591 2055 679 2077 Franci-

114 2100 154 2117 sco
171 2094 216 2116 535
233 2094 247 2116 7

161 2133 253 2156 NATURA
271 2146 301 2149 —
318 2133 456 2155 Naturarum
474 2133 604 2156 nobilitates
626 2136 680 2156 sunt

114 2172 192 2195 variae
208 2172 337 2195 secundum
355 2172 430 2201 magis
455 2175 477 2194 et
502 2172 578 2195 minus
604 2172 625 2194 in
648 2172 680 2195 di-

87 2217 90 2221 ·
116 2211 189 2233 versis
205 2217 282 2234 rerum
300 2211 425 2239 generibus
441 2211 485 2233 267
499 2211 512 2233 4
524 2224 554 2228 -
566 2211 679 2234 Beneficia

118 2250 243 2278 spectantia
259 2250 289 2272 ad
306 2251 503 2278 complementum
521 2253 616 2272 naturae
627 2256 680 2272 con-

115 2288 239 2311 sideranda
256 2289 268 2310 6
288 2289 312 2311 11
333 2300 364 2304 ——
388 2289 430 2311 Pro
447 2289 622 2316 complementis
643 2295 679 2311 na-

114 2329 180 2350 turae
196 2333 281 2356 magna
299 2327 458 2350 benevolentia
475 2327 604 2350 exhibenda
621 2330 655 2350 est
666 2327 679 2349 9

116 2366 131 2388 7
147 2378 178 2383 -
196 2366 228 2389 De
248 2367 409 2389 vulneratione
435 2369 529 2388 naturae
554 2366 680 2388 dolendum

118 2405 147 2428 12
165 2406 178 2427 2
197 2418 226 2421 -
243 2405 404 2433 Propriissime
420 2405 548 2428 secundum
575 2407 680 2427 naturam

115 2444 196 2467 vivere
212 2445 285 2467 estin
310 2444 376 2467 terris
398 2445 519 2466 caelestem
545 2444 616 2466 vitam
641 2444 682 2466 du-

115 2489 168 2506 cere
185 2483 213 2505 49
233 2484 256 2505 11
278 2495 309 2500 -
327 2483 387 2506 Deus
404 2483 519 2512 quaedam
538 2483 628 2505 ordinat
640 2489 681 2511 per

116 2524 222 2545 naturam
238 2522 264 2545 71
288 2523 295 2544 1

162 2561 235 2584 Nuus
252 2574 281 2577 —
299 2561 416 2589 illegitime
433 2561 521 2583 nullum
543 2561 680 2583 heneficium

118 2600 237 2629 acquirere
254 2602 329 2628 potest
347 2600 390 2622 358
409 2606 421 2622 a

164 2639 240 2662 Naum
257 2652 288 2655 —
305 2639 431 2667 providens
456 2641 627 2667 tempestatem,
653 2640 682 2661 fe-

119 2677 186 2700 stinat
203 2678 292 2706 ingredi
311 2681 403 2706 portum
422 2684 530 2700 securum
549 2678 593 2700 150
612 2677 640 2700 14

167 2717 276 2739 ΝΑνιουιΛ
293 2729 325 2733 -
342 2717 399 2739 Petri
423 2717 538 2744 significat
559 2717 681 2739 Ecclesiam

121 2755 165 2777 377
185 2756 208 2777 11
229 2767 260 2772 -
277 2755 390 2784 significat
408 2756 485 2778 varias
497 2758 570 2778 sortes
582 2755 679 2783 discipu-

118 2793 193 2816 lorum
211 2794 251 2816 39l
274 2795 287 2816 2
305 2807 334 2810 -
352 2794 416 2816 Duae
433 2795 525 2817 fuerunt
541 2800 611 2816 naves
633 2800 682 2822 pro·

118 2835 169 2861 pter
185 2833 383 2856 circumcisionem
401 2836 423 2856 et
441 2833 587 2861 praeputium
605 2832 659 2856 ibid.

166 2871 329 2894 NAzanAEonuu
346 2885 376 2888 —
394 2872 528 2895 abstinentia
546 2872 590 2895 263
608 2872 635 2894 19
653 2884 683 2889 -

121 2910 204 2932 Eorum
221 2910 279 2933 ritus
294 2911 408 2938 significat
431 2911 581 2939 cogitationes
605 2917 684 2939 super-

120 2949 178 2972 fluas
194 2949 331 2972 resecandas
348 2950 389 2971 281
412 2949 440 2971 28

163 2988 268 3011 Nanctus
285 3001 314 3004 —
331 2988 376 3011 559
396 2988 404 3010 4

802 225 901 253 INDEX
922 225 1168 254 ALPBAHETICUS.

707 302 808 325 universi
825 303 1003 331 completionem
1020 303 1156 326 constitutae
1167 305 1220 325 sunt
1237 302 1271 325 di-

707 347 787 364 versae
804 348 882 364 rerum
899 342 988 370 species
1010 342 1054 364 243
1082 343 1106 364 12
1131 354 1162 358 -
1185 342 1269 363 Totum

707 380 842 403 universum
859 381 939 403 datum
957 383 990 403 est
1007 381 1094 403 homini
1111 381 1173 403 dono
1190 386 1271 408 super-

707 419 862 442 abundantiae
879 421 893 441 6
911 420 940 442 13
952 433 981 436 -
993 420 1113 442 ordinatus
1130 423 1165 442 est
1181 419 1210 442 ad
1228 419 1270 441 mi-

707 458 827 480 nisterium
845 459 944 481 hominis
965 459 994 481 32
1011 459 1025 480 7
1048 471 1078 474 -
1100 459 1180 481 01111113
1204 464 1271 480 1111111-

707 497 766 519 dana
783 500 859 520 ereata
876 500 929 520 sunt
946 500 1040 525 propter
1052 497 1169 520 hominem
1183 497 1227 519 309
1241 497 1269 519 13

706 548 737 552 -
754 537 799 558 Res
816 537 948 559 mundanae
964 540 1017 559 sunt
1037 537 1073 558 vel
1099 536 1209 564 mobiles,
1234 536 1270 558 vel

708 575 840 597 immobiles
857 575 901 597 442
926 576 954 597 16
976 588 1008 592 -
1030 575 1194 603 conflagrabit,
1219 582 1270 598 con-

707 613 853 636 currentibus
870 613 965 642 ignibus
983 615 1011 636 83
1031 614 1059 636 42
1076 627 1106 630 -
1124 613 1270 636 innovabitur

707 653 729 674 in
742 653 823 675 melius
835 653 864 675 84
878 653 905 675 44
917 665 949 670 -
958 654 1070 676 Mundana
1083 656 1136 675 sunt
1151 652 1270 679 instabilia,

708 691 834 718 mutabilia,
847 691 983 714 miserabilia
994 693 1022 714 28
1032 693 1045 714 2
1055 692 1171 715 —Mundi
1184 698 1269 719 pompa

708 731 729 752 in
746 731 919 758 comparatione
930 732 1033 757 caelestis
1046 731 1228 759 magnificentiae
1240 731 1271 753 ni-

709 770 738 791 hil
756 773 790 792 est
805 770 833 791 60
858 770 886 792 44
903 783 933 786 —
951 770 1063 793 Mundana
1087 770 1132 792 cito
1155 773 1271 792 transeunt

707 811 729 830 et
746 811 886 831 evanescunt
903 809 932 830 34
954 809 980 831 15
997 822 1027 825 -
1039 810 1124 831 Rerum
1143 809 1271 831 mundana-

707 853 758 869 rum
777 848 866 869 vanitas
883 848 963 875 triplex
981 851 1015 870 est
1033 848 1061 870 44
1079 849 1100 870 2.
1119 848 1147 870 45
1173 848 1194 870 3.
1219 854 1270 877 sqq.

713 885 766 908 Vide
784 892 805 909 v.
827 886 984 916 Temporalia.
995 899 1027 903 —
1038 886 1197 909 subministrat
1215 887 1272 909 mul-

710 925 809 952 tiplicem
827 925 958 953 passionem
977 925 1020 947 443
1039 926 1067 947 20
1085 938 1115 942 -
1136 926 1217 948 Anima
1242 926 1271 948 de

710 963 833 986 mundanis
850 964 990 987 vanitatibus
1015 971 1113 992 paucam
1136 965 1271 987 consolatio-

708 1008 773 1030 nem,
791 1003 885 1024 multam
906 1003 1084 1025 amaritudinem
1110 1006 1132 1025 et
1153 1003 1272 1025 desolatio-

709 1047 773 1068 nem,
791 1042 871 1064 exilem
890 1042 1010 1069 laetitiam,
1028 1042 1069 1064 sed
1086 1042 1175 1064 ’variam
1187 1045 1210 1064 et
1227 1048 1272 1064 ma-

710 1086 778 1107 gnam
797 1080 873 1102 cordis
899 1081 1012 1103 tristitiam
1038 1081 1107 1103 sumit
1133 1081 1161 1102 49
1191 1081 1215 1102 13
1241 1093 1272 1097 -

708 1119 789 1141 Gravis
806 1122 828 1141 et
845 1119 973 1147 periculosa
990 1122 1024 1142 est
1041 1120 1159 1142 mundana
1175 1126 1273 1142 conver-

707 1158 765 1180 satio
783 1158 811 1180 46
830 1158 843 1180 4
865 1171 896 1175 —-
921 1160 942 1181 ln
960 1159 1078 1186 prosperis
1094 1159 1179 1181 saeculi
1205 1159 1272 1181 nimis

709 1196 803 1219 insidiae
821 1197 967 1220 inimicorum
983 1198 1053 1220 latent
1075 1198 1114 1219 199
1132 1198 1163 1220 74
1180 1210 1210 1214 -
1233 1198 1272 1220 mi-

708 1242 745 1258 ser
761 1238 806 1263 est,
824 1239 846 1258 et
864 1236 985 1259 miserrimi
1003 1237 1042 1265 qui
1055 1239 1184 1265 sequuntur
1195 1237 1272 1265 ipsum

708 1274 736 1296 48
754 1275 767 1296 9
792 1287 824 1291 -
848 1276 957 1298 Homines
974 1276 1084 1298 mundani
1108 1276 1202 1303 pessimi
1220 1279 1273 1298 sunt

709 1313 748 1335 441
772 1313 800 1336 14
817 1326 848 1330 -
865 1314 925 1336 Multi
944 1315 1054 1337 mundani
1072 1318 1220 1337 excaecantur
1244 1314 1271 1336 47

708 1353 730 1375 8.
748 1359 782 1381 sq.
800 1365 830 1370 —
856 1353 933 1376 Mundi
950 1354 1046 1381 gloriam
1065 1357 1202 1382 quaerentes
1219 1356 1271 1376 sunt

707 1392 820 1414 excaecati
838 1392 867 1414 45
885 1393 898 1414 3
919 1405 949 1408 -
972 1392 1049 1415 Mundi
1072 1392 1185 1414 sensibilis
1202 1392 1272 1414 caeci·

708 1433 754 1457 tas,
771 1431 876 1453 sterilitas
897 1434 919 1453 et
941 1431 1049 1460 iniquitas
1071 1431 1213 1453 manifestata
1238 1434 1272 1453 est

707 1475 748 1497 per
764 1475 857 1492 crucem
880 1470 903 1492 l3
923 1470 936 1492 4
953 1471 1069 1493 -lucem
1082 1476 1161 1492 veram
1178 1473 1200 1492 et
1211 1476 1272 1492 sum-

968 1601 1013 1647 N

756 1744 888 1766 Nncessms
918 1755 949 1760 -—
974 1743 1092 1766 manifesta
1119 1743 1214 1766 includit
1238 1743 1274 1765 vel

710 1788 805 1810 gravem
824 1783 993 1811 infirmitatem,
1010 1783 1046 1805 vel
1058 1783 1171 1805 defectum
1184 1782 1275 1805 virtutis

710 1821 732 1843 in
750 1821 830 1844 labore
847 1821 971 1844 inevitabili
990 1821 1034 1844 409
1053 1822 1065 1843 8
1090 1834 1121 1837 -
1143 1822 1275 1849 corporales

710 1860 849 1883 relevandae
875 1864 928 1883 sunt
960 1861 1120 1889 supportando
1149 1860 1274 1888 patienter,

711 1900 850 1922 consolando
882 1899 1045 1928 amicabiliter,
1077 1899 1274 1922 subministrando

712 1939 840 1966 humiliter,
857 1939 958 1961 hilariter
979 1942 1001 1961 et
1026 1939 1205 1961 misericorditer
1231 1939 1275 1960 130

716 1978 741 1999 10
757 1990 788 1994 -
814 1978 885 2006 Quale
908 1978 943 2000 ius
967 1978 990 2000 in
1015 1977 1085 2000 rebus
1111 1977 1276 2005 temporalibus

713 2016 797 2039 tribuat
814 2017 936 2039 necessitas
954 2019 1054 2039 extrema
1078 2017 1123 2039 309
1143 2017 1169 2039 13
1195 2029 1226 2033 -
1252 2017 1274 2038 ln

712 2056 806 2078 articulo
832 2056 972 2079 necessitatis
997 2060 1111 2078 extremae
1128 2055 1225 2084 quilibet
1242 2059 1276 2077 est

712 2095 820 2117 sacerdos
838 2095 945 2123 proprius
966 2095 1011 2117 379
1031 2095 1066 2117 14.
1084 2095 1129 2117 383
1147 2094 1160 2116 7

759 2134 896 2156 ΝΕσΛτιοΝΕ5
921 2146 951 2150 -
976 2134 1028 2156 licet
1055 2134 1130 2156 minus
1154 2133 1276 2156 videantur

713 2173 802 2200 dicere,
821 2173 871 2200 plus
888 2173 967 2195 dicunt
986 2173 1014 2194 17
1042 2173 1069 2195 13
1095 2185 1126 2189 -
1151 2172 1277 2200 praeexigit

712 2212 887 2234 affirmationem
916 2211 970 2234 ibid.
1000 2224 1030 2228 —
1059 2212 1081 2234 ln
1113 2211 1276 2239 negationibus

712 2251 772 2273 circa
796 2251 874 2273 divina
903 2250 928 2273 nt
944 2251 1136 2279 supereminentis
1158 2251 1277 2278 positionis

713 2289 807 2312 inclusio
835 2289 888 2312 ibid.
915 2301 946 2306 —
972 2289 994 2312 in
1022 2289 1106 2312 divinis
1130 2292 1184 2312 sunt
1208 2296 1277 2312 verae

713 2327 767 2351 ibid.

760 2367 907 2389 Nscttosn'm
930 2379 958 2382 —
984 2366 1110 2394 generatim
1138 2367 1216 2394 triplex
1243 2370 1278 2390 est

716 2406 759 2428 108
778 2406 791 2427 2
811 2418 838 2421 —
855 2406 932 2428 cordis
944 2406 1100 2433 custodiendi,
1117 2406 1229 2434 temporis
1241 2412 1278 2428 ex-

714 2445 830 2472 pendendi
847 2447 869 2467 et
886 2445 938 2467 finis
954 2444 1089 2467 intendendi
1107 2444 1119 2467 4
1138 2444 1150 2466 4
1167 2457 1198 2461 —
1222 2445 1279 2467 111111-

716 2483 784 2511 tiplex
801 2483 942 2506 recordanda
961 2483 1015 2506 ibid.
1032 2496 1063 2500 —-
1079 2483 1101 2505 in
1123 2484 1237 2511 oratione,
1255 2484 1277 2506 in

714 2522 825 2549 lectione,
843 2522 864 2544 in
882 2522 936 2544 boni
954 2522 1031 2550 operis
1056 2523 1201 2545 exsecutione
1223 2522 1277 2545 ibid.

714 2573 744 2577 -
762 2561 792 2583 ad
809 2561 987 2589 poenitendum,
1004 2561 1033 2584 ad
1059 2561 1225 2589 resistendum,
1248 2561 1277 2584 ad

715 2600 883 2628 proficiendum
900 2599 955 2622 ibid.
981 2612 1010 2616 -—-
1033 2600 1110 2622 Plures
1128 2600 1149 2622 in
1172 2599 1278 2628 pluribus

715 2639 813 2667 negotiis
830 2644 899 2667 saepe
916 2639 973 2661 flunt
989 2639 1132 2667 negligentes
1150 2639 1193 2661 439
1217 2639 1230 2660 8
1246 2651 1278 2656 —

715 2678 733 2700 Α
750 2678 896 2706 negligentiis
913 2678 1008 2706 purgari
1026 2684 1119 2700 necesse
1136 2680 1170 2700 est
1187 2678 1209 2700 111
1231 2678 1277 2700 vita

717 2716 771 2739 ibid.
787 2729 818 2733 —
841 2717 862 2739 111
887 2717 1019 2739 aeternitate
1045 2717 1126 2739 durius
1150 2717 1278 2745 puniuntur

715 2755 769 2778 ibid.
786 2768 817 2772 —
834 2756 929 2784 Propter
951 2756 1115 2784 negligentiam
1133 2756 1210 2779 divina
1227 2757 1278 2778 cha-

715 2794 808 2817 rismata
825 2795 954 2822 perduntur
971 2795 999 2817 56
1019 2795 1047 2817 12
1058 2806 1089 2811 -
1101 2795 1143 2817 Pro
1160 2795 1278 2823 negligen-

716 2833 745 2855 tia
771 2834 817 2856 Deo
843 2834 899 2856 ratio
924 2834 1042 2856 reddenda
1069 2837 1103 2856 est
1126 2834 1171 2855 435
1197 2834 1224 2855 16
1248 2846 1277 2849 -

716 2872 791 2895 01111115
807 2873 918 2895 excutitur
935 2872 1068 2895 strenuitate
1085 2873 1099 2895 5
1116 2873 1129 2894 9
1152 2885 1181 2888 —
1205 2873 1279 2900 expel-

716 2911 782 2934 lenda
800 2914 834 2934 est
851 2917 892 2939 per
909 2911 1042 2934 exercitium
1065 2911 1120 2933 boni
1143 2911 1231 2939 operis,
1249 2912 1278 2933 la-

715 2956 848 2978 crymarum
864 2950 1024 2973 contritionem
1042 2953 1064 2973 et
1076 2950 1204 2973 devotionis
1216 2951 1278 2972 flam·

717 2995 778 3011 mam
800 2989 840 3011 102
859 2989 872 3011 9

1810 226 1865 254 725

1558 264 1616 286 ΝΟΜ

1304 309 1365 325 1113111
1383 309 1429 325 11011
1446 303 1541 331 agnovit
1558 303 1610 326 ibid.
1631 315 1663 320 —
1688 303 1803 326 Christum
1827 303 1868 326 de-

1303 342 1376 369 spexit
1393 341 1446 365 ibid.
1472 354 1503 359 --
1525 343 1598 364 Deum
1616 346 1638 364 et
1655 342 1779 365 Dominum
1797 348 1866 365 suum

1304 381 1413 404 interfecit
1429 380 1482 404 ibid.
1500 393 1531 398 —
1547 381 1710 410 despiciendus
1735 384 1769 404 est
1795 381 1823 404 44
1847 381 1868 403 4.

1305 418 1332 441 48
1351 420 1379 441 10
1402 432 1432 436 -
1454 420 1620 449 relinquendus
1644 423 1666 442 et
1688 420 1811 448 fugiendus
1833 422 1868 442 est

1303 458 1333 480 54
1358 459 1372 481 5
1397 471 1428 475 —
1452 459 1541 482 Gaudia
1567 460 1681 482 mundana
1704 462 1759 482 sunt
1778 465 1867 481 venena

1304 497 1420 520 mortifera
1437 498 1461 520 51
1486 499 1513 519 18
1540 510 1570 514 —
1595 497 1765 521 Consolationes
1787 498 1867 520 mundi

1304 537 1396 564 penitus
1413 537 1551 560 reiiciendae
1568 540 1620 560 sunt
1637 538 1662 559 51
1688 538 1721 559 18.
1741 538 1784 559 493
1802 537 1817 560 b
1836 550 1868 554 —

1304 576 1377 597 Homo
1402 582 1448 598 non
1474 579 1547 604 potest
1573 577 1636 598 facile
1662 579 1762 599 mentem
1780 583 1793 599 a
1810 577 1867 599 salsi-

1304 617 1348 636 tate
1365 618 1387 636 et
1403 614 1548 637 instabilitate
1567 615 1647 638 mundi
1670 618 1775 638 avertere
1802 615 1829 637 46
1853 616 1866 638 4

1303 666 1333 668 -
1352 654 1480 681 Spiritualis
1493 654 1602 676 mercatio
1614 660 1627 676 a
1640 655 1719 676 mundi
1732 657 1867 682 contemptu

1303 698 1396 714 sumere
1413 692 1482 715 debet
1499 693 1588 715 initium
1606 692 1650 715 507
1671 693 1683 715 4
1700 706 1731 708 —
1754 693 1868 721 Speranti-

1304 730 1348 752 bus
1365 731 1471 753 solatium
1489 734 1523 753 est
1539 737 1551 753 a
1570 731 1657 754 mundo
1670 732 1809 760 sequestrari
1822 733 1866 754 326

1304 769 1333 791 28
1351 782 1382 786 -
1398 770 1469 792 Nemo
1488 771 1586 798 perfecte
1607 770 1653 792 Deo
1670 771 1757 793 servire
1780 774 1867 799 potest,

1304 808 1348 830 nisi
1365 815 1377 830 a
1395 809 1482 831 mundo
1508 815 1532 831 se
1556 809 1666 831 dissolvat
1690 809 1713 831 41
1745 810 1764 832 1.
1792 809 1831 831 491
1858 811 1862 831 1

1304 860 1334 862 -
1351 848 1470 876 quomodo
1487 854 1498 869 a
1512 848 1634 876 Religiosis
1645 848 1772 877 derelinqui
1785 848 1869 871 debeat

1306 886 1350 908 114
1368 887 1380 908 8
1398 899 1429 903 -
1446 887 1567 909 Mundanis
1584 893 1651 909 nenio
1663 893 1688 909 se
1701 887 1817 915 implicare
1830 887 1870 910 de—

1304 925 1344 948 bet
1361 925 1404 948 443
1423 927 1452 947 22
1471 938 1500 941 —
1512 926 1654 953 crucifigitur
1671 926 1771 954 homini,
1783 926 1869 948 011150-

1304 964 1340 986 lus
1358 965 1417 987 Deus
1434 965 1509 992 placet
1527 965 1540 986 9
1559 965 1572 986 8
1589 977 1620 981 —
1639 965 1734 987 Devotio
1752 965 1867 987 mundum

1305 1003 1414 1025 vilescere
1426 1003 1479 1025 facit
1494 1003 1534 1025 448
1547 1004 1560 1025 2
1573 1015 1604 1020 -
1616 1005 1692 1025 Status
1705 1004 1784 1026 mundi
1798 1004 1868 1026 modo

1305 1042 1405 1064 deterior
1422 1048 1492 1070 quam
1509 1042 1564 1064 olim
1582 1048 1632 1064 esse
1649 1042 1740 1064 videtur
1758 1042 1802 1064 378
1821 1043 1849 1064 13

1354 1081 1500 1103 Munitunnio
1518 1093 1548 1097 --
1565 1087 1590 1103 ex
1610 1081 1749 1108 impatientia
1773 1079 1795 1103 et
1811 1081 1869 1103 iudi-

1306 1119 1395 1141 ciorum
1405 1120 1532 1142 temeritate
1544 1120 1649 1148 procedit
1659 1119 1702 1142 433
1713 1120 1725 1141 6
1735 1132 1766 1136 -
1775 1119 1868 1148 quando

1306 1158 1334 1180 sit
1346 1161 1466 1186 peccatum
1480 1159 1575 1181 mortale
1587 1158 1615 1181 ib.
1629 1160 1641 1180 8
1655 1171 1685 1175 —
1697 1159 1795 1181 multum
1806 1158 1870 1181 virus

1306 1197 1403 1219 infundit
1419 1197 1512 1225 Ordini,
1529 1197 1583 1226 quia
1601 1197 1677 1220 turbat
1694 1203 1776 1225 pacem
1794 1197 1838 1219 439
1855 1198 1868 1219 6

1352 1236 1448 1259 ΜυτυυΜ
1465 1249 1496 1252 -
1513 1237 1648 1259 contrahere
1670 1236 1813 1264 prohibitum
1836 1239 1870 1259 est

1306 1275 1329 1297 in
1345 1275 1430 1297 Ordine
1447 1275 1559 1298 Minorum
1579 1275 1623 1297 452
1641 1275 1656 1297 b

1353 1315 1447 1336 {ilvam-u
1467 1326 1495 1329 —
1512 1314 1625 1342 significat
1636 1314 1795 1336 contritionem
1813 1313 1843 1336 94
1856 1314 1869 1336 4

1353 1353 1466 1375 1111511311
1484 1366 1515 1369 —-
1540 1359 1581 1375 sua
1605 1354 1665 1375 Deus
1687 1353 1831 1381 simplicibus
1848 1356 1870 1375 et

1306 1392 1410 1420 parvulis
1426 1392 1530 1420 pandere
1546 1392 1603 1414 solet
1620 1392 1664 1414 538
1684 1392 1709 1414 14
1728 1404 1759 1408 -
1775 1392 1810 1414 Ad
1823 1398 1870 1420 my-

1305 1431 1374 1453 steria
1402 1431 1518 1453 Trinitatis
1550 1431 1662 1459 erigimur
1693 1431 1869 1458 contemplando

1309 1470 1333 1491 16
1353 1470 1376 1491 11

1354 1743 1449 1766 ΝΕῦοτιΑ
1466 1756 1497 1760 -
1513 1750 1526 1766 3
1544 1744 1645 1772 praelato
1663 1744 1780 1772 tripliciter
1795 1744 1871 1772 dispo·

1307 1782 1381 1805 nenda
1399 1786 1453 1805 sunt
1471 1782 1515 1805 145
1535 1783 1570 1805 11.
1588 1789 1640 1812 sqq.
1656 1795 1687 1799 —
1709 1786 1816 1806 crescunt
1839 1783 1869 1806 ad

1308 1822 1480 1844 exstinctionem
1498 1822 1592 1850 spiritus
1610 1821 1663 1845 ibid.
1685 1834 1716 1839 —
1738 1823 1810 1845 Nimia
1836 1829 1872 1845 oc·

1308 1861 1401 1888 cupatio
1422 1861 1567 1889 negotiorum
1593 1861 1685 1884 diversa
1711 1862 1770 1884 mala
1793 1864 1872 1884 causat

1308 1899 1353 1921 350
1370 1906 1382 1922 3
1401 1912 1432 1916 -
1448 1900 1565 1928 superflua
1583 1900 1738 1928 praecidenda
1755 1903 1808 1923 sunt
1826 1900 1870 1923 445

1310 1938 1338 1961 14

1356 1978 1459 2004 Naourm
1477 1990 1507 1995 —
1525 1978 1603 2006 triplex
1621 1981 1655 2001 est
1673 1979 1716 2000 108
1735 1978 1748 2001 4
1769 1990 1800 1995 -
1818 1979 1873 2001 111111-

1308 2016 1375 2044 tiplex
1392 2017 1536 2039 recordanda
1554 2017 1567 2039 4
1585 2017 1598 2039 4
1615 2030 1646 2033 -—
1658 2020 1692 2040 est
1704 2017 1830 2045 iracundia,
1843 2017 1873 2040 in·

1308 2056 1371 2078 vidia
1388 2059 1410 2078 et
1426 2056 1513 2078 accidia
1535 2056 1549 2078 5
1567 2056 1580 2078 6
1607 2068 1637 2073 -
1663 2056 1738 2079 01111115
1754 2059 1789 2079 est
1813 2056 1873 2079 dete-

1309 2095 1389 2117 standa
1407 2094 1461 2118 ibid.
1479 2107 1510 2111 —
1526 2095 1602 2118 omnis
1626 2095 1753 2118 excluditur
1777 2096 1872 2118 dulcore

1309 2133 1456 2162 benignitatis
1472 2134 1502 2157 ib.
1520 2135 1533 2156 9

1356 2173 1476 2196 Nesronius
1491 2186 1521 2190 -
1538 2174 1615 2201 posuit
1631 2174 1689 2196 duas
1714 2180 1825 2202 personas
1849 2174 1874 2196 in

1309 2211 1399 2235 Christo
1417 2212 1461 2234 267
1479 2213 1501 2240 3,
1519 2212 1532 2234 5

1357 2251 1430 2274 Naxus
1445 2263 1476 2268 —
1497 2252 1598 2274 perfecte
1621 2252 1679 2274 necti
1705 2258 1751 2274 non
1777 2254 1873 2280 possunt

1311 2290 1353 2312 nisi
1370 2290 1455 2312 similes
1476 2290 1502 2312 17
1520 2291 1544 2312 11
1567 2302 1597 2307 -
1611 2291 1632 2312 111
1650 2291 1736 2313 divinis
1752 2293 1786 2313 est
1803 2297 1873 2313 nexus

1310 2329 1409 2351 duorum
1428 2332 1537 2358 tanquam
1556 2330 1677 2357 proprium
1694 2328 1747 2352 ibid.

1358 2368 1483 2390 Nicooeuus
1499 2380 1529 2384 —
1551 2368 1660 2396 deposuit
1683 2374 1769 2396 corpus
1790 2368 1873 2391 Christi

1311 2406 1340 2428 de
1357 2412 1425 2428 cruce
1442 2406 1471 2428 80
1489 2406 1518 2429 32

1357 2445 1462 2468 Niceratus
1479 2446 1548 2468 -111
1574 2445 1669 2468 ecclesia
1694 2446 1716 2468 S.
1741 2446 1825 2469 Nicolai
1851 2447 1874 2469 S·

1310 2484 1443 2506 Franciscus
1460 2487 1493 2506 ter
1514 2483 1598 2507 librum
1622 2485 1799 2512 Evangeliorum
1821 2492 1873 2513 ape·

1310 2523 1355 2545 ruit
1371 2523 1401 2545 ad
1418 2523 1603 2550 cognoscendam
1616 2523 1720 2546 divinam
1732 2524 1873 2547 voluntatem

1311 2562 1355 2584 510
1374 2563 1387 2584 3
1404 2573 1434 2578 -
1456 2562 1552 2590 quidam
1578 2568 1619 2590 per
1645 2564 1667 2584 S.
1690 2563 1835 2585 Franciscum
1861 2569 1875 2585 a

1311 2601 1391 2623 mortis
1402 2601 1505 2628 periculo
1517 2600 1628 2623 liberatur
1639 2601 1685 2623 555
1697 2601 1710 2623 9
1723 2613 1754 2618 —
1765 2602 1874 2624 sacerdos

1310 2639 1339 2662 de
1356 2640 1446 2662 Sucano
1464 2640 1509 2662 560
1527 2641 1540 2662 2

1357 2678 1452 2701 Nonum
1470 2690 1501 2695 —
1518 2678 1562 2701 552
1581 2679 1593 2700 3
1607 2678 1693 2701 ibidem
1707 2679 1729 2701 S.
1741 2679 1875 2702 Franciscus

1310 2716 1441 2740 infirmitate
1458 2720 1568 2745 gravatur
1585 2717 1630 2740 525
1648 2718 1677 2740 10

1357 2756 1402 2778 Noe
1420 2768 1449 2772 —-
1466 2756 1524 2778 Arca
1548 2757 1596 2779 Noe
1619 2759 1654 2779 est
1670 2759 1738 2784 typus
1763 2757 1875 2780 Ecclesiae

1311 2795 1355 2817 322
1375 2795 1402 2817 ’19
1416 2807 1445 2811 -
1457 2795 1505 2817 Νο11
1518 2795 1595 2817 01111113
1608 2796 1664 2818 facta
1677 2796 1726 2818 eius
1737 2795 1874 2819 adducenda

1310 2837 1363 2856 sunt
1380 2834 1401 2855 in
1418 2835 1550 2862 exemplum
1569 2834 1715 2862 perfectionis
1732 2835 1777 2857 262
1797 2835 1825 2857 17

1358 2872 1434 2895 Nomen
1451 2885 1482 2890 —
1499 2873 1635 2895 Reverentia
1653 2873 1675 2895 S.
1693 2873 1805 2897 Francisci
1819 2879 1874 2902 erga

1311 2911 1402 2934 nomina
1419 2918 1482 2934 sacra
1501 2912 1546 2934 535
1563 2912 1576 2933 6

1359 2950 1522 2973 Nommmoncs
1533 2963 1563 2967 —
1574 2951 1668 2980 quando
1680 2950 1725 2974 sint
1740 2951 1875 2974 consulendi

1317 2989 1359 3012 147
1377 2989 1406 3011 20
