2133 3317
265 214 301 243 38
827 211 1023 240 OPUSCULUM
1045 210 1074 238 lt.
1097 210 1328 246 SOLILOQUlUM.
1351 209 1419 238 CAP.
1442 210 1460 238 t.

264 292 427 331 peccatrici,
448 295 496 321 aut
511 291 645 320 ostendite
661 290 727 318 mihi
743 289 830 326 magis
845 288 1065 322 misericordem,
1080 287 1114 316 ad

265 349 348 378 quem
370 348 420 377 ego
442 339 542 367 misera
563 338 659 374 fugere
682 337 785 365 valeam
802 348 828 364 ».
851 336 921 365 Haec
940 335 1114 364 Ansetmus1.

344 387 390 416 ⁶26.
413 387 512 414 ANIMA.
535 385 557 413 O
573 385 669 417 homo,
689 391 772 420 quam
788 390 885 411 sanum
908 384 949 411 est
970 381 1115 411 consilium

1251 288 1296 316 28.
1320 288 1419 316 Aaou.
1443 288 1495 316 lam
1517 295 1592 316 nuno
1613 295 1712 316 secure
1727 287 1877 324 Prophetas
1898 290 1926 316 et
1941 296 2019 325 reges
2034 295 2126 323 Confirma

1171 335 1339 372 implorab03
1362 335 1415 363 iam
1438 342 1512 363 nune
1533 335 1665 363 audacter
1687 335 1829 371 Apostolos
1844 338 1870 363 et
1885 335 2019 371 Martyres
2028 324 2133 388 εειῖἷιὲὲὲεεξ.

1172 382 1318 416 invocabo,
1340 381 1524 415 Confiassores,
1556 381 1683 418 Virgines
1705 384 1732 410 et
1753 381 1856 410 Viduas
1877 384 1904 410 et
1925 389 2020 410 omnes
2031 389 2055 408 Μ.
2073 384 2132 415 Virgsj

131 440 241 467 Trepidatio

147 469 228 483 animae.

146 911 212 929 Anima
225 910 249 928 ad

121 939 172 957 spem
195 933 250 957 erigi-

121 960 151 975 tui·
158 957 249 981 exemplis

120 981 237 1005 Scripturae.

266 437 359 468 tuum,
382 440 465 470 quam
488 430 702 460 consolatorium
725 433 766 458 est
782 429 849 457 mihi
865 429 982 457 miserae
997 428 1115 457 verbum

266 482 359 509 tuum!
386 479 467 516 quia,
492 477 603 515 quando
618 479 762 514 peccatum
786 484 879 505 meum
901 478 975 504 recte
996 475 1114 512 aspicio,

266 530 333 556 tunc
352 525 477 559 invenio,
499 527 566 553 tunc
585 531 716 561 agnosco,
741 523 815 560 quod
840 523 976 552 elementa
996 522 1116 559 peccatis

266 574 335 602 meis
355 572 455 609 pollui,
477 571 566 600 caelos
591 570 749 608 inquinavi,
772 573 847 599 astra
871 570 937 599 caeli
957 569 1115 604 obfuscavi,

265 620 408 648 damnatos
430 619 457 647 iu
483 618 590 647 inferno
609 617 747 651 cruciavi,
763 617 876 645 Sanctos
901 616 929 644 in
955 616 1030 645 caelo
1052 623 1116 652 per-

266 666 388 700 turbavi,
407 665 522 702 Angelos
544 664 611 693 inihi
626 664 659 693 ad
681 663 833 693 custodiam
850 663 996 700 deputatos
1011 663 1116 691 irreve-

266 715 361 742 renter
375 711 504 745 tractavi;
520 711 593 740 unde
608 711 643 739 ab
657 710 786 739 omnibus
808 710 852 739 his
869 709 1007 738 auxilium
1022 712 1117 746 petere

265 759 439 796 pertimesco.
457 758 488 786 Et
503 758 568 795 quia
584 757 647 786 iusti
664 757 736 786 iuste
750 757 817 785 mihi
834 756 965 793 indignati
982 759 1062 790 sunt,
1078 755 1112 784 ad

266 807 340 843 ipsos
361 806 510 842 confugere
532 813 584 833 non
608 812 764 842 praesumo.

346 854 392 882 27.
416 853 501 881 Hono.
523 852 546 881 O
574 852 678 886 anima,
700 851 785 880 nimia
815 854 856 880 est
889 850 1034 887 trepidatio
1056 853 1117 884 tua,

266 900 394 938 quamvis
416 899 514 936 placita
536 899 571 928 sit
586 898 741 927 humiliatio
764 901 819 926 tna.
841 898 879 926 An
902 897 1022 934 ignoras,
1043 897 1118 934 quod

267 947 347 976 multi
363 947 397 976 de
412 946 517 975 Sanctis
534 948 731 983 peccaverunt,
747 945 812 982 qui,
827 945 947 982 qualiter
962 944 1041 973 nobis
1057 952 1118 981 pec-

267 994 394 1024 cantibus
426 993 550 1023 misereri
580 993 710 1027 debeant,
733 993 759 1021 in
782 992 840 1021 suis
872 992 978 1029 magnis
1000 991 1118 1028 peccatis

266 1042 441 1071 didicerunt?
463 1041 557 1077 Cogita
577 1041 703 1076 Moysen,
725 1039 889 1076 Prophetam
912 1038 1063 1071 eximium,
1084 1038 1118 1066 de

266 1089 359 1118 divina
380 1088 501 1125 potentia
532 1087 724 1124 desperantem
737 1087 756 1115 2.
779 1086 873 1123 Cogita
901 1085 1003 1119 David,
1025 1092 1117 1122 regem

267 1135 487 1168 sanctissimum,
510 1136 607 1162 contra
627 1133 748 1161 divinam
770 1133 858 1169 legem
880 1131 1016 1160 adulterio
1031 1134 1058 1159 et
1072 1131 1120 1159 ho-

268 1181 377 1210 micidio
399 1184 567 1218 peccantem.
598 1181 719 1217 Agnosce
749 1180 921 1208 Salomonem
950 1177 1118 1215 sapientissi-

266 1236 357 1262 mum,
374 1228 446 1257 idcla
460 1236 529 1256 vana
550 1230 577 1256 et
599 1227 717 1265 pessima
738 1227 906 1255 adorantem.
922 1226 1043 1262 Agnosce
1065 1225 1119 1253 lila-

267 1284 382 1310 uassen,
403 1283 497 1312 regem
519 1274 738 1312 iniquissimum,
760 1274 807 1311 qui
831 1273 893 1310 plus
915 1281 997 1310 quam
1024 1280 1119 1301 omnes

268 1331 347 1360 reges
368 1322 451 1351 Israel
466 1325 640 1359 peccaverat,
656 1321 703 1358 qui
719 1320 863 1349 dicebat-⁹⁵:
888 1320 1011 1349 Pecccwt
1030 1328 1119 1357 super

267 1378 427 1398 numerum
448 1377 557 1397 arenae
580 1368 693 1402 metris,
715 1372 741 1396 et
764 1376 823 1396 non
851 1376 916 1395 stom
940 1367 1048 1404 (tignus
1077 1367 1119 1395 υῖ-

268 1416 335 1444 [tere
350 1416 534 1445 altitudinem
550 1415 623 1444 caeli
633 1424 709 1452 prae
723 1414 910 1443 multitudine
927 1414 1118 1451 iniquitatum

268 1471 412 1492 mearam.
436 1463 488 1491 llos
510 1470 619 1499 semper
641 1462 729 1499 cogita
744 1462 851 1490 veniam
875 1461 1046 1498 impetrasse.
1068 1460 1118 1489 Sed

268 1510 335 1547 quid
357 1510 438 1547 plura
459 1510 492 1538 de
514 1509 620 1538 Sanctis
640 1509 742 1537 veteris
764 1508 939 1537 testamenti?
965 1507 1032 1536 Vide
1053 1508 1119 1535 Mat-

269 1557 383 1586 thaeum
405 1556 544 1585 sedentem
566 1556 600 1584 ad
622 1556 769 1589 telonium,
785 1559 957 1592 peccatorem
980 1558 1007 1583 et
1029 1554 1119 1591 publi-
1147 1557 1149 1564 ⁸

268 1611 369 1632 canum
391 1606 418 1632 et
445 1606 600 1631 assumtum
634 1603 661 1631 in
692 1602 859 1639 discipulum
872 1603 892 1630 4.
915 1601 982 1630 Vide
1004 1601 1118 1629 Paulum

268 1650 435 1687 lapidantem
457 1650 626 1687 Stephanum
643 1653 670 1678 et
684 1649 802 1678 electum
819 1649 845 1677 in
862 1649 1031 1685 Apostolum.
1052 1648 1119 1676 Vide

268 1697 380 1726 Petrum
402 1696 544 1725 Christum
566 1696 747 1733 abnegantem
770 1698 797 1724 et
819 1704 885 1724 inex
908 1695 1015 1723 veniam
1032 1695 1118 1731 impe-

269 1746 396 1772 trantem.
427 1743 493 1772 Vide
525 1743 639 1771 militem
669 1742 811 1771 Christum
840 1741 1063 1778 crucifigentem,
1093 1744 1120 1769 et

269 1794 360 1819 tamen
382 1790 415 1818 de
436 1790 529 1818 divina
560 1789 749 1818 misericordia
770 1790 994 1825 praesumentem
1006 1787 1025 1815 ⁵.
1053 1787 1119 1815 Vide

267 1837 404 1866 latronem
427 1837 454 1865 iu
476 1844 560 1865 cruce
588 1836 753 1873 pendentem
785 1838 813 1864 et
834 1835 941 1864 veniam
968 1834 1119 1871 impetran-

269 1887 333 1912 tem.
356 1884 497 1912 Postremo
520 1882 617 1919 cogita,
639 1890 655 1910 o
677 1882 782 1917 anima,
804 1881 878 1918 quod
900 1881 947 1909 illa
967 1881 1072 1909 famosa
1093 1883 1120 1909 et

268 1930 411 1959 immunda
438 1930 596 1967 peccatrix,
619 1929 704 1958 Maria
724 1928 882 1965 Magdalena
909 1928 981 1957 facta
1001 1930 1043 1956 est
1064 1931 1119 1956 tam

268 1977 393 2014 specialis
408 1977 508 2006 Christi
524 1976 654 2005 amatrix.
671 1976 773 2005 Omnes
787 1976 870 2009 enim,
885 1978 1023 2012 quotquot
1039 1974 1120 2003 modo

269 2033 333 2054 cum
354 2025 410 2053 Deo
432 2027 563 2061 regnant,
586 2023 629 2052 vel
650 2023 715 2051 olim
738 2023 810 2051 sicut
832 2030 881 2051 nos
913 2024 1116 2059 peccaverunt,

268 2072 313 2100 vel
333 2071 430 2100 saltem
453 2078 568 2108 peccare
589 2070 757 2107 potuissent,
779 2069 800 2098 si
823 2077 870 2098 eos
890 2069 983 2097 divina
1004 2069 1119 2097 clemen-

269 2119 307 2146 tia
327 2126 343 2146 a
361 2121 473 2154 peccato
488 2126 541 2146 non
558 2120 779 2154 praeservasset3
795 2116 874 2152 quia,
890 2116 1057 2151 cuicumque
1071 2115 1119 2143 do-

269 2167 365 2193 natum
387 2168 441 2198 est,
463 2167 494 2192 ut
515 2171 630 2201 peccare
653 2162 763 2200 penitus
778 2170 832 2190 non
855 2162 992 2199 potuerit,
1008 2169 1062 2189 non
1078 2164 1119 2189 est

269 2212 322 2241 hoc
343 2214 475 2245 naturae,
497 2211 544 2240 sed
566 2210 691 2239 caelestis
712 2210 848 2247 gratiaess.

1173 428 1286 457 Sanctos
1307 429 1465 456 constanter
1487 427 1647 464 interpello;
1669 427 1717 456 sed
1738 430 1828 456 tamen
1846 435 1912 464 prae
1933 427 2020 455 omni-

1172 475 1225 504 bus
1247 475 1291 503 his
1312 474 1525 503 sacratissimam
1547 474 1594 503 Dei
1617 474 1778 511 genitricem
1805 474 1945 511 Virginem
1966 475 2021 502 Ma-

1173 522 1242 551 riam
1264 521 1407 551 ardentius
1435 522 1553 550 adorans
1584 521 1725 550 invocabo.
1758 521 1819 549 Soio
1840 520 1925 555 enim,
1947 520 2022 557 quod

1178 581 1190 594 «
1206 572 1261 597 tam
1284 568 1345 605 pla,
1367 571 1422 597 tam
1444 568 1533 597 dulcis
1554 571 1583 597 et
1598 571 1653 596 tam
1669 568 1762 597 suavis
1782 571 1823 596 est
1838 568 1932 601 Maria,
1947 567 2022 604 quod

1173 624 1224 645 nee
1245 615 1383 644 nominari
1405 617 1510 652 potest,
1542 615 1610 652 quin
1641 614 1787 649 accendat,
1820 622 1870 642 nec
1891 613 2022 651 cogitari,

1174 663 1240 700 quin
1264 665 1371 691 recreet
1402 661 1531 691 affectum
1563 661 1736 698 diligentium
1758 669 1787 690 se
1800 672 1828 689 υ.
1855 661 1950 689 «Haeo
1981 663 2023 689 est

1173 709 1246 738 enim
1268 709 1315 738 illa
1335 717 1406 746 quae
1428 708 1545 737 salutem
1567 708 1696 737 omnibus
1717 707 1875 745 impetravit
1896 710 1924 736 et
1937 707 2023 736 totius

1174 756 1270 785 mundi
1291 756 1494 793 reparationem
1510 755 1667 784 obtinuit».
1683 755 1752 784 Haec
1767 754 1924 783 Bernardus
1936 754 1955 782 ⁷.
1971 755 2023 783 An—

1175 804 1295 832 selmus:
1322 815 1334 828 «
1349 803 1372 831 O
1392 803 1494 831 semina
1516 802 1680 831 mirabiliter
1712 801 1860 838 singularis
1881 804 1908 830 et
1929 801 2024 838 singu-

1175 851 1270 879 lariter
1291 850 1476 879 admirabilis!
1500 857 1548 886 per
1570 857 1653 886 quam
1675 849 1811 877 elementa
1838 851 2023 882 renovantur,

1175 898 1285 926 infirma
1316 897 1518 931 remediantur,
1550 896 1676 924 homines
1704 895 1847 924 salvantur
1878 898 1905 924 et
1931 895 2023 932 Angeli

1176 945 1416 981 redintegrantur!
1439 943 1461 972 O
1482 943 1584 972 femina
1604 942 1693 980 gratia
1715 942 1809 979 plena,
1824 942 1858 971 de
1872 942 1952 971 cuius
1967 942 2024 979 ple-

1175 991 1309 1020 nitudinis
1329 991 1499 1020 abundantia
1519 998 1647 1027 respersa
1678 989 1817 1018 reviviscit
1838 989 1927 1018 omnis
1948 997 2025 1018 crea-

1175 1041 1240 1067 tura
1252 1041 1277 1066 »t
1300 1037 1496 1066 Bernardusss:
1523 1037 1570 1065 «O
1591 1036 1735 1065 benedicta
1749 1036 1889 1064 inventrix
1911 1036 2024 1073 gratiae,

1175 1085 1297 1122 genitrix
1320 1085 1405 1119 vitae,
1428 1088 1516 1113 mater
1537 1084 1649 1113 salutis!
1673 1091 1721 1120 per
1737 1086 1763 1112 te
1781 1091 1922 1112 accessum
1944 1083 2026 1112 habe-

1177 1140 1240 1161 mus
1261 1131 1293 1160 ad
1316 1132 1412 1160 Filium
1436 1134 1529 1165 tuum,
1545 1134 1576 1159 ut
1592 1138 1640 1167 per
1660 1132 1686 1159 te
1701 1138 1751 1159 nos
1765 1130 1897 1166 suscipiat
1911 1130 1958 1167 qui
1975 1137 2025 1166 per

1177 1182 1203 1207 te
1220 1178 1301 1207 datus
1333 1182 1374 1207 est
1405 1178 1491 1207 nohis.
1525 1178 1646 1207 Excuset
1666 1177 1739 1214 apud
1761 1177 1852 1214 ipsum
1881 1176 2025 1213 integritas

1177 1228 1224 1253 tua
1245 1225 1354 1261 culpam
1377 1224 1564 1261 corruptionis
1585 1226 1711 1258 nostrae,
1737 1223 1881 1252 humilitas
1902 1225 1949 1251 tua
1970 1222 2026 1250 Deo

1176 1275 1270 1309 grata,
1291 1280 1307 1300 o
1329 1271 1500 1301 beatissima.
1529 1271 1637 1300 veniam
1669 1270 1799 1307 impetret
1830 1269 1943 1298 vanitati
1977 1277 2026 1297 no-

1176 1323 1258 1347 strae.
1281 1319 1303 1347 O
1325 1319 1482 1347 benedicta!
1500 1326 1549 1355 per
1570 1318 1701 1355 gratiam,
1723 1325 1806 1354 quam
1823 1316 1960 1350 invenisti,
1976 1323 2025 1352 per

1176 1366 1414 1403 praerogativam,
1437 1373 1520 1402 quam
1552 1365 1693 1398 meruisti,
1719 1372 1768 1401 per
1790 1363 2025 1397 miserIcordiam,

1176 1422 1259 1451 quam
1281 1413 1413 1450 genuisti,
1435 1412 1489 1446 fae,
1512 1416 1543 1440 ut
1564 1412 1611 1449 qui
1634 1411 1771 1440 mediante
1793 1413 1819 1439 te
1840 1410 1970 1447 dignatus
1984 1412 2026 1438 est

1177 1461 1235 1489 fieri
1266 1460 1403 1497 particeps
1435 1459 1603 1487 infirmitatis
1635 1461 1662 1487 et
1693 1457 1821 1486 miseriae
1849 1459 1976 1491 nostrae,
1999 1459 2026 1485 te

1175 1507 1362 1536 intercedente
1383 1514 1434 1534 nos
1455 1506 1603 1543 participes
1631 1505 1712 1534 faciat
1733 1504 1837 1541 gloriae
1859 1507 1886 1533 et
1907 1503 2026 1532 beatitu-

1176 1554 1248 1582 dinis
1270 1562 1335 1582 suae
1349 1566 1374 1581 ».
1398 1554 1467 1581 llaec
1489 1552 1656 1581 Bernardus.

1570 1653 1635 1689 §a

1239 1754 1309 1781 Quam
1325 1754 1428 1784 gratiose
1446 1761 1459 1777 a
1477 1753 1556 1777 divina
1573 1753 1676 1777 bonitate
1692 1752 1818 1776 xeformata
1835 1751 1868 1775 sit.
1885 1751 1962 1775 anima

1519 1800 1559 1823 per
1575 1792 1685 1822 gratiam.

1255 1880 1301 1908 ΞΘ.
1325 1880 1410 1908 Homo.
1434 1879 1488 1908 Iam
1510 1886 1601 1913 nune,
1623 1881 1655 1907 ut
1676 1878 1798 1912 aestimo,
1820 1886 1836 1906 o
1857 1877 1957 1911 anima,
1979 1876 2027 1905 ali-

1177 1928 1296 1965 qualiter
1318 1927 1477 1956 convertisti
1500 1926 1609 1955 radium
1625 1925 1863 1962 contemplationis
1877 1924 1910 1953 ad
1932 1924 2027 1953 viden-

1176 1975 1251 2008 dum,
1264 1974 1383 2011 qualiter
1399 1974 1516 2002 formata
1531 1973 1567 2002 sis
1582 1981 1631 2010 per
1646 1975 1774 2001 naturam
1790 1975 1817 2001 et
1829 1971 1966 2009 quomodo
1980 1971 2027 1999 de-

1176 2022 1293 2050 formata
1314 2021 1351 2050 sis
1373 2029 1422 2058 per
1444 2021 1567 2057 culpam;
1590 2023 1720 2049 converte
1741 2027 1815 2048 nunc
1830 2018 1940 2047 radium
1961 2026 2026 2047 con-

1176 2068 1383 2104 templationis⁰
1405 2067 1439 2096 ad
1454 2067 1635 2100 intuendum,
1657 2066 1776 2103 qualiter
1798 2066 1835 2094 sis
1860 2064 2027 2101 reformata

1173 2123 1227 2151 per
1246 2115 1389 2151 qratiam.
1411 2114 1487 2142 Scire
1506 2118 1596 2142 tamen
1611 2113 1707 2147 debes,
1722 2112 1797 2149 quod
1812 2115 1916 2149 quanto
1936 2111 2025 2148 perfe-

1176 2162 1247 2190 ctius
1263 2169 1312 2198 per
1327 2161 1500 2190 contritionis
1522 2160 1662 2188 lavacrum
1685 2159 1771 2196 caligo
1786 2159 1886 2187 tuentis
1907 2158 2026 2195 detergi—

1178 2212 1236 2242 tur,
1259 2211 1334 2236 tanto
1367 2207 1485 2236 lucidius
1516 2207 1624 2235 dlvinae
1655 2206 1838 2243 reparationis
1859 2205 2025 2234 beneficium

333 2381 341 2394 ¹
360 2382 422 2404 Orat.
441 2381 479 2404 51.
498 2382 540 2404 Pro
557 2380 648 2410 offensa
665 2380 742 2404 Matre
760 2381 810 2403 Vat.
830 2380 892 2403 [ram
907 2379 1010 2409 offensae
1022 2379 1120 2407 Matris,

270 2421 382 2450 originale
400 2421 475 2450 (plura
492 2420 590 2448 addens)
609 2419 713 2450 offensae
729 2419 823 2443 Matris.

334 2459 343 2472 2
362 2460 412 2482 Vat.
430 2460 514 2488 allegat
530 2459 599 2482 Exod.
619 2459 645 2487 4,
663 2459 685 2481 i.
706 2465 785 2488 seqq,
809 2458 847 2481 ubi
871 2459 961 2486 Moyses
982 2465 1007 2481 se
1029 2460 1122 2481 excusat

271 2498 300 2521 ab
318 2499 459 2527 Aegyptiaca
477 2499 594 2521 missione.
612 2498 671 2520 Vide
688 2498 755 2520 Num.
774 2498 816 2525 20,
835 2498 915 2520 110-13.
927 2497 1071 2524 etPs.1105,
1084 2497 1122 2519 32.

271 2544 320 2566 seq.
339 2538 388 2566 (cfr.
406 2538 517 2566 August„
535 2538 556 2560 in
575 2539 636 2560 huuc
656 2538 697 2560 loc.
723 2544 744 2559 n.
772 2537 833 2566 23),
859 2536 897 2559 ubi
923 2537 952 2559 de
978 2536 1122 2559 dubitatione

271 2577 355 2605 Moysis
373 2577 394 2599 iu
413 2577 563 2605 percussione
580 2580 667 2605 petrae.
684 2589 714 2593 —
731 2577 764 2598 De
781 2575 859 2599 David
875 2577 915 2599 csr.
934 2576 958 2598 ll.
974 2576 1031 2603 neg.
1045 2576 1053 2597 sl
1064 2576 1068 2597 l
1081 2592 1087 2603 ,
1100 2576 1122 2597 2.

271 2622 337 2644 seqq.
354 2619 376 2638 et
394 2617 427 2639 lll.
444 2617 502 2644 [leg.
523 2617 544 2638 ll
557 2633 562 2643 ,
581 2616 603 2638 4.
620 2622 686 2645 seqq.
702 2616 731 2638 dc
748 2615 885 2639 Salomone.

335 2654 343 2668 ³
361 2656 384 2678 lu
402 2662 443 2678 sua
461 2656 571 2678 oratioue.

334 2694 344 2706 4
362 2695 438 2717 Matth.
456 2695 482 2722 9,
501 2695 523 2717 9.
541 2695 573 2717 De
591 2694 667 2718 Paulo
684 2695 725 2717 cfr.
741 2694 790 2717 Act.
807 2695 834 2722 7,
852 2694 890 2716 57.
913 2696 935 2715 et
956 2693 984 2720 9,
1008 2694 1026 2715 1.
1043 2698 1122 2721 seqq.;

274 2733 303 2755 de
320 2733 389 2756 Petro
406 2734 461 2756 Luc.
478 2735 520 2762 22,
538 2734 576 2756 56.
594 2736 616 2756 et
634 2735 671 2756 6-2.

335 2772 344 2784 ⁵
361 2773 415 2795 Luc.
434 2773 476 2800 23,
495 2772 536 2800 47,
554 2772 595 2795 ubi
611 2773 641 2795 de
663 2772 817 2801 centw'ione;
834 2771 891 2794 ibid.
909 2778 932 2794 v.
955 2771 992 2794 40.
1009 2777 1075 2800 seqq.
1092 2770 1122 2793 de

273 2811 366 2834 latrone
384 2814 406 2833 et
422 2811 449 2838 7,
467 2812 505 2834 37.
522 2818 588 2840 seqq.
611 2812 640 2834 de
662 2811 742 2835 Maria
764 2810 915 2841 illaqdalenci,
933 2810 979 2834 Csr.
998 2810 1122 2837 Bernard.,

273 2851 347 2872 Serui.
366 2851 386 2872 3.
405 2856 447 2878 pro
463 2850 581 2873 Dominica
600 2851 622 2873 6.
640 2854 692 2878 post
709 2851 799 2873 Pentec.
821 2857 844 2872 u.
868 2850 889 2872 4.
910 2854 931 2872 et
954 2850 984 2872 de
1001 2849 1121 2877 Diligendo

273 2889 320 2912 Deo
340 2890 407 2918 (iuter
424 2895 495 2917 opera
513 2890 633 2918 August),
652 2896 672 2912 c.
693 2891 726 2912 ¹2.
744 2890 765 2912 in
784 2890 837 2912 fine.

336 2927 345 2940 ὃ
362 2927 435 2951 Codd.
453 2929 497 2950 GL
515 2929 551 2951 hic
569 2929 672 2951 addunt:
690 2930 715 2951 Et
731 2929 749 2951 si
768 2929 809 2951 ista
826 2935 872 2951 non
889 2928 1016 2956 sufficiant,
1033 2927 1088 2949 vide
1100 2929 1122 2949 et

272 2967 407 2995 considera,
424 2967 487 2996 quod
506 2966 610 2990 Christus
628 2968 649 2990 in
665 2974 735 2990 cruce
751 2968 857 2996 expansis
880 2967 987 2989 manibus
1004 2970 1025 2989 te
1042 2972 1122 2994 exspe-

272 3009 338 3029 ctaus
355 3006 424 3029 habet
440 3009 510 3035 caput
527 3006 660 3029 inclinatum
677 3006 706 3029 ad
720 3009 741 3029 te
753 3009 907 3029 revertentem
925 3005 1120 3033 deosculandum3

1179 2378 1248 2401 habet
1265 2385 1348 2401 manus
1366 2381 1457 2406 apertas
1474 2378 1503 2400 ad
1521 2377 1715 2403 condonandum,
1733 2376 1804 2404 pedes
1822 2376 1901 2398 affixos
1919 2375 1948 2398 ad
1966 2381 2027 2397 com-

1178 2418 1332 2446 manendum,
1350 2418 1408 2440 latus
1425 2419 1531 2445 apertum
1545 2417 1574 2439 ad
1588 2419 1609 2439 te
1621 2415 1828 2438 intromittendum.
1841 2415 1897 2443 Quis
1911 2420 1968 2442 ergo
1982 2417 2027 2436 tam

1178 2459 1326 2484 excaecatus,
1344 2457 1384 2485 qui
1405 2463 1450 2478 non
1467 2456 1600 2484 conciperet
1621 2461 1687 2483 spem
1705 2454 1800 2481 veniae,
1818 2454 1858 2483 qui
1879 2453 1980 2476 attendet
1996 2453 2026 2476 ad

1178 2496 1283 2524 corporis
1300 2496 1335 2518 sui
1352 2496 1545 2524 dispositionem!
1563 2495 1607 2518 Cir.
1625 2495 1682 2517 insi-a
1700 2501 1721 2516 u.
1739 2494 1776 2516 38.

1242 2534 1250 2547 ⁷
1268 2535 1342 2557 PrIma
1360 2534 1471 2557 sententia
1486 2534 1584 2556 liabetur
1601 2534 1623 2556 in
1642 2534 1713 2555 Serm.
1727 2533 1868 2561 panegyrico
1881 2532 1910 2555 ad
1922 2533 1947 2556 R,
1961 2532 2024 2560 Virg.

1179 2576 1303 2603 Deiparam
1322 2575 1389 2603 (inter
1407 2580 1477 2602 opera
1490 2573 1618 2601 Bornardi),
1631 2580 1652 2595 n.
1668 2574 1697 2600 6;
1714 2573 1816 2595 secunda
1835 2573 1856 2594 in
1874 2573 1946 2594 Serui.
1967 2571 1986 2593 4.
2005 2572 2027 2594 in

1179 2615 1279 2636 Assnmt.
1298 2614 1322 2636 B.
1339 2614 1367 2636 Μ.
1385 2614 1449 2641 Virg.
1466 2619 1487 2635 n.
1506 2613 1526 2634 8.
1545 2613 1567 2634 lu
1585 2612 1660 2640 prima
1678 2611 1750 2634 verbo
1767 2610 1881 2634 accendat
1892 2612 1908 2633 L
1921 2611 2028 2639 praefigit

1180 2653 1329 2677 intellectum.
1347 2665 1377 2669 —-
1395 2653 1509 2675 Sententia
1526 2652 1627 2675 Anselmi
1647 2652 1761 2674 invenitur
1779 2651 1801 2673 iu
1819 2650 1880 2673 Orat.
1893 2651 1935 2678 δὶς
1948 2650 1971 2672 in
1983 2650 2028 2672 fine

1179 2693 1235 2721 legit
1247 2696 1321 2715 teitus
1333 2692 1464 2720 originalis:
1477 2691 1504 2714 cle
1516 2691 1584 2715 catus
1592 2690 1748 2721 plenitudinis
1760 2689 1907 2713 eaemidamta
1917 2695 2028 2718 respersa

1179 2731 1213 2755 sic
1230 2731 1351 2755 ret-[rescit
1368 2731 1444 2754 omna·
1463 2732 1582 2754 creatio-a.

1241 2770 1250 2783 ⁸
1270 2772 1344 2793 Serui.
1363 2771 1383 2793 ²2.
1402 2771 1431 2793 de
1448 2770 1555 2793 Adientu
1571 2770 1675 2797 Domini,
1689 2776 1709 2791 u.
1723 2769 1745 2791 5.
1757 2769 1809 2790 Post
1822 2767 1921 2791 vanitati
1931 2768 2028 2790 nostrae

1178 2811 1194 2832 L
1212 2810 1292 2833 addit:
1310 2809 1408 2839 Copiosa
1427 2809 1517 2833 caritas
1535 2811 1577 2832 tua
1594 2814 1704 2831 meorum
1721 2807 1842 2837 cooperiat
1851 2805 2027 2830 multitudinem

1175 2851 1338 2879 peccatorum,
1352 2850 1373 2872 et
1384 2847 1517 2878 fecunditas
1531 2849 1573 2871 tua.
1588 2847 1694 2877 pluriora
1708 2846 1876 2877 secunditatem
1892 2844 1958 2868 nobis
1975 2850 2027 2868 coa·

1178 2888 1241 2917 ferat
1256 2887 1406 2911 meritorum.
1423 2888 1453 2910 lta
1471 2887 1540 2909 etiam
1558 2889 1631 2909 textus
1648 2885 1776 2914 originalis,
1794 2885 1834 2914 qui
1852 2887 1928 2906 tamen
1951 2883 2027 2906 adhuc

1180 2927 1244 2955 plura
1261 2926 1349 2949 subdit.

1241 2964 1250 2977 Ω
1268 2966 1319 2988 Vat.
1336 2971 1390 2987 cum
1402 2965 1484 2993 paucis
1496 2964 1563 2987 codd.
1575 2963 1673 2987 radium
1684 2965 1766 2991 tuam,
1779 2962 1839 2991 iam,
1854 2963 1878 2985 itt
1889 2967 1971 2991 spero,
1982 2966 2027 2990 per

1178 3003 1343 3028 conti-itionem
1360 3003 1477 3033 depurata
1496 3004 1539 3033 (Gl
1557 3002 1718 3033 depuratum).

2046 2118 2125 2137 Praeuot.
