<?xml version="1.0" encoding="UTF-8"?>
<!DOCTYPE html PUBLIC "-//W3C//DTD XHTML 1.0 Transitional//EN"
    "http://www.w3.org/TR/xhtml1/DTD/xhtml1-transitional.dtd">
<html xmlns="http://www.w3.org/1999/xhtml" xml:lang="en" lang="en">
 <head>
  <title>
</title>
<meta http-equiv="Content-Type" content="text/html;charset=utf-8" />
  <meta name='ocr-system' content='tesseract 3.04.00' />
  <meta name='ocr-capabilities' content='ocr_page ocr_carea ocr_par ocr_line ocrx_word'/>
</head>
<body>
  <div class='ocr_page' id='page_1' title='image "./doctorisseraphic08bona_0236.png"; bbox 0 0 2133 3317; ppageno 0'>
   <div class='ocr_carea' id='block_1_1' title="bbox 132 400 247 420">
    <p class='ocr_par' dir='ltr' id='par_1_1' title="bbox 132 400 247 420">
     <span class='ocr_line' id='line_1_1' title="bbox 132 400 247 420; baseline 0 -1"><span class='ocrx_word' id='word_1_1' title='bbox 132 400 247 420; x_wconf 77' lang='lat' dir='ltr'><strong>Notandum.</strong></span> 
     </span>
    </p>
   </div>
   <div class='ocr_carea' id='block_1_2' title="bbox 133 1057 247 1100">
    <p class='ocr_par' dir='ltr' id='par_1_2' title="bbox 133 1057 247 1100">
     <span class='ocr_line' id='line_1_2' title="bbox 133 1057 247 1076; baseline 0 0"><span class='ocrx_word' id='word_1_2' title='bbox 133 1057 175 1076; x_wconf 91' lang='lat' dir='ltr'>Duo</span> <span class='ocrx_word' id='word_1_3' title='bbox 187 1058 247 1076; x_wconf 79' lang='lat' dir='ltr'>atten-</span> 
     </span>
     <span class='ocr_line' id='line_1_3' title="bbox 154 1081 223 1100; baseline 0 0"><span class='ocrx_word' id='word_1_4' title='bbox 154 1081 223 1100; x_wconf 83' lang='lat' dir='ltr'>denda.</span> 
     </span>
    </p>
   </div>
   <div class='ocr_carea' id='block_1_3' title="bbox 130 1292 251 1382">
    <p class='ocr_par' dir='ltr' id='par_1_3' title="bbox 130 1292 251 1359">
     <span class='ocr_line' id='line_1_4' title="bbox 130 1292 251 1311; baseline 0 0"><span class='ocrx_word' id='word_1_5' title='bbox 130 1293 158 1311; x_wconf 82' lang='lat' dir='ltr'>De</span> <span class='ocrx_word' id='word_1_6' title='bbox 175 1292 251 1311; x_wconf 84' lang='lat' dir='ltr'>vitando</span> 
     </span>
     <span class='ocr_line' id='line_1_5' title="bbox 140 1316 241 1335; baseline -0.01 0"><span class='ocrx_word' id='word_1_7' title='bbox 140 1316 208 1335; x_wconf 79' lang='lat' dir='ltr'>affectu</span> <span class='ocrx_word' id='word_1_8' title='bbox 221 1318 241 1335; x_wconf 79' lang='lat' dir='ltr'>et</span> 
     </span>
     <span class='ocr_line' id='line_1_6' title="bbox 142 1339 238 1359; baseline 0 -1"><span class='ocrx_word' id='word_1_9' title='bbox 142 1339 238 1359; x_wconf 75' lang='lat' dir='ltr'>desiderio</span> 
     </span>
    </p>

    <p class='ocr_par' dir='ltr' id='par_1_4' title="bbox 163 1368 218 1382">
     <span class='ocr_line' id='line_1_7' title="bbox 163 1368 218 1382; baseline 0 0"><span class='ocrx_word' id='word_1_10' title='bbox 163 1368 218 1382; x_wconf 82' lang='lat' dir='ltr'>vano.</span> 
     </span>
    </p>
   </div>
   <div class='ocr_carea' id='block_1_4' title="bbox 265 222 321 251">
    <p class='ocr_par' dir='ltr' id='par_1_5' title="bbox 265 222 321 251">
     <span class='ocr_line' id='line_1_8' title="bbox 265 222 321 251; baseline -0.018 0"><span class='ocrx_word' id='word_1_11' title='bbox 265 222 321 251; x_wconf 73' lang='lat'>104</span> 
     </span>
    </p>
   </div>
   <div class='ocr_carea' id='block_1_5' title="bbox 263 298 1115 804">
    <p class='ocr_par' dir='ltr' id='par_1_6' title="bbox 263 298 1115 804">
     <span class='ocr_line' id='line_1_9' title="bbox 264 298 1114 335; baseline -0.004 -6"><span class='ocrx_word' id='word_1_12' title='bbox 264 299 476 329; x_wconf 85' lang='lat' dir='ltr'>invisceratione</span> <span class='ocrx_word' id='word_1_13' title='bbox 498 299 583 328; x_wconf 87' lang='lat' dir='ltr'>huius</span> <span class='ocrx_word' id='word_1_14' title='bbox 604 298 656 327; x_wconf 88' lang='lat' dir='ltr'>cibi</span> <span class='ocrx_word' id='word_1_15' title='bbox 682 298 835 335; x_wconf 87' lang='lat' dir='ltr'>spiritualis</span> <span class='ocrx_word' id='word_1_16' title='bbox 866 298 918 327; x_wconf 90' lang='lat' dir='ltr'>sibi</span> <span class='ocrx_word' id='word_1_17' title='bbox 950 298 1114 327; x_wconf 85' lang='lat' dir='ltr'>convenien-</span> 
     </span>
     <span class='ocr_line' id='line_1_10' title="bbox 265 345 1115 383; baseline -0.004 -7"><span class='ocrx_word' id='word_1_18' title='bbox 265 347 316 381; x_wconf 86' lang='lat' dir='ltr'>tis;</span> <span class='ocrx_word' id='word_1_19' title='bbox 338 346 412 375; x_wconf 88' lang='lat' dir='ltr'>unde</span> <span class='ocrx_word' id='word_1_20' title='bbox 433 346 524 383; x_wconf 89' lang='lat' dir='ltr'>inquit</span> <span class='ocrx_word' id='word_1_21' title='bbox 544 345 672 374; x_wconf 89' lang='lat' dir='ltr'>Christus</span> <span class='ocrx_word' id='word_1_22' title='bbox 685 346 710 373; x_wconf 86' lang='lat'>¹:</span> <span class='ocrx_word' id='word_1_23' title='bbox 734 345 792 381; x_wconf 84' lang='lat' dir='ltr'>Qui</span> <span class='ocrx_word' id='word_1_24' title='bbox 810 345 974 374; x_wconf 79' lang='lat' dir='ltr'>manducat</span> <span class='ocrx_word' id='word_1_25' title='bbox 1000 353 1045 374; x_wconf 74' lang='lat' dir='ltr'>wie</span> <span class='ocrx_word' id='word_1_26' title='bbox 1072 345 1115 373; x_wconf 86' lang='lat' dir='ltr'>vi-</span> 
     </span>
     <span class='ocr_line' id='line_1_11' title="bbox 264 391 1115 431; baseline -0.001 -9"><span class='ocrx_word' id='word_1_27' title='bbox 264 397 307 422; x_wconf 76' lang='lat' dir='ltr'>vet</span> <span class='ocrx_word' id='word_1_28' title='bbox 324 397 448 431; x_wconf 79' lang='lat' dir='ltr'>propter</span> <span class='ocrx_word' id='word_1_29' title='bbox 465 401 518 420; x_wconf 81' lang='lat' dir='ltr'>me.</span> <span class='ocrx_word' id='word_1_30' title='bbox 542 408 579 413; x_wconf 90' lang='lat'>-</span> <span class='ocrx_word' id='word_1_31' title='bbox 600 392 670 420; x_wconf 86' lang='lat' dir='ltr'>Haec</span> <span class='ocrx_word' id='word_1_32' title='bbox 691 394 732 420; x_wconf 88' lang='lat' dir='ltr'>est</span> <span class='ocrx_word' id='word_1_33' title='bbox 752 394 846 421; x_wconf 85' lang='lat' dir='ltr'>autem</span> <span class='ocrx_word' id='word_1_34' title='bbox 867 391 1022 420; x_wconf 79' lang='lat' dir='ltr'>differentia</span> <span class='ocrx_word' id='word_1_35' title='bbox 1042 391 1115 421; x_wconf 88' lang='lat' dir='ltr'>inter</span> 
     </span>
     <span class='ocr_line' id='line_1_12' title="bbox 265 438 1114 476; baseline -0.002 -7"><span class='ocrx_word' id='word_1_36' title='bbox 265 440 461 469; x_wconf 78' lang='lat' dir='ltr'>comestionem</span> <span class='ocrx_word' id='word_1_37' title='bbox 484 439 655 476; x_wconf 81' lang='lat' dir='ltr'>corporalem</span> <span class='ocrx_word' id='word_1_38' title='bbox 678 442 705 468; x_wconf 87' lang='lat' dir='ltr'>et</span> <span class='ocrx_word' id='word_1_39' title='bbox 726 438 909 475; x_wconf 87' lang='lat' dir='ltr'>spiritualem,</span> <span class='ocrx_word' id='word_1_40' title='bbox 931 439 997 476; x_wconf 85' lang='lat' dir='ltr'>quia</span> <span class='ocrx_word' id='word_1_41' title='bbox 1017 438 1054 467; x_wconf 90' lang='lat' dir='ltr'>ibi</span> <span class='ocrx_word' id='word_1_42' title='bbox 1077 438 1114 468; x_wconf 90' lang='lat' dir='ltr'>ci-</span> 
     </span>
     <span class='ocr_line' id='line_1_13' title="bbox 264 485 1114 518; baseline -0.001 -2"><span class='ocrx_word' id='word_1_43' title='bbox 264 487 317 516; x_wconf 88' lang='lat' dir='ltr'>bus</span> <span class='ocrx_word' id='word_1_44' title='bbox 338 489 478 518; x_wconf 82' lang='lat' dir='ltr'>comestus</span> <span class='ocrx_word' id='word_1_45' title='bbox 500 486 599 514; x_wconf 76' lang='lat' dir='ltr'><strong>transit</strong></span> <span class='ocrx_word' id='word_1_46' title='bbox 620 486 647 514; x_wconf 88' lang='lat' dir='ltr'>in</span> <span class='ocrx_word' id='word_1_47' title='bbox 669 485 851 514; x_wconf 77' lang='lat' dir='ltr'>substantiam</span> <span class='ocrx_word' id='word_1_48' title='bbox 868 488 895 514; x_wconf 79' lang='lat' dir='ltr'>et</span> <span class='ocrx_word' id='word_1_49' title='bbox 909 485 1114 515; x_wconf 82' lang='lat' dir='ltr'><strong>nutrimentum</strong></span> 
     </span>
     <span class='ocr_line' id='line_1_14' title="bbox 265 531 1114 569; baseline -0.002 -7"><span class='ocrx_word' id='word_1_50' title='bbox 265 532 448 567; x_wconf 88' lang='lat' dir='ltr'>comedentis,</span> <span class='ocrx_word' id='word_1_51' title='bbox 470 532 516 561; x_wconf 88' lang='lat' dir='ltr'>hic</span> <span class='ocrx_word' id='word_1_52' title='bbox 536 540 604 561; x_wconf 90' lang='lat' dir='ltr'>vero</span> <span class='ocrx_word' id='word_1_53' title='bbox 625 531 772 561; x_wconf 85' lang='lat' dir='ltr'>comedens</span> <span class='ocrx_word' id='word_1_54' title='bbox 794 532 990 569; x_wconf 77' lang='lat' dir='ltr'>incorporatur</span> <span class='ocrx_word' id='word_1_55' title='bbox 1004 532 1114 561; x_wconf 89' lang='lat' dir='ltr'>Christo</span> 
     </span>
     <span class='ocr_line' id='line_1_15' title="bbox 264 578 1113 616; baseline 0 -9"><span class='ocrx_word' id='word_1_56' title='bbox 264 582 291 608; x_wconf 89' lang='lat' dir='ltr'>et</span> <span class='ocrx_word' id='word_1_57' title='bbox 313 579 412 608; x_wconf 86' lang='lat' dir='ltr'>transit</span> <span class='ocrx_word' id='word_1_58' title='bbox 434 578 461 607; x_wconf 89' lang='lat' dir='ltr'>in</span> <span class='ocrx_word' id='word_1_59' title='bbox 492 578 627 607; x_wconf 86' lang='lat' dir='ltr'>unitatem</span> <span class='ocrx_word' id='word_1_60' title='bbox 659 582 686 607; x_wconf 91' lang='lat' dir='ltr'>et</span> <span class='ocrx_word' id='word_1_61' title='bbox 716 586 840 607; x_wconf 86' lang='lat' dir='ltr'>amorem</span> <span class='ocrx_word' id='word_1_62' title='bbox 866 578 981 616; x_wconf 90' lang='lat' dir='ltr'>spiritus</span> <span class='ocrx_word' id='word_1_63' title='bbox 1002 578 1113 608; x_wconf 84' lang='lat' dir='ltr'>Christi.</span> 
     </span>
     <span class='ocr_line' id='line_1_16' title="bbox 263 625 1114 663; baseline 0.001 -9"><span class='ocrx_word' id='word_1_64' title='bbox 263 626 326 654; x_wconf 90' lang='lat' dir='ltr'>Ideo</span> <span class='ocrx_word' id='word_1_65' title='bbox 339 625 445 654; x_wconf 85' lang='lat' dir='ltr'>dictum</span> <span class='ocrx_word' id='word_1_66' title='bbox 460 625 512 654; x_wconf 89' lang='lat' dir='ltr'>fuit</span> <span class='ocrx_word' id='word_1_67' title='bbox 526 625 607 654; x_wconf 85' lang='lat' dir='ltr'>beato</span> <span class='ocrx_word' id='word_1_68' title='bbox 618 626 802 663; x_wconf 83' lang='lat' dir='ltr'>Augustin02:</span> <span class='ocrx_word' id='word_1_69' title='bbox 823 637 835 651; x_wconf 65' lang='grc' dir='ltr'>α</span> <span class='ocrx_word' id='word_1_70' title='bbox 847 626 904 655; x_wconf 92' lang='lat' dir='ltr'>Non</span> <span class='ocrx_word' id='word_1_71' title='bbox 920 634 970 663; x_wconf 84' lang='lat' dir='ltr'>ego</span> <span class='ocrx_word' id='word_1_72' title='bbox 985 626 1114 655; x_wconf 88' lang='lat' dir='ltr'>mutabor</span> 
     </span>
     <span class='ocr_line' id='line_1_17' title="bbox 264 672 1114 707; baseline 0.001 -6"><span class='ocrx_word' id='word_1_73' title='bbox 264 673 291 701; x_wconf 94' lang='lat' dir='ltr'>in</span> <span class='ocrx_word' id='word_1_74' title='bbox 313 675 356 707; x_wconf 85' lang='lat' dir='ltr'>te,</span> <span class='ocrx_word' id='word_1_75' title='bbox 378 672 425 701; x_wconf 89' lang='lat' dir='ltr'>sed</span> <span class='ocrx_word' id='word_1_76' title='bbox 447 675 477 701; x_wconf 91' lang='lat' dir='ltr'>tu</span> <span class='ocrx_word' id='word_1_77' title='bbox 504 672 657 701; x_wconf 79' lang='lat' dir='ltr'>mutaberis</span> <span class='ocrx_word' id='word_1_78' title='bbox 684 673 712 701; x_wconf 91' lang='lat' dir='ltr'>in</span> <span class='ocrx_word' id='word_1_79' title='bbox 735 680 817 707; x_wconf 89' lang='lat' dir='ltr'>me»,</span> <span class='ocrx_word' id='word_1_80' title='bbox 839 672 867 701; x_wconf 91' lang='lat' dir='ltr'>id</span> <span class='ocrx_word' id='word_1_81' title='bbox 888 676 930 702; x_wconf 85' lang='lat' dir='ltr'>est</span> <span class='ocrx_word' id='word_1_82' title='bbox 951 673 979 702; x_wconf 91' lang='lat' dir='ltr'>in</span> <span class='ocrx_word' id='word_1_83' title='bbox 1003 673 1055 702; x_wconf 81' lang='lat' dir='ltr'>mei</span> <span class='ocrx_word' id='word_1_84' title='bbox 1078 673 1114 702; x_wconf 88' lang='lat' dir='ltr'>si-</span> 
     </span>
     <span class='ocr_line' id='line_1_18' title="bbox 267 719 1115 755; baseline 0.001 -7"><span class='ocrx_word' id='word_1_85' title='bbox 267 719 460 754; x_wconf 80' lang='lat' dir='ltr'>militudinem,</span> <span class='ocrx_word' id='word_1_86' title='bbox 483 719 586 748; x_wconf 87' lang='lat' dir='ltr'>scilicet</span> <span class='ocrx_word' id='word_1_87' title='bbox 600 720 762 754; x_wconf 86' lang='lat' dir='ltr'>bonitatem,</span> <span class='ocrx_word' id='word_1_88' title='bbox 777 720 950 749; x_wconf 80' lang='lat' dir='ltr'>sanctitatem</span> <span class='ocrx_word' id='word_1_89' title='bbox 966 724 1028 755; x_wconf 91' lang='lat' dir='ltr'>etc.,</span> <span class='ocrx_word' id='word_1_90' title='bbox 1043 720 1115 749; x_wconf 91' lang='lat' dir='ltr'>sicut</span> 
     </span>
     <span class='ocr_line' id='line_1_19' title="bbox 264 766 971 804; baseline 0 -9"><span class='ocrx_word' id='word_1_91' title='bbox 264 767 335 804; x_wconf 82' lang='lat' dir='ltr'>ignis</span> <span class='ocrx_word' id='word_1_92' title='bbox 355 766 463 795; x_wconf 88' lang='lat' dir='ltr'>ferrum</span> <span class='ocrx_word' id='word_1_93' title='bbox 485 767 512 795; x_wconf 92' lang='lat' dir='ltr'>in</span> <span class='ocrx_word' id='word_1_94' title='bbox 534 767 576 795; x_wconf 88' lang='lat' dir='ltr'>sui</span> <span class='ocrx_word' id='word_1_95' title='bbox 599 767 809 796; x_wconf 88' lang='lat' dir='ltr'>similitudinem</span> <span class='ocrx_word' id='word_1_96' title='bbox 825 767 971 796; x_wconf 84' lang='lat' dir='ltr'>convertit.</span> 
     </span>
    </p>
   </div>
   <div class='ocr_carea' id='block_1_6' title="bbox 294 861 1086 947">
    <p class='ocr_par' dir='ltr' id='par_1_7' title="bbox 294 861 1086 947">
     <span class='ocr_line' id='line_1_20' title="bbox 294 861 1086 900; baseline 0.001 -11"><span class='ocrx_word' id='word_1_97' title='bbox 294 862 312 897; x_wconf 53' lang='grc' dir='ltr'>ᾖ</span> <span class='ocrx_word' id='word_1_98' title='bbox 333 861 359 889; x_wconf 75' lang='grc' dir='ltr'>[ι.</span> <span class='ocrx_word' id='word_1_99' title='bbox 384 861 507 897; x_wconf 85' lang='lat' dir='ltr'>Quarto,</span> <span class='ocrx_word' id='word_1_100' title='bbox 529 861 650 900; x_wconf 82' lang='lat' dir='ltr'>quisque</span> <span class='ocrx_word' id='word_1_101' title='bbox 670 870 700 890; x_wconf 85' lang='lat' dir='ltr'>se</span> <span class='ocrx_word' id='word_1_102' title='bbox 721 862 819 899; x_wconf 81' lang='lat' dir='ltr'>ipsum</span> <span class='ocrx_word' id='word_1_103' title='bbox 837 861 966 899; x_wconf 79' lang='lat' dir='ltr'>probare</span> <span class='ocrx_word' id='word_1_104' title='bbox 992 861 1086 896; x_wconf 72' lang='lat' dir='ltr'>(lebet,</span> 
     </span>
     <span class='ocr_line' id='line_1_21' title="bbox 505 909 869 947; baseline 0 -10"><span class='ocrx_word' id='word_1_105' title='bbox 505 912 628 946; x_wconf 84' lang='lat' dir='ltr'>propter</span> <span class='ocrx_word' id='word_1_106' title='bbox 649 909 720 947; x_wconf 84' lang='lat' dir='ltr'>quid</span> <span class='ocrx_word' id='word_1_107' title='bbox 741 909 869 937; x_wconf 80' lang='lat' dir='ltr'>acceclat.</span> 
     </span>
    </p>
   </div>
   <div class='ocr_carea' id='block_1_7' title="bbox 264 1002 1117 2076">
    <p class='ocr_par' dir='ltr' id='par_1_8' title="bbox 264 1002 1115 1228">
     <span class='ocr_line' id='line_1_22' title="bbox 346 1002 1115 1040; baseline 0.001 -10"><span class='ocrx_word' id='word_1_108' title='bbox 346 1002 389 1030; x_wconf 75' lang='lat' dir='ltr'>lli.</span> <span class='ocrx_word' id='word_1_109' title='bbox 412 1002 517 1039; x_wconf 86' lang='lat' dir='ltr'>Quarto</span> <span class='ocrx_word' id='word_1_110' title='bbox 538 1006 566 1031; x_wconf 90' lang='lat' dir='ltr'>et</span> <span class='ocrx_word' id='word_1_111' title='bbox 587 1002 686 1031; x_wconf 90' lang='lat' dir='ltr'>ultimo</span> <span class='ocrx_word' id='word_1_112' title='bbox 717 1002 805 1040; x_wconf 83' lang='lat' dir='ltr'>proba</span> <span class='ocrx_word' id='word_1_113' title='bbox 826 1005 852 1031; x_wconf 86' lang='lat' dir='ltr'>te</span> <span class='ocrx_word' id='word_1_114' title='bbox 873 1003 974 1039; x_wconf 87' lang='lat' dir='ltr'>ipsum,</span> <span class='ocrx_word' id='word_1_115' title='bbox 995 1006 1115 1040; x_wconf 80' lang='lat' dir='ltr'>propter</span> 
     </span>
     <span class='ocr_line' id='line_1_23' title="bbox 264 1049 1115 1088; baseline 0 -10"><span class='ocrx_word' id='word_1_116' title='bbox 264 1049 335 1087; x_wconf 82' lang='lat' dir='ltr'>quid</span> <span class='ocrx_word' id='word_1_117' title='bbox 356 1053 383 1078; x_wconf 90' lang='lat' dir='ltr'>et</span> <span class='ocrx_word' id='word_1_118' title='bbox 400 1053 521 1087; x_wconf 82' lang='lat' dir='ltr'>propter</span> <span class='ocrx_word' id='word_1_119' title='bbox 542 1058 632 1088; x_wconf 80' lang='lat' dir='ltr'>quam</span> <span class='ocrx_word' id='word_1_120' title='bbox 651 1058 776 1078; x_wconf 76' lang='lat' dir='ltr'>causam</span> <span class='ocrx_word' id='word_1_121' title='bbox 790 1050 905 1078; x_wconf 83' lang='lat' dir='ltr'>accedis.</span> <span class='ocrx_word' id='word_1_122' title='bbox 923 1050 954 1078; x_wconf 89' lang='lat' dir='ltr'>Et</span> <span class='ocrx_word' id='word_1_123' title='bbox 968 1050 1013 1078; x_wconf 90' lang='lat' dir='ltr'>hic</span> <span class='ocrx_word' id='word_1_124' title='bbox 1027 1049 1115 1087; x_wconf 83' lang='lat' dir='ltr'>dirige</span> 
     </span>
     <span class='ocr_line' id='line_1_24' title="bbox 264 1096 1114 1134; baseline 0.001 -10"><span class='ocrx_word' id='word_1_125' title='bbox 264 1096 350 1125; x_wconf 89' lang='lat' dir='ltr'>aciem</span> <span class='ocrx_word' id='word_1_126' title='bbox 372 1096 473 1125; x_wconf 89' lang='lat' dir='ltr'>mentis</span> <span class='ocrx_word' id='word_1_127' title='bbox 494 1096 528 1125; x_wconf 89' lang='lat' dir='ltr'>ad</span> <span class='ocrx_word' id='word_1_128' title='bbox 549 1096 605 1125; x_wconf 91' lang='lat' dir='ltr'>duo</span> <span class='ocrx_word' id='word_1_129' title='bbox 626 1097 792 1134; x_wconf 77' lang='lat' dir='ltr'>praecipue,</span> <span class='ocrx_word' id='word_1_130' title='bbox 813 1097 918 1126; x_wconf 84' lang='lat' dir='ltr'>scilicet</span> <span class='ocrx_word' id='word_1_131' title='bbox 945 1096 979 1125; x_wconf 87' lang='lat' dir='ltr'>ad</span> <span class='ocrx_word' id='word_1_132' title='bbox 998 1105 1114 1134; x_wconf 78' lang='lat' dir='ltr'>purum</span> 
     </span>
     <span class='ocr_line' id='line_1_25' title="bbox 264 1142 1114 1181; baseline 0 -9"><span class='ocrx_word' id='word_1_133' title='bbox 264 1142 399 1181; x_wconf 79' lang='lat' dir='ltr'>affectum</span> <span class='ocrx_word' id='word_1_134' title='bbox 421 1146 449 1172; x_wconf 89' lang='lat' dir='ltr'>et</span> <span class='ocrx_word' id='word_1_135' title='bbox 469 1143 648 1172; x_wconf 78' lang='lat' dir='ltr'>desiderium</span> <span class='ocrx_word' id='word_1_136' title='bbox 669 1147 824 1177; x_wconf 82' lang='lat' dir='ltr'>sauctum,·</span> <span class='ocrx_word' id='word_1_137' title='bbox 839 1144 960 1173; x_wconf 91' lang='lat' dir='ltr'>secundo</span> <span class='ocrx_word' id='word_1_138' title='bbox 981 1144 1015 1172; x_wconf 89' lang='lat' dir='ltr'>ad</span> <span class='ocrx_word' id='word_1_139' title='bbox 1037 1143 1114 1172; x_wconf 67' lang='lat' dir='ltr'>(lebi-</span> 
     </span>
     <span class='ocr_line' id='line_1_26' title="bbox 265 1191 1014 1228; baseline 0.001 -9"><span class='ocrx_word' id='word_1_140' title='bbox 265 1194 327 1219; x_wconf 81' lang='lat' dir='ltr'>tam</span> <span class='ocrx_word' id='word_1_141' title='bbox 347 1191 532 1220; x_wconf 67' lang='lat' dir='ltr'>interitionem</span> <span class='ocrx_word' id='word_1_142' title='bbox 553 1194 581 1220; x_wconf 88' lang='lat' dir='ltr'>et</span> <span class='ocrx_word' id='word_1_143' title='bbox 598 1191 785 1228; x_wconf 75' lang='lat' dir='ltr'>propositum</span> <span class='ocrx_word' id='word_1_144' title='bbox 805 1191 1014 1220; x_wconf 74' lang='lat' dir='ltr'>necessarium.</span> 
     </span>
    </p>

    <p class='ocr_par' dir='ltr' id='par_1_9' title="bbox 264 1238 1116 2029">
     <span class='ocr_line' id='line_1_27' title="bbox 344 1238 1115 1277; baseline 0 -11"><span class='ocrx_word' id='word_1_145' title='bbox 344 1238 435 1266; x_wconf 86' lang='lat' dir='ltr'>Primo</span> <span class='ocrx_word' id='word_1_146' title='bbox 456 1238 530 1272; x_wconf 89' lang='lat' dir='ltr'>vide,</span> <span class='ocrx_word' id='word_1_147' title='bbox 553 1238 624 1277; x_wconf 78' lang='lat' dir='ltr'>quid</span> <span class='ocrx_word' id='word_1_148' title='bbox 644 1238 803 1272; x_wconf 80' lang='lat' dir='ltr'>desideres,</span> <span class='ocrx_word' id='word_1_149' title='bbox 833 1246 868 1267; x_wconf 91' lang='lat' dir='ltr'>ne</span> <span class='ocrx_word' id='word_1_150' title='bbox 898 1238 969 1267; x_wconf 87' lang='lat' dir='ltr'>forte</span> <span class='ocrx_word' id='word_1_151' title='bbox 1000 1240 1115 1275; x_wconf 89' lang='lat' dir='ltr'>propter</span> 
     </span>
     <span class='ocr_line' id='line_1_28' title="bbox 264 1285 1116 1323; baseline -0.001 -9"><span class='ocrx_word' id='word_1_152' title='bbox 264 1285 437 1319; x_wconf 75' lang='lat' dir='ltr'>avaritiam,</span> <span class='ocrx_word' id='word_1_153' title='bbox 459 1288 508 1314; x_wconf 89' lang='lat' dir='ltr'>aut</span> <span class='ocrx_word' id='word_1_154' title='bbox 529 1285 660 1314; x_wconf 81' lang='lat' dir='ltr'>timorem</span> <span class='ocrx_word' id='word_1_155' title='bbox 672 1286 694 1319; x_wconf 74' lang='lat'>³,</span> <span class='ocrx_word' id='word_1_156' title='bbox 715 1288 764 1314; x_wconf 87' lang='lat' dir='ltr'>aut</span> <span class='ocrx_word' id='word_1_157' title='bbox 784 1294 894 1314; x_wconf 79' lang='lat' dir='ltr'>vanam</span> <span class='ocrx_word' id='word_1_158' title='bbox 908 1285 1051 1323; x_wconf 66' lang='lat' dir='ltr'>plorimi,</span> <span class='ocrx_word' id='word_1_159' title='bbox 1067 1287 1116 1313; x_wconf 89' lang='lat' dir='ltr'>aut</span> 
     </span>
     <span class='ocr_line' id='line_1_29' title="bbox 264 1332 1115 1370; baseline -0.001 -9"><span class='ocrx_word' id='word_1_160' title='bbox 264 1332 514 1366; x_wconf 75' lang='lat' dir='ltr'>cousuetudinem,</span> <span class='ocrx_word' id='word_1_161' title='bbox 536 1335 585 1361; x_wconf 86' lang='lat' dir='ltr'>aut</span> <span class='ocrx_word' id='word_1_162' title='bbox 605 1333 724 1361; x_wconf 89' lang='lat' dir='ltr'>alicuius</span> <span class='ocrx_word' id='word_1_163' title='bbox 744 1333 915 1361; x_wconf 74' lang='lat' dir='ltr'>utitizclauae</span> <span class='ocrx_word' id='word_1_164' title='bbox 936 1332 1115 1370; x_wconf 76' lang='lat' dir='ltr'>complacen-</span> 
     </span>
     <span class='ocr_line' id='line_1_30' title="bbox 265 1378 1115 1417; baseline 0 -10"><span class='ocrx_word' id='word_1_165' title='bbox 265 1379 338 1413; x_wconf 82' lang='lat' dir='ltr'>tiae,</span> <span class='ocrx_word' id='word_1_166' title='bbox 361 1381 410 1407; x_wconf 86' lang='lat' dir='ltr'>aut</span> <span class='ocrx_word' id='word_1_167' title='bbox 441 1379 611 1416; x_wconf 79' lang='lat' dir='ltr'>temporalis</span> <span class='ocrx_word' id='word_1_168' title='bbox 639 1378 756 1417; x_wconf 79' lang='lat' dir='ltr'>favoris</span> <span class='ocrx_word' id='word_1_169' title='bbox 787 1387 871 1407; x_wconf 85' lang='lat' dir='ltr'>causa</span> <span class='ocrx_word' id='word_1_170' title='bbox 891 1378 1020 1413; x_wconf 80' lang='lat' dir='ltr'>accedas3</span> <span class='ocrx_word' id='word_1_171' title='bbox 1043 1379 1115 1407; x_wconf 85' lang='lat' dir='ltr'>sicut</span> 
     </span>
     <span class='ocr_line' id='line_1_31' title="bbox 264 1425 1113 1462; baseline -0.001 -8"><span class='ocrx_word' id='word_1_172' title='bbox 264 1425 346 1454; x_wconf 86' lang='lat' dir='ltr'>multi</span> <span class='ocrx_word' id='word_1_173' title='bbox 368 1425 466 1454; x_wconf 89' lang='lat' dir='ltr'>diebus</span> <span class='ocrx_word' id='word_1_174' title='bbox 486 1425 545 1454; x_wconf 88' lang='lat' dir='ltr'>istis</span> <span class='ocrx_word' id='word_1_175' title='bbox 566 1426 724 1454; x_wconf 87' lang='lat' dir='ltr'>abutuntur</span> <span class='ocrx_word' id='word_1_176' title='bbox 745 1425 778 1454; x_wconf 89' lang='lat' dir='ltr'>ad</span> <span class='ocrx_word' id='word_1_177' title='bbox 804 1433 882 1454; x_wconf 82' lang='lat' dir='ltr'>suam</span> <span class='ocrx_word' id='word_1_178' title='bbox 895 1426 907 1442; x_wconf 76' lang='lat'>4</span> <span class='ocrx_word' id='word_1_179' title='bbox 931 1425 1113 1462; x_wconf 84' lang='lat' dir='ltr'>perditionem</span> 
     </span>
     <span class='ocr_line' id='line_1_32' title="bbox 264 1472 1114 1510; baseline 0 -9"><span class='ocrx_word' id='word_1_180' title='bbox 264 1473 338 1510; x_wconf 86' lang='lat' dir='ltr'>quod</span> <span class='ocrx_word' id='word_1_181' title='bbox 360 1476 401 1502; x_wconf 87' lang='lat' dir='ltr'>est</span> <span class='ocrx_word' id='word_1_182' title='bbox 422 1473 516 1501; x_wconf 84' lang='lat' dir='ltr'>datum</span> <span class='ocrx_word' id='word_1_183' title='bbox 536 1473 570 1501; x_wconf 88' lang='lat' dir='ltr'>ad</span> <span class='ocrx_word' id='word_1_184' title='bbox 591 1474 716 1502; x_wconf 91' lang='lat' dir='ltr'>salutem.</span> <span class='ocrx_word' id='word_1_185' title='bbox 736 1473 801 1507; x_wconf 87' lang='lat' dir='ltr'>Vae,</span> <span class='ocrx_word' id='word_1_186' title='bbox 817 1481 878 1507; x_wconf 87' lang='lat' dir='ltr'>vae,</span> <span class='ocrx_word' id='word_1_187' title='bbox 895 1472 1010 1501; x_wconf 88' lang='lat' dir='ltr'>Domine</span> <span class='ocrx_word' id='word_1_188' title='bbox 1024 1473 1114 1501; x_wconf 88' lang='lat' dir='ltr'>Deus!</span> 
     </span>
     <span class='ocr_line' id='line_1_33' title="bbox 264 1520 1116 1557; baseline 0 -9"><span class='ocrx_word' id='word_1_189' title='bbox 264 1520 360 1557; x_wconf 88' lang='lat' dir='ltr'>quanti</span> <span class='ocrx_word' id='word_1_190' title='bbox 390 1520 471 1549; x_wconf 90' lang='lat' dir='ltr'>hodie</span> <span class='ocrx_word' id='word_1_191' title='bbox 499 1520 621 1549; x_wconf 84' lang='lat' dir='ltr'>infelices</span> <span class='ocrx_word' id='word_1_192' title='bbox 653 1520 686 1549; x_wconf 87' lang='lat' dir='ltr'>ad</span> <span class='ocrx_word' id='word_1_193' title='bbox 718 1528 811 1549; x_wconf 90' lang='lat' dir='ltr'>sacros</span> <span class='ocrx_word' id='word_1_194' title='bbox 842 1520 953 1549; x_wconf 84' lang='lat' dir='ltr'>ordines</span> <span class='ocrx_word' id='word_1_195' title='bbox 974 1523 1001 1549; x_wconf 90' lang='lat' dir='ltr'>et</span> <span class='ocrx_word' id='word_1_196' title='bbox 1023 1520 1116 1549; x_wconf 87' lang='lat' dir='ltr'>divina</span> 
     </span>
     <span class='ocr_line' id='line_1_34' title="bbox 264 1567 1114 1604; baseline 0 -9"><span class='ocrx_word' id='word_1_197' title='bbox 264 1567 397 1603; x_wconf 83' lang='lat' dir='ltr'>mysteria</span> <span class='ocrx_word' id='word_1_198' title='bbox 418 1567 568 1601; x_wconf 87' lang='lat' dir='ltr'>accedunt,</span> <span class='ocrx_word' id='word_1_199' title='bbox 591 1576 646 1596; x_wconf 92' lang='lat' dir='ltr'>non</span> <span class='ocrx_word' id='word_1_200' title='bbox 674 1568 819 1596; x_wconf 90' lang='lat' dir='ltr'>caelestem</span> <span class='ocrx_word' id='word_1_201' title='bbox 852 1575 967 1604; x_wconf 88' lang='lat' dir='ltr'>panem,</span> <span class='ocrx_word' id='word_1_202' title='bbox 989 1567 1037 1595; x_wconf 87' lang='lat' dir='ltr'>sed</span> <span class='ocrx_word' id='word_1_203' title='bbox 1058 1570 1114 1596; x_wconf 85' lang='lat' dir='ltr'>ter-</span> 
     </span>
     <span class='ocr_line' id='line_1_35' title="bbox 264 1614 1114 1651; baseline 0 -9"><span class='ocrx_word' id='word_1_204' title='bbox 264 1622 364 1643; x_wconf 87' lang='lat' dir='ltr'>renum</span> <span class='ocrx_word' id='word_1_205' title='bbox 387 1616 568 1651; x_wconf 77' lang='lat' dir='ltr'>quaerentes3</span> <span class='ocrx_word' id='word_1_206' title='bbox 590 1622 645 1643; x_wconf 89' lang='lat' dir='ltr'>non</span> <span class='ocrx_word' id='word_1_207' title='bbox 667 1614 812 1651; x_wconf 89' lang='lat' dir='ltr'>spiritum,</span> <span class='ocrx_word' id='word_1_208' title='bbox 841 1614 888 1643; x_wconf 88' lang='lat' dir='ltr'>sed</span> <span class='ocrx_word' id='word_1_209' title='bbox 909 1614 1037 1648; x_wconf 80' lang='lat' dir='ltr'>lucrum3</span> <span class='ocrx_word' id='word_1_210' title='bbox 1059 1622 1114 1642; x_wconf 88' lang='lat' dir='ltr'>non</span> 
     </span>
     <span class='ocr_line' id='line_1_36' title="bbox 264 1661 1111 1696; baseline -0.001 -6"><span class='ocrx_word' id='word_1_211' title='bbox 264 1661 313 1690; x_wconf 91' lang='lat' dir='ltr'>Dei</span> <span class='ocrx_word' id='word_1_212' title='bbox 335 1662 482 1696; x_wconf 86' lang='lat' dir='ltr'>honorem,</span> <span class='ocrx_word' id='word_1_213' title='bbox 511 1661 558 1690; x_wconf 88' lang='lat' dir='ltr'>sed</span> <span class='ocrx_word' id='word_1_214' title='bbox 590 1669 669 1690; x_wconf 89' lang='lat' dir='ltr'>suam</span> <span class='ocrx_word' id='word_1_215' title='bbox 697 1662 891 1696; x_wconf 76' lang='lat' dir='ltr'>ambitionem3</span> <span class='ocrx_word' id='word_1_216' title='bbox 918 1669 972 1690; x_wconf 90' lang='lat' dir='ltr'>non</span> <span class='ocrx_word' id='word_1_217' title='bbox 995 1661 1111 1690; x_wconf 86' lang='lat' dir='ltr'>salutem</span> 
     </span>
     <span class='ocr_line' id='line_1_37' title="bbox 264 1708 1116 1745; baseline -0.001 -8"><span class='ocrx_word' id='word_1_218' title='bbox 264 1708 438 1742; x_wconf 87' lang='lat' dir='ltr'>animarum,</span> <span class='ocrx_word' id='word_1_219' title='bbox 460 1708 506 1737; x_wconf 90' lang='lat' dir='ltr'>sed</span> <span class='ocrx_word' id='word_1_220' title='bbox 529 1711 676 1745; x_wconf 89' lang='lat' dir='ltr'>quaestum</span> <span class='ocrx_word' id='word_1_221' title='bbox 698 1708 898 1745; x_wconf 89' lang='lat' dir='ltr'>pecuniarum;</span> <span class='ocrx_word' id='word_1_222' title='bbox 920 1716 974 1737; x_wconf 88' lang='lat' dir='ltr'>non</span> <span class='ocrx_word' id='word_1_223' title='bbox 1006 1708 1116 1737; x_wconf 86' lang='lat' dir='ltr'>Christo</span> 
     </span>
     <span class='ocr_line' id='line_1_38' title="bbox 264 1755 1114 1792; baseline 0 -8"><span class='ocrx_word' id='word_1_224' title='bbox 264 1755 371 1784; x_wconf 89' lang='lat' dir='ltr'>servire</span> <span class='ocrx_word' id='word_1_225' title='bbox 392 1755 495 1784; x_wconf 89' lang='lat' dir='ltr'>mundo</span> <span class='ocrx_word' id='word_1_226' title='bbox 516 1755 599 1784; x_wconf 88' lang='lat' dir='ltr'>corde</span> <span class='ocrx_word' id='word_1_227' title='bbox 620 1758 648 1784; x_wconf 91' lang='lat' dir='ltr'>et</span> <span class='ocrx_word' id='word_1_228' title='bbox 669 1763 786 1792; x_wconf 86' lang='lat' dir='ltr'>corpore</span> <span class='ocrx_word' id='word_1_229' title='bbox 808 1756 836 1784; x_wconf 90' lang='lat' dir='ltr'>in</span> <span class='ocrx_word' id='word_1_230' title='bbox 858 1755 944 1784; x_wconf 88' lang='lat' dir='ltr'>sacris</span> <span class='ocrx_word' id='word_1_231' title='bbox 966 1755 1114 1792; x_wconf 85' lang='lat' dir='ltr'>mysteriis,</span> 
     </span>
     <span class='ocr_line' id='line_1_39' title="bbox 265 1802 1116 1840; baseline -0.002 -8"><span class='ocrx_word' id='word_1_232' title='bbox 265 1803 313 1832; x_wconf 88' lang='lat' dir='ltr'>sed</span> <span class='ocrx_word' id='word_1_233' title='bbox 334 1803 471 1837; x_wconf 79' lang='lat' dir='ltr'>deliciari,</span> <span class='ocrx_word' id='word_1_234' title='bbox 494 1802 592 1837; x_wconf 86' lang='lat' dir='ltr'>ditari,</span> <span class='ocrx_word' id='word_1_235' title='bbox 624 1803 771 1840; x_wconf 82' lang='lat' dir='ltr'>superbire</span> <span class='ocrx_word' id='word_1_236' title='bbox 802 1806 830 1832; x_wconf 88' lang='lat' dir='ltr'>et</span> <span class='ocrx_word' id='word_1_237' title='bbox 851 1802 991 1831; x_wconf 78' lang='lat' dir='ltr'>luxuriari</span> <span class='ocrx_word' id='word_1_238' title='bbox 1013 1802 1046 1831; x_wconf 88' lang='lat' dir='ltr'>de</span> <span class='ocrx_word' id='word_1_239' title='bbox 1067 1810 1116 1839; x_wconf 86' lang='lat' dir='ltr'>pa-</span> 
     </span>
     <span class='ocr_line' id='line_1_40' title="bbox 265 1849 1116 1887; baseline 0 -9"><span class='ocrx_word' id='word_1_240' title='bbox 265 1850 396 1878; x_wconf 85' lang='lat' dir='ltr'>trimonio</span> <span class='ocrx_word' id='word_1_241' title='bbox 417 1849 518 1878; x_wconf 78' lang='lat' dir='ltr'>Christi</span> <span class='ocrx_word' id='word_1_242' title='bbox 540 1852 567 1879; x_wconf 88' lang='lat' dir='ltr'>et</span> <span class='ocrx_word' id='word_1_243' title='bbox 584 1850 618 1879; x_wconf 84' lang='lat' dir='ltr'>de</span> <span class='ocrx_word' id='word_1_244' title='bbox 633 1850 814 1887; x_wconf 87' lang='lat' dir='ltr'>eleemosynis</span> <span class='ocrx_word' id='word_1_245' title='bbox 835 1850 929 1887; x_wconf 88' lang='lat' dir='ltr'>populi</span> <span class='ocrx_word' id='word_1_246' title='bbox 943 1850 968 1884; x_wconf 83' lang='lat'>⁵,</span> <span class='ocrx_word' id='word_1_247' title='bbox 983 1857 1015 1878; x_wconf 87' lang='lat' dir='ltr'>ac</span> <span class='ocrx_word' id='word_1_248' title='bbox 1029 1849 1116 1878; x_wconf 85' lang='lat' dir='ltr'>eccle-</span> 
     </span>
     <span class='ocr_line' id='line_1_41' title="bbox 265 1896 1116 1934; baseline 0 -9"><span class='ocrx_word' id='word_1_249' title='bbox 265 1897 387 1926; x_wconf 87' lang='lat' dir='ltr'>siasticas</span> <span class='ocrx_word' id='word_1_250' title='bbox 408 1897 555 1934; x_wconf 79' lang='lat' dir='ltr'>dignitates</span> <span class='ocrx_word' id='word_1_251' title='bbox 576 1897 721 1926; x_wconf 86' lang='lat' dir='ltr'>ambiendo</span> <span class='ocrx_word' id='word_1_252' title='bbox 742 1897 838 1926; x_wconf 89' lang='lat' dir='ltr'>multis</span> <span class='ocrx_word' id='word_1_253' title='bbox 870 1897 963 1934; x_wconf 84' lang='lat' dir='ltr'>litigiis</span> <span class='ocrx_word' id='word_1_254' title='bbox 985 1899 1012 1926; x_wconf 88' lang='lat' dir='ltr'>et</span> <span class='ocrx_word' id='word_1_255' title='bbox 1033 1896 1116 1925; x_wconf 88' lang='lat' dir='ltr'>simo-</span> 
     </span>
     <span class='ocr_line' id='line_1_42' title="bbox 265 1943 1113 1982; baseline 0.001 -10"><span class='ocrx_word' id='word_1_256' title='bbox 265 1943 318 1973; x_wconf 91' lang='lat' dir='ltr'>niis</span> <span class='ocrx_word' id='word_1_257' title='bbox 338 1944 431 1981; x_wconf 89' lang='lat' dir='ltr'>potius</span> <span class='ocrx_word' id='word_1_258' title='bbox 452 1944 581 1981; x_wconf 87' lang='lat' dir='ltr'>rapiunt,</span> <span class='ocrx_word' id='word_1_259' title='bbox 613 1953 697 1982; x_wconf 88' lang='lat' dir='ltr'>quam</span> <span class='ocrx_word' id='word_1_260' title='bbox 726 1946 925 1982; x_wconf 78' lang='lat' dir='ltr'>assequantur,</span> <span class='ocrx_word' id='word_1_261' title='bbox 948 1952 1003 1973; x_wconf 89' lang='lat' dir='ltr'>non</span> <span class='ocrx_word' id='word_1_262' title='bbox 1026 1944 1113 1973; x_wconf 89' lang='lat' dir='ltr'>vocati</span> 
     </span>
     <span class='ocr_line' id='line_1_43' title="bbox 265 1992 753 2029; baseline 0 -9"><span class='ocrx_word' id='word_1_263' title='bbox 265 2000 281 2020; x_wconf 88' lang='lat' dir='ltr'>a</span> <span class='ocrx_word' id='word_1_264' title='bbox 302 1992 374 2026; x_wconf 90' lang='lat' dir='ltr'>Deo,</span> <span class='ocrx_word' id='word_1_265' title='bbox 396 1992 444 2021; x_wconf 85' lang='lat' dir='ltr'>sed</span> <span class='ocrx_word' id='word_1_266' title='bbox 465 1992 578 2029; x_wconf 88' lang='lat' dir='ltr'>impulsi</span> <span class='ocrx_word' id='word_1_267' title='bbox 600 2000 616 2020; x_wconf 88' lang='lat' dir='ltr'>a</span> <span class='ocrx_word' id='word_1_268' title='bbox 636 1992 753 2021; x_wconf 89' lang='lat' dir='ltr'>diabolo.</span> 
     </span>
    </p>

    <p class='ocr_par' dir='ltr' id='par_1_10' title="bbox 347 2039 1117 2076">
     <span class='ocr_line' id='line_1_44' title="bbox 347 2039 1117 2076; baseline 0 -9"><span class='ocrx_word' id='word_1_269' title='bbox 347 2039 390 2067; x_wconf 81' lang='lat'>15.</span> <span class='ocrx_word' id='word_1_270' title='bbox 413 2039 455 2067; x_wconf 88' lang='lat' dir='ltr'>Tu</span> <span class='ocrx_word' id='word_1_271' title='bbox 476 2041 589 2073; x_wconf 82' lang='lat' dir='ltr'>autem,</span> <span class='ocrx_word' id='word_1_272' title='bbox 612 2039 694 2067; x_wconf 91' lang='lat' dir='ltr'>homo</span> <span class='ocrx_word' id='word_1_273' title='bbox 715 2039 780 2073; x_wconf 89' lang='lat' dir='ltr'>Dei,</span> <span class='ocrx_word' id='word_1_274' title='bbox 812 2039 900 2076; x_wconf 82' lang='lat' dir='ltr'>dirige</span> <span class='ocrx_word' id='word_1_275' title='bbox 932 2041 995 2068; x_wconf 87' lang='lat' dir='ltr'>vota</span> <span class='ocrx_word' id='word_1_276' title='bbox 1020 2042 1068 2067; x_wconf 88' lang='lat' dir='ltr'>tua</span> <span class='ocrx_word' id='word_1_277' title='bbox 1089 2041 1117 2067; x_wconf 89' lang='lat' dir='ltr'>et</span> 
     </span>
    </p>
   </div>
   <div class='ocr_carea' id='block_1_8' title="bbox 129 2084 1117 2134">
    <p class='ocr_par' dir='ltr' id='par_1_11' title="bbox 129 2084 1117 2134">
     <span class='ocr_line' id='line_1_45' title="bbox 129 2084 1117 2134; baseline 0.001 -21"><span class='ocrx_word' id='word_1_278' title='bbox 129 2092 256 2134; x_wconf 50' lang='lat' dir='ltr'>apgcggggngt</span> <span class='ocrx_word' id='word_1_279' title='bbox 265 2084 401 2114; x_wconf 86' lang='lat' dir='ltr'>desideria</span> <span class='ocrx_word' id='word_1_280' title='bbox 421 2085 455 2114; x_wconf 85' lang='lat' dir='ltr'>ad</span> <span class='ocrx_word' id='word_1_281' title='bbox 477 2086 565 2114; x_wconf 90' lang='lat' dir='ltr'>Deum</span> <span class='ocrx_word' id='word_1_282' title='bbox 593 2088 620 2114; x_wconf 91' lang='lat' dir='ltr'>et</span> <span class='ocrx_word' id='word_1_283' title='bbox 646 2085 722 2120; x_wconf 85' lang='lat' dir='ltr'>vide,</span> <span class='ocrx_word' id='word_1_284' title='bbox 744 2086 847 2123; x_wconf 85' lang='lat' dir='ltr'>quibus</span> <span class='ocrx_word' id='word_1_285' title='bbox 875 2085 1067 2114; x_wconf 85' lang='lat' dir='ltr'>affectionibus</span> <span class='ocrx_word' id='word_1_286' title='bbox 1089 2088 1117 2114; x_wconf 90' lang='lat' dir='ltr'>et</span> 
     </span>
    </p>
   </div>
   <div class='ocr_carea' id='block_1_9' title="bbox 143 2131 1115 2182">
    <p class='ocr_par' dir='ltr' id='par_1_12' title="bbox 143 2131 1115 2182">
     <span class='ocr_line' id='line_1_46' title="bbox 143 2131 1115 2182; baseline 0.002 -24"><span class='ocrx_word' id='word_1_287' title='bbox 143 2139 244 2182; x_wconf 53' lang='lat' dir='ltr'>aegioffiiis</span> <span class='ocrx_word' id='word_1_288' title='bbox 266 2131 410 2161; x_wconf 87' lang='lat' dir='ltr'>desideriis</span> <span class='ocrx_word' id='word_1_289' title='bbox 431 2133 505 2161; x_wconf 87' lang='lat' dir='ltr'>trahi</span> <span class='ocrx_word' id='word_1_290' title='bbox 526 2132 626 2162; x_wconf 80' lang='lat' dir='ltr'>debeas</span> <span class='ocrx_word' id='word_1_291' title='bbox 647 2133 681 2161; x_wconf 87' lang='lat' dir='ltr'>ad</span> <span class='ocrx_word' id='word_1_292' title='bbox 702 2140 781 2161; x_wconf 86' lang='lat' dir='ltr'>sacra</span> <span class='ocrx_word' id='word_1_293' title='bbox 796 2132 928 2169; x_wconf 81' lang='lat' dir='ltr'>mysteria</span> <span class='ocrx_word' id='word_1_294' title='bbox 942 2132 1115 2161; x_wconf 87' lang='lat' dir='ltr'>celebranda.</span> 
     </span>
    </p>
   </div>
   <div class='ocr_carea' id='block_1_10' title="bbox 267 2179 1116 2310">
    <p class='ocr_par' dir='ltr' id='par_1_13' title="bbox 267 2179 1116 2310">
     <span class='ocr_line' id='line_1_47' title="bbox 346 2179 1116 2208; baseline -0.001 0"><span class='ocrx_word' id='word_1_295' title='bbox 346 2179 437 2208; x_wconf 89' lang='lat' dir='ltr'>Primo</span> <span class='ocrx_word' id='word_1_296' title='bbox 458 2180 552 2208; x_wconf 87' lang='lat' dir='ltr'>trahat</span> <span class='ocrx_word' id='word_1_297' title='bbox 572 2180 620 2208; x_wconf 81' lang='lat' dir='ltr'>te⁶</span> <span class='ocrx_word' id='word_1_298' title='bbox 643 2180 819 2208; x_wconf 78' lang='lat' dir='ltr'>couscientia</span> <span class='ocrx_word' id='word_1_299' title='bbox 850 2182 874 2208; x_wconf 85' lang='lat' dir='ltr'>et</span> <span class='ocrx_word' id='word_1_300' title='bbox 899 2187 1049 2208; x_wconf 76' lang='lat' dir='ltr'>remorsus</span> <span class='ocrx_word' id='word_1_301' title='bbox 1070 2179 1116 2207; x_wconf 80' lang='lat' dir='ltr'>cle-</span> 
     </span>
     <span class='ocr_line' id='line_1_48' title="bbox 267 2226 1116 2264; baseline 0 -9"><span class='ocrx_word' id='word_1_302' title='bbox 267 2226 417 2261; x_wconf 75' lang='lat' dir='ltr'>lictorum,</span> <span class='ocrx_word' id='word_1_303' title='bbox 440 2234 555 2263; x_wconf 88' lang='lat' dir='ltr'>sperans</span> <span class='ocrx_word' id='word_1_304' title='bbox 575 2235 625 2264; x_wconf 90' lang='lat' dir='ltr'>per</span> <span class='ocrx_word' id='word_1_305' title='bbox 654 2234 719 2256; x_wconf 91' lang='lat' dir='ltr'>eum</span> <span class='ocrx_word' id='word_1_306' title='bbox 740 2226 819 2264; x_wconf 89' lang='lat' dir='ltr'>quasi</span> <span class='ocrx_word' id='word_1_307' title='bbox 842 2234 891 2263; x_wconf 89' lang='lat' dir='ltr'>per</span> <span class='ocrx_word' id='word_1_308' title='bbox 913 2226 1032 2255; x_wconf 88' lang='lat' dir='ltr'>bostiam</span> <span class='ocrx_word' id='word_1_309' title='bbox 1058 2226 1116 2263; x_wconf 85' lang='lat' dir='ltr'>pla-</span> 
     </span>
     <span class='ocr_line' id='line_1_49' title="bbox 267 2273 813 2310; baseline -0.002 -8"><span class='ocrx_word' id='word_1_310' title='bbox 267 2273 382 2302; x_wconf 81' lang='lat' dir='ltr'>cationis</span> <span class='ocrx_word' id='word_1_311' title='bbox 403 2273 438 2302; x_wconf 85' lang='lat' dir='ltr'>ab</span> <span class='ocrx_word' id='word_1_312' title='bbox 458 2273 534 2302; x_wconf 89' lang='lat' dir='ltr'>omni</span> <span class='ocrx_word' id='word_1_313' title='bbox 556 2276 668 2310; x_wconf 84' lang='lat' dir='ltr'>peccato</span> <span class='ocrx_word' id='word_1_314' title='bbox 689 2273 813 2310; x_wconf 80' lang='lat' dir='ltr'>purgari.</span> 
     </span>
    </p>
   </div>
   <div class='ocr_carea' id='block_1_11' title="bbox 1141 298 1147 2299">
    <p class='ocr_par' dir='ltr' id='par_1_14' title="bbox 1141 298 1147 2299">
     <span class='ocr_line' id='line_1_50' title="bbox 1141 298 1147 2299; baseline 0 0"><span class='ocrx_word' id='word_1_315' title='bbox 1141 298 1147 2299; x_wconf 95' lang='lat' dir='ltr'> </span> 
     </span>
    </p>
   </div>
   <div class='ocr_carea' id='block_1_12' title="bbox 603 219 1686 249">
    <p class='ocr_par' dir='ltr' id='par_1_15' title="bbox 603 219 1686 249">
     <span class='ocr_line' id='line_1_51' title="bbox 603 219 1686 249; baseline -0.002 0"><span class='ocrx_word' id='word_1_316' title='bbox 603 220 799 249; x_wconf 82' lang='lat' dir='ltr'>OPUSCULUM</span> <span class='ocrx_word' id='word_1_317' title='bbox 821 220 852 249; x_wconf 92' lang='lat' dir='ltr'>V.</span> <span class='ocrx_word' id='word_1_318' title='bbox 873 219 989 248; x_wconf 73' lang='lat' dir='ltr'>TRACT.</span> <span class='ocrx_word' id='word_1_319' title='bbox 1012 220 1054 248; x_wconf 88' lang='lat' dir='ltr'>DE</span> <span class='ocrx_word' id='word_1_320' title='bbox 1076 219 1341 248; x_wconf 69' lang='lat' dir='ltr'>PRAEPARATlONE</span> <span class='ocrx_word' id='word_1_321' title='bbox 1364 220 1407 248; x_wconf 69' lang='lat' dir='ltr'>AD</span> <span class='ocrx_word' id='word_1_322' title='bbox 1428 220 1555 248; x_wconf 77' lang='lat' dir='ltr'>MISSAM.</span> <span class='ocrx_word' id='word_1_323' title='bbox 1578 219 1646 248; x_wconf 75' lang='lat' dir='ltr'>CAP.</span> <span class='ocrx_word' id='word_1_324' title='bbox 1669 219 1686 248; x_wconf 89' lang='grc' dir='ltr'>Ι.</span> 
     </span>
    </p>
   </div>
   <div class='ocr_carea' id='block_1_13' title="bbox 1171 297 2026 2301">
    <p class='ocr_par' dir='ltr' id='par_1_16' title="bbox 1171 297 2020 421">
     <span class='ocr_line' id='line_1_52' title="bbox 1251 297 2020 335; baseline 0.001 -9"><span class='ocrx_word' id='word_1_325' title='bbox 1251 298 1392 333; x_wconf 82' lang='lat' dir='ltr'>Secundo,</span> <span class='ocrx_word' id='word_1_326' title='bbox 1414 302 1482 327; x_wconf 85' lang='lat' dir='ltr'>tuac</span> <span class='ocrx_word' id='word_1_327' title='bbox 1503 297 1687 335; x_wconf 73' lang='lat' dir='ltr'>infirmitatis</span> <span class='ocrx_word' id='word_1_328' title='bbox 1708 298 1834 327; x_wconf 74' lang='lat' dir='ltr'>intuitus</span> <span class='ocrx_word' id='word_1_329' title='bbox 1855 301 1882 327; x_wconf 86' lang='lat' dir='ltr'>et</span> <span class='ocrx_word' id='word_1_330' title='bbox 1896 299 2020 328; x_wconf 83' lang='lat' dir='ltr'>conside-</span> 
     </span>
     <span class='ocr_line' id='line_1_53' title="bbox 1171 344 2019 382; baseline 0.001 -9"><span class='ocrx_word' id='word_1_331' title='bbox 1171 345 1254 379; x_wconf 82' lang='lat' dir='ltr'>ratio,</span> <span class='ocrx_word' id='word_1_332' title='bbox 1275 348 1308 374; x_wconf 90' lang='lat' dir='ltr'>ut</span> <span class='ocrx_word' id='word_1_333' title='bbox 1328 353 1393 374; x_wconf 88' lang='lat' dir='ltr'>eum</span> <span class='ocrx_word' id='word_1_334' title='bbox 1413 345 1492 382; x_wconf 87' lang='lat' dir='ltr'>quasi</span> <span class='ocrx_word' id='word_1_335' title='bbox 1514 344 1653 373; x_wconf 89' lang='lat' dir='ltr'>medicum</span> <span class='ocrx_word' id='word_1_336' title='bbox 1668 344 1703 373; x_wconf 90' lang='lat' dir='ltr'>ad</span> <span class='ocrx_word' id='word_1_337' title='bbox 1725 348 1751 373; x_wconf 84' lang='lat' dir='ltr'>te</span> <span class='ocrx_word' id='word_1_338' title='bbox 1767 352 1856 380; x_wconf 84' lang='lat' dir='ltr'>voces,</span> <span class='ocrx_word' id='word_1_339' title='bbox 1871 353 1921 382; x_wconf 90' lang='lat' dir='ltr'>per</span> <span class='ocrx_word' id='word_1_340' title='bbox 1936 353 2019 382; x_wconf 90' lang='lat' dir='ltr'>quem</span> 
     </span>
     <span class='ocr_line' id='line_1_54' title="bbox 1171 391 1623 421; baseline -0.004 0"><span class='ocrx_word' id='word_1_341' title='bbox 1171 392 1206 421; x_wconf 90' lang='lat' dir='ltr'>ab</span> <span class='ocrx_word' id='word_1_342' title='bbox 1226 392 1300 421; x_wconf 90' lang='lat' dir='ltr'>omni</span> <span class='ocrx_word' id='word_1_343' title='bbox 1323 392 1484 421; x_wconf 85' lang='lat' dir='ltr'>infirmitate</span> <span class='ocrx_word' id='word_1_344' title='bbox 1506 391 1623 421; x_wconf 87' lang='lat' dir='ltr'>cureris.</span> 
     </span>
    </p>

    <p class='ocr_par' dir='ltr' id='par_1_17' title="bbox 1171 438 2021 570">
     <span class='ocr_line' id='line_1_55' title="bbox 1250 438 2020 476; baseline 0 -8"><span class='ocrx_word' id='word_1_345' title='bbox 1250 439 1356 474; x_wconf 86' lang='lat' dir='ltr'>Tertio,</span> <span class='ocrx_word' id='word_1_346' title='bbox 1375 447 1521 476; x_wconf 75' lang='lat' dir='ltr'>pressura</span> <span class='ocrx_word' id='word_1_347' title='bbox 1543 438 1673 467; x_wconf 80' lang='lat' dir='ltr'>alicuius</span> <span class='ocrx_word' id='word_1_348' title='bbox 1688 438 1904 473; x_wconf 74' lang='lat' dir='ltr'>tribulationis,</span> <span class='ocrx_word' id='word_1_349' title='bbox 1920 442 1952 468; x_wconf 89' lang='lat' dir='ltr'>ut</span> <span class='ocrx_word' id='word_1_350' title='bbox 1971 447 2020 476; x_wconf 88' lang='lat' dir='ltr'>per</span> 
     </span>
     <span class='ocr_line' id='line_1_56' title="bbox 1171 485 2021 523; baseline 0.001 -9"><span class='ocrx_word' id='word_1_351' title='bbox 1171 494 1235 514; x_wconf 89' lang='lat' dir='ltr'>eum</span> <span class='ocrx_word' id='word_1_352' title='bbox 1264 486 1311 523; x_wconf 89' lang='lat' dir='ltr'>qui</span> <span class='ocrx_word' id='word_1_353' title='bbox 1345 485 1437 514; x_wconf 89' lang='lat' dir='ltr'>omnia</span> <span class='ocrx_word' id='word_1_354' title='bbox 1458 488 1563 522; x_wconf 85' lang='lat' dir='ltr'>potest,</span> <span class='ocrx_word' id='word_1_355' title='bbox 1584 485 1620 514; x_wconf 88' lang='lat' dir='ltr'>ob</span> <span class='ocrx_word' id='word_1_356' title='bbox 1651 485 1724 514; x_wconf 91' lang='lat' dir='ltr'>omni</span> <span class='ocrx_word' id='word_1_357' title='bbox 1751 485 1918 514; x_wconf 87' lang='lat' dir='ltr'>adversitate</span> <span class='ocrx_word' id='word_1_358' title='bbox 1940 486 2021 515; x_wconf 87' lang='lat' dir='ltr'>citius</span> 
     </span>
     <span class='ocr_line' id='line_1_57' title="bbox 1172 532 1532 570; baseline -0.006 -8"><span class='ocrx_word' id='word_1_359' title='bbox 1172 533 1299 562; x_wconf 87' lang='lat' dir='ltr'>libereris</span> <span class='ocrx_word' id='word_1_360' title='bbox 1321 536 1348 562; x_wconf 89' lang='lat' dir='ltr'>et</span> <span class='ocrx_word' id='word_1_361' title='bbox 1368 532 1532 570; x_wconf 86' lang='lat' dir='ltr'>protegaris.</span> 
     </span>
    </p>

    <p class='ocr_par' dir='ltr' id='par_1_18' title="bbox 1171 579 2021 711">
     <span class='ocr_line' id='line_1_58' title="bbox 1250 579 2020 617; baseline -0.001 -8"><span class='ocrx_word' id='word_1_362' title='bbox 1250 580 1371 617; x_wconf 87' lang='lat' dir='ltr'>Quarto,</span> <span class='ocrx_word' id='word_1_363' title='bbox 1393 579 1571 608; x_wconf 80' lang='lat' dir='ltr'>desiderium</span> <span class='ocrx_word' id='word_1_364' title='bbox 1593 579 1723 608; x_wconf 81' lang='lat' dir='ltr'>alicuius</span> <span class='ocrx_word' id='word_1_365' title='bbox 1735 580 1855 617; x_wconf 63' lang='lat' dir='ltr'>gratiae</span> <span class='ocrx_word' id='word_1_366' title='bbox 1875 580 1919 609; x_wconf 91' lang='lat' dir='ltr'>vel</span> <span class='ocrx_word' id='word_1_367' title='bbox 1940 580 2020 617; x_wconf 89' lang='lat' dir='ltr'>spiri—</span> 
     </span>
     <span class='ocr_line' id='line_1_59' title="bbox 1172 626 2021 663; baseline 0.001 -8"><span class='ocrx_word' id='word_1_368' title='bbox 1172 627 1280 656; x_wconf 88' lang='lat' dir='ltr'>ritualis</span> <span class='ocrx_word' id='word_1_369' title='bbox 1301 626 1427 655; x_wconf 86' lang='lat' dir='ltr'>beneficii</span> <span class='ocrx_word' id='word_1_370' title='bbox 1449 626 1627 663; x_wconf 85' lang='lat' dir='ltr'>impetrandi,</span> <span class='ocrx_word' id='word_1_371' title='bbox 1649 629 1681 655; x_wconf 91' lang='lat' dir='ltr'>ut</span> <span class='ocrx_word' id='word_1_372' title='bbox 1702 634 1752 663; x_wconf 86' lang='lat' dir='ltr'>per</span> <span class='ocrx_word' id='word_1_373' title='bbox 1780 634 1845 656; x_wconf 90' lang='lat' dir='ltr'>eum</span> <span class='ocrx_word' id='word_1_374' title='bbox 1871 627 1916 655; x_wconf 89' lang='lat' dir='ltr'>eui</span> <span class='ocrx_word' id='word_1_375' title='bbox 1943 627 2021 656; x_wconf 83' lang='lat' dir='ltr'>Pater</span> 
     </span>
     <span class='ocr_line' id='line_1_60' title="bbox 1171 673 1645 711; baseline -0.002 -9"><span class='ocrx_word' id='word_1_376' title='bbox 1171 674 1240 703; x_wconf 90' lang='lat' dir='ltr'>nihil</span> <span class='ocrx_word' id='word_1_377' title='bbox 1261 682 1363 711; x_wconf 80' lang='lat' dir='ltr'>negare</span> <span class='ocrx_word' id='word_1_378' title='bbox 1384 677 1490 710; x_wconf 89' lang='lat' dir='ltr'>potest,</span> <span class='ocrx_word' id='word_1_379' title='bbox 1511 673 1645 702; x_wconf 87' lang='lat' dir='ltr'>obtineas.</span> 
     </span>
    </p>

    <p class='ocr_par' dir='ltr' id='par_1_19' title="bbox 1172 720 2022 985">
     <span class='ocr_line' id='line_1_61' title="bbox 1251 720 2022 757; baseline 0.001 -8"><span class='ocrx_word' id='word_1_380' title='bbox 1251 721 1366 757; x_wconf 87' lang='lat' dir='ltr'>Quinto,</span> <span class='ocrx_word' id='word_1_381' title='bbox 1386 720 1561 757; x_wconf 68' lang='lat' dir='ltr'>gyrati&#39;arum</span> <span class='ocrx_word' id='word_1_382' title='bbox 1582 720 1659 749; x_wconf 86' lang='lat' dir='ltr'>actio</span> <span class='ocrx_word' id='word_1_383' title='bbox 1684 728 1736 757; x_wconf 92' lang='lat' dir='ltr'>pro</span> <span class='ocrx_word' id='word_1_384' title='bbox 1767 720 1897 750; x_wconf 89' lang='lat' dir='ltr'>omnibus</span> <span class='ocrx_word' id='word_1_385' title='bbox 1918 720 2022 750; x_wconf 86' lang='lat' dir='ltr'>benefi-</span> 
     </span>
     <span class='ocr_line' id='line_1_62' title="bbox 1172 767 2022 804; baseline 0 -8"><span class='ocrx_word' id='word_1_386' title='bbox 1172 768 1221 796; x_wconf 89' lang='lat' dir='ltr'>ciis</span> <span class='ocrx_word' id='word_1_387' title='bbox 1242 767 1441 804; x_wconf 85' lang='lat' dir='ltr'>temporalibus</span> <span class='ocrx_word' id='word_1_388' title='bbox 1462 770 1489 796; x_wconf 88' lang='lat' dir='ltr'>et</span> <span class='ocrx_word' id='word_1_389' title='bbox 1510 767 1702 804; x_wconf 83' lang='lat' dir='ltr'>spiritualibus</span> <span class='ocrx_word' id='word_1_390' title='bbox 1724 767 1771 796; x_wconf 89' lang='lat' dir='ltr'>tibi</span> <span class='ocrx_word' id='word_1_391' title='bbox 1794 771 1821 796; x_wconf 87' lang='lat' dir='ltr'>et</span> <span class='ocrx_word' id='word_1_392' title='bbox 1841 767 1902 796; x_wconf 87' lang='lat' dir='ltr'>aliis</span> <span class='ocrx_word' id='word_1_393' title='bbox 1916 768 2022 804; x_wconf 87' lang='lat' dir='ltr'>impen-</span> 
     </span>
     <span class='ocr_line' id='line_1_63' title="bbox 1172 814 2022 852; baseline 0 -9"><span class='ocrx_word' id='word_1_394' title='bbox 1172 815 1225 849; x_wconf 88' lang='lat' dir='ltr'>sis,</span> <span class='ocrx_word' id='word_1_395' title='bbox 1247 823 1311 843; x_wconf 89' lang='lat' dir='ltr'>cum</span> <span class='ocrx_word' id='word_1_396' title='bbox 1332 814 1401 843; x_wconf 91' lang='lat' dir='ltr'>nihil</span> <span class='ocrx_word' id='word_1_397' title='bbox 1423 814 1576 843; x_wconf 81' lang='lat' dir='ltr'>habeamus</span> <span class='ocrx_word' id='word_1_398' title='bbox 1600 814 1655 843; x_wconf 86' lang='lat' dir='ltr'>Deo</span> <span class='ocrx_word' id='word_1_399' title='bbox 1677 814 1839 843; x_wconf 69' lang='lat' dir='ltr'>retribuere</span> <span class='ocrx_word' id='word_1_400' title='bbox 1858 823 1913 852; x_wconf 79' lang='lat' dir='ltr'>pro</span> <span class='ocrx_word' id='word_1_401' title='bbox 1929 814 2022 843; x_wconf 79' lang='lat' dir='ltr'>omui-</span> 
     </span>
     <span class='ocr_line' id='line_1_64' title="bbox 1172 861 2022 900; baseline 0 -10"><span class='ocrx_word' id='word_1_402' title='bbox 1172 861 1236 896; x_wconf 75' lang='lat' dir='ltr'>bus,</span> <span class='ocrx_word' id='word_1_403' title='bbox 1258 870 1333 900; x_wconf 83' lang='lat' dir='ltr'>quac</span> <span class='ocrx_word' id='word_1_404' title='bbox 1353 861 1491 890; x_wconf 75' lang='lat' dir='ltr'>retribuit</span> <span class='ocrx_word' id='word_1_405' title='bbox 1511 861 1608 895; x_wconf 74' lang='lat' dir='ltr'>nobis,</span> <span class='ocrx_word' id='word_1_406' title='bbox 1631 861 1706 890; x_wconf 85' lang='lat' dir='ltr'>aliud</span> <span class='ocrx_word' id='word_1_407' title='bbox 1727 869 1811 899; x_wconf 87' lang='lat' dir='ltr'>quam</span> <span class='ocrx_word' id='word_1_408' title='bbox 1833 862 1952 890; x_wconf 83' lang='lat' dir='ltr'>calicem</span> <span class='ocrx_word' id='word_1_409' title='bbox 1973 869 2022 890; x_wconf 84' lang='lat' dir='ltr'>sa-</span> 
     </span>
     <span class='ocr_line' id='line_1_65' title="bbox 1172 907 2022 946; baseline 0 -9"><span class='ocrx_word' id='word_1_410' title='bbox 1172 909 1280 938; x_wconf 82' lang='lat' dir='ltr'>lutaris</span> <span class='ocrx_word' id='word_1_411' title='bbox 1301 909 1437 946; x_wconf 78' lang='lat' dir='ltr'>accipere</span> <span class='ocrx_word' id='word_1_412' title='bbox 1457 912 1482 937; x_wconf 85' lang='lat' dir='ltr'>et</span> <span class='ocrx_word' id='word_1_413' title='bbox 1502 908 1677 945; x_wconf 80' lang='lat' dir='ltr'>sacrificare</span> <span class='ocrx_word' id='word_1_414' title='bbox 1698 907 1825 937; x_wconf 78' lang='lat' dir='ltr'>bostiam</span> <span class='ocrx_word' id='word_1_415' title='bbox 1846 908 1945 938; x_wconf 84' lang='lat' dir='ltr'>laudis</span> <span class='ocrx_word' id='word_1_416' title='bbox 1957 909 1978 943; x_wconf 83' lang='lat'>⁷,</span> <span class='ocrx_word' id='word_1_417' title='bbox 1994 908 2022 937; x_wconf 91' lang='lat' dir='ltr'>id</span> 
     </span>
     <span class='ocr_line' id='line_1_66' title="bbox 1172 955 1499 985; baseline -0.003 -1"><span class='ocrx_word' id='word_1_418' title='bbox 1172 959 1214 984; x_wconf 88' lang='lat' dir='ltr'>est</span> <span class='ocrx_word' id='word_1_419' title='bbox 1235 956 1324 985; x_wconf 89' lang='lat' dir='ltr'>Iesum</span> <span class='ocrx_word' id='word_1_420' title='bbox 1347 955 1499 984; x_wconf 86' lang='lat' dir='ltr'>Christum.</span> 
     </span>
    </p>

    <p class='ocr_par' dir='ltr' id='par_1_20' title="bbox 1172 1002 2023 1180">
     <span class='ocr_line' id='line_1_67' title="bbox 1251 1002 2021 1040; baseline -0.001 -9"><span class='ocrx_word' id='word_1_421' title='bbox 1251 1003 1349 1037; x_wconf 80' lang='lat' dir='ltr'>Sexto,</span> <span class='ocrx_word' id='word_1_422' title='bbox 1372 1003 1485 1031; x_wconf 81' lang='lat' dir='ltr'>caritas</span> <span class='ocrx_word' id='word_1_423' title='bbox 1506 1005 1532 1030; x_wconf 83' lang='lat' dir='ltr'>et</span> <span class='ocrx_word' id='word_1_424' title='bbox 1546 1002 1710 1040; x_wconf 68' lang='lat' dir='ltr'>coiripassz&#39;o</span> <span class='ocrx_word' id='word_1_425' title='bbox 1722 1002 1941 1039; x_wconf 71' lang='lat' dir='ltr'>proximorum,</span> <span class='ocrx_word' id='word_1_426' title='bbox 1956 1010 2021 1031; x_wconf 87' lang='lat' dir='ltr'>cum</span> 
     </span>
     <span class='ocr_line' id='line_1_68' title="bbox 1172 1048 2023 1086; baseline -0.001 -8"><span class='ocrx_word' id='word_1_427' title='bbox 1172 1057 1223 1086; x_wconf 89' lang='lat' dir='ltr'>pro</span> <span class='ocrx_word' id='word_1_428' title='bbox 1244 1050 1333 1078; x_wconf 89' lang='lat' dir='ltr'>salute</span> <span class='ocrx_word' id='word_1_429' title='bbox 1353 1049 1483 1078; x_wconf 89' lang='lat' dir='ltr'>vivorum</span> <span class='ocrx_word' id='word_1_430' title='bbox 1504 1051 1532 1077; x_wconf 86' lang='lat' dir='ltr'>et</span> <span class='ocrx_word' id='word_1_431' title='bbox 1553 1049 1650 1086; x_wconf 86' lang='lat' dir='ltr'>requie</span> <span class='ocrx_word' id='word_1_432' title='bbox 1670 1049 1864 1078; x_wconf 87' lang='lat' dir='ltr'>defunctorum</span> <span class='ocrx_word' id='word_1_433' title='bbox 1879 1049 1949 1078; x_wconf 90' lang='lat' dir='ltr'>nihil</span> <span class='ocrx_word' id='word_1_434' title='bbox 1964 1048 2023 1078; x_wconf 85' lang='lat' dir='ltr'>effi-</span> 
     </span>
     <span class='ocr_line' id='line_1_69' title="bbox 1172 1094 2021 1134; baseline 0 -10"><span class='ocrx_word' id='word_1_435' title='bbox 1172 1096 1264 1125; x_wconf 88' lang='lat' dir='ltr'>cacius</span> <span class='ocrx_word' id='word_1_436' title='bbox 1286 1096 1443 1133; x_wconf 90' lang='lat' dir='ltr'>interpellet</span> <span class='ocrx_word' id='word_1_437' title='bbox 1474 1104 1560 1133; x_wconf 87' lang='lat' dir='ltr'>quam</span> <span class='ocrx_word' id='word_1_438' title='bbox 1590 1096 1692 1125; x_wconf 90' lang='lat' dir='ltr'>Christi</span> <span class='ocrx_word' id='word_1_439' title='bbox 1725 1096 1837 1133; x_wconf 83' lang='lat' dir='ltr'>sanguis</span> <span class='ocrx_word' id='word_1_440' title='bbox 1858 1094 1968 1134; x_wconf 80' lang='lat' dir='ltr'>effusus</span> <span class='ocrx_word' id='word_1_441' title='bbox 1989 1095 2021 1124; x_wconf 79' lang='lat' dir='ltr'>iu</span> 
     </span>
     <span class='ocr_line' id='line_1_70' title="bbox 1172 1143 1611 1180; baseline 0 -9"><span class='ocrx_word' id='word_1_442' title='bbox 1172 1143 1373 1171; x_wconf 76' lang='lat' dir='ltr'>remissionem</span> <span class='ocrx_word' id='word_1_443' title='bbox 1390 1147 1579 1180; x_wconf 78' lang='lat' dir='ltr'>pcccatorum</span> <span class='ocrx_word' id='word_1_444' title='bbox 1591 1143 1611 1171; x_wconf 73' lang='lat'>5.</span> 
     </span>
    </p>

    <p class='ocr_par' dir='ltr' id='par_1_21' title="bbox 1172 1190 2023 1360">
     <span class='ocr_line' id='line_1_71' title="bbox 1251 1190 2023 1227; baseline 0 -9"><span class='ocrx_word' id='word_1_445' title='bbox 1251 1190 1388 1227; x_wconf 89' lang='lat' dir='ltr'>Septimo,</span> <span class='ocrx_word' id='word_1_446' title='bbox 1411 1190 1477 1218; x_wconf 87' lang='lat' dir='ltr'>laus</span> <span class='ocrx_word' id='word_1_447' title='bbox 1499 1190 1553 1219; x_wconf 85' lang='lat' dir='ltr'>Dei</span> <span class='ocrx_word' id='word_1_448' title='bbox 1572 1194 1598 1219; x_wconf 86' lang='lat' dir='ltr'>et</span> <span class='ocrx_word' id='word_1_449' title='bbox 1620 1190 1809 1224; x_wconf 72' lang='lat' dir='ltr'>Sanctorum,</span> <span class='ocrx_word' id='word_1_450' title='bbox 1825 1198 1888 1219; x_wconf 90' lang='lat' dir='ltr'>cum</span> <span class='ocrx_word' id='word_1_451' title='bbox 1903 1198 1958 1218; x_wconf 93' lang='lat' dir='ltr'>non</span> <span class='ocrx_word' id='word_1_452' title='bbox 1973 1190 2023 1218; x_wconf 89' lang='lat' dir='ltr'>ha-</span> 
     </span>
     <span class='ocr_line' id='line_1_72' title="bbox 1172 1236 2023 1274; baseline 0 -9"><span class='ocrx_word' id='word_1_453' title='bbox 1172 1237 1300 1271; x_wconf 88' lang='lat' dir='ltr'>beamus,</span> <span class='ocrx_word' id='word_1_454' title='bbox 1323 1246 1378 1274; x_wconf 89' lang='lat' dir='ltr'>quo</span> <span class='ocrx_word' id='word_1_455' title='bbox 1400 1237 1538 1274; x_wconf 89' lang='lat' dir='ltr'>possimus</span> <span class='ocrx_word' id='word_1_456' title='bbox 1561 1238 1647 1266; x_wconf 89' lang='lat' dir='ltr'>Deum</span> <span class='ocrx_word' id='word_1_457' title='bbox 1670 1240 1697 1266; x_wconf 92' lang='lat' dir='ltr'>et</span> <span class='ocrx_word' id='word_1_458' title='bbox 1718 1238 1832 1266; x_wconf 84' lang='lat' dir='ltr'>Sanetos</span> <span class='ocrx_word' id='word_1_459' title='bbox 1853 1245 1904 1274; x_wconf 87' lang='lat' dir='ltr'>pro</span> <span class='ocrx_word' id='word_1_460' title='bbox 1919 1245 1969 1266; x_wconf 85' lang='lat' dir='ltr'>sua</span> <span class='ocrx_word' id='word_1_461' title='bbox 1983 1236 2023 1265; x_wconf 87' lang='lat' dir='ltr'>di-</span> 
     </span>
     <span class='ocr_line' id='line_1_73' title="bbox 1172 1283 2021 1321; baseline -0.001 -8"><span class='ocrx_word' id='word_1_462' title='bbox 1172 1284 1275 1321; x_wconf 83' lang='lat' dir='ltr'>gnitate</span> <span class='ocrx_word' id='word_1_463' title='bbox 1296 1284 1411 1313; x_wconf 91' lang='lat' dir='ltr'>laudare</span> <span class='ocrx_word' id='word_1_464' title='bbox 1432 1292 1517 1321; x_wconf 87' lang='lat' dir='ltr'>quam</span> <span class='ocrx_word' id='word_1_465' title='bbox 1538 1284 1681 1313; x_wconf 80' lang='lat' dir='ltr'>Cbr1stnm</span> <span class='ocrx_word' id='word_1_466' title='bbox 1706 1284 1944 1313; x_wconf 83' lang='lat' dir='ltr'>sacramentaliter</span> <span class='ocrx_word' id='word_1_467' title='bbox 1965 1283 2021 1313; x_wconf 88' lang='lat' dir='ltr'>Deo</span> 
     </span>
     <span class='ocr_line' id='line_1_74' title="bbox 1172 1331 1591 1360; baseline 0.002 -1"><span class='ocrx_word' id='word_1_468' title='bbox 1172 1331 1244 1360; x_wconf 85' lang='lat' dir='ltr'>Patri</span> <span class='ocrx_word' id='word_1_469' title='bbox 1267 1331 1369 1360; x_wconf 79' lang='lat' dir='ltr'>offerre</span> <span class='ocrx_word' id='word_1_470' title='bbox 1390 1334 1417 1360; x_wconf 88' lang='lat' dir='ltr'>et</span> <span class='ocrx_word' id='word_1_471' title='bbox 1438 1331 1591 1360; x_wconf 89' lang='lat' dir='ltr'>immolare.</span> 
     </span>
    </p>

    <p class='ocr_par' dir='ltr' id='par_1_22' title="bbox 1172 1377 2024 1509">
     <span class='ocr_line' id='line_1_75' title="bbox 1251 1377 2024 1413; baseline -0.001 -6"><span class='ocrx_word' id='word_1_472' title='bbox 1251 1378 1371 1413; x_wconf 76' lang='lat' dir='ltr'>Octavo,</span> <span class='ocrx_word' id='word_1_473' title='bbox 1395 1378 1447 1407; x_wconf 83' lang='lat' dir='ltr'>Dei</span> <span class='ocrx_word' id='word_1_474' title='bbox 1467 1387 1553 1407; x_wconf 82' lang='lat' dir='ltr'>amor</span> <span class='ocrx_word' id='word_1_475' title='bbox 1574 1382 1600 1407; x_wconf 87' lang='lat' dir='ltr'>et</span> <span class='ocrx_word' id='word_1_476' title='bbox 1620 1378 1749 1412; x_wconf 77' lang='lat' dir='ltr'>dilectio,</span> <span class='ocrx_word' id='word_1_477' title='bbox 1771 1380 1804 1407; x_wconf 89' lang='lat' dir='ltr'>ut</span> <span class='ocrx_word' id='word_1_478' title='bbox 1834 1385 1899 1407; x_wconf 91' lang='lat' dir='ltr'>eum</span> <span class='ocrx_word' id='word_1_479' title='bbox 1924 1377 2024 1406; x_wconf 89' lang='lat' dir='ltr'>invites</span> 
     </span>
     <span class='ocr_line' id='line_1_76' title="bbox 1172 1424 2024 1462; baseline -0.001 -8"><span class='ocrx_word' id='word_1_480' title='bbox 1172 1425 1205 1454; x_wconf 90' lang='lat' dir='ltr'>ad</span> <span class='ocrx_word' id='word_1_481' title='bbox 1228 1429 1254 1454; x_wconf 82' lang='lat' dir='ltr'>te</span> <span class='ocrx_word' id='word_1_482' title='bbox 1282 1433 1313 1454; x_wconf 85' lang='lat' dir='ltr'>ac</span> <span class='ocrx_word' id='word_1_483' title='bbox 1341 1433 1391 1462; x_wconf 88' lang='lat' dir='ltr'>per</span> <span class='ocrx_word' id='word_1_484' title='bbox 1420 1425 1659 1455; x_wconf 84' lang='lat' dir='ltr'>inviscerationem</span> <span class='ocrx_word' id='word_1_485' title='bbox 1685 1425 1837 1462; x_wconf 85' lang='lat' dir='ltr'>spiritualis</span> <span class='ocrx_word' id='word_1_486' title='bbox 1868 1424 2024 1454; x_wconf 84' lang='lat' dir='ltr'>refectionis</span> 
     </span>
     <span class='ocr_line' id='line_1_77' title="bbox 1172 1472 1836 1509; baseline -0.002 -8"><span class='ocrx_word' id='word_1_487' title='bbox 1172 1473 1199 1501; x_wconf 91' lang='lat' dir='ltr'>in</span> <span class='ocrx_word' id='word_1_488' title='bbox 1223 1476 1248 1501; x_wconf 89' lang='lat' dir='ltr'>te</span> <span class='ocrx_word' id='word_1_489' title='bbox 1271 1473 1329 1509; x_wconf 88' lang='lat' dir='ltr'>ipso</span> <span class='ocrx_word' id='word_1_490' title='bbox 1351 1481 1415 1501; x_wconf 91' lang='lat' dir='ltr'>eum</span> <span class='ocrx_word' id='word_1_491' title='bbox 1438 1472 1637 1502; x_wconf 86' lang='lat' dir='ltr'>delectabiliter</span> <span class='ocrx_word' id='word_1_492' title='bbox 1658 1472 1836 1509; x_wconf 86' lang='lat' dir='ltr'>amplexeris.</span> 
     </span>
    </p>

    <p class='ocr_par' dir='ltr' id='par_1_23' title="bbox 1173 1518 2025 1792">
     <span class='ocr_line' id='line_1_78' title="bbox 1252 1518 2023 1557; baseline -0.001 -9"><span class='ocrx_word' id='word_1_493' title='bbox 1252 1521 1337 1555; x_wconf 83' lang='lat' dir='ltr'>Nono,</span> <span class='ocrx_word' id='word_1_494' title='bbox 1357 1520 1422 1548; x_wconf 80' lang='lat' dir='ltr'>silis</span> <span class='ocrx_word' id='word_1_495' title='bbox 1443 1524 1469 1548; x_wconf 86' lang='lat' dir='ltr'>et</span> <span class='ocrx_word' id='word_1_496' title='bbox 1489 1520 1669 1548; x_wconf 79' lang='lat' dir='ltr'>desiderium</span> <span class='ocrx_word' id='word_1_497' title='bbox 1700 1519 1853 1557; x_wconf 68' lang='lat' dir='ltr'>aupendae</span> <span class='ocrx_word' id='word_1_498' title='bbox 1871 1518 1989 1556; x_wconf 67' lang='lat' dir='ltr'>praticie</span> <span class='ocrx_word' id='word_1_499' title='bbox 2001 1518 2023 1553; x_wconf 85' lang='lat'>⁹,</span> 
     </span>
     <span class='ocr_line' id='line_1_79' title="bbox 1173 1567 2024 1605; baseline -0.001 -9"><span class='ocrx_word' id='word_1_500' title='bbox 1173 1567 1239 1605; x_wconf 88' lang='lat' dir='ltr'>quia</span> <span class='ocrx_word' id='word_1_501' title='bbox 1260 1568 1313 1596; x_wconf 87' lang='lat' dir='ltr'>hoc</span> <span class='ocrx_word' id='word_1_502' title='bbox 1335 1568 1544 1596; x_wconf 83' lang='lat' dir='ltr'>Sacramentum</span> <span class='ocrx_word' id='word_1_503' title='bbox 1567 1567 1670 1596; x_wconf 83' lang='lat' dir='ltr'>fontem</span> <span class='ocrx_word' id='word_1_504' title='bbox 1692 1567 1813 1596; x_wconf 87' lang='lat' dir='ltr'>continet</span> <span class='ocrx_word' id='word_1_505' title='bbox 1828 1567 1980 1604; x_wconf 81' lang='lat' dir='ltr'>gratiarum</span> <span class='ocrx_word' id='word_1_506' title='bbox 1997 1569 2024 1595; x_wconf 88' lang='lat' dir='ltr'>et</span> 
     </span>
     <span class='ocr_line' id='line_1_80' title="bbox 1175 1612 2023 1648; baseline -0.001 -6"><span class='ocrx_word' id='word_1_507' title='bbox 1175 1614 1424 1643; x_wconf 86' lang='lat' dir='ltr'>sanctificationum</span> <span class='ocrx_word' id='word_1_508' title='bbox 1446 1617 1474 1643; x_wconf 91' lang='lat' dir='ltr'>et</span> <span class='ocrx_word' id='word_1_509' title='bbox 1494 1617 1637 1643; x_wconf 86' lang='lat' dir='ltr'>auctorem</span> <span class='ocrx_word' id='word_1_510' title='bbox 1659 1614 1782 1643; x_wconf 88' lang='lat' dir='ltr'>continet</span> <span class='ocrx_word' id='word_1_511' title='bbox 1802 1613 1909 1648; x_wconf 87' lang='lat' dir='ltr'>salutis,</span> <span class='ocrx_word' id='word_1_512' title='bbox 1930 1612 2023 1642; x_wconf 90' lang='lat' dir='ltr'>Domi-</span> 
     </span>
     <span class='ocr_line' id='line_1_81' title="bbox 1173 1658 2024 1694; baseline -0.001 -5"><span class='ocrx_word' id='word_1_513' title='bbox 1173 1669 1241 1689; x_wconf 93' lang='lat' dir='ltr'>num</span> <span class='ocrx_word' id='word_1_514' title='bbox 1265 1661 1354 1689; x_wconf 86' lang='lat' dir='ltr'>Iesum</span> <span class='ocrx_word' id='word_1_515' title='bbox 1376 1660 1533 1694; x_wconf 83' lang='lat' dir='ltr'>Christum3</span> <span class='ocrx_word' id='word_1_516' title='bbox 1556 1660 1617 1689; x_wconf 90' lang='lat' dir='ltr'>ideo</span> <span class='ocrx_word' id='word_1_517' title='bbox 1648 1660 1750 1689; x_wconf 85' lang='lat' dir='ltr'>dicitur</span> <span class='ocrx_word' id='word_1_518' title='bbox 1776 1658 1972 1694; x_wconf 74' lang='lat' dir='ltr'>eucharistia,</span> <span class='ocrx_word' id='word_1_519' title='bbox 1996 1659 2024 1688; x_wconf 92' lang='lat' dir='ltr'>id</span> 
     </span>
     <span class='ocr_line' id='line_1_82' title="bbox 1173 1706 2025 1744; baseline -0.002 -7"><span class='ocrx_word' id='word_1_520' title='bbox 1173 1711 1215 1737; x_wconf 85' lang='lat' dir='ltr'>est</span> <span class='ocrx_word' id='word_1_521' title='bbox 1236 1708 1308 1736; x_wconf 92' lang='lat' dir='ltr'>bona</span> <span class='ocrx_word' id='word_1_522' title='bbox 1328 1707 1425 1744; x_wconf 81' lang='lat' dir='ltr'>gratia.</span> <span class='ocrx_word' id='word_1_523' title='bbox 1448 1707 1545 1736; x_wconf 86' lang='lat' dir='ltr'>Cetera</span> <span class='ocrx_word' id='word_1_524' title='bbox 1559 1715 1626 1736; x_wconf 85' lang='lat' dir='ltr'>vero</span> <span class='ocrx_word' id='word_1_525' title='bbox 1641 1708 1819 1736; x_wconf 87' lang='lat' dir='ltr'>Sacramenta</span> <span class='ocrx_word' id='word_1_526' title='bbox 1832 1706 1938 1735; x_wconf 83' lang='lat' dir='ltr'>fluenta</span> <span class='ocrx_word' id='word_1_527' title='bbox 1959 1708 2025 1735; x_wconf 85' lang='lat' dir='ltr'>sunt</span> 
     </span>
     <span class='ocr_line' id='line_1_83' title="bbox 1173 1755 1856 1792; baseline 0 -9"><span class='ocrx_word' id='word_1_528' title='bbox 1173 1758 1200 1784; x_wconf 91' lang='lat' dir='ltr'>et</span> <span class='ocrx_word' id='word_1_529' title='bbox 1222 1755 1303 1784; x_wconf 88' lang='lat' dir='ltr'>rivuli</span> <span class='ocrx_word' id='word_1_530' title='bbox 1326 1755 1495 1792; x_wconf 82' lang='lat' dir='ltr'>gratiarum,</span> <span class='ocrx_word' id='word_1_531' title='bbox 1517 1755 1620 1792; x_wconf 88' lang='lat' dir='ltr'>quibus</span> <span class='ocrx_word' id='word_1_532' title='bbox 1642 1755 1856 1784; x_wconf 84' lang='lat' dir='ltr'>sanctificamur.</span> 
     </span>
    </p>

    <p class='ocr_par' dir='ltr' id='par_1_24' title="bbox 1173 1800 2026 2301">
     <span class='ocr_line' id='line_1_84' title="bbox 1253 1800 2023 1839; baseline -0.001 -9"><span class='ocrx_word' id='word_1_533' title='bbox 1253 1801 1382 1836; x_wconf 91' lang='lat' dir='ltr'>Decimo,</span> <span class='ocrx_word' id='word_1_534' title='bbox 1404 1801 1498 1830; x_wconf 83' lang='lat' dir='ltr'>ardor</span> <span class='ocrx_word' id='word_1_535' title='bbox 1519 1805 1545 1830; x_wconf 82' lang='lat' dir='ltr'>et</span> <span class='ocrx_word' id='word_1_536' title='bbox 1564 1801 1750 1839; x_wconf 79' lang='lat' dir='ltr'>suspirium,</span> <span class='ocrx_word' id='word_1_537' title='bbox 1773 1809 1829 1839; x_wconf 86' lang='lat' dir='ltr'>quo</span> <span class='ocrx_word' id='word_1_538' title='bbox 1850 1800 1915 1830; x_wconf 89' lang='lat' dir='ltr'>totis</span> <span class='ocrx_word' id='word_1_539' title='bbox 1936 1800 2023 1830; x_wconf 89' lang='lat' dir='ltr'>visce-</span> 
     </span>
     <span class='ocr_line' id='line_1_85' title="bbox 1174 1847 2024 1878; baseline -0.002 0"><span class='ocrx_word' id='word_1_540' title='bbox 1174 1849 1253 1878; x_wconf 86' lang='lat' dir='ltr'>ribus</span> <span class='ocrx_word' id='word_1_541' title='bbox 1274 1849 1380 1877; x_wconf 88' lang='lat' dir='ltr'>virtute</span> <span class='ocrx_word' id='word_1_542' title='bbox 1401 1848 1487 1877; x_wconf 90' lang='lat' dir='ltr'>huius</span> <span class='ocrx_word' id='word_1_543' title='bbox 1515 1848 1674 1878; x_wconf 85' lang='lat' dir='ltr'>excessivae</span> <span class='ocrx_word' id='word_1_544' title='bbox 1706 1848 1829 1877; x_wconf 85' lang='lat' dir='ltr'>caritatis</span> <span class='ocrx_word' id='word_1_545' title='bbox 1850 1850 1877 1876; x_wconf 87' lang='lat' dir='ltr'>et</span> <span class='ocrx_word' id='word_1_546' title='bbox 1897 1847 2024 1877; x_wconf 89' lang='lat' dir='ltr'>dulcissi-</span> 
     </span>
     <span class='ocr_line' id='line_1_86' title="bbox 1173 1892 2025 1933; baseline -0.004 -8"><span class='ocrx_word' id='word_1_547' title='bbox 1173 1904 1234 1925; x_wconf 88' lang='lat' dir='ltr'>mae</span> <span class='ocrx_word' id='word_1_548' title='bbox 1256 1896 1413 1925; x_wconf 82' lang='lat' dir='ltr'>refectionis</span> <span class='ocrx_word' id='word_1_549' title='bbox 1434 1896 1530 1933; x_wconf 85' lang='lat' dir='ltr'>cupias</span> <span class='ocrx_word' id='word_1_550' title='bbox 1551 1895 1717 1925; x_wconf 86' lang='lat' dir='ltr'>sanctificari</span> <span class='ocrx_word' id='word_1_551' title='bbox 1740 1892 1776 1923; x_wconf 80' lang='lat' dir='ltr'>ab</span> <span class='ocrx_word' id='word_1_552' title='bbox 1792 1894 1872 1924; x_wconf 74' lang='lat' dir='ltr'>onzui</span> <span class='ocrx_word' id='word_1_553' title='bbox 1886 1894 2025 1933; x_wconf 70' lang='lat' dir='ltr'>inquina-</span> 
     </span>
     <span class='ocr_line' id='line_1_87' title="bbox 1173 1942 2025 1981; baseline -0.002 -9"><span class='ocrx_word' id='word_1_554' title='bbox 1173 1947 1267 1972; x_wconf 79' lang='lat' dir='ltr'>mento</span> <span class='ocrx_word' id='word_1_555' title='bbox 1296 1943 1398 1972; x_wconf 72' lang='lat' dir='ltr'>caruis</span> <span class='ocrx_word' id='word_1_556' title='bbox 1429 1947 1454 1972; x_wconf 88' lang='lat' dir='ltr'>et</span> <span class='ocrx_word' id='word_1_557' title='bbox 1484 1943 1609 1981; x_wconf 75' lang='lat' dir='ltr'>spiritus</span> <span class='ocrx_word' id='word_1_558' title='bbox 1625 1943 1647 1960; x_wconf 75' lang='lat'>¹⁰</span> <span class='ocrx_word' id='word_1_559' title='bbox 1675 1946 1702 1972; x_wconf 89' lang='lat' dir='ltr'>et</span> <span class='ocrx_word' id='word_1_560' title='bbox 1733 1943 1801 1979; x_wconf 89' lang='lat' dir='ltr'>eripi</span> <span class='ocrx_word' id='word_1_561' title='bbox 1830 1942 1865 1971; x_wconf 82' lang='lat' dir='ltr'>ab</span> <span class='ocrx_word' id='word_1_562' title='bbox 1896 1942 2025 1971; x_wconf 89' lang='lat' dir='ltr'>omnibus</span> 
     </span>
     <span class='ocr_line' id='line_1_88' title="bbox 1173 1988 2024 2028; baseline -0.002 -9"><span class='ocrx_word' id='word_1_563' title='bbox 1173 1991 1305 2028; x_wconf 89' lang='lat' dir='ltr'>periculis</span> <span class='ocrx_word' id='word_1_564' title='bbox 1337 1993 1364 2019; x_wconf 87' lang='lat' dir='ltr'>et</span> <span class='ocrx_word' id='word_1_565' title='bbox 1395 1990 1593 2019; x_wconf 87' lang='lat' dir='ltr'>tentationibus</span> <span class='ocrx_word' id='word_1_566' title='bbox 1631 1998 1663 2019; x_wconf 87' lang='lat' dir='ltr'>ac</span> <span class='ocrx_word' id='word_1_567' title='bbox 1694 1989 1914 2027; x_wconf 86' lang='lat' dir='ltr'>inseparabiliter</span> <span class='ocrx_word' id='word_1_568' title='bbox 1950 1988 2024 2018; x_wconf 91' lang='lat' dir='ltr'>uniri</span> 
     </span>
     <span class='ocr_line' id='line_1_89' title="bbox 1173 2035 2025 2066; baseline -0.002 0"><span class='ocrx_word' id='word_1_569' title='bbox 1173 2038 1283 2066; x_wconf 86' lang='lat' dir='ltr'>Christo</span> <span class='ocrx_word' id='word_1_570' title='bbox 1304 2037 1438 2066; x_wconf 88' lang='lat' dir='ltr'>Salvatori</span> <span class='ocrx_word' id='word_1_571' title='bbox 1460 2040 1487 2066; x_wconf 88' lang='lat' dir='ltr'>et</span> <span class='ocrx_word' id='word_1_572' title='bbox 1507 2037 1666 2066; x_wconf 87' lang='lat' dir='ltr'>conservari</span> <span class='ocrx_word' id='word_1_573' title='bbox 1688 2037 1716 2065; x_wconf 92' lang='lat' dir='ltr'>in</span> <span class='ocrx_word' id='word_1_574' title='bbox 1748 2045 1799 2065; x_wconf 87' lang='lat' dir='ltr'>suo</span> <span class='ocrx_word' id='word_1_575' title='bbox 1823 2044 1926 2065; x_wconf 87' lang='lat' dir='ltr'>amore.</span> <span class='ocrx_word' id='word_1_576' title='bbox 1948 2035 2025 2065; x_wconf 88' lang='lat' dir='ltr'>Unde</span> 
     </span>
     <span class='ocr_line' id='line_1_90' title="bbox 1173 2084 2026 2122; baseline -0.002 -9"><span class='ocrx_word' id='word_1_577' title='bbox 1173 2084 1264 2122; x_wconf 88' lang='lat' dir='ltr'>inquit</span> <span class='ocrx_word' id='word_1_578' title='bbox 1285 2084 1413 2113; x_wconf 87' lang='lat' dir='ltr'>Christus</span> <span class='ocrx_word' id='word_1_579' title='bbox 1434 2084 1542 2113; x_wconf 86' lang='lat' dir='ltr'>Ioannis</span> <span class='ocrx_word' id='word_1_580' title='bbox 1562 2084 1669 2113; x_wconf 87' lang='lat' dir='ltr'>decimo</span> <span class='ocrx_word' id='word_1_581' title='bbox 1684 2084 1816 2121; x_wconf 89' lang='lat' dir='ltr'>septimo:</span> <span class='ocrx_word' id='word_1_582' title='bbox 1833 2084 1933 2118; x_wconf 79' lang='lat' dir='ltr'>Pater,</span> <span class='ocrx_word' id='word_1_583' title='bbox 1953 2091 2026 2121; x_wconf 81' lang='lat' dir='ltr'>quos</span> 
     </span>
     <span class='ocr_line' id='line_1_91' title="bbox 1174 2130 2024 2169; baseline -0.002 -9"><span class='ocrx_word' id='word_1_584' title='bbox 1174 2131 1279 2160; x_wconf 76' lang='lat' dir='ltr'>dedisti</span> <span class='ocrx_word' id='word_1_585' title='bbox 1298 2130 1387 2165; x_wconf 80' lang='lat' dir='ltr'>milti,</span> <span class='ocrx_word' id='word_1_586' title='bbox 1409 2131 1482 2165; x_wconf 85' lang='lat' dir='ltr'>volo,</span> <span class='ocrx_word' id='word_1_587' title='bbox 1497 2135 1540 2165; x_wconf 82' lang='lat' dir='ltr'>ut,</span> <span class='ocrx_word' id='word_1_588' title='bbox 1558 2130 1611 2160; x_wconf 79' lang='lat' dir='ltr'>ubi</span> <span class='ocrx_word' id='word_1_589' title='bbox 1630 2140 1680 2169; x_wconf 67' lang='lat' dir='ltr'>eqo</span> <span class='ocrx_word' id='word_1_590' title='bbox 1700 2139 1786 2165; x_wconf 79' lang='lat' dir='ltr'>sum,</span> <span class='ocrx_word' id='word_1_591' title='bbox 1807 2130 1866 2159; x_wconf 91' lang='lat' dir='ltr'>illic</span> <span class='ocrx_word' id='word_1_592' title='bbox 1886 2131 1946 2158; x_wconf 78' lang='lat' dir='ltr'>siut</span> <span class='ocrx_word' id='word_1_593' title='bbox 1966 2138 2024 2158; x_wconf 79' lang='lat' dir='ltr'>me-</span> 
     </span>
     <span class='ocr_line' id='line_1_92' title="bbox 1174 2179 2023 2215; baseline -0.002 -8"><span class='ocrx_word' id='word_1_594' title='bbox 1174 2187 1254 2213; x_wconf 79' lang='lat' dir='ltr'>cum,</span> <span class='ocrx_word' id='word_1_595' title='bbox 1278 2182 1310 2207; x_wconf 82' lang='lat' dir='ltr'>ut</span> <span class='ocrx_word' id='word_1_596' title='bbox 1330 2179 1390 2207; x_wconf 78' lang='lat' dir='ltr'>sint</span> <span class='ocrx_word' id='word_1_597' title='bbox 1411 2187 1519 2213; x_wconf 77' lang='lat' dir='ltr'>imum,</span> <span class='ocrx_word' id='word_1_598' title='bbox 1540 2179 1618 2207; x_wconf 81' lang='lat' dir='ltr'>sicut</span> <span class='ocrx_word' id='word_1_599' title='bbox 1638 2187 1691 2207; x_wconf 81' lang='lat' dir='ltr'>uos</span> <span class='ocrx_word' id='word_1_600' title='bbox 1713 2187 1808 2207; x_wconf 76' lang='lat' dir='ltr'>unum</span> <span class='ocrx_word' id='word_1_601' title='bbox 1828 2185 1933 2206; x_wconf 79' lang='lat' dir='ltr'>sumus</span> <span class='ocrx_word' id='word_1_602' title='bbox 1941 2188 1951 2211; x_wconf 91' lang='lat'>,·</span> <span class='ocrx_word' id='word_1_603' title='bbox 1972 2185 2023 2215; x_wconf 66' lang='lat' dir='ltr'>eqo</span> 
     </span>
     <span class='ocr_line' id='line_1_93' title="bbox 1174 2223 2025 2262; baseline -0.002 -8"><span class='ocrx_word' id='word_1_604' title='bbox 1174 2225 1205 2254; x_wconf 74' lang='lat' dir='ltr'>in</span> <span class='ocrx_word' id='word_1_605' title='bbox 1241 2226 1298 2260; x_wconf 81' lang='lat' dir='ltr'>eis,</span> <span class='ocrx_word' id='word_1_606' title='bbox 1330 2230 1356 2255; x_wconf 87' lang='lat' dir='ltr'>et</span> <span class='ocrx_word' id='word_1_607' title='bbox 1387 2229 1418 2254; x_wconf 79' lang='lat' dir='ltr'>tu</span> <span class='ocrx_word' id='word_1_608' title='bbox 1450 2225 1481 2254; x_wconf 77' lang='lat' dir='ltr'>iri</span> <span class='ocrx_word' id='word_1_609' title='bbox 1511 2234 1571 2262; x_wconf 81' lang='lat' dir='ltr'>me,</span> <span class='ocrx_word' id='word_1_610' title='bbox 1603 2229 1636 2254; x_wconf 90' lang='lat' dir='ltr'>ut</span> <span class='ocrx_word' id='word_1_611' title='bbox 1669 2225 1730 2254; x_wconf 78' lang='lat' dir='ltr'>sint</span> <span class='ocrx_word' id='word_1_612' title='bbox 1763 2224 1960 2254; x_wconf 71' lang='lat' dir='ltr'>consummati</span> <span class='ocrx_word' id='word_1_613' title='bbox 1994 2223 2025 2252; x_wconf 77' lang='lat' dir='ltr'>iu</span> 
     </span>
     <span class='ocr_line' id='line_1_94' title="bbox 1174 2281 1278 2301; baseline 0 0"><span class='ocrx_word' id='word_1_614' title='bbox 1174 2281 1278 2301; x_wconf 72' lang='lat' dir='ltr'>mium.</span> 
     </span>
    </p>
   </div>
   <div class='ocr_carea' id='block_1_14' title="bbox 887 2432 1403 2435">
    <p class='ocr_par' dir='ltr' id='par_1_25' title="bbox 887 2432 1403 2435">
     <span class='ocr_line' id='line_1_95' title="bbox 887 2432 1403 2435; baseline 0 0"><span class='ocrx_word' id='word_1_615' title='bbox 887 2432 1403 2435; x_wconf 95' lang='lat' dir='ltr'> </span> 
     </span>
    </p>
   </div>
   <div class='ocr_carea' id='block_1_15' title="bbox 266 2551 1118 3051">
    <p class='ocr_par' dir='ltr' id='par_1_26' title="bbox 267 2551 1115 2620">
     <span class='ocr_line' id='line_1_96' title="bbox 330 2551 1115 2580; baseline 0.001 -7"><span class='ocrx_word' id='word_1_616' title='bbox 330 2551 338 2564; x_wconf 81' lang='lat'>1</span> <span class='ocrx_word' id='word_1_617' title='bbox 356 2552 416 2574; x_wconf 86' lang='lat' dir='ltr'>loan.</span> <span class='ocrx_word' id='word_1_618' title='bbox 435 2552 460 2580; x_wconf 75' lang='lat'>(5,</span> <span class='ocrx_word' id='word_1_619' title='bbox 479 2551 520 2574; x_wconf 77' lang='lat'>58:</span> <span class='ocrx_word' id='word_1_620' title='bbox 539 2551 582 2580; x_wconf 86' lang='lat' dir='ltr'>Qui</span> <span class='ocrx_word' id='word_1_621' title='bbox 600 2551 725 2574; x_wconf 81' lang='lat' dir='ltr'>manducat</span> <span class='ocrx_word' id='word_1_622' title='bbox 747 2557 797 2579; x_wconf 85' lang='lat' dir='ltr'>me,</span> <span class='ocrx_word' id='word_1_623' title='bbox 818 2554 840 2573; x_wconf 89' lang='lat' dir='ltr'>et</span> <span class='ocrx_word' id='word_1_624' title='bbox 862 2551 912 2579; x_wconf 86' lang='lat' dir='ltr'>ipse</span> <span class='ocrx_word' id='word_1_625' title='bbox 933 2551 998 2573; x_wconf 69' lang='lat' dir='ltr'>vivet</span> <span class='ocrx_word' id='word_1_626' title='bbox 1020 2554 1115 2580; x_wconf 81' lang='lat' dir='ltr'>propter</span> 
     </span>
     <span class='ocr_line' id='line_1_97' title="bbox 267 2590 626 2620; baseline -0.003 -7"><span class='ocrx_word' id='word_1_627' title='bbox 267 2597 311 2614; x_wconf 87' lang='lat' dir='ltr'>me.</span> <span class='ocrx_word' id='word_1_628' title='bbox 331 2591 381 2613; x_wconf 80' lang='lat' dir='ltr'>Vat.</span> <span class='ocrx_word' id='word_1_629' title='bbox 397 2590 454 2614; x_wconf 68' lang='lat' dir='ltr'>vivit</span> <span class='ocrx_word' id='word_1_630' title='bbox 466 2591 565 2620; x_wconf 78' lang='lat' dir='ltr'>propter</span> <span class='ocrx_word' id='word_1_631' title='bbox 583 2597 626 2613; x_wconf 81' lang='lat' dir='ltr'>mc.</span> 
     </span>
    </p>

    <p class='ocr_par' dir='ltr' id='par_1_27' title="bbox 267 2629 1116 2700">
     <span class='ocr_line' id='line_1_98' title="bbox 330 2629 1116 2659; baseline 0 -7"><span class='ocrx_word' id='word_1_632' title='bbox 330 2629 339 2642; x_wconf 74' lang='lat'>2</span> <span class='ocrx_word' id='word_1_633' title='bbox 356 2630 417 2653; x_wconf 89' lang='lat' dir='ltr'>Libr.</span> <span class='ocrx_word' id='word_1_634' title='bbox 436 2631 480 2653; x_wconf 93' lang='lat' dir='ltr'>Vll.</span> <span class='ocrx_word' id='word_1_635' title='bbox 498 2630 600 2653; x_wconf 80' lang='lat' dir='ltr'>Confess.</span> <span class='ocrx_word' id='word_1_636' title='bbox 615 2636 636 2652; x_wconf 89' lang='lat' dir='ltr'>c.</span> <span class='ocrx_word' id='word_1_637' title='bbox 650 2630 686 2652; x_wconf 52' lang='lat'>«10.</span> <span class='ocrx_word' id='word_1_638' title='bbox 704 2636 724 2652; x_wconf 89' lang='lat' dir='ltr'>n.</span> <span class='ocrx_word' id='word_1_639' title='bbox 744 2630 781 2652; x_wconf 52' lang='lat'>116.</span> <span class='ocrx_word' id='word_1_640' title='bbox 798 2643 828 2646; x_wconf 97' lang='lat'><strong>—</strong></span> <span class='ocrx_word' id='word_1_641' title='bbox 846 2631 902 2652; x_wconf 85' lang='lat' dir='ltr'>lnsra</span> <span class='ocrx_word' id='word_1_642' title='bbox 920 2636 963 2658; x_wconf 89' lang='lat' dir='ltr'>pro</span> <span class='ocrx_word' id='word_1_643' title='bbox 980 2630 1074 2659; x_wconf 78' lang='lat' dir='ltr'>ferrum</span> <span class='ocrx_word' id='word_1_644' title='bbox 1091 2629 1116 2653; x_wconf 80' lang='lat' dir='ltr'>in</span> 
     </span>
     <span class='ocr_line' id='line_1_99' title="bbox 267 2669 988 2700; baseline 0 -8"><span class='ocrx_word' id='word_1_645' title='bbox 267 2669 306 2693; x_wconf 82' lang='lat' dir='ltr'>sui</span> <span class='ocrx_word' id='word_1_646' title='bbox 322 2669 501 2693; x_wconf 73' lang='lat' dir='ltr'>similitudinem</span> <span class='ocrx_word' id='word_1_647' title='bbox 519 2670 570 2692; x_wconf 89' lang='lat' dir='ltr'>Vat.</span> <span class='ocrx_word' id='word_1_648' title='bbox 586 2670 680 2700; x_wconf 71' lang='lat' dir='ltr'>ferrum</span> <span class='ocrx_word' id='word_1_649' title='bbox 697 2669 743 2692; x_wconf 84' lang='lat' dir='ltr'>sibi</span> <span class='ocrx_word' id='word_1_650' title='bbox 760 2669 784 2692; x_wconf 80' lang='lat' dir='ltr'>iu</span> <span class='ocrx_word' id='word_1_651' title='bbox 800 2669 988 2693; x_wconf 78' lang='lat' dir='ltr'>similitudinem.</span> 
     </span>
    </p>

    <p class='ocr_par' dir='ltr' id='par_1_28' title="bbox 266 2708 1118 2810">
     <span class='ocr_line' id='line_1_100' title="bbox 330 2708 1116 2737; baseline 0.001 -7"><span class='ocrx_word' id='word_1_652' title='bbox 330 2708 339 2721; x_wconf 72' lang='lat' dir='ltr'>s</span> <span class='ocrx_word' id='word_1_653' title='bbox 358 2709 407 2731; x_wconf 84' lang='lat' dir='ltr'>Vat.</span> <span class='ocrx_word' id='word_1_654' title='bbox 425 2710 556 2737; x_wconf 71' lang='lat' dir='ltr'>tumorem,</span> <span class='ocrx_word' id='word_1_655' title='bbox 573 2708 742 2737; x_wconf 80' lang='lat' dir='ltr'>refragantibus</span> <span class='ocrx_word' id='word_1_656' title='bbox 759 2710 805 2731; x_wconf 84' lang='lat' dir='ltr'>sere</span> <span class='ocrx_word' id='word_1_657' title='bbox 822 2708 932 2731; x_wconf 85' lang='lat' dir='ltr'>omnibus</span> <span class='ocrx_word' id='word_1_658' title='bbox 951 2709 1032 2736; x_wconf 82' lang='lat' dir='ltr'>eodd.;</span> <span class='ocrx_word' id='word_1_659' title='bbox 1049 2715 1116 2737; x_wconf 84' lang='lat' dir='ltr'>supe·</span> 
     </span>
     <span class='ocr_line' id='line_1_101' title="bbox 266 2747 1118 2777; baseline -0.001 -7"><span class='ocrx_word' id='word_1_660' title='bbox 266 2748 315 2771; x_wconf 88' lang='lat' dir='ltr'>rius</span> <span class='ocrx_word' id='word_1_661' title='bbox 340 2748 422 2771; x_wconf 84' lang='lat' dir='ltr'>eadem</span> <span class='ocrx_word' id='word_1_662' title='bbox 448 2748 529 2771; x_wconf 87' lang='lat' dir='ltr'>omittit</span> <span class='ocrx_word' id='word_1_663' title='bbox 556 2748 623 2777; x_wconf 82' lang='lat' dir='ltr'>forte.</span> <span class='ocrx_word' id='word_1_664' title='bbox 650 2748 702 2770; x_wconf 84' lang='lat' dir='ltr'>Post</span> <span class='ocrx_word' id='word_1_665' title='bbox 730 2747 846 2771; x_wconf 80' lang='lat' dir='ltr'>desideres</span> <span class='ocrx_word' id='word_1_666' title='bbox 869 2748 940 2770; x_wconf 86' lang='lat' dir='ltr'>BEK</span> <span class='ocrx_word' id='word_1_667' title='bbox 963 2748 1072 2776; x_wconf 85' lang='lat' dir='ltr'>supplent</span> <span class='ocrx_word' id='word_1_668' title='bbox 1096 2748 1118 2770; x_wconf 80' lang='lat' dir='ltr'>ct</span> 
     </span>
     <span class='ocr_line' id='line_1_102' title="bbox 268 2793 329 2810; baseline -0.016 0"><span class='ocrx_word' id='word_1_669' title='bbox 268 2793 329 2810; x_wconf 72' lang='lat' dir='ltr'>cure.</span> 
     </span>
    </p>

    <p class='ocr_par' dir='ltr' id='par_1_29' title="bbox 267 2824 1116 2895">
     <span class='ocr_line' id='line_1_103' title="bbox 330 2824 1116 2854; baseline 0 -6"><span class='ocrx_word' id='word_1_670' title='bbox 330 2825 340 2838; x_wconf 61' lang='lat'>*²</span> <span class='ocrx_word' id='word_1_671' title='bbox 358 2826 408 2848; x_wconf 78' lang='lat' dir='ltr'>Val.</span> <span class='ocrx_word' id='word_1_672' title='bbox 425 2825 475 2854; x_wconf 76' lang='lat' dir='ltr'>sui,</span> <span class='ocrx_word' id='word_1_673' title='bbox 493 2829 515 2848; x_wconf 90' lang='lat' dir='ltr'>et</span> <span class='ocrx_word' id='word_1_674' title='bbox 532 2826 626 2848; x_wconf 81' lang='lat' dir='ltr'>inferius</span> <span class='ocrx_word' id='word_1_675' title='bbox 642 2829 694 2854; x_wconf 82' lang='lat' dir='ltr'>post</span> <span class='ocrx_word' id='word_1_676' title='bbox 710 2832 794 2849; x_wconf 83' lang='lat' dir='ltr'>sacros</span> <span class='ocrx_word' id='word_1_677' title='bbox 806 2825 901 2849; x_wconf 79' lang='lat' dir='ltr'>ordines</span> <span class='ocrx_word' id='word_1_678' title='bbox 913 2826 977 2854; x_wconf 82' lang='lat' dir='ltr'>ponit</span> <span class='ocrx_word' id='word_1_679' title='bbox 988 2824 1116 2854; x_wconf 78' lang='lat' dir='ltr'>accedunt,</span> 
     </span>
     <span class='ocr_line' id='line_1_104' title="bbox 267 2865 783 2895; baseline 0.002 -8"><span class='ocrx_word' id='word_1_680' title='bbox 267 2865 331 2887; x_wconf 85' lang='lat' dir='ltr'>unde</span> <span class='ocrx_word' id='word_1_681' title='bbox 347 2868 399 2893; x_wconf 86' lang='lat' dir='ltr'>post</span> <span class='ocrx_word' id='word_1_682' title='bbox 415 2865 528 2895; x_wconf 72' lang='lat' dir='ltr'>mysteria</span> <span class='ocrx_word' id='word_1_683' title='bbox 546 2866 639 2893; x_wconf 83' lang='lat' dir='ltr'>supplet</span> <span class='ocrx_word' id='word_1_684' title='bbox 655 2865 783 2894; x_wconf 79' lang='lat' dir='ltr'>accipiunt.</span> 
     </span>
    </p>

    <p class='ocr_par' dir='ltr' id='par_1_30' title="bbox 268 2903 1116 2973">
     <span class='ocr_line' id='line_1_105' title="bbox 331 2903 1116 2934; baseline 0 -7"><span class='ocrx_word' id='word_1_685' title='bbox 331 2903 340 2916; x_wconf 84' lang='lat'>⁵</span> <span class='ocrx_word' id='word_1_686' title='bbox 357 2904 409 2926; x_wconf 34' lang='lat' dir='ltr'>Vati</span> <span class='ocrx_word' id='word_1_687' title='bbox 422 2910 574 2934; x_wconf 75' lang='lat' dir='ltr'>pauperum,·</span> <span class='ocrx_word' id='word_1_688' title='bbox 592 2905 676 2927; x_wconf 86' lang='lat' dir='ltr'>deinde</span> <span class='ocrx_word' id='word_1_689' title='bbox 694 2905 751 2927; x_wconf 79' lang='lat' dir='ltr'>infra</span> <span class='ocrx_word' id='word_1_690' title='bbox 764 2907 816 2932; x_wconf 81' lang='lat' dir='ltr'>post</span> <span class='ocrx_word' id='word_1_691' title='bbox 828 2904 927 2934; x_wconf 78' lang='lat' dir='ltr'>impulsi</span> <span class='ocrx_word' id='word_1_692' title='bbox 937 2910 952 2927; x_wconf 80' lang='lat' dir='ltr'>a</span> <span class='ocrx_word' id='word_1_693' title='bbox 964 2903 1056 2927; x_wconf 80' lang='lat' dir='ltr'>diabolo</span> <span class='ocrx_word' id='word_1_694' title='bbox 1069 2904 1116 2927; x_wconf 83' lang='lat' dir='ltr'>sola</span> 
     </span>
     <span class='ocr_line' id='line_1_106' title="bbox 268 2943 1077 2973; baseline -0.001 -7"><span class='ocrx_word' id='word_1_695' title='bbox 268 2943 332 2966; x_wconf 81' lang='lat' dir='ltr'>addit</span> <span class='ocrx_word' id='word_1_696' title='bbox 349 2944 464 2972; x_wconf 72' lang='lat' dir='ltr'>tanquam</span> <span class='ocrx_word' id='word_1_697' title='bbox 482 2944 561 2966; x_wconf 47' lang='lat' dir='ltr'>Daton.</span> <span class='ocrx_word' id='word_1_698' title='bbox 578 2944 629 2973; x_wconf 83' lang='lat' dir='ltr'>(sic)</span> <span class='ocrx_word' id='word_1_699' title='bbox 648 2945 670 2967; x_wconf 85' lang='lat' dir='ltr'>et</span> <span class='ocrx_word' id='word_1_700' title='bbox 686 2943 774 2967; x_wconf 71' lang='lat' dir='ltr'>Abii-ou</span> <span class='ocrx_word' id='word_1_701' title='bbox 794 2943 873 2973; x_wconf 85' lang='lat' dir='ltr'>[Num.</span> <span class='ocrx_word' id='word_1_702' title='bbox 895 2944 933 2972; x_wconf 83' lang='grc'>16,</span> <span class='ocrx_word' id='word_1_703' title='bbox 955 2944 972 2966; x_wconf 89' lang='lat' dir='ltr'>l.</span> <span class='ocrx_word' id='word_1_704' title='bbox 990 2943 1077 2973; x_wconf 81' lang='lat' dir='ltr'>seqq.].</span> 
     </span>
    </p>

    <p class='ocr_par' dir='ltr' id='par_1_31' title="bbox 268 2981 1117 3051">
     <span class='ocr_line' id='line_1_107' title="bbox 331 2981 1117 3011; baseline 0 -6"><span class='ocrx_word' id='word_1_705' title='bbox 331 2981 340 2995; x_wconf 75' lang='lat'>‘⁵</span> <span class='ocrx_word' id='word_1_706' title='bbox 358 2983 409 3005; x_wconf 75' lang='lat' dir='ltr'>Vat.</span> <span class='ocrx_word' id='word_1_707' title='bbox 427 2984 447 3005; x_wconf 75' lang='lat' dir='ltr'>te</span> <span class='ocrx_word' id='word_1_708' title='bbox 460 2982 536 3005; x_wconf 74' lang='lat' dir='ltr'>trahet</span> <span class='ocrx_word' id='word_1_709' title='bbox 542 2991 551 3011; x_wconf 87' lang='lat'>,·</span> <span class='ocrx_word' id='word_1_710' title='bbox 564 2989 605 3011; x_wconf 88' lang='lat' dir='ltr'>pro</span> <span class='ocrx_word' id='word_1_711' title='bbox 617 2989 740 3005; x_wconf 77' lang='lat' dir='ltr'>remorsus</span> <span class='ocrx_word' id='word_1_712' title='bbox 753 2983 771 3005; x_wconf 71' lang='lat' dir='ltr'><strong>A</strong></span> <span class='ocrx_word' id='word_1_713' title='bbox 780 2982 796 3005; x_wconf 93' lang='lat' dir='ltr'>C</span> <span class='ocrx_word' id='word_1_714' title='bbox 806 2983 824 3005; x_wconf 94' lang='lat' dir='ltr'><strong>D</strong></span> <span class='ocrx_word' id='word_1_715' title='bbox 835 2984 850 3005; x_wconf 82' lang='lat' dir='ltr'>E</span> <span class='ocrx_word' id='word_1_716' title='bbox 859 2983 875 3005; x_wconf 89' lang='lat' dir='ltr'>F</span> <span class='ocrx_word' id='word_1_717' title='bbox 885 2983 903 3005; x_wconf 95' lang='lat' dir='ltr'><strong>G</strong></span> <span class='ocrx_word' id='word_1_718' title='bbox 913 2983 931 3005; x_wconf 88' lang='lat' dir='ltr'>H</span> <span class='ocrx_word' id='word_1_719' title='bbox 942 2984 947 3005; x_wconf 98' lang='lat' dir='ltr'>l</span> <span class='ocrx_word' id='word_1_720' title='bbox 957 2983 974 3005; x_wconf 92' lang='lat' dir='ltr'>L</span> <span class='ocrx_word' id='word_1_721' title='bbox 985 2981 1117 3010; x_wconf 68' lang='lat' dir='ltr'>rciriorszb,</span> 
     </span>
     <span class='ocr_line' id='line_1_108' title="bbox 268 3020 1115 3051; baseline -0.001 -7"><span class='ocrx_word' id='word_1_722' title='bbox 268 3022 320 3044; x_wconf 85' lang='lat' dir='ltr'>dein</span> <span class='ocrx_word' id='word_1_723' title='bbox 338 3022 390 3044; x_wconf 79' lang='lat' dir='ltr'>Vat.</span> <span class='ocrx_word' id='word_1_724' title='bbox 412 3027 455 3050; x_wconf 87' lang='lat' dir='ltr'>pro</span> <span class='ocrx_word' id='word_1_725' title='bbox 478 3021 580 3044; x_wconf 68' lang='lat' dir='ltr'>hostiam.</span> <span class='ocrx_word' id='word_1_726' title='bbox 599 3021 743 3051; x_wconf 77' lang='lat' dir='ltr'>placationis</span> <span class='ocrx_word' id='word_1_727' title='bbox 766 3021 835 3044; x_wconf 84' lang='lat' dir='ltr'>habet</span> <span class='ocrx_word' id='word_1_728' title='bbox 858 3021 961 3045; x_wconf 77' lang='lat' dir='ltr'>hostiam</span> <span class='ocrx_word' id='word_1_729' title='bbox 983 3020 1115 3044; x_wconf 78' lang='lat' dir='ltr'>oblationis.</span> 
     </span>
    </p>
   </div>
   <div class='ocr_carea' id='block_1_16' title="bbox 1172 2549 2025 3050">
    <p class='ocr_par' dir='ltr' id='par_1_32' title="bbox 1172 2549 2020 2620">
     <span class='ocr_line' id='line_1_109' title="bbox 1172 2549 2020 2580; baseline -0.001 -7"><span class='ocrx_word' id='word_1_730' title='bbox 1172 2552 1230 2573; x_wconf 74' lang='lat' dir='ltr'>Infra</span> <span class='ocrx_word' id='word_1_731' title='bbox 1248 2558 1290 2579; x_wconf 89' lang='lat' dir='ltr'>pro</span> <span class='ocrx_word' id='word_1_732' title='bbox 1308 2550 1379 2580; x_wconf 77' lang='lat' dir='ltr'>quusi</span> <span class='ocrx_word' id='word_1_733' title='bbox 1394 2550 1511 2573; x_wconf 77' lang='lat' dir='ltr'>medicum</span> <span class='ocrx_word' id='word_1_734' title='bbox 1529 2550 1598 2572; x_wconf 86' lang='lat' dir='ltr'>babet</span> <span class='ocrx_word' id='word_1_735' title='bbox 1617 2549 1688 2580; x_wconf 73' lang='lat' dir='ltr'>quusi</span> <span class='ocrx_word' id='word_1_736' title='bbox 1708 2549 1863 2578; x_wconf 75' lang='lat' dir='ltr'>medicinam,</span> <span class='ocrx_word' id='word_1_737' title='bbox 1886 2556 1956 2578; x_wconf 87' lang='lat' dir='ltr'>porro</span> <span class='ocrx_word' id='word_1_738' title='bbox 1975 2556 2020 2579; x_wconf 76' lang='lat' dir='ltr'>per</span> 
     </span>
     <span class='ocr_line' id='line_1_110' title="bbox 1173 2588 1792 2620; baseline -0.003 -7"><span class='ocrx_word' id='word_1_739' title='bbox 1173 2596 1245 2620; x_wconf 78' lang='lat' dir='ltr'>quam</span> <span class='ocrx_word' id='word_1_740' title='bbox 1263 2597 1305 2618; x_wconf 85' lang='lat' dir='ltr'>pro</span> <span class='ocrx_word' id='word_1_741' title='bbox 1319 2596 1364 2620; x_wconf 77' lang='lat' dir='ltr'>per</span> <span class='ocrx_word' id='word_1_742' title='bbox 1382 2596 1463 2620; x_wconf 78' lang='lat' dir='ltr'>quem,</span> <span class='ocrx_word' id='word_1_743' title='bbox 1484 2593 1506 2612; x_wconf 83' lang='lat' dir='ltr'>et</span> <span class='ocrx_word' id='word_1_744' title='bbox 1523 2589 1613 2613; x_wconf 74' lang='lat' dir='ltr'>tuem-is</span> <span class='ocrx_word' id='word_1_745' title='bbox 1631 2595 1674 2617; x_wconf 89' lang='lat' dir='ltr'>pro</span> <span class='ocrx_word' id='word_1_746' title='bbox 1692 2588 1792 2612; x_wconf 75' lang='lat' dir='ltr'>cureris.</span> 
     </span>
    </p>

    <p class='ocr_par' dir='ltr' id='par_1_33' title="bbox 1173 2628 2024 2697">
     <span class='ocr_line' id='line_1_111' title="bbox 1235 2628 2024 2658; baseline -0.001 -7"><span class='ocrx_word' id='word_1_747' title='bbox 1235 2628 1244 2641; x_wconf 87' lang='lat'>⁷</span> <span class='ocrx_word' id='word_1_748' title='bbox 1263 2630 1345 2651; x_wconf 81' lang='lat' dir='ltr'>Psalm.</span> <span class='ocrx_word' id='word_1_749' title='bbox 1367 2629 1421 2658; x_wconf 78' lang='lat' dir='ltr'>ll5,</span> <span class='ocrx_word' id='word_1_750' title='bbox 1440 2629 1461 2652; x_wconf 87' lang='lat'>3.</span> <span class='ocrx_word' id='word_1_751' title='bbox 1480 2629 1500 2651; x_wconf 81' lang='lat'>4.</span> <span class='ocrx_word' id='word_1_752' title='bbox 1520 2629 1567 2657; x_wconf 75' lang='lat' dir='ltr'>(l2.</span> <span class='ocrx_word' id='word_1_753' title='bbox 1585 2628 1633 2657; x_wconf 69' lang='lat'>113).</span> <span class='ocrx_word' id='word_1_754' title='bbox 1649 2641 1680 2645; x_wconf 93' lang='lat'>-—</span> <span class='ocrx_word' id='word_1_755' title='bbox 1698 2629 1714 2650; x_wconf 90' lang='lat' dir='ltr'>E</span> <span class='ocrx_word' id='word_1_756' title='bbox 1731 2628 1768 2650; x_wconf 86' lang='lat' dir='ltr'>bic</span> <span class='ocrx_word' id='word_1_757' title='bbox 1785 2628 1850 2651; x_wconf 84' lang='lat' dir='ltr'>addit</span> <span class='ocrx_word' id='word_1_758' title='bbox 1866 2629 1932 2656; x_wconf 85' lang='lat' dir='ltr'>plura</span> <span class='ocrx_word' id='word_1_759' title='bbox 1947 2628 2024 2656; x_wconf 81' lang='lat' dir='ltr'>exigui</span> 
     </span>
     <span class='ocr_line' id='line_1_112' title="bbox 1173 2666 1714 2697; baseline -0.002 -6"><span class='ocrx_word' id='word_1_760' title='bbox 1173 2669 1296 2697; x_wconf 83' lang='lat' dir='ltr'>momenti,</span> <span class='ocrx_word' id='word_1_761' title='bbox 1314 2669 1424 2697; x_wconf 85' lang='lat' dir='ltr'>incipiens</span> <span class='ocrx_word' id='word_1_762' title='bbox 1441 2667 1532 2690; x_wconf 80' lang='lat' dir='ltr'>verbis:</span> <span class='ocrx_word' id='word_1_763' title='bbox 1550 2668 1626 2696; x_wconf 82' lang='lat' dir='ltr'>Nota,</span> <span class='ocrx_word' id='word_1_764' title='bbox 1644 2666 1714 2697; x_wconf 77' lang='lat' dir='ltr'>quod.</span> 
     </span>
    </p>

    <p class='ocr_par' dir='ltr' id='par_1_34' title="bbox 1173 2705 2025 2815">
     <span class='ocr_line' id='line_1_113' title="bbox 1236 2705 2023 2735; baseline -0.001 -5"><span class='ocrx_word' id='word_1_765' title='bbox 1236 2707 1245 2720; x_wconf 75' lang='lat'>⁸</span> <span class='ocrx_word' id='word_1_766' title='bbox 1263 2708 1392 2735; x_wconf 82' lang='lat' dir='ltr'>Respicitur</span> <span class='ocrx_word' id='word_1_767' title='bbox 1411 2708 1486 2729; x_wconf 76' lang='lat' dir='ltr'>Matth.</span> <span class='ocrx_word' id='word_1_768' title='bbox 1504 2707 1546 2734; x_wconf 78' lang='lat'>26,</span> <span class='ocrx_word' id='word_1_769' title='bbox 1568 2707 1605 2729; x_wconf 77' lang='lat'>28.</span> <span class='ocrx_word' id='word_1_770' title='bbox 1628 2719 1659 2723; x_wconf 96' lang='lat'><strong>—</strong></span> <span class='ocrx_word' id='word_1_771' title='bbox 1680 2707 1739 2729; x_wconf 75' lang='lat' dir='ltr'>lnsra</span> <span class='ocrx_word' id='word_1_772' title='bbox 1759 2712 1802 2734; x_wconf 86' lang='lat' dir='ltr'>pro</span> <span class='ocrx_word' id='word_1_773' title='bbox 1824 2712 1873 2729; x_wconf 76' lang='lat' dir='ltr'>uon</span> <span class='ocrx_word' id='word_1_774' title='bbox 1894 2705 2023 2729; x_wconf 74' lang='lat' dir='ltr'>babeamus</span> 
     </span>
     <span class='ocr_line' id='line_1_114' title="bbox 1174 2744 2025 2775; baseline -0.001 -6"><span class='ocrx_word' id='word_1_775' title='bbox 1174 2746 1302 2769; x_wconf 70' lang='lat' dir='ltr'>Vat.21iliz‘l</span> <span class='ocrx_word' id='word_1_776' title='bbox 1324 2745 1466 2775; x_wconf 78' lang='lat' dir='ltr'>babeamus,</span> <span class='ocrx_word' id='word_1_777' title='bbox 1492 2746 1541 2768; x_wconf 80' lang='grc' dir='ltr'>ΕΚ</span> <span class='ocrx_word' id='word_1_778' title='bbox 1566 2751 1612 2769; x_wconf 70' lang='lat' dir='ltr'>non</span> <span class='ocrx_word' id='word_1_779' title='bbox 1639 2745 1769 2768; x_wconf 78' lang='lat' dir='ltr'>habeamus</span> <span class='ocrx_word' id='word_1_780' title='bbox 1794 2744 1878 2768; x_wconf 78' lang='lat' dir='ltr'>melius</span> <span class='ocrx_word' id='word_1_781' title='bbox 1905 2744 1931 2774; x_wconf 89' lang='lat' dir='ltr'>[N</span> <span class='ocrx_word' id='word_1_782' title='bbox 1956 2744 2025 2768; x_wconf 78' lang='lat' dir='ltr'>aliud</span> 
     </span>
     <span class='ocr_line' id='line_1_115' title="bbox 1173 2785 1271 2815; baseline 0 -7"><span class='ocrx_word' id='word_1_783' title='bbox 1173 2785 1271 2815; x_wconf 69' lang='lat' dir='ltr'>maius-J.</span> 
     </span>
    </p>

    <p class='ocr_par' dir='ltr' id='par_1_35' title="bbox 1174 2823 2025 2893">
     <span class='ocr_line' id='line_1_116' title="bbox 1237 2823 2025 2854; baseline -0.001 -7"><span class='ocrx_word' id='word_1_784' title='bbox 1237 2824 1246 2837; x_wconf 78' lang='lat'><strong>⁹</strong></span> <span class='ocrx_word' id='word_1_785' title='bbox 1264 2826 1316 2847; x_wconf 80' lang='lat' dir='ltr'>Post</span> <span class='ocrx_word' id='word_1_786' title='bbox 1332 2824 1426 2854; x_wconf 65' lang='lat' dir='ltr'>¹(Jraliue</span> <span class='ocrx_word' id='word_1_787' title='bbox 1443 2825 1462 2847; x_wconf 71' lang='grc' dir='ltr'>Κ</span> <span class='ocrx_word' id='word_1_788' title='bbox 1476 2825 1494 2846; x_wconf 86' lang='lat' dir='ltr'>R</span> <span class='ocrx_word' id='word_1_789' title='bbox 1511 2823 1546 2854; x_wconf 85' lang='lat' dir='ltr'>[et</span> <span class='ocrx_word' id='word_1_790' title='bbox 1563 2824 1649 2846; x_wconf 86' lang='lat' dir='ltr'>omisso</span> <span class='ocrx_word' id='word_1_791' title='bbox 1666 2823 1760 2853; x_wconf 73' lang='lat' dir='ltr'>yrutiue</span> <span class='ocrx_word' id='word_1_792' title='bbox 1777 2824 1844 2846; x_wconf 88' lang='lat' dir='ltr'>etiam</span> <span class='ocrx_word' id='word_1_793' title='bbox 1863 2823 1891 2853; x_wconf 92' lang='lat' dir='ltr'>B]</span> <span class='ocrx_word' id='word_1_794' title='bbox 1914 2823 2025 2846; x_wconf 82' lang='lat' dir='ltr'>adiiciunt</span> 
     </span>
     <span class='ocr_line' id='line_1_117' title="bbox 1174 2862 2022 2893; baseline -0.004 -6"><span class='ocrx_word' id='word_1_795' title='bbox 1174 2865 1195 2887; x_wconf 83' lang='lat' dir='ltr'>et</span> <span class='ocrx_word' id='word_1_796' title='bbox 1212 2863 1319 2887; x_wconf 62' lang='lat' dir='ltr'>caritatis</span> <span class='ocrx_word' id='word_1_797' title='bbox 1338 2863 1426 2886; x_wconf 75' lang='lat' dir='ltr'>Christi</span> <span class='ocrx_word' id='word_1_798' title='bbox 1433 2870 1478 2893; x_wconf 78' lang='lat' dir='ltr'>per</span> <span class='ocrx_word' id='word_1_799' title='bbox 1490 2864 1647 2892; x_wconf 59' lang='lat' dir='ltr'>atramentum</span> <span class='ocrx_word' id='word_1_800' title='bbox 1658 2862 1796 2892; x_wconf 69' lang='lat' dir='ltr'>yratz&#39;arum</span> <span class='ocrx_word' id='word_1_801' title='bbox 1808 2863 1828 2885; x_wconf 82' lang='lat' dir='ltr'>cl</span> <span class='ocrx_word' id='word_1_802' title='bbox 1841 2862 2022 2885; x_wconf 72' lang='lat' dir='ltr'>charismatum.</span> 
     </span>
    </p>

    <p class='ocr_par' dir='ltr' id='par_1_36' title="bbox 1174 2900 2024 3050">
     <span class='ocr_line' id='line_1_118' title="bbox 1238 2900 2023 2930; baseline -0.003 -6"><span class='ocrx_word' id='word_1_803' title='bbox 1238 2901 1257 2914; x_wconf 90' lang='lat'>¹⁰</span> <span class='ocrx_word' id='word_1_804' title='bbox 1275 2903 1404 2930; x_wconf 86' lang='lat' dir='ltr'>Respicitur</span> <span class='ocrx_word' id='word_1_805' title='bbox 1421 2903 1445 2925; x_wconf 91' lang='lat' dir='ltr'>ll.</span> <span class='ocrx_word' id='word_1_806' title='bbox 1464 2902 1516 2925; x_wconf 90' lang='lat' dir='ltr'>Cor.</span> <span class='ocrx_word' id='word_1_807' title='bbox 1532 2902 1558 2929; x_wconf 81' lang='lat'>7,</span> <span class='ocrx_word' id='word_1_808' title='bbox 1577 2902 1603 2930; x_wconf 63' lang='lat'>&#39;¹3</span> <span class='ocrx_word' id='word_1_809' title='bbox 1620 2902 1724 2930; x_wconf 85' lang='lat' dir='ltr'>sequitur</span> <span class='ocrx_word' id='word_1_810' title='bbox 1744 2902 1805 2924; x_wconf 86' lang='lat' dir='ltr'>loan.</span> <span class='ocrx_word' id='word_1_811' title='bbox 1824 2901 1864 2928; x_wconf 86' lang='lat' dir='ltr'>l7,</span> <span class='ocrx_word' id='word_1_812' title='bbox 1888 2900 1930 2923; x_wconf 70' lang='lat'>24:</span> <span class='ocrx_word' id='word_1_813' title='bbox 1947 2901 2023 2928; x_wconf 82' lang='lat' dir='ltr'>Pater,</span> 
     </span>
     <span class='ocr_line' id='line_1_119' title="bbox 1174 2939 2024 2971; baseline -0.004 -7"><span class='ocrx_word' id='word_1_814' title='bbox 1174 2948 1234 2971; x_wconf 85' lang='lat' dir='ltr'>quos</span> <span class='ocrx_word' id='word_1_815' title='bbox 1255 2941 1338 2964; x_wconf 82' lang='lat' dir='ltr'>dedisti</span> <span class='ocrx_word' id='word_1_816' title='bbox 1360 2945 1414 2969; x_wconf 81' lang='lat' dir='ltr'>etc.;</span> <span class='ocrx_word' id='word_1_817' title='bbox 1433 2948 1455 2963; x_wconf 85' lang='lat' dir='ltr'>v.</span> <span class='ocrx_word' id='word_1_818' title='bbox 1474 2942 1510 2963; x_wconf 76' lang='lat'>22.</span> <span class='ocrx_word' id='word_1_819' title='bbox 1529 2941 1574 2963; x_wconf 79' lang='lat'>23:</span> <span class='ocrx_word' id='word_1_820' title='bbox 1592 2941 1621 2963; x_wconf 90' lang='lat' dir='ltr'>Ut</span> <span class='ocrx_word' id='word_1_821' title='bbox 1642 2941 1687 2962; x_wconf 87' lang='lat' dir='ltr'>sint</span> <span class='ocrx_word' id='word_1_822' title='bbox 1709 2946 1782 2963; x_wconf 88' lang='lat' dir='ltr'>unum</span> <span class='ocrx_word' id='word_1_823' title='bbox 1805 2942 1846 2962; x_wconf 88' lang='lat' dir='ltr'>etc.</span> <span class='ocrx_word' id='word_1_824' title='bbox 1864 2952 1895 2956; x_wconf 92' lang='lat'>—</span> <span class='ocrx_word' id='word_1_825' title='bbox 1912 2939 2024 2967; x_wconf 85' lang='lat' dir='ltr'>Superius</span> 
     </span>
     <span class='ocr_line' id='line_1_120' title="bbox 1174 2978 2022 3010; baseline -0.002 -7"><span class='ocrx_word' id='word_1_826' title='bbox 1174 2983 1227 3009; x_wconf 84' lang='lat' dir='ltr'>post</span> <span class='ocrx_word' id='word_1_827' title='bbox 1243 2980 1390 3010; x_wconf 78' lang='lat' dir='ltr'>sanctificari</span> <span class='ocrx_word' id='word_1_828' title='bbox 1406 2981 1427 3002; x_wconf 90' lang='lat' dir='ltr'>in</span> <span class='ocrx_word' id='word_1_829' title='bbox 1445 2981 1462 3002; x_wconf 89' lang='lat' dir='ltr'>B</span> <span class='ocrx_word' id='word_1_830' title='bbox 1480 2981 1615 3002; x_wconf 83' lang='lat' dir='ltr'>terminatur</span> <span class='ocrx_word' id='word_1_831' title='bbox 1633 2981 1772 3008; x_wconf 81' lang='lat' dir='ltr'>opusculum</span> <span class='ocrx_word' id='word_1_832' title='bbox 1790 2979 1826 3002; x_wconf 90' lang='lat' dir='ltr'>his</span> <span class='ocrx_word' id='word_1_833' title='bbox 1837 2978 1927 3001; x_wconf 81' lang='lat' dir='ltr'>verbis:</span> <span class='ocrx_word' id='word_1_834' title='bbox 1940 2980 2022 3001; x_wconf 76' lang='lat' dir='ltr'>Amen.</span> 
     </span>
     <span class='ocr_line' id='line_1_121' title="bbox 1175 3018 2006 3050; baseline -0.004 -7"><span class='ocrx_word' id='word_1_835' title='bbox 1175 3020 1280 3050; x_wconf 61' lang='lat' dir='ltr'>Explicit</span> <span class='ocrx_word' id='word_1_836' title='bbox 1297 3026 1376 3043; x_wconf 77' lang='lat' dir='ltr'>sermo</span> <span class='ocrx_word' id='word_1_837' title='bbox 1393 3019 1484 3043; x_wconf 77' lang='lat' dir='ltr'>domini</span> <span class='ocrx_word' id='word_1_838' title='bbox 1499 3020 1681 3043; x_wconf 75' lang='lat' dir='ltr'>Bonarenturue</span> <span class='ocrx_word' id='word_1_839' title='bbox 1698 3018 1725 3042; x_wconf 77' lang='lat' dir='ltr'>de</span> <span class='ocrx_word' id='word_1_840' title='bbox 1742 3020 1824 3042; x_wconf 73' lang='lat' dir='ltr'>sancto</span> <span class='ocrx_word' id='word_1_841' title='bbox 1841 3018 2006 3042; x_wconf 77' lang='lat' dir='ltr'>Sacrmnento.</span> 
     </span>
    </p>
   </div>
  </div>
 </body>
</html>
