2133 3317
27 1092 32 1098 .
39 1077 89 1098 obio-

28 1106 74 1122 nem.

469 199 664 229 OPUSCULUM
684 199 748 228 XIII.
771 199 1080 228 DETERMINATIONES
1101 199 1342 236 QUAESTIONUM.
1364 200 1443 228 PARS
1465 200 1483 228 I.

108 287 188 317 quem
211 281 361 312 voverunt,
383 286 433 307 nec
454 277 538 306 alium
563 277 668 305 intrare
689 277 747 306 sine
768 276 879 305 OrdiniS
907 277 949 305 sui

107 325 215 355 licentia
235 325 276 353 vel
300 325 400 353 summi
423 324 573 357 Pontificis,
595 324 673 360 qula,
694 326 726 352 ut
746 323 850 352 dIctum
877 326 918 352 est
931 325 949 357 ¹,

107 373 140 402 ad
161 371 317 400 inferiorem
341 371 470 408 Regulam
486 378 540 399 non
562 370 625 399 licet
646 370 685 399 eis
706 370 837 404 transire,
852 370 950 398 altiora

68 430 73 435 ·
107 417 243 456 professis.
258 434 295 438 —
310 417 388 453 Quod
409 420 501 446 autem
524 416 585 445 talis
606 416 691 445 alium
712 416 820 453 cogitur
846 416 950 445 intrare

73 468 78 473 '
109 465 252 498 Ordinem,
274 464 295 493 si
318 464 344 492 in
361 464 413 492 isto
434 472 488 492 non
503 463 650 500 recipitur,
671 471 734 492 cum
759 466 849 492 tamen
864 463 949 491 alium

108 519 162 541 non
182 511 288 539 voverit
315 510 366 538 nisi
396 510 493 543 istum,
522 510 585 538 inde
605 513 660 544 est,
681 510 762 547 quia,
787 518 850 538 cum
876 509 950 538 vovit

106 558 202 591 istum,
224 557 262 586 sic
283 556 413 593 obligavit
434 564 463 585 se
478 556 622 593 Religioni,
643 556 717 593 quod
738 556 892 585 secundum
907 556 950 584 ius

105 603 266 634 canonicum
279 603 290 619 ²
312 602 470 631 nullatenus
494 603 586 631 redIre
607 603 640 631 ad
662 603 817 636 saeculum,
846 602 888 631 vel
916 602 949 631 ad

105 650 238 680 laxiorem
260 650 343 678 vitam
366 650 485 678 transire
506 650 529 678 ei
552 650 655 678 liceret.
678 650 709 678 Et
730 649 799 683 ideo,
815 649 835 678 si
858 649 950 678 deme-

105 700 183 726 retur
211 696 238 725 In
269 696 383 730 Ordine,
409 704 492 733 quem
521 696 608 730 vovit,
640 704 695 725 non
724 696 855 730 retineri;
884 704 947 724 cum

105 751 141 773 ex
155 745 266 780 peccato
287 751 338 771 suo
356 751 410 771 non
433 743 467 771 sit
488 743 607 771 conditio
622 743 682 772 eIus
703 743 799 771 melior
820 742 903 776 facta,
919 745 950 771 ut

104 791 158 819 iam
179 790 265 827 possit
285 797 345 818 esse
374 789 455 823 liber,
477 789 524 818 sed
553 790 645 826 potius
665 789 803 824 deterior,
824 792 948 826 oportet,

104 844 168 866 eum
188 836 273 865 alium
295 835 425 864 Ordinem
441 836 545 864 intrare
566 839 593 864 et
608 836 685 864 illum
708 843 833 869 servare,
852 836 873 864 si
890 836 950 864 vult

104 883 219 917 salvari;
241 886 268 912 et
288 882 322 911 ad
354 882 405 911 hoc
426 882 498 919 cogit
522 890 586 911 eum
618 885 751 911 statutum
785 882 950 911 universaIIs

104 930 239 959 Ecclesiae
250 930 270 963 ⁵,
292 937 346 958 non
375 929 449 957 Ordo
480 929 543 963 iste,
575 937 611 957 ex
640 929 720 958 cuius
747 929 829 958 etiam
861 929 947 966 gratia

103 976 273 1015 permittitur
294 976 318 1005 ei
339 976 373 1004 ad
395 975 552 1004 inferiorem
574 975 705 1004 OrdInem
727 976 861 1010 transire,
885 984 947 1005 cum

104 1022 275 1059 superiorem
304 1030 358 1050 non
380 1022 496 1056 invenit,
528 1030 562 1050 ne
583 1021 675 1050 aditus
695 1022 719 1051 ei
751 1022 848 1051 salutis
869 1030 948 1059 prae-

104 1069 242 1099 cludatur.
254 1085 290 1090 —
306 1070 332 1097 Si
347 1072 439 1098 autem
462 1069 527 1097 velit
548 1069 576 1097 in
591 1069 700 1098 saeculo
718 1069 826 1106 vagari,
841 1077 877 1097 ex
893 1077 949 1106 quo

103 1116 177 1145 Ordo
191 1124 246 1145 non
261 1116 321 1145 vult
341 1124 406 1144 eum
422 1115 561 1152 recipere,
583 1124 633 1145 nec
648 1116 682 1144 ad
704 1116 870 1153 Religionem
887 1124 949 1144 con—

103 1171 206 1193 cessam
229 1162 280 1192 sibi
307 1162 446 1191 transierit
467 1162 494 1190 in
516 1162 603 1199 spatio
632 1163 764 1199 temporis
785 1162 836 1191 sibi
858 1162 949 1192 deter-

101 1210 223 1244 minat0;
252 1210 314 1238 licet
336 1209 389 1237 iam
418 1209 543 1238 videatur
564 1209 599 1238 ab
623 1209 734 1238 Ordinis
759 1209 948 1239 iurisdictione

102 1259 263 1293 exemptus,
284 1264 348 1285 cum
370 1256 437 1284 nolit
452 1264 516 1284 eum
538 1256 657 1292 amplius
672 1259 782 1289 tenere,
804 1259 895 1285 tamen
911 1264 947 1284 ex

101 1303 264 1332 auctoritate
285 1303 389 1331 Summi
405 1302 542 1331 Pontificis
553 1303 574 1337 ⁴¹,
596 1303 676 1332 cqus
697 1303 878 1332 iurisdictioni
894 1311 947 1331 non

101 1353 143 1379 est
163 1349 337 1383 subtractus,
369 1352 459 1386 potest
489 1357 552 1378 euni
574 1349 648 1377 Ordo
679 1349 814 1386 impetere
844 1353 871 1378 et
898 1357 947 1386 per

102 1404 247 1426 censuram
272 1396 483 1425 ecclesiasticam
512 1396 555 1424 vel
576 1396 658 1425 etiam
686 1396 720 1424 ad
748 1396 815 1425 alias
846 1404 948 1433 poenas

102 1443 259 1480 corporales
278 1446 368 1480 potest
389 1451 517 1472 coercere
538 1451 601 1472 eum
630 1443 689 1472 viCe
719 1443 821 1472 domini
845 1444 946 1480 Papae,

102 1490 234 1528 quamdiu
255 1498 310 1519 non
325 1490 454 1519 babuerit
475 1490 560 1519 alium
576 1490 694 1519 iudicem
716 1490 886 1527 regularem,
902 1491 946 1519 cui

102 1545 131 1566 se
152 1537 316 1571 subjecerit,
346 1537 475 1574 Regulam
498 1540 525 1566 et
550 1537 681 1566 Ordinem
709 1537 783 1566 illius
811 1537 947 1566 stabiliter

101 1584 274 1613 assumenda
297 1584 398 1621 Sponte
429 1584 511 1612 etlam
539 1592 668 1621 egressus
695 1583 825 1613 Ordinem
848 1584 946 1619 istum,

102 1631 124 1660 si
145 1631 204 1660 sine
232 1631 341 1660 licentia
371 1631 431 1659 eius
452 1631 598 1660 intraverit
628 1631 713 1659 alium
743 1630 890 1665 Ordinem,
913 1631 946 1660 ad

101 1686 184 1716 quem
206 1678 340 1707 licentiari
365 1680 472 1715 posset;
502 1680 591 1714 potest
619 1677 758 1714 compelli,
784 1681 815 1706 ut
836 1677 946 1713 redeat,

101 1733 165 1754 cum
196 1724 288 1753 adhuc
318 1724 354 1753 sit
381 1724 433 1753 sub
465 1724 679 1753 iurisdictione⁵
711 1724 822 1753 Ordinis
850 1724 946 1759 istIus,

102 1780 118 1801 a
145 1779 201 1808 qua
222 1779 278 1800 non
305 1774 395 1808 potest
415 1771 593 1808 semetipsum
609 1771 750 1805 eximere,
772 1771 822 1799 nisi
838 1771 947 1800 Fratres

101 1818 167 1847 dent
187 1818 211 1847 ei
233 1818 370 1847 licentiam
398 1818 434 1847 ibi
456 1817 544 1847 standi
566 1820 594 1847 et
621 1818 708 1846 nolint
735 1826 799 1847 eum
822 1818 947 1854 recipere

101 1865 145 1895 vel
167 1868 269 1894 tenere.
292 1865 361 1894 Haec
388 1865 480 1893 omnia
508 1865 561 1893 iam
589 1867 693 1893 statuta
714 1867 794 1899 sunt,
821 1872 855 1893 ne
883 1864 947 1902 quiS

101 1911 198 1949 pedem
219 1914 302 1949 ponat
323 1912 350 1940 in
372 1911 511 1946 lubr100⁶‚
532 1914 560 1940 et
580 1919 614 1940 ne
639 1911 746 1940 levibus
766 1911 848 1940 detur
869 1919 946 1940 occa-

102 1959 142 1988 sio
163 1958 306 1988 recedendi
328 1959 363 1987 ab
393 1958 511 1993 Ordine,
543 1958 586 1987 vel
616 1966 668 1996 pro
689 1958 769 1987 libitu
799 1958 832 1987 ad
861 1958 944 1987 alium

102 2005 279 2040 transeundi,
300 2005 343 2034 vel
364 2005 446 2034 etiam
469 2005 622 2034 Inordinate
642 2005 759 2034 vivendi.

417 2084 556 2120 Quaesrlo
576 2084 631 2112 XV.

117 2160 178 2190 Cur
199 2161 315 2190 inutiles
332 2169 476 2198 personae
495 2161 679 2198 recipiantur
700 2161 740 2190 ad
763 2161 901 2190 Ordinem
913 2161 932 2189 ⁷.

182 2238 248 2267 Item
269 2246 389 2276 quaero:
411 2246 475 2267 cum
501 2238 650 2268 multitudo
675 2239 711 2268 sit
731 2247 812 2276 saepe
840 2239 947 2268 occasio

103 2285 282 2320 confusionis,
304 2293 336 2314 eo
357 2285 431 2322 quod
459 2285 517 2323 regi
539 2294 593 2314 non
615 2285 714 2323 possit;
737 2293 788 2315 cur
815 2286 947 2323 multipli-

167 2440 173 2453 ¹
192 2441 284 2469 Quaest.
301 2441 460 2469 praecedente.
476 2453 507 2457 —
525 2442 618 2464 Inferius
635 2448 678 2469 pro
694 2441 782 2465 altiora
796 2441 812 2464 C
829 2441 947 2465 altiorem.

167 2479 175 2492 ²
192 2479 266 2502 Causa
283 2481 319 2502 20.
338 2486 361 2509 q.
380 2481 400 2502 Ι.
422 2486 443 2503 c.
460 2481 486 2507 33
504 2487 527 2509 q.
540 2481 561 2502 3.
573 2486 593 2503 c.
610 2481 654 2503 1-3.
666 2483 688 2503 et
699 2487 721 2509 q.
735 2480 757 2503 4.
776 2487 795 2504 c.
810 2481 830 2503 sl.
843 2481 902 2504 Vide
914 2488 949 2504 su·

104 2525 144 2547 pra
163 2524 215 2546 pag.
234 2518 291 2546 345,
309 2521 387 2541 notam
402 2519 466 2541 5.—
478 2520 520 2541 Pro
534 2518 646 2548 obli-(savit
665 2520 706 2547 (ita
724 2519 777 2548 BC)
795 2520 850 2542 edd.
865 2519 948 2549 alliqu-

104 2557 143 2585 vit,
163 2560 185 2580 et
201 2557 299 2580 subinde
317 2558 358 2580 BC
375 2557 482 2580 omittunt
496 2557 610 2586 transire,
628 2558 681 2581 edd.
699 2562 750 2586 post
767 2558 844 2582 redire
861 2559 950 2582 addunt

100 2598 189 2626 potest,
201 2600 223 2619 et
237 2597 286 2619 Vat.
303 2596 418 2619 substituit
436 2597 488 2620 tit-et
504 2604 546 2625 pro
564 2597 651 2620 liceret.
668 2597 741 2620 Codd.
760 2600 948 2626 prosequuntur:

105 2636 135 2659 Et
145 2635 203 2664 ideo,
214 2635 237 2659 si
246 2635 389 2659 detineretur
402 2635 426 2659 in
440 2635 535 2664 Ordine,
555 2642 623 2666 quem
640 2636 702 2659 vovit
719 2636 826 2664 retinere,
839 2642 893 2659 cum
905 2639 948 2659 etc.

167 2673 176 2687 ³
193 2674 237 2697 Ctr.
249 2681 301 2702 cap.
312 2674 389 2704 Super
400 2681 426 2698 eo
440 2676 489 2704 (9.),
501 2675 530 2697 X.
543 2675 572 2697 de
583 2674 736 2703 Regularibus
748 2678 792 2697 etc.
805 2675 846 2703 (ΙΙΙ.
860 2675 947 2697 Decret.

105 2713 201 2741 Gregor.
218 2713 255 2735 IX.
274 2713 305 2735 tit.
324 2713 384 2742 3=1.)‚
402 2716 424 2735 et
441 2714 554 2736 innocent.
568 2713 603 2735 IV.
616 2713 718 2741 diploma
730 2712 789 2736 Paci
798 2714 819 2735 et
830 2712 948 2742 tranquil-

105 2750 166 2775 litati
182 2752 244 2779 apud
262 2751 382 2779 Sbaralea,
399 2752 481 2774 Bullar.
494 2752 637 2774 Franciscan.
649 2755 704 2774 tom.
717 2752 730 2773 I.
743 2758 766 2773 n.
778 2751 816 2773 87.
829 2757 882 2779 pag.
894 2752 948 2774 371.

104 2802 136 2807 -—
152 2791 246 2813 Interius
263 2797 305 2819 pro
322 2797 353 2814 ex
370 2791 437 2814 cuius
454 2790 525 2814 etium
542 2790 622 2820 =qratia
639 2791 690 2813 Vat.
707 2792 728 2813 et
744 2790 794 2813 eius
811 2789 898 2819 qratia.

167 2829 176 2842 ⁴
193 2829 248 2858 Cap.
261 2829 296 2853 Ne
308 2829 418 2859 Rcliyiosi
429 2829 486 2858 (24.)
499 2830 528 2851 X.
541 2830 570 2852 de
585 2829 738 2857 Regularibus
749 2832 792 2851 etc.
804 2829 847 2856 (III.
860 2829 947 2852 Decret.

106 2868 203 2896 Gregor.
220 2869 256 2891 IX.
275 2869 306 2890 tit.
324 2869 379 2897 31.).
391 2881 422 2885 -
434 2868 544 2896 SuperIus
562 2874 604 2896 pro
622 2873 757 2891 concessam
768 2867 813 2890 sibi
824 2867 948 2891 transierit

106 2906 160 2929 edd.
178 2906 320 2929 concedatur
345 2906 390 2929 sibi
410 2906 522 2930 transire.
540 2907 633 2929 Interius
655 2912 696 2934 pro
716 2906 827 2929 Ordinem
848 2906 913 2930 itlius
931 2907 947 2929 B

107 2944 220 2968 Ordinem
237 2945 313 2968 illum.
557 2944 567 2957 ⁶
583 2945 655 2968 Codd.
674 2945 717 2967 AC
734 2944 761 2968 de
779 2944 946 2968 iurisdictione.

169 2983 178 2996 ὅ
195 2984 235 3006 ier.
253 2984 295 3011 38,
313 2984 355 3006 22:
379 2984 523 3006 seduxerunt
540 2987 584 3006 te...
606 2984 766 3006 demerserunt
788 2984 809 3006 in
833 2990 905 3006 coeno
925 2987 947 3006 et

1794 200 1850 229 347

1006 277 1075 306 catis
1102 285 1251 306 numerum
1280 286 1434 315 pauperum
1467 277 1624 315 recipIendo
1639 277 1650 294 ⁸
1682 277 1793 306 inutiles
1824 282 1851 306 et

1006 324 1128 352 oneratis
1149 332 1197 352 vos
1218 325 1292 361 ipsos
1312 328 1339 353 et
1360 325 1451 353 alios?

1085 371 1251 407 Respondeo.
1274 371 1387 400 Inutiles
1408 371 1519 400 omnino
1540 371 1659 401 scienter
1678 379 1734 400 non
1755 371 1852 408 recipi-

1006 424 1084 451 mus,
1106 417 1153 446 sed
1174 421 1284 454 praeter
1306 426 1382 455 spem
1405 421 1526 447 nostram
1548 419 1694 456 aliquoties
1719 419 1757 447 sic
1788 426 1852 447 con-

1006 463 1094 499 tingit.
1121 464 1245 500 Quatuor
1273 464 1345 493 enIm
1377 464 1410 493 de
1438 465 1528 494 causiS
1556 465 1699 494 maxime⁹
1731 465 1851 494 solemus

1007 509 1131 546 recipere
1158 511 1400 547 supervenientes:
1422 520 1478 540 una
1499 515 1540 540 est
1571 512 1734 549 compassio
1757 512 1851 549 perdi-

1006 555 1093 584 tionis
1122 565 1223 585 eorum
1254 558 1302 594 qui
1331 558 1378 586 vix
1409 562 1491 587 extra
1522 558 1654 588 OrdInem
1682 559 1709 588 in
1738 560 1849 588 saeculo

1006 603 1196 637 salvarentur,
1218 604 1289 632 sicut
1310 605 1357 642 qui
1379 605 1413 634 de
1435 605 1496 642 igne
1524 606 1567 634 vel
1595 614 1666 643 aqua
1693 607 1850 643 periclitan-

1007 651 1062 677 tem
1084 649 1156 686 rapit
1177 650 1219 679 vel
1241 650 1274 679 de
1295 651 1348 679 alio
1373 651 1539 680 discrimine.
1563 668 1599 672 —
1622 652 1761 687 Secunda,
1788 661 1851 689 pro-

1007 697 1068 731 pter
1086 695 1252 732 profectum
1282 697 1419 731 Ordinis,
1442 697 1489 734 qui
1517 705 1553 726 ex
1585 697 1699 726 scientia
1719 702 1746 727 et
1771 698 1851 727 indu-

1006 742 1074 771 stria
1087 743 1117 777 ¹⁰,
1139 751 1248 772 morum
1271 744 1412 773 honestate
1434 747 1461 773 et
1492 745 1647 773 reverentia
1675 746 1849 782 quorundam

1006 788 1120 818 futurus
1151 791 1347 826 praesumitur.
1375 807 1412 811 —
1438 791 1545 825 Tertia,
1577 795 1691 828 propter
1719 792 1849 820 aliorum

1006 836 1253 872 aedificationem,
1276 841 1306 866 ut
1328 838 1406 866 multi
1428 838 1462 867 de
1484 839 1580 867 talium
1595 839 1784 872 conversione,
1800 839 1848 876 qui

1005 883 1099 920 aliquo
1121 884 1201 912 modo
1222 888 1287 913 sunt
1301 885 1395 913 famosi
1412 885 1438 913 in
1454 886 1563 914 saeculo
1576 887 1608 920 ¹¹,
1628 886 1809 915 emendentur
1824 890 1851 915 et

1005 937 1103 958 eorum
1126 931 1275 959 incitentur
1296 932 1432 968 exemplo.
1457 949 1491 951 —
1514 932 1634 968 Quarta,
1651 935 1764 969 propter
1782 941 1850 970 pre-

1006 984 1073 1004 cum
1094 977 1285 1011 instantiam,
1311 986 1394 1015 quam
1420 979 1470 1015 ipsi
1502 978 1606 1007 faciunt
1633 987 1684 1016 pro
1706 987 1734 1008 se
1756 982 1783 1008 et
1804 980 1848 1008 alii

1006 1030 1057 1059 pro
1078 1023 1130 1057 eis,
1152 1023 1235 1052 nimia
1257 1024 1465 1061 importunitate
1480 1025 1617 1060 obtinent,
1632 1026 1740 1063 aliquos
1754 1026 1849 1063 recipi,

1005 1069 1108 1106 quibus
1129 1070 1257 1107 denegari
1280 1079 1332 1100 non
1356 1075 1452 1108 potest.
1469 1088 1506 1092 —
1522 1072 1597 1101 Sicut
1617 1075 1709 1101 autem
1731 1073 1851 1110 agricola

1005 1123 1086 1152 saepe
1107 1116 1223 1145 seminat
1243 1120 1270 1146 et
1291 1118 1395 1154 plantat
1416 1119 1443 1146 in
1465 1126 1528 1155 spe,
1550 1119 1623 1156 quod
1645 1119 1737 1148 omnia
1751 1127 1850 1148 conva—

1005 1161 1123 1196 lescant,
1145 1163 1218 1200 quod
1241 1167 1330 1193 tamen
1353 1165 1519 1202 plerumque
1541 1165 1568 1194 in
1583 1166 1723 1203 aliquibus
1741 1166 1849 1200 deficit;

1005 1208 1042 1237 ita
1063 1210 1196 1247 contingit
1223 1214 1249 1239 et
1280 1211 1307 1239 in
1340 1212 1480 1248 Religiosis
1501 1212 1534 1240 ad
1556 1213 1687 1241 Ordinem
1713 1213 1849 1250 receptis;

1006 1256 1094 1284 Lucae
1115 1260 1210 1285 octavo
1223 1257 1261 1285 ¹²:
1284 1257 1375 1286 Aliud
1395 1258 1495 1287 cecidit
1515 1267 1598 1287 secus
1626 1259 1704 1288 ciam
1726 1262 1777 1288 etc.
1804 1260 1848 1288 Se-

1004 1303 1090 1331 minat
1112 1303 1206 1340 plures
1227 1304 1332 1338 sulcos,
1354 1308 1401 1339 ut,
1422 1305 1444 1334 si
1466 1305 1559 1342 aliqua
1580 1309 1702 1342 pereant,
1724 1306 1776 1334 alia
1798 1314 1848 1343 pro

1004 1349 1058 1378 illis
1079 1351 1284 1385 convalescant;
1307 1352 1327 1380 si
1361 1355 1451 1381 tamen
1482 1360 1578 1381 omnes
1609 1353 1848 1387 convalescerent,

1004 1404 1082 1433 seges
1103 1397 1239 1433 copiosior
1261 1399 1428 1434 proveniret.

1311 1477 1449 1513 QnAnsrio
1469 1478 1535 1506 XVI.

1058 1553 1230 1589 Quaeritur,
1252 1564 1307 1583 cur
1328 1555 1422 1594 alz'qui
1442 1556 1581 1593 Retiyiosi
1599 1556 1658 1585 sint
1679 1556 1797 1585 distorti

1261 1602 1392 1630 moribus
1413 1606 1438 1631 et
1459 1603 1547 1631 rudes
1562 1603 1592 1631 ¹³.

1083 1679 1148 1708 Item
1170 1687 1290 1716 quaero:
1313 1680 1385 1708 unde
1406 1683 1456 1714 est,
1479 1680 1553 1717 quod
1584 1680 1710 1709 videmus
1739 1681 1847 1718 aliquos

1004 1726 1153 1763 Religiosos
1174 1726 1299 1755 moribus
1320 1726 1357 1755 ita
1377 1727 1508 1755 diStortos
1529 1730 1556 1756 et
1584 1727 1668 1756 rudes
1696 1727 1767 1756 sicut
1798 1727 1846 1756 ali-

1004 1781 1074 1810 quos
1094 1773 1266 1808 saeculares,
1287 1773 1435 1810 superbos,
1457 1782 1556 1808 vanos,
1578 1774 1701 1811 cupIdos‚
1724 1774 1847 1809 invidos,

1003 1819 1188 1853 detractores,
1210 1819 1372 1854 iracundos,
1398 1820 1626 1855 contumeliosos,
1647 1821 1769 1855 desides,
1791 1821 1846 1850 dis-

1003 1866 1123 1900 solutos,
1151 1874 1265 1900 avaros,
1296 1866 1513 1900 inverecundos,
1544 1867 1689 1902 delicatos,
1718 1868 1845 1904 gulosos,

1003 1913 1146 1949 garrulos,
1169 1913 1293 1947 lascivos,
1308 1915 1335 1942 et
1349 1913 1423 1950 quod
1443 1921 1479 1942 ex
1502 1913 1545 1942 bis
1559 1914 1659 1948 oritur,
1674 1914 1788 1943 forsitan
1805 1914 1845 1942 in-

1003 1959 1174 1988 continentes
1184 1962 1195 1987 ‘t

1082 2006 1248 2043 Respondeo.
1271 2006 1373 2043 ReIIgi0
1393 2009 1435 2036 est
1455 2007 1549 2036 schola
1570 2007 1717 2042 virtutum,
1733 2008 1760 2036 in
1782 2016 1846 2045 qua,

1003 2053 1075 2082 sicut
1096 2053 1123 2081 in
1144 2053 1205 2082 aliis
1231 2053 1382 2090 disciplinis
1409 2056 1437 2082 et
1463 2054 1571 2083 artibus
1598 2054 1750 2089 discendis,
1772 2055 1846 2084 VIde-

1004 2107 1066 2128 mus
1079 2100 1111 2133 ¹⁴²,
1133 2099 1207 2136 quod
1227 2100 1298 2128 alius
1329 2100 1382 2128 alio
1413 2100 1527 2136 peritior
1558 2103 1615 2135 est,
1640 2100 1712 2129 alius
1732 2100 1846 2135 rudior,

1003 2146 1074 2175 alius
1095 2145 1265 2183 diligentior,
1286 2146 1357 2175 alius
1377 2146 1495 2183 segnior.
1517 2147 1587 2175 Haec
1608 2149 1701 2176 auten]
1716 2147 1844 2176 differen-

1004 2193 1042 2221 tia
1062 2200 1098 2222 ex
1120 2192 1243 2229 quinque
1264 2193 1354 2221 causis
1375 2193 1515 2230 contingit.
1532 2193 1589 2222 Una
1610 2201 1693 2222 causa
1707 2196 1757 2228 est,
1772 2194 1845 2231 quod

1004 2239 1104 2268 alicubi
1127 2239 1190 2268 boni
1213 2238 1422 2277 informatores
1449 2238 1609 2274 habentur,
1632 2248 1752 2277 quorum
1781 2249 1846 2270 eru-

1004 2286 1107 2315 ditione
1138 2286 1202 2315 boni
1233 2286 1358 2323 discipuli
1391 2286 1571 2321 nutrIuntur3
1600 2286 1647 2315 ubi
1675 2290 1769 2316 autem
1790 2296 1844 2316 non

1006 2443 1027 2465 in
1045 2442 1133 2465 lubrico
1156 2443 1228 2470 pedes
1253 2445 1304 2464 tuos
1321 2445 1363 2464 etc,
1380 2454 1411 2458 —
1427 2441 1484 2464 Edd.
1508 2442 1592 2464 deinde
1617 2445 1803 2471 prosequuntur:
1827 2445 1848 2466 et

1005 2481 1146 2505 obscuratus
1163 2480 1279 2511 offendat,
1296 2480 1381 2504 sumtis
1399 2480 1487 2503 levibus
1503 2480 1665 2504 occasionibus
1682 2481 1807 2505 recedendi
1817 2482 1846 2505 ab

1006 2519 1094 2543 Ordine
1112 2519 1148 2542 cel
1162 2519 1195 2542 od
1210 2519 1286 2542 alium
1300 2518 1446 2548 prohibitum
1463 2518 1605 2542 transeundi
1615 2522 1659 2542 etc.

1068 2557 1076 2570 ⁷
1094 2558 1157 2580 Vat.:
1176 2559 1212 2581 An
1229 2564 1309 2581 omnes
1328 2557 1442 2580 uenientes
1458 2557 1490 2580 ad
1510 2557 1654 2587 Reliyionem
1675 2558 1701 2581 S.
1723 2557 1847 2582 Fruncisci

1003 2596 1050 2620 sint
1067 2596 1202 2626 recipiendi.

1067 2634 1076 2647 ⁸
1094 2636 1150 2658 Edd.
1167 2641 1296 2658 numerum
1313 2635 1337 2658 in
1354 2634 1494 2665 recipiendo.

1067 2673 1076 2686 ⁹
1093 2674 1147 2696 Fide
1164 2674 1232 2696 codd.
1250 2674 1410 2702 supplevimus
1426 2673 1539 2696 muoeime.

1067 2712 1086 2725 ¹⁰
1103 2712 1159 2735 Cod.
1176 2713 1194 2735 Α
1212 2718 1242 2735 ex
1257 2718 1318 2735 sana
1335 2712 1462 2741 industria,
1482 2713 1497 2734 B
1514 2718 1545 2736 ecc
1561 2712 1635 2742 fama,
1656 2712 1784 2736 industria.

1067 2750 1084 2764 ¹¹
1102 2752 1157 2773 Gen.
1175 2752 1196 2779 6,
1210 2751 1235 2773 t:
1249 2751 1283 2774 Isti
1295 2754 1348 2773 sunt
1360 2754 1465 2779 potentes
1476 2757 1488 2773 a
1501 2752 1593 2774 saeculo
1605 2751 1648 2774 viri
1661 2752 1749 2774 famosi.
1760 2764 1791 2769 —
1803 2753 1846 2775 Pro

1003 2790 1154 2813 conversione
1171 2790 1209 2818 (ita
1227 2790 1279 2818 AC)
1298 2790 1352 2812 edd.
1377 2790 1561 2813 conversatione.
1587 2791 1681 2813 Interius
1707 2797 1748 2819 pro
1773 2797 1846 2821 quam

1003 2828 1050 2858 ipsi
1064 2829 1157 2858 faciunt
1173 2828 1189 2851 C
1207 2835 1254 2858 qua
1272 2828 1324 2858 ipsi.

1066 2867 1085 2880 ²²
1103 2868 1168 2890 Vers.
1186 2868 1207 2890 5.
1224 2880 1254 2884 —
1271 2868 1382 2896 Superius
1400 2874 1442 2896 pro
1459 2867 1534 2898 deficit
1551 2868 1604 2891 edd.
1621 2874 1669 2892 non
1686 2869 1780 2892 eveniet.

1066 2905 1085 2918 ¹³
1103 2906 1164 2928 Vat.:
1185 2906 1234 2929 Cur
1251 2905 1328 2935 aliqui
1343 2905 1367 2929 in
1385 2906 1503 2936 Reliyione
1518 2906 1566 2930 sint
1582 2906 1689 2930 moribus
1703 2907 1782 2937 pravi.

1066 2944 1085 2957 ²⁴
1102 2945 1158 2967 Edd.
1175 2944 1267 2968 artibus
1285 2944 1400 2968 discendis
1418 2945 1570 2969 incumbitur.
1599 2946 1709 2970 Videmus
1726 2948 1805 2970 autem
1823 2951 1845 2969 et

1002 2984 1097 3006 interius
1114 2985 1229 3007 causatur
1247 2991 1288 3012 pro
1306 2984 1384 3007 causis
1401 2984 1523 3014 continuit.

1890 472 1979 491 Rationes

1868 497 1948 519 quatuor
1963 500 1997 520 pro

1877 519 1985 545 receptione

1871 542 1990 561 novitiorum.

1868 1079 1940 1098 Simile.

1865 2021 1978 2041 Notandum.

1863 2209 1923 2227 Causa
1936 2209 1954 2227 ί.
