2133 3317
483 189 680 218 OPUSCULUM
701 189 789 217 xxm.
811 189 959 218 LEGENDA
982 191 1096 219 SANCTI
1117 191 1290 220 FRANClSCl.
1313 192 1380 220 CAP.
1404 193 1434 220 V.

90 267 188 297 casulis
209 275 379 304 pauperum,
402 267 449 296 sed
470 267 497 295 in
516 266 639 304 palaciis
653 266 837 303 principum,
853 267 932 296 iuxta

90 313 216 343 Veritatis
237 313 353 342 verbum
367 315 375 330 ¹
397 313 625 342 vestimentorum
650 313 757 341 dicebat
786 314 931 350 requiren-

89 360 149 389 dam
171 367 230 388 esse
260 360 408 389 mollitiem.
437 359 613 396 Experientia
634 359 707 388 enim
736 363 811 388 certa
831 360 932 389 didice-

90 410 147 440 rat,
168 406 315 435 daemones
335 407 482 443 asperitate
503 406 619 440 terreri,
640 406 776 435 deliciosis
794 410 886 436 autem
905 410 932 436 et

69 471 76 475 -
89 453 217 482 mollibus
237 453 271 481 ad
292 453 452 482 tentandum
467 452 567 481 fortius
584 453 708 481 animari.
725 470 762 473 —
777 454 852 482 Unde
867 462 930 482 cum

44 499 48 504 “
89 502 167 528 nocte
188 499 306 536 quadam
329 502 442 535 propter
464 499 651 528 infirmitatem
673 499 769 536 capitis
790 503 816 528 et
837 500 930 528 oculo-

88 553 150 574 rum
178 549 288 581 praeter
309 545 419 574 solitum
441 553 547 574 morem
569 545 686 574 cervical
709 545 743 574 de
769 546 863 582 pluma
884 554 932 582 po-

89 592 170 621 situm
193 592 307 620 haberet
327 592 360 620 ad
383 595 478 628 caput,
499 591 614 620 daemon
637 591 664 619 in
685 591 752 620 illud
775 592 931 628 ingressus,

88 639 178 676 ipsum
210 646 299 675 usque
330 638 363 667 ad
395 639 492 667 horam
527 638 716 666 matutinalem
748 638 930 675 inquietatum

89 685 249 714 multimode
276 693 292 713 a
320 688 429 714 sanctae
457 685 590 713 orationis
622 684 713 713 studio
740 685 931 721 perturbavit,

88 732 188 765 donec,
210 735 306 760 vocato
337 732 425 766 socio,
450 731 579 768 pulvinar
607 739 670 759 cum
698 731 841 760 daemonio
869 731 932 760 fecit

88 781 169 808 extra
199 778 324 807 cellulam
354 778 462 815 longius
493 778 644 814 exportari.
674 778 807 814 Egressus
838 781 930 806 autem

88 833 151 854 cum
173 825 309 861 pulvinari
331 825 425 853 Frater
439 825 472 853 (10
494 825 574 858 cella,
595 824 785 853 membrorum
807 824 931 852 omnium

87 872 161 901 vires
180 871 271 900 amisit
291 875 318 900 et
338 879 421 900 usum
426 878 437 906 ζ
450 879 597 908 quousque
618 871 651 899 ad
666 879 760 899 vocem
782 871 868 899 sancti
884 871 931 899 Pa-

87 918 138 947 tris
158 918 210 947 hoc
231 918 419 955 cognoscentis
434 918 460 946 in
482 918 582 955 spiritu
597 918 675 954 vigor
693 918 827 954 pristinus
841 918 931 946 cordis

87 969 114 994 et
134 965 259 1002 corporis
279 965 330 993 sibi
352 965 403 993 fuit
425 965 546 1002 plenarie
569 965 724 993 restitutus.

166 1011 191 1041 3,
215 1011 327 1049 Rigidus
348 1011 376 1040 in
397 1011 540 1048 disciplina
553 1019 637 1048 super
659 1011 823 1040 custodiam
843 1020 932 1040 suam

60 1065 65 1069 ·
87 1058 184 1087 stabat
194 1059 215 1093 ²,
237 1066 333 1087 curam
362 1059 561 1095 permaximam
593 1066 692 1095 gerens
719 1058 752 1087 de
785 1058 931 1095 utriusque

88 1105 206 1134 hominis
226 1105 346 1142 puritate
368 1105 516 1139 servanda;
539 1108 709 1142 quapropter
723 1105 796 1133 circa
817 1113 932 1134 conver-

87 1152 170 1181 sionis
191 1160 257 1181 suae
288 1151 439 1188 primordia
470 1155 593 1188 tempore
625 1152 733 1180 hiemali
766 1152 793 1180 in
825 1152 930 1180 foveam

87 1199 172 1236 glacie
193 1199 300 1236 plenam
316 1206 345 1227 se
374 1198 464 1235 ipsum
487 1198 653 1235 plerumque
668 1199 825 1235 mergebat,
850 1202 881 1227 ut
905 1201 932 1227 et

86 1245 267 1274 domesticum
289 1245 338 1274 sibi
361 1245 467 1273 hostem
490 1244 610 1281 perfecte
631 1245 772 1281 subigeret
792 1248 819 1274 et
840 1245 931 1273 candi-

87 1292 152 1321 dum
187 1292 381 1321 vestimentum
417 1291 531 1328 pudoris
569 1299 585 1319 a
620 1291 768 1328 voluptatis
806 1292 931 1320 incendio

87 1341 285 1376 praeservaret.
307 1338 489 1367 Tolerabilius
510 1338 570 1366 viro
591 1338 727 1375 spirituali
749 1338 807 1367 fore
828 1338 931 1367 incom-

87 1385 247 1423 parabiliter
277 1385 418 1414 asserebat
452 1393 581 1422 magnum
614 1385 751 1413 sustinere
782 1385 870 1422 frigus
903 1385 930 1413 in

89 1479 191 1508 sentire
212 1479 238 1507 in
262 1481 361 1507 mente.

165 1526 191 1554 [ι.
213 1525 282 1554 Cum
313 1528 406 1554 autem
438 1525 511 1562 apud
542 1533 667 1554 eremum
699 1525 733 1555 de
763 1526 930 1554 Sarthiano8

67 1587 74 1592 ·
87 1576 165 1602 nocte
180 1572 298 1609 quadam
313 1572 429 1601 orationi
445 1575 555 1601 vacaret
568 1572 596 1601 in
615 1573 725 1607 cellula,
745 1573 852 1601 vocavit
866 1581 929 1601 eum

33 1614 38 1621 ”
86 1619 173 1648 hostis
187 1619 331 1656 antiquus,
347 1619 428 1648 tertio
442 1619 548 1648 dicens:
569 1630 582 1644 α
596 1619 750 1653 Francisce‚
772 1619 929 1654 Francisce‚

85 1665 227 1694 Francisce
237 1677 264 1693 n.
277 1665 325 1694 Cui
339 1673 412 1699 cum,
423 1665 489 1702 quid
502 1668 658 1702 quaereret,
674 1665 870 1702 respondisset;
886 1665 931 1694 fal-

86 1712 180 1742 laciter
194 1713 240 1741 ille
254 1712 415 1741 subiunxit:
432 1724 445 1737 α
458 1712 555 1741 Νο1105
575 1715 617 1741 051
635 1712 661 1741 10
677 1712 780 1741 mundo
794 1715 930 1749 peccator,

86 1759 146 1793 cui,
167 1759 189 1787 si
217 1766 369 1787 conversus
392 1758 489 1793 fuerit,
518 1766 572 1787 non
601 1758 741 1795 indulgeat
768 1759 849 1787 Deus.
879 1758 930 1787 Sed

86 1806 255 1843 quicumque
285 1805 463 1842 semetipsum
495 1805 660 1842 poenitentia
690 1805 761 1834 dura
792 1804 931 1834 necaverit

86 1852 303 1881 misericordiam
332 1860 386 1880 non
415 1852 534 1880 inveniet
562 1852 589 1880 in
618 1854 761 1880 aeternum
778 1863 804 1880 n.
834 1851 929 1880 Statim

88 1898 130 1927 vir
151 1899 197 1927 Dei
220 1906 270 1935 per
295 1898 490 1927 revelationem
519 1898 646 1935 cognovit
668 1898 754 1926 hostis
780 1898 930 1931 fallaciam,

88 1945 225 1983 quomodo
247 1945 323 1974 nisus
344 1945 428 1974 fuerit
449 1953 512 1974 eum
535 1944 569 1973 ad
591 1945 681 1981 tepida
702 1952 841 1974 revocare.
863 1945 929 1973 Nam

87 1993 139 2022 hoc
160 2000 279 2030 sequens
304 1991 433 2020 indicavit
460 1994 584 2020 eventus.
606 1991 742 2020 Continuo
769 1991 842 2020 enim
870 1994 931 2028 post

86 2039 138 2068 hoc
153 2039 186 2068 ad
200 2039 412 2068 insufflationem
428 2038 511 2072 illius,
527 2038 613 2067 cuius
627 2037 737 2067 halitus
750 2047 867 2075 prunas
881 2046 931 2066 αν-

87 2086 152 2115 dere
171 2085 276 2124 facist
298 2085 389 2123 gravis
410 2085 500 2122 ipsum
529 2085 620 2114 carnis
641 2085 754 2113 tentatio
775 2085 930 2121 apprehen-

86 2132 133 2162 dit.
156 2133 244 2169 Quam
266 2136 298 2161 ut
325 2132 477 2169 praesensit
501 2131 633 2160 castitatis
660 2135 780 2166 amator,
808 2131 931 2168 deposita

87 2182 177 2214 veste,
199 2179 302 2208 chorda
323 2178 412 2216 coepit
432 2186 461 2207 se
482 2178 632 2207 verberare
652 2178 815 2207 fortissime:
840 2189 852 2203 «
868 2178 929 2212 Eia,

87 2225 229 2263 inquiens,
260 2226 345 2254 frater
374 2225 465 2259 asine,
497 2225 536 2254 sic
567 2228 594 2254 te
624 2225 702 2254 decet
732 2233 860 2259 manere,
892 2225 930 2254 sic

88 2272 182 2301 subire
202 2272 350 2309 flagellum.
372 2271 476 2300 Tunica
496 2271 626 2308 Religioni
647 2271 780 2306 deservit,
802 2272 931 2301 sanctita-

88 2318 123 2347 tis
143 2319 316 2356 signaculum
342 2318 478 2355 praefert,
499 2317 587 2346 furari
616 2325 674 2346 eam
705 2318 849 2347 libidinoso
876 2326 930 2346 non

87 2365 165 2400 licet;
187 2365 208 2394 si
231 2373 286 2402 quo
314 2365 355 2393 vis
382 2372 513 2401 pergere,
536 2372 658 2401 perge».
690 2365 805 2401 Insuper
825 2368 853 2393 et
880 2365 931 2393 mi-

89 2412 174 2441 rando
194 2412 303 2440 fervore
324 2411 439 2448 spiritus
459 2411 612 2445 animatus,
633 2414 729 2448 aperta
750 2411 829 2445 cella,
858 2410 931 2439 foras

89 2458 175 2487 exivit
196 2459 223 2487 in
246 2459 375 2492 hortum,
397 2461 424 2487 et
446 2459 472 2486 in
495 2466 621 2495 magnam
650 2457 812 2494 demergens
840 2457 931 2486 nivem

151 2657 160 2670 ¹
177 2658 243 2681 Locis
259 2658 281 2681 111
299 2658 450 2686 praecedente
461 2661 515 2681 nota
527 2658 641 2686 allegatis:
657 2659 725 2686 Ecce,
737 2659 777 2687 qui
789 2659 811 2681 in
825 2658 931 2681 mollibus

91 2697 227 2724 vestiuntur,
244 2697 267 2720 in
284 2697 393 2720 domibus
409 2703 492 2725 regum
509 2700 571 2720 sunt.

152 2734 161 2747 ²
179 2735 228 2758 lsai.
244 2736 287 2763 21,
305 2736 331 2758 8:
349 2736 423 2763 Super
439 2736 568 2758 custodiam
585 2742 661 2758 meam
672 2742 717 2764 ego
736 2742 801 2763 sum,
818 2739 880 2758 stans
898 2739 931 2758 10-

91 2774 119 2796 115
142 2774 255 2798 noctibus.
272 2774 329 2797 Hah.
350 2775 377 2802 2,
395 2775 421 2797 4:
444 2775 518 2802 Super
541 2774 670 2797 custodiam
696 2780 771 2797 meam
796 2774 869 2797 stabo.
886 2774 931 2797 Cfr.

94 2813 230 2842 wedding„
247 2814 290 2836 loc.
306 2814 355 2841 cit.¹
373 2813 401 2836 ad
420 2819 457 2835 an.
474 2814 546 2842 1210,
563 2820 585 2836 n.
600 2813 637 2835 52.
655 2826 684 2829 —
702 2813 796 2836 inferius
813 2819 854 2841 pro
871 2812 932 2836 subi-

94 2853 157 2881 9m·el
169 2852 209 2880 (ita
227 2854 243 2875 Α
254 2853 270 2874 R
279 2852 296 2875 C
306 2853 349 2875 DE
358 2853 374 2874 F
383 2853 400 2875 G
411 2852 417 2874 Ι
427 2853 446 2875 Μ
464 2856 486 2875 et
502 2853 557 2874 Aeta
570 2852 619 2881 SS.)
632 2852 683 2874 Vat.
694 2854 717 2874 et
728 2852 765 2874 ed.
778 2853 786 2873 1
802 2851 932 2875 subiaceret.

154 2889 163 2903 ⁸
179 2890 269 2913 Civitati
286 2891 354 2914 Clusii
373 2891 470 2920 (Chiusi)
487 2891 510 2914 in
528 2891 611 2913 Tuscia
629 2891 713 2913 vicino.
730 2890 774 2913 Csr.
793 2891 931 2919 Wadding.,

92 2928 133 2951 loc.
150 2929 200 2956 cit.,
217 2930 245 2952 ad
262 2936 299 2952 an.
318 2930 391 2957 1212,
407 2936 430 2952 n.
451 2930 469 2952 1.
485 2936 551 2958 seqq.
568 2930 647 2952 Plures
663 2929 732 2952 codd.
748 2929 889 2953 δαν-0111117110.

153 2966 164 2980 ⁴
180 2967 219 2990 iob
237 2968 278 2995 11,
297 2969 332 2991 12.

1778 195 1834 223 517

988 269 1186 304 corpusculum
1208 269 1260 297 iam
1277 269 1424 304 nudatum,
1446 273 1549 307 septem
1571 279 1606 299 ex
1622 279 1654 300 ea
1675 271 1762 308 plenis
1777 280 1834 300 ma-

988 314 1070 343 nibus
1091 315 1180 351 coepit
1207 316 1382 353 compingere
1410 325 1528 351 massas,
1557 326 1626 354 quas
1654 318 1705 346 sibi
1734 326 1833 354 propo—

989 369 1071 395 nens,
1094 369 1144 390 suo
1166 362 1204 390 sic
1225 363 1357 391 exteriori
1388 364 1491 392 homini
1514 364 1694 401 loquebatur:
1721 376 1735 389 α
1750 365 1832 399 Ecce,

989 407 1094 444 inquit,
1117 408 1184 436 haec
1206 409 1292 437 maior
1313 418 1387 438 uxor
1413 414 1460 438 tua
1481 413 1535 444 est,
1551 414 1671 447 quatuor
1692 411 1759 440 istae
1778 411 1833 439 duo

988 454 1036 482 filii
1058 457 1085 482 et
1105 454 1176 483 duae
1202 455 1288 489 filiae,
1311 456 1435 493 reliquae
1455 457 1526 485 duae
1548 465 1646 486 servus
1673 460 1701 486 et
1721 458 1833 491 ancilla,

988 508 1058 537 quos
1079 500 1113 529 ad
1141 501 1315 530 serviendum
1339 503 1441 531 babere
1469 506 1585 540 oportet.
1614 504 1721 532 Festina
1748 504 1833 541 igitur

988 555 1083 575 omnes
1104 547 1234 581 induere,
1256 549 1385 585 quoniam
1408 549 1510 586 frigore
1532 550 1700 579 moriuntur.
1722 551 1746 579 Si
1767 559 1833 579 vero

988 600 1085 621 eorum
1114 594 1260 630 multiplex
1288 595 1443 623 sollicitudo
1468 597 1609 629 molestat,
1638 597 1685 625 uni
1718 597 1833 625 Domino

988 639 1103 668 sollicite
1124 640 1238 668 servi».
1261 641 1333 669 lllico
1362 644 1480 670 tentator
1510 643 1599 671 victus
1630 643 1774 678 abscessit,
1805 646 1833 672 et

989 686 1031 714 vir
1062 690 1174 715 sanctus
1205 687 1231 715 10
1257 687 1352 716 cellam
1384 696 1447 717 cum
1484 689 1598 718 victoria
1626 690 1722 724 rediit,
1753 690 1833 727 quia,

988 732 1053 760 (lum
1075 733 1144 761 bene
1165 734 1316 769 poenaliter
1343 735 1405 763 alsit
1420 735 1430 752 ⁵
1452 735 1533 769 foris,
1565 736 1693 765 ardorem
1716 737 1833 765 interius

988 779 1027 807 sic
1048 779 1184 808 exstinxit
1206 780 1339 815 libidinis,
1361 784 1393 810 ut
1419 782 1547 818 deinceps
1569 783 1621 811 tale
1652 783 1755 820 aliquid
1784 783 1833 811 mi-

989 826 1061 854 nime
1082 826 1204 855 sentiret.
1227 827 1341 863 Quidam
1364 831 1457 856 autem
1478 829 1588 863 Frater,
1610 830 1657 866 qui
1680 833 1745 858 tunc
1771 838 1833 858 ora-

988 873 1054 900 tioni
1083 873 1209 907 vacabat,
1239 874 1306 902 baec
1327 876 1434 909 omnia,
1461 875 1526 904 luna
1551 876 1653 904 clarius
1674 876 1832 911 incedente,

988 919 1141 955 prospexit.
1163 920 1309 956 Comperto
1339 921 1381 949 vir
1405 922 1470 956 Dei,
1493 922 1566 959 quod
1590 923 1656 951 baec
1678 923 1722 951 ille
1754 926 1833 952 nocte

988 965 1114 999 vidisset,
1137 974 1264 995 reserans
1291 967 1313 995 ei
1337 968 1493 996 tentationis
1521 976 1693 1005 processum,
1722 977 1833 1005 praece-

988 1012 1043 1048 pit,
1066 1015 1112 1046 ut,
1144 1013 1276 1049 quamdiu
1305 1014 1363 1050 ipse
1395 1014 1515 1048 viveret,
1538 1015 1604 1043 nulli
1627 1015 1727 1044 viventi
1757 1024 1832 1050 rem,

988 1066 1071 1095 quam
1094 1059 1216 1093 viderat,
1232 1061 1398 1096 propalaret.

1069 1107 1094 1134 5.
1116 1106 1173 1134 Non
1196 1107 1284 1135 5010111
1307 1110 1399 1136 autem
1422 1109 1580 1137 mortificari
1597 1109 1697 1138 debere
1718 1109 1832 1138 docebat

989 1152 1055 1180 vitia
1075 1153 1166 1181 carnis
1190 1156 1216 1181 et
1245 1154 1305 1182 eius
1326 1154 1462 1183 incentiva
1483 1155 1601 1190 frenari,
1630 1164 1727 1184 verum
1750 1157 1830 1185 etiam

989 1199 1144 1228 exteriores
1171 1207 1284 1234 sensus,
1307 1208 1355 1237 per
1383 1209 1453 1238 quos
1480 1210 1561 1230 mors
1589 1202 1682 1231 intrat
1709 1203 1741 1231 ad
1774 1203 1833 1231 ani-

990 1246 1094 1279 1113016,
1116 1254 1224 1275 summa
1253 1247 1391 1283 vigilantia
1413 1248 1554 1276 custodiri.
1577 1249 1723 1277 Mulierum
1755 1249 1832 1278 fami-

989 1293 1134 1327 liaritates,
1156 1293 1292 1330 colloquia
1313 1297 1340 1322 et
1361 1298 1503 1330 aspectus,
1525 1303 1596 1332 quae
1611 1296 1705 1324 multis
1726 1296 1832 1325 occasio

989 1343 1054 1368 sunt
1075 1340 1185 1374 ruinae,
1201 1341 1344 1369 sollicitius
1365 1342 1461 1370 evitari
1478 1342 1606 1376 iubebat,
1628 1350 1767 1377 asserens,
1784 1351 1832 1379 per

989 1387 1147 1415 huiusmodi
1169 1387 1285 1416 debilem
1309 1388 1396 1424 frangi
1425 1391 1453 1417 et
1473 1389 1572 1417 fortem
1604 1397 1684 1426 saepe
1702 1390 1831 1426 spiritum

988 1433 1132 1462 infirmari.
1156 1434 1256 1462 Harum
1275 1435 1463 1471 contagionem
1485 1436 1602 1464 evadere
1623 1440 1830 1465 conversantem

988 1487 1051 1508 cum
1073 1479 1124 1513 eis,
1146 1480 1196 1508 nisi
1212 1480 1436 1516 probatissimum
1452 1481 1557 1515 virum,
1576 1485 1632 1510 tam
1653 1481 1730 1510 facile
1748 1482 1831 1516 dixit,

988 1534 1071 1563 quam
1095 1526 1174 1554 iuxta
1196 1527 1366 1564 scripturam
1380 1527 1390 1544 ⁷
1413 1528 1444 1556 in
1458 1528 1523 1565 igne
1544 1528 1698 1557 ambulare
1722 1532 1748 1557 et
1774 1538 1833 1557 ozon

988 1572 1156 1601 comburere
1177 1573 1305 1610 plancas.
1338 1574 1477 1611 Siquidem
1509 1575 1567 1611 ipse
1597 1575 1664 1604 adeo
1694 1578 1832 1604 averterat

988 1620 1083 1648 oculos
1097 1628 1175 1654 suos,
1190 1628 1225 1649 ne
1240 1620 1397 1649 huiusmodi
1419 1622 1566 1650 vanitatem
1589 1622 1727 1656 viderent,
1748 1622 1831 1659 quod,

988 1666 1060 1695 sicut
1080 1666 1227 1702 aliquando
1241 1667 1314 1695 socio
1335 1667 1418 1701 dixit,
1440 1668 1518 1704 quasi
1534 1668 1638 1696 nullam
1655 1676 1832 1705 recognosce-

988 1712 1034 1740 bat
1055 1712 1081 1740 in
1105 1712 1181 1741 facie.
1197 1713 1254 1741 Non
1273 1713 1345 1742 enim
1361 1721 1490 1742 securum
1513 1722 1572 1743 esse
1587 1715 1713 1751 putabat,
1735 1723 1831 1744 earum

987 1759 1139 1788 formarum
1163 1759 1301 1788 introrsus
1323 1761 1437 1789 haurire
1458 1761 1606 1798 imagines,
1627 1769 1698 1798 quae
1717 1764 1832 1798 possunt

987 1809 1036 1835 aut
1057 1806 1190 1835 edomitae
1211 1807 1302 1835 carnis
1330 1808 1495 1836 resuscitare
1517 1808 1684 1845 igniculum,
1712 1811 1760 1837 aut
1781 1816 1832 1845 pu-

987 1853 1063 1882 dicae
1085 1853 1184 1882 mentis
1205 1854 1345 1882 maculare
1366 1854 1493 1883 nitorem.
1515 1855 1659 1883 Asserebat
1673 1855 1769 1889 etiam,
1784 1855 1832 1883 fri-

989 1899 1080 1928 volum
1102 1907 1162 1928 esse
1177 1900 1302 1928 mulieris
1323 1901 1501 1937 colloquium,
1519 1904 1636 1938 excepta
1653 1901 1710 1930 sola
1730 1902 1833 1930 confes-

988 1946 1063 1975 sione
1084 1947 1127 1975 vel
1149 1946 1330 1975 instructione
1351 1947 1529 1982 brevissima,
1552 1947 1631 1976 iuxta
1652 1948 1726 1985 quod
1741 1951 1768 1977 et
1790 1956 1832 1977 sa—

988 1992 1038 2021 luti
1059 1992 1171 2029 expedit
1192 1996 1219 2021 et
1240 1994 1368 2030 congruit
1389 1994 1534 2022 honestati.
1561 2006 1575 2019 «
1589 1994 1665 2030 Quae
1686 1997 1766 2029 sunt,
1791 1995 1832 2023 in-

987 2039 1063 2075 quit,
1085 2039 1219 2076 Religioso
1240 2047 1304 2068 cum
1326 2040 1443 2069 muliere
1465 2041 1607 2069 tractanda
1636 2041 1757 2078 negotia,
1779 2041 1831 2070 nisi

987 2093 1051 2114 cum
1073 2089 1193 2114 sanctam
1215 2086 1410 2123 poenitentiam
1442 2088 1484 2116 vel
1506 2088 1628 2116 melioris
1652 2088 1723 2117 vitae
1744 2088 1832 2117 consi-

988 2132 1054 2160 lium
1077 2132 1204 2169 religiosa
1231 2133 1361 2169 petitione
1388 2133 1531 2170 deposcit?
1556 2134 1597 2162 Ex
1623 2135 1706 2163 nimia
1727 2135 1832 2164 securi-

988 2181 1042 2207 tate
1063 2179 1156 2207 minus
1187 2182 1301 2208 cavetur
1333 2180 1435 2214 hostis,
1456 2184 1482 2209 et
1510 2181 1651 2216 diabolus,
1673 2181 1694 2210 si
1716 2181 1750 2210 de
1781 2190 1831 2210 suo

987 2225 1117 2262 capillum
1139 2228 1228 2262 potest
1258 2226 1361 2254 habere
1382 2226 1408 2254 in
1431 2226 1551 2261 homine,
1583 2227 1637 2256 cito
1667 2235 1831 2256 excrescere

987 2271 1051 2300 facit
1071 2272 1098 2300 in
1121 2272 1226 2301 trabem
1242 2284 1268 2300 n.

1067 2320 1092 2347 6.
1115 2318 1207 2347 Otium
1229 2322 1322 2348 autem
1338 2319 1461 2348 omnium
1483 2321 1617 2349 malarum
1633 2321 1828 2357 cogitationum

988 2365 1122 2393 sentinam
1150 2365 1265 2394 docebat
1292 2373 1468 2402 summopere
1496 2366 1673 2403 fugiendum,
1702 2367 1830 2403 exemplo

988 2411 1194 2445 demonstrans,
1217 2411 1347 2440 rebellem
1369 2420 1479 2441 carnem
1501 2416 1528 2441 et
1552 2413 1658 2449 pigram
1680 2413 1831 2450 disciplinis

988 2457 1126 2486 continuis
1156 2460 1184 2486 et
1213 2457 1363 2487 fructuosis
1394 2458 1535 2487 laboribus
1565 2467 1624 2488 esse
1658 2459 1828 2488 domandam.

1049 2658 1059 2671 ⁵
1076 2659 1105 2681 lta
1123 2659 1154 2686 A;
1172 2659 1222 2681 Vat.
1239 2661 1261 2681 et
1278 2658 1314 2681 ed.
1333 2659 1341 2680 1
1362 2657 1440 2686 ala-im
1457 2659 1513 2680 Acta
1531 2659 1569 2680 SS.
1586 2658 1653 2681 ursit.

1049 2696 1059 2709 θ
1077 2698 1116 2719 101.
1135 2697 1159 2724 9,
1177 2698 1218 2719 21:
1237 2697 1293 2725 Quia
1307 2697 1409 2719 ascendit
1425 2703 1488 2719 mors
1504 2703 1546 2725 per
1560 2698 1670 2719 fenestras
1687 2699 1786 2725 nostras,
1800 2697 1829 2719 in·

988 2741 1065 2763 gressa
1083 2738 1117 2757 est
1134 2736 1217 2758 domos
1233 2738 1322 2758 nostras
1338 2738 1381 2758 etc.
1398 2735 1443 2757 Csr.
1462 2735 1600 2764 Wadding.‚
1617 2736 1660 2758 loc.
1679 2736 1728 2764 cit,
1745 2736 1775 2758 ad
1792 2742 1830 2758 an.

989 2775 1062 2801 1210,
1079 2780 1102 2796 n.
1119 2774 1156 2796 52.

1050 2811 1059 2825 '¹
1077 2813 1143 2835 Prov.
1166 2813 1192 2840 6,
1217 2813 1254 2835 27.
1279 2819 1341 2841 seq.:
1358 2813 1464 2842 Nunquid
1491 2816 1566 2841 potest
1591 2814 1661 2836 homo
1685 2813 1829 2837 abscondere

988 2852 1065 2879 ignem
1083 2852 1105 2873 10
1123 2852 1173 2874 5100
1191 2857 1246 2878 500,
1264 2854 1287 2874 01
1305 2852 1440 2874 vestimenta
1458 2852 1516 2875 illius
1533 2859 1577 2875 non
1594 2852 1705 2875 ardeant?
1722 2852 1766 2875 Aut
1783 2859 1829 2876 am-

989 2890 1068 2913 bulare
1090 2896 1161 2918 super
1178 2896 1277 2918 prunas,
1303 2894 1327 2913 ut
1353 2897 1397 2913 non
1420 2891 1586 2914 comburantur
1602 2892 1692 2919 plantae
1713 2892 1781 2914 eius?
1798 2904 1829 2909 —

989 2929 1092 2952 Subinde
1108 2929 1229 2957 respicitur
1253 2930 1289 2952 Ps.
1309 2930 1363 2957 118,
1380 2929 1423 2952 37:
1448 2931 1532 2952 Averte
1548 2930 1627 2952 oculos
1652 2936 1727 2958 meos,
1752 2936 1781 2953 ne
1797 2930 1830 2952 vi-

989 2969 1058 2991 deant
1075 2968 1204 2991 vanitatem.

1850 790 1964 810 Notandum.

1862 1117 1951 1136 Custodia

1860 1145 1956 1160 sensuum.

1853 1443 1966 1462 Notandum.

1847 2329 1897 2353 Fuga
1909 2329 1950 2348 otii.
