2133 3317
136 507 224 534 Quaestio
233 507 269 525 sol·

173 533 210 549 vitu
214 536 228 549 r.

154 788 197 807 Alia
210 786 265 806 ratio.

147 1069 175 1088 De
194 1069 265 1088 ieiunio

171 1093 241 1116 gaudii.

148 1352 194 1370 Pars
211 1351 266 1370 tertia

158 1375 255 1394 dividitur.

136 1446 163 1464 De
180 1446 270 1464 itineran-

141 1470 191 1487 tibus
199 1474 270 1492 ponun-

141 1495 171 1511 tur
184 1493 228 1511 duo.

136 1540 220 1558 Primum
228 1539 271 1558 suh-

155 1563 253 1581 dividitur.

136 1727 269 1746 niuei-antibus

281 235 338 264 [110

283 316 394 342 tenetur
415 312 452 340 illi
476 312 502 340 in
531 313 660 344 centum,
682 317 780 338 sensus
808 312 865 343 est,
897 309 962 346 quia
990 309 1129 346 obligatur

282 360 314 388 ad
337 358 499 388 solvendum
522 357 546 386 ei
568 360 696 390 centum3
718 364 785 393 ergo
800 356 895 385 eadem
915 356 1022 385 ratione
1043 355 1130 384 tentio

281 405 475 443 obligationem
498 406 576 432 sonat
597 403 625 431 in
646 403 746 431 divinis
759 404 777 431 ¹.

361 453 386 480 9.
409 451 511 488 Quodsi
540 458 672 487 quaeras,
700 458 788 487 quare
819 453 875 478 tam
908 458 1007 486 parum
1035 449 1130 478 ieiunii

281 499 414 535 imposuit
441 497 584 526 Fratribus
612 497 840 526 observandum?
865 497 1034 534 respondeo,
1057 496 1131 533 quod

281 554 337 575 non
358 548 399 574 est
414 553 527 582 parum,
549 544 615 581 quia
630 544 881 580 indispensabiliter
901 544 1019 572 interius
1041 547 1068 572 et
1082 551 1132 572 ex-

282 593 370 622 terius
390 592 546 626 ieiunatur,
573 599 636 620 cum
659 591 739 620 aliter
760 591 788 619 in
813 591 873 620 aliis
894 590 1060 628 quibusdam
1084 591 1131 625 sit,

281 639 345 677 qui,
368 647 501 676 magnum
523 638 574 667 sibi
589 638 694 667 dimidii
716 638 780 666 anni
798 638 972 674 imponentes
994 637 1131 666 circulum

280 686 392 720 ieiunii,
414 686 534 714 multum
555 685 589 714 de
610 693 698 714 vacuo
720 685 916 721 interponunt,
938 684 986 713 sed
1007 684 1033 713 in
1056 684 1132 713 abdi-

280 734 324 767 tis,
340 741 374 762 ne
393 733 509 767 sciatur,
525 740 634 769 semper
650 735 742 761 tamen
758 734 897 760 conventu
911 731 1109 768 synecdochice
1120 733 1130 748 ²³

281 781 429 809 ieiunante.
446 796 483 800 —
500 780 657 813 Praeterea,
678 779 712 808 de
734 779 837 808 ieiunio
851 778 1011 815 disciplinae
1032 786 1131 815 parum

281 828 386 865 reperit
407 830 520 856 sanctus
539 827 702 856 Franciscus
724 826 750 855 in
773 826 920 863 Evangelio
947 833 1132 862 expressum,

282 875 349 913 quin
371 875 464 912 potius
493 874 681 903 ieiunantibus
703 873 846 910 discipulis
872 873 979 901 Ioannis
1000 872 1058 909 ipse
1081 873 1133 901 Do-

280 922 374 950 minus
395 929 461 950 suos
475 921 625 958 discipulos
647 929 700 949 non
717 920 872 949 ieiunantes
893 920 927 949 de
941 920 994 948 hoc
1009 920 1132 956 legitur³

281 976 444 1001 excusasse,
460 968 525 1005 quia
546 976 646 1004 parum
662 967 747 996 solius
762 967 844 1004 gulae
858 969 981 1003 acceptat
1000 966 1133 995 Dominus

282 1015 510 1049 refrenationem,
531 1015 582 1043 nisi
606 1015 640 1043 ab
658 1015 732 1043 omni
755 1014 927 1043 abstineatur
949 1014 1030 1042 iuxta
1044 1016 1133 1042 status

283 1062 451 1099 exigentiam
467 1062 588 1091 sensibili
605 1062 754 1098 voluptate.
769 1078 808 1081 —
822 1061 860 1089 Ad
874 1061 982 1098 ydudii
996 1061 1080 1097 igitur
1095 1061 1133 1089 ie-

282 1110 391 1138 iunium
411 1109 505 1138 volens
531 1110 640 1137 Fratres
655 1109 727 1137 omni
745 1112 868 1145 tempore
883 1108 1037 1145 suspirare,
1054 1108 1133 1136 iuxta

283 1156 469 1193 evangelicam
492 1156 616 1193 regulam
638 1156 732 1184 minus
753 1156 786 1184 de
808 1155 911 1184 ieiunio
933 1155 1068 1183 moeroris
1083 1155 1134 1182 im-

283 1211 404 1240 ponens,
427 1203 458 1231 ad
481 1203 573 1240 gaudii
602 1203 705 1231 ieiunia
726 1203 858 1231 informat
880 1202 907 1230 in
936 1201 1133 1238 sequentibus,

284 1253 317 1279 ut
337 1250 449 1287 patebit.

365 1298 409 1325 lo.
434 1296 559 1325 Consule
580 1305 656 1325 vero.
679 1296 726 1325 llic
747 1296 804 1333 agit
825 1295 858 1324 de
886 1295 1079 1324 ordinantibus
1100 1294 1134 1323 ad

284 1343 517 1381 aedificationem
539 1343 668 1372 ullorum
683 1344 704 1377 4,
724 1352 778 1380 per
802 1343 965 1376 mundum„
988 1342 1092 1371 scilicet
1119 1350 1135 1370 a

283 1391 363 1425 foris,
379 1394 433 1419 tam
451 1390 630 1419 ambulando
650 1398 733 1428 quam
749 1390 776 1419 in
792 1389 888 1418 alienis
909 1389 1037 1418 domibus
1056 1388 1134 1426 quie—

282 1438 394 1466 scendo.
417 1454 455 1458 -—-
476 1437 555 1466 Circa
576 1437 698 1474 primum
727 1437 817 1473 primo
846 1435 992 1473 informat
1012 1435 1135 1464 itineru-

284 1484 406 1518 ttonenm
428 1484 549 1513 secundo
570 1484 697 1512 excludit
711 1484 928 1522 equitationem,
952 1483 1004 1511 ibi:
1027 1483 1063 1511 Et
1076 1491 1133 1511 non

284 1531 411 1560 debeant.
435 1532 463 1560 ln
492 1531 581 1568 prima
603 1534 681 1568 parte
709 1531 840 1559 informat
868 1530 1070 1558 itinerationem
1100 1529 1134 1558 ad

282 1578 440 1607 vitandum
460 1578 590 1612 mulum,
620 1578 742 1607 secundo
763 1577 797 1606 ad
826 1577 980 1605 tenendum
1009 1576 1132 1610 bonum,

283 1625 337 1654 ibi:
361 1625 415 1654 Sed
436 1625 495 1654 sint
516 1626 607 1654 mites.

364 1673 408 1700 11.
432 1672 483 1700 Pro
504 1672 595 1708 primo
615 1672 696 1700 dicit:
723 1671 846 1700 Consule
867 1680 945 1705 vero,
967 1671 1001 1699 ad
1029 1671 1133 1699 instru-

282 1719 401 1747 ctionem
430 1718 605 1751 rationalis,-
627 1727 737 1752 moneo,
766 1718 799 1746 ad
829 1718 1000 1746 allectionem
1029 1726 1133 1745 coneu-

136 1751 244 1771 consulitur,
252 1753 271 1769 ut
310 1766 315 1770 .

148 1775 258 1792 viteutma-
280 1766 440 1802 piscibilis,
470 1766 685 1794 Proverbiorum
717 1765 918 1794 duodeciin05:
950 1765 1008 1800 Qui
1031 1764 1134 1793 suavi-s

179 1798 225 1816 lum.

284 1816 326 1841 esc
345 1813 416 1841 vibit
437 1813 469 1841 in
489 1812 758 1846 moderationibus,
781 1812 813 1840 in
833 1812 897 1840 suis
926 1811 1134 1840 monitionibus

284 1859 423 1897 relinquit
437 1859 658 1892 commonebant,-
676 1862 700 1887 et
721 1858 858 1888 exhortor
873 1859 997 1887 Fratres
1011 1867 1088 1886 ineos
1104 1858 1135 1886 iu

284 1906 408 1935 Domino
430 1907 496 1934 lesu
517 1906 645 1940 Christo,
672 1906 705 1935 ad
733 1906 929 1935 excitationem
958 1905 1133 1939 irascibilis,

283 1953 395 1982 secundi
418 1953 648 1982 Machabaeorum
669 1953 776 1982 decimo
791 1954 888 1990 quinto
900 1953 927 1981 ⁶:
944 1953 1081 1990 Sinyulos
1101 1952 1135 1980 il-

283 2000 378 2029 10011111
402 2001 533 2029 armavit
553 2009 612 2029 non
633 2000 727 2039 clypei
740 2004 764 2028 et
779 1999 880 2029 hastae
895 2001 1071 2033 munitione,
1086 2000 1135 2028 sed

283 2047 467 2076 sermonibus
489 2048 605 2084 optimis
620 2051 644 2076 et
662 2047 870 2081 lzortunzentis,·
892 2051 924 2075 ut
946 2047 1063 2085 quando
1084 2055 1136 2075 va-

510 233 709 262 OPUSCULUM
728 232 795 260 XVI.
818 230 992 259 EXPOSlTIO
1014 231 1116 260 SUPER
1137 231 1293 260 REGULAM
1314 231 1468 260 FRATRUM
1489 231 1652 260 MINORUM.
1674 231 1743 260 CAP.
1766 232 1805 260 Ill.

1187 309 1260 338 dunt
1278 318 1332 347 per
1347 310 1508 344 mundum,
1530 309 1659 346 exemplo
1673 310 1774 338 Christi
1795 312 1822 339 et
1836 310 2035 347 discipulorum

1188 364 1322 391 suorum,
1343 365 1402 385 non
1418 357 1540 394 litigent,
1563 357 1644 385 alicui
1663 356 1806 385 inferendo
1827 357 2035 392 contumeliam;

1188 412 1278 441 neque
1292 403 1465 432 contendant
1479 403 1588 437 verbis,
1604 403 1782 440 pertinaciter
1797 403 1960 432 affirmando
1975 412 2037 433 sen-

1189 450 1302 479 tentiam
1326 458 1421 484 suam,
1442 450 1486 479 vel
1507 450 1673 479 iudicialiter
1694 450 1862 487 litigand0⁷;
1884 459 1935 479 nee
1962 451 2037 479 alios

1189 497 1333 531 iudicent,
1355 496 1440 525 dubia
1455 497 1482 525 in
1504 497 1625 533 peiorem
1641 500 1748 533 partem
1771 497 1991 534 interpretando,
2006 501 2038 527 ut

1189 544 1228 573 sic
1250 547 1379 573 servetur
1401 544 1557 572 innocentia
1577 544 1701 572 exterior
1723 547 1750 572 et
1771 544 1895 573 interior.
2121 551 2122 570 1

1271 592 1315 619 12.
1338 590 1389 619 Sed
1420 599 1472 627 pro
1504 589 1575 618 bono
1604 591 1721 619 tenendo
1753 591 1865 619 subdit:
1897 591 1953 620 Sed
1979 591 2039 620 sint
2054 575 2133 645 1111111111.

1188 638 1287 672 1111103,
1310 638 1431 667 cedendo
1453 637 1693 674 improbitatibus;
1711 637 1846 674 pacifici,
1873 638 2038 668 minoritatis
2069 630 2133 669 33:1¹3?

1189 693 1256 714 suae
1277 684 1413 713 servando
1434 684 1574 718 ordinem;
1596 688 1621 712 et
1635 684 1772 718 modesti,
1795 693 1844 721 per
1865 685 2038 722 disciplinam
2121 677 2122 681 ¹

1190 740 1339 766 sensuum,
1361 739 1478 768 operum
1500 734 1528 760 et
1541 731 1705 765 verborum3
1728 731 1891 766 mansueti,
1914 732 2039 761 moribus

1189 787 1244 807 non
1266 778 1428 815 impetuosi3
1451 781 1477 806 et
1503 777 1640 812 ltumileS,
1663 778 1770 806 nullum
1793 778 1926 807 honorem
1955 786 2038 815 appe-

1190 826 1273 855 tendo
1294 829 1321 854 et
1341 833 1451 854 omnem
1467 825 1583 862 gloriam
1604 824 1743 861 fugiendo.
1765 825 1818 853 Nec
1836 825 1889 854 hoc
1910 825 2039 854 sufficere

1190 873 1229 902 eis
1243 873 1336 907 debet,
1353 873 1403 901 nisi
1422 872 1609 901 definitionem
1632 872 1798 900 humilitatis
1818 871 1846 900 in
1861 879 1890 900 se
1911 871 2039 900 studeant

1190 920 1357 957 adimplere,
1373 928 1445 957 quae
1466 919 1528 948 talis
1543 919 1622 948 estssz
1645 919 1789 947 Humilitas
1803 922 1845 948 est
1866 919 1969 953 virtus,
1984 926 2039 956 qua

1191 967 1286 1001 homo,
1302 975 1369 995 vera
1383 966 1538 1003 cognitione
1560 966 1601 994 sui
1624 966 1675 994 sibi
1697 966 1844 1000 vilescens,
1865 965 1970 1002 appetit
1983 968 2039 994 tra-

1191 1014 1259 1043 ctari
1282 1014 1364 1042 vilius
1389 1017 1416 1042 et
1438 1021 1490 1042 non
1507 1013 1654 1042 sublimius
1675 1013 1835 1049 gubernari.
1861 1013 1893 1041 Et
1913 1021 1964 1049 pro
1978 1020 2039 1049 spe—

1190 1061 1250 1090 ciali
1273 1061 1417 1098 disciplina
1444 1060 1601 1089 verborum
1623 1060 1716 1088 addit:
1749 1060 1870 1088 Honeste
1898 1059 2039 1097 loquentes

1191 1107 1340 1142 omnibus,
1362 1108 1438 1136 sicut
1459 1107 1551 1141 decet,
1573 1115 1682 1135 omnem
1705 1106 1808 1135 scilicet
1831 1106 1969 1134 hominem
1988 1114 2040 1142 pro

1191 1155 1233 1183 sui
1256 1158 1344 1183 status
1365 1154 1454 1191 gradu
1473 1154 1635 1183 reverendo.
1651 1154 1721 1182 Haec
1742 1157 1784 1182 est
1805 1152 1978 1191 informatio
1994 1153 2039 1181 iti-

1190 1201 1362 1230 iterationis.

1273 1249 1316 1277 13.
1340 1249 1390 1277 Sed
1419 1249 1580 1285 quaeritur,
1605 1256 1639 1277 an
1661 1249 1771 1277 Fratres
1792 1256 1901 1284 semper
1923 1248 2040 1277 debeant
2055 1258 2119 1281 Quaen

1191 1295 1416 1332 improbitatibus
1431 1295 1542 1329 cedere,
1560 1295 1710 1331 praecipue
1735 1303 1798 1323 cum
1824 1295 1850 1323 in
1873 1294 2040 1332 quibusdam

1192 1343 1259 1372 locis
1280 1343 1322 1371 vel
1352 1343 1511 1371 civitatibus
1534 1342 1659 1371 habitare
1681 1342 1793 1370 minime
1821 1342 2038 1379 permittuntur;

1191 1394 1219 1419 et
1240 1389 1363 1424 videtur,
1379 1389 1451 1426 qnod
1469 1389 1522 1423 sic,
1545 1389 1611 1426 quia
1631 1389 1733 1417 dicitur
1754 1389 1882 1417 Matthaei
1898 1388 2004 1417 decimo
2016 1388 2039 1417 o:

1194 1437 1267 1465 Cum
1286 1440 1499 1474 persequentur
1526 1444 1577 1464 1103
1598 1436 1629 1464 in
1651 1444 1714 1464 una
1734 1436 1864 1469 civitate,
1888 1434 1982 1473 fuyite
2009 1435 2041 1464 in

1192 1484 1292 1512 citiam.
1310 1500 1345 1503 —
1369 1483 1543 1520 Respondeo:
1566 1483 1634 1511 Cum
1656 1483 1765 1511 Fratres
1780 1490 1815 1511 ex
1831 1482 1965 1519 Regula1⁰
1985 1491 2040 1511 non
2057 1491 2131 1516 Respuit

1191 1533 1327 1568 quaerant
1347 1530 1398 1558 nisi
1421 1531 1538 1558 salutem
1560 1530 1716 1558 animarum
1737 1530 1764 1558 in
1787 1529 1960 1563 civitatibus,
1986 1538 2038 1558 non

1191 1578 1291 1607 debent
1312 1578 1410 1606 cedere
1431 1586 1482 1614 pro
1503 1577 1626 1614 quolibet
1642 1577 1799 1611 resistente,
1815 1576 1881 1614 quia
1896 1576 1963 1605 nihil
1978 1584 2040 1613 pre-

1192 1625 1289 1654 tiosius
1310 1625 1398 1653 salute
1419 1625 1575 1653 animarum
1605 1624 1705 1653 Christi
1732 1624 1865 1661 sanguine
1886 1623 2041 1660 redempta-

1192 1680 1265 1700 rum.
1288 1672 1340 1700 Aut
1362 1672 1446 1708 igitur
1468 1671 1582 1708 opponit
1599 1679 1628 1700 se
1648 1671 1792 1699 Fratribus
1813 1670 1971 1707 episcopus,
1993 1672 2041 1698 aut

1192 1727 1309 1755 persona
1331 1718 1460 1752 inferior,
1482 1718 1526 1747 vel
1547 1717 1692 1754 collegium
1715 1720 1763 1746 aut
1787 1717 1970 1746 saecularium
1993 1720 2041 1746 aut

1192 1766 1382 1794 claustralium
1410 1773 1602 1802 personarum.
1632 1765 1656 1793 Si
1680 1765 1826 1801 episcopus
1851 1767 1971 1801 opponat
1995 1772 2040 1798 se,

1192 1813 1290 1846 credo,
1313 1813 1387 1850 quod
1408 1812 1560 1841 cedendum
1583 1815 1624 1840 est
1644 1812 1678 1840 ad
1701 1815 1822 1848 teinpus,
1843 1811 1930 1840 donec
1951 1814 2041 1840 1110010

1192 1859 1235 1888 vel
1250 1859 1338 1896 gratia
1352 1859 1495 1888 Fratribus
1517 1858 1669 1887 consentiat
1689 1858 1881 1892 admittendis,
1902 1858 1953 1887 nisi
1970 1858 2041 1894 Papa

1192 1906 1267 1934 aliud
1288 1906 1402 1935 duxerit
1423 1905 1622 1939 ordinandum;
1642 1908 1669 1933 et
1690 1905 1742 1933 hoc
1757 1908 1831 1941 patet
1852 1913 1889 1933 ex
1909 1913 1982 1933 nono
1997 1912 2040 1933 ca·
2123 1929 2124 1932 ,

1194 1953 1281 1989 pitulo
1303 1953 1388 1981 huius
1403 1953 1521 1989 Regulae
1542 1952 1621 1981 infra.
1638 1952 1663 1980 Si
1680 1960 1746 1981 vero
1764 1952 1808 1980 alii
1825 1952 1982 1986 inferiores,
1997 1952 2041 1980 vel
2123 1952 2124 1991 l

1193 2000 1306 2036 collegia
1328 2007 1356 2028 se
1375 2003 1514 2036 opponant
1529 1999 1684 2033 Fratribus,
1706 2007 1761 2027 11011
1776 1999 1867 2033 credo,
1883 1998 1957 2036 quod
1972 2006 2041 2028 sem-

1193 2054 1242 2083 per
1265 2046 1360 2074 talium
1389 2046 1614 2082 improbitatibus
1643 2046 1677 2074 sit
1699 2046 1868 2080 cedendum,
1897 2045 1948 2074 nisi
1970 2045 2040 2074 sorte

348 2251 356 2264 ¹
375 2253 439 2281 Quae
457 2252 600 2280 praecedunt
612 2252 697 2275 Nota...
710 2252 807 2280 (livinis,
820 2253 879 2275 sicut
896 2256 917 2275 01
935 2259 960 2275 ea
973 2259 1033 2281 quae
1050 2253 1072 2274 in
1086 2259 1134 2281 seq.

285 2298 308 2314 11.
327 2292 347 2313 9.
366 2291 480 2314 habentur
499 2298 572 2320 usque
595 2292 623 2314 ad
642 2291 748 2315 sensibili
767 2291 887 2321 voluptate
910 2292 1072 2320 supplevimus
1089 2292 1135 2314 11110

286 2330 409 2353 ABCFG
427 2334 449 2353 et
465 2332 503 2354 ed.
524 2332 544 2353 l.

348 2369 357 2382 ²
375 2370 468 2397 lsidor.‚
485 2371 501 2393 l.
518 2371 647 2398 [ἰῇ-1110105.
665 2377 686 2393 c.
706 2371 742 2393 37.
761 2377 783 2392 n.
802 2371 843 2392 113ε
862 2370 1011 2400 Synecdocbe
1029 2374 1062 2392 est
1083 2377 1135 2393 con-

286 2409 376 2437 ceptio,
394 2416 447 2432 eum
466 2416 477 2431 a
497 2412 560 2437 parte
578 2413 664 2437 totum,
683 2410 718 2432 vel
736 2416 748 2431 a
767 2412 813 2432 toto
826 2416 880 2438 pars
898 2410 1037 2438 intelllgitur.
1050 2423 1078 2425 —
1092 2411 1134 2432 Pro

284 2455 314 2471 ne
330 2448 421 2472 scietur
439 2449 476 2471 ed.
496 2450 503 2471 l
525 2449 638 2472 nescitur.

348 2487 357 2500 ⁸
375 2489 451 2510 Matth.
470 2489 495 2515 9,
514 2488 550 2510 lli.
568 2494 629 2516 seqq
648 2489 715 2511 Marc.
734 2490 759 2515 2,
779 2489 814 2510 118.
833 2495 891 2517 seq.;
909 2489 964 2510 Luc.
982 2489 1009 2515 5,
1028 2489 1065 2510 33.
1086 2495 1134 2517 seq.

348 2526 358 2539 4
377 2528 405 2549 lta
424 2527 469 2549 AG
487 2531 507 2549 01
526 2527 562 2549 ed.
581 2527 601 2554 l,
613 2527 665 2549 vm.
679 2527 866 2556 proximorum,
878 2533 939 2556 quae
954 2527 1022 2549 etiam
1040 2527 1135 2550 interius

286 2568 338 2593 post
354 2565 432 2595 primo
451 2566 567 2596 informet
583 2566 769 2595 tenet-ationem,
788 2566 957 2595 refragantibus
975 2567 993 2589 A
1010 2569 1032 2589 et
1054 2566 1091 2589 ed.
1115 2568 1134 2594 l,

286 2605 350 2627 addit
366 2605 398 2627 sul
414 2605 539 2628 nitendum
557 2605 658 2628 malum.

349 2642 358 2655 ⁵
376 2645 442 2666 Vcrs.
464 2645 503 2666 lt:
522 2644 568 2672 Qui
584 2644 666 2667 suavis
684 2646 718 2667 est
732 2644 757 2667 in
768 2643 819 2667 vini
835 2644 1038 2667 demet-attonitas
1050 2644 1134 2667 insuis

285 2682 457 2705 munitituiibus
475 2682 589 2712 relinquit
606 2683 781 2706 contumelium.
800 2684 860 2705 Haec
872 2689 926 2711 pars
944 2683 1062 2710 versiculi,
1075 2690 1135 2712 quae

286 2721 350 2743 deest
362 2721 382 2743 111
396 2721 508 2749 Hebraeo,
521 2722 637 2750 convenit,
649 2722 681 2744 nti
694 2729 706 2744 a
722 2722 820 2749 Vulgata
834 2721 961 2749 exhibetur,
975 2728 1027 2744 cum
1041 2722 1134 2750 Septua-

288 2760 357 2787 ginta.
375 2761 480 2783 Nostram
498 2761 618 2783 lectionem
637 2764 757 2784 recensent
773 2761 920 2784 Correetores
934 2761 1020 2783 Bibliae
1037 2761 1135 2784 Romani

287 2802 309 2820 et
326 2799 445 2821 exhibetur
468 2806 480 2821 a
498 2799 566 2822 Card.
591 2801 688 2828 Hugone
705 2807 732 2822 ac
753 2801 856 2828 tyrano,
873 2807 974 2829 quorum
997 2800 1060 2828 prior
1083 2806 1134 2822 eam

287 2837 319 2859 sic
337 2839 446 2865 explicat:
466 2838 512 2866 Oui
534 2838 615 2862 sustris
633 2841 678 2867 est,
698 2839 722 2862 id
745 2842 779 2862 est
799 2839 848 2862 sine
869 2840 991 2867 asperitate
1012 2841 1135 2867 reprehen-

288 2876 373 2903 sionis,
392 2876 446 2900 cicil
463 2877 487 2900 in
503 2877 720 2907 moderationibus,
740 2879 763 2901 id
782 2882 826 2905 051,
840 2882 934 2906 propter
952 2879 1095 2901 moderatam
1114 2882 1135 2901 et

288 2918 432 2936 mansuetam
451 2917 616 2938 correctionem
640 2917 711 2939 vitam
729 2917 816 2945 gratiae
840 2917 995 2945 inpraesenti
1018 2920 1040 2939 et
1063 2918 1133 2939 vitam

289 2953 375 2980 gloriae
394 2953 415 2975 in
433 2954 509 2976 futuro
527 2954 571 2976 sibi
587 2958 609 2977 et
626 2955 725 2978 subditis
742 2956 847 2984 acquirit.
867 2957 892 2978 Et
910 2957 959 2979 talis
975 2956 998 2979 in
1016 2956 1067 2979 suis
1084 2962 1135 2979 mo-

287 2990 415 3014 nitionibus
433 2992 547 3022 reli-nquit
556 2994 737 3022 coutumeliam,
755 2995 779 3017 id
796 2998 840 3023 051,
853 2995 953 3018 abiicit...
971 2996 1045 3018 malus
1057 2999 1134 3018 autem

288 3033 310 3052 et
327 3031 446 3058 hypocrita
465 3037 517 3053 cum
536 3032 653 3055 iracundia
671 3034 781 3061 increpat.

1253 2251 1263 2264 ⁶
1282 2252 1348 2274 Yers.
1366 2252 1374 2273 l
1386 2253 1407 2280 l,
1426 2251 1465 2274 uhi
1485 2252 1542 2273 haee
1559 2251 1588 2273 de
1610 2251 1663 2273 luda
1684 2250 1823 2273 Illacliabaeo
1840 2254 1969 2273 narrantur.
1988 2251 2039 2274 Yat.

1191 2291 1258 2319 legit:
1276 2292 1312 2314 lta
1329 2290 1383 2320 fecit
1400 2290 1471 2313 nutas
1488 2289 1660 2318 illacliebeeus,
1679 2290 1720 2320 qui
1735 2290 1845 2319 3111911103
1862 2293 1904 2312 etc.

1254 2329 1262 2342 ⁷
1280 2330 1336 2353 Cod.
1354 2331 1371 2352 A
1384 2329 1517 2353 iudicando.
1531 2330 1627 2352 interius
1644 2332 1697 2357 post
1713 2331 1739 2352 ut
1754 2329 1788 2352 sit:
1805 2331 1848 2352 AG
1867 2332 2040 2358 prosequuntur

1190 2371 1285 2392 serrent
1301 2369 1459 2392 innocentiam
1477 2369 1621 2392 efflei-iorem
1638 2370 1661 2392 et
1672 2368 1815 2392 interiorem.

1254 2408 1263 2422 ὃ
1281 2408 1403 2433 1100110111,
1421 2408 1451 2430 de
1467 2407 1583 2430 Gradibus
1600 2408 1733 2430 humilitatis
1750 2413 1770 2429 0.
1789 2408 1809 2429 ’1.
1827 2414 1849 2429 n.
1868 2409 1897 2430 2:
1920 2408 2040 2430 Humilitas

1191 2452 1225 2470 051
1242 2448 1327 2474 virtus,
1345 2454 1390 2476 qua
1409 2448 1478 2469 homo
1496 2447 1616 2469 verissima
1635 2447 1668 2469 sui
1688 2447 1805 2474 agnitione
1822 2447 1865 2469 sibi
1884 2447 1927 2474 ipsi
1944 2447 2039 2469 vilescit.

1192 2487 1265 2508 Serm.
1285 2486 1320 2507 lss.
1346 2486 1368 2507 in
1386 2485 1450 2508 Cant.
1473 2492 1494 2507 n.
1517 2486 1555 2507 lO:
1575 2486 1651 2508 Verus
1673 2486 1766 2507 humilis
1783 2485 1835 2507 vilis
1859 2486 1909 2507 vult
1925 2485 2039 2513 reputari,

1191 2532 1236 2547 non
1255 2525 1348 2547 humilis
1373 2525 1510 2553 praedicari.
1527 2525 1617 2547 Gaudet
1639 2527 1770 2552 contemptu
1788 2525 1825 2547 sui
1842 2527 1884 2547 etc.
1907 2525 1980 2547 Serm.
2003 2525 2039 2547 60.
2121 2519 2123 2560 l

1191 2565 1220 2587 cle
1234 2565 1334 2587 Diversis
1352 2564 1417 2592 (alias
1433 2565 1466 2586 18.
1485 2570 1511 2586 ex
1523 2564 1620 2593 Parvis),
1633 2563 1683 2592 nbi,
1702 2564 1815 2586 recensito
1829 2564 1909 2591 triplici
1927 2564 2039 2586 descensu
2121 2562 2123 2593 l

1192 2603 1288 2628 Christi,
1306 2603 1392 2625 scilicet
1409 2603 1438 2625 de
1461 2603 1524 2625 caelo
1542 2603 1570 2625 ad
1594 2608 1701 2629 carnem,
1724 2602 1752 2624 ad
1775 2608 1868 2624 crucem
1890 2605 1913 2625 et
1929 2605 2040 2630 mortem,
2121 2599 2123 2612 ³

1190 2642 1246 2665 dicit
1263 2649 1284 2664 n.
1303 2643 1328 2664 3:
1349 2642 1521 2664 Descendamus
1540 2648 1580 2669 per
1598 2642 1660 2664 viam
1678 2642 1819 2669 humilitatis,
1831 2644 1980 2670 ponaturque
1996 2641 2039 2670 pri·
2121 2657 2122 2670 1

1191 2688 1243 2703 111115
1260 2681 1309 2703 01115
1327 2681 1426 2709 gradus,
1444 2681 1467 2703 id
1485 2684 1519 2703 est
1535 2681 1626 2708 primus
1638 2682 1767 2708 profectus,
1785 2681 1844 2703 nolle
1861 2681 1987 2708 dominari;
2007 2678 2039 2703 se·
2120 2689 2122 2707 1

1191 2721 1294 2747 cundus,
1320 2721 1378 2742 velle
1400 2720 1494 2747 subiici;
1519 2721 1608 2747 tertius,
1634 2721 1657 2742 111
1683 2720 1732 2748 ipsa
1759 2720 1902 2743 subiectione
1926 2720 2040 2749 quaslibet

1190 2760 1341 2782 contumelias
1365 2762 1387 2782 et
1412 2760 1507 2782 iniurias
1531 2760 1603 2782 illatas
1625 2759 1792 2788 aequanimiter
1818 2760 1871 2787 pati.
1898 2759 1944 2782 Csr.
1968 2765 2039 2787 supra

1192 2805 1246 2827 pag.
1265 2800 1273 2820 l
1284 2799 1321 2826 lO,
1338 2802 1392 2821 nota
1410 2800 1431 2820 2.
1448 2802 1470 2821 01
1488 2799 1509 2821 ὃ.
1527 2799 1569 2821 Pro
1587 2798 1690 2821 tractari
1705 2798 1776 2821 vilius
1794 2799 1833 2827 (ita
1851 2799 1878 2827 A)
1897 2799 1915 2820 D
1938 2798 2041 2821 nectari

1191 2839 1218 2861 *ut
1235 2838 1332 2861 humilis
1350 2839 1395 2867 (ed.
1415 2839 1422 2860 l
1445 2839 1471 2861 ut
1487 2838 1552 2866 cilis,
1573 2838 1625 2860 Vat.
1641 2840 1668 2861 ut
1688 2837 1843 2866 huiusmodi),
1865 2841 1887 2860 et
1904 2844 1946 2865 pro
1967 2836 2038 2860 subli-

1191 2877 1255 2900 niius
1273 2878 1316 2905 (ita
1328 2878 1345 2900 A
1356 2878 1374 2900 D
1384 2878 1411 2907 G)
1430 2878 1485 2900 alias
1502 2877 1618 2900 sublimis.
1630 2890 1660 2893 —
1673 2878 1784 2905 Superius
1801 2880 1854 2905 post
1869 2876 1974 2906 aleriam
1988 2877 2038 2899 Vat.

1192 2923 1245 2939 cum
1263 2918 1378 2939 nonnullis
1395 2917 1463 2939 codd.
1482 2917 1545 2939 addit
1562 2916 1703 2939 humanam.

1254 2955 1263 2968 ⁹
1281 2956 1347 2978 Yers.
1365 2957 1402 2978 23.
1418 2968 1450 2972 -—
1467 2956 1578 2984 Superius
1596 2962 1638 2984 pro
1656 2955 1832 2985 permiuzmnn-
1850 2956 1866 2977 B
1882 2954 2036 2984 permittitur,

1192 2995 1229 3017 ed.
1249 2996 1256 3017 l
1278 2995 1456 3024 permittantur.
1473 3007 1504 3011 —
1521 2996 1585 3023 Quae
1602 2996 1646 3017 hoc
1664 3001 1686 3017 n.
1704 2995 1740 3017 13.
1758 2995 1904 3017 continentur
1922 2994 2039 3021 supplevi-

1192 3040 1244 3056 mus
1262 3040 1288 3056 ex
1306 3034 1427 3057 ABCFG
1444 3037 1467 3057 et
1483 3034 1519 3056 ed.
1541 3035 1559 3056 l.
1812 3032 1831 3046 ¹⁰
1848 3033 1892 3056 Csr.
1910 3033 1965 3055 intra
1979 3040 1999 3055 c.
2016 3033 2038 3055 9.
