2133 3317
0 743 2 751 1
22 732 91 758 quinto.

16 1165 96 1190 peecata.

27 1465 90 1486 Ueura.

31 1897 95 1923 unna.

27 2107 46 2128 h
52 2114 95 2133 ope-

65 2138 82 2152 x.

559 226 755 255 OPUSCULUM
776 226 806 254 Il.
828 225 999 255 SPECULUM
1020 225 1262 255 CONSClENTIAE.
1285 226 1353 255 CAP.
1375 226 1403 254 ll.

110 307 135 332 et
154 306 243 337 iudex,
262 306 301 330 cui
320 305 395 330 datur
413 305 520 336 aliquid,
539 305 568 329 ut
587 304 715 335 pervertat
732 304 861 333 iudicium,
875 304 913 329 vel
927 304 956 328 ut

110 349 232 374 iustitiam
250 348 429 380 consequatur,
449 355 504 373 cum
529 354 620 372 munus
644 347 745 378 recipit,
770 347 816 372 aut
839 347 955 372 iudicium

110 391 250 424 pervertit„
264 391 310 416 aut
328 391 449 415 iustitiam
468 390 566 419 vendit,
587 390 717 414 manifeste
736 389 811 415 habet
834 391 955 415 rationem

110 435 232 461 mortalis.
254 433 382 460 &editori
394 433 401 446 ¹
422 434 510 463 etiam,
530 434 572 465 qui
591 441 606 458 a
624 433 733 458 debitore
752 434 840 464 recipit
856 441 953 463 munus,

111 478 206 503 ratione
224 477 300 502 debiti
319 477 418 502 videtur
436 476 490 501 dari
509 476 573 508 quod
593 477 695 507 accipit,
710 477 735 501 et
748 477 769 501 si
790 476 837 501 hac
858 476 954 501 ratione

109 520 228 551 accipiat,
247 520 297 544 iam
315 519 391 544 habet
415 519 536 544 rationem
564 526 667 544 usurae.
693 519 843 550 Quandoque
871 519 954 543 tamen

110 570 160 588 non
178 562 254 587 habet
272 562 393 587 rationem
412 561 520 593 peccati,
539 562 568 586 ut
586 569 641 587 011111
660 562 715 593 quis
734 562 879 593 simpliciter
892 561 954 586 acci-

110 605 148 637 pit
167 612 256 630 munus
275 604 367 635 absque
386 604 453 629 mala
471 604 609 629 intentione
634 612 711 636 neque
730 604 805 629 habet
824 604 953 634 rationem,

110 655 186 680 quare
204 648 285 679 possit
303 648 438 679 suspicari,
458 647 523 679 quod
541 647 607 672 mala
626 647 763 672 intentione
781 647 894 672 donetur.

181 690 222 716 13.
242 690 349 721 Quintus
367 690 468 721 fructus
486 691 596 722 rapinae
615 691 653 715 est
673 690 748 716 ludus
772 690 888 715 alearum
911 697 954 714 seu

109 735 266 764 taxillorum,
286 735 328 765 qui
346 734 487 765 prohibitus
506 734 544 758 est
563 733 614 758 tam
634 741 649 758 a
666 734 719 758 iure
738 734 853 758 canonico
879 740 952 764 quam

108 778 182 803 civili.
201 777 271 802 Unde
290 778 315 802 et
334 777 363 802 de
381 777 427 802 hoc
445 777 531 801 dicunt
549 776 648 808 quidam
659 775 677 806 ⁴¹,
696 776 761 808 quod
780 776 813 801 sit
826 776 953 807 peccatum

108 820 227 850 mortale,
246 828 273 846 eo
291 820 355 852 quod
375 820 409 845 sit
427 820 514 845 contra
533 821 571 844 ius
598 820 741 845 canonicum
767 819 792 843 et
818 819 903 849 civile3
928 819 954 844 et

108 864 173 896 quod
191 871 220 888 ex
237 863 296 888 ludo
323 863 430 888 habetur
452 863 521 888 nullo
549 863 612 888 bono
639 862 714 887 titulo
742 862 883 893 possidetur
909 869 954 886 uec

108 906 192 938 potest
210 906 325 935 retineri,
345 906 387 930 sed
405 905 477 930 debet
496 905 646 937 pauperibus
669 905 774 936 erogari.
800 905 863 934 Quia
888 905 953 930 enim

108 950 150 981 qui
168 949 194 974 iu
211 949 270 974 ludo
288 949 401 973 lucratur
419 948 513 973 iniuste
532 948 657 979 lucratur,
676 948 702 973 et
720 948 762 979 qui
780 948 876 972 amittit
889 948 954 972 iuste

108 992 206 1017 amittit
211 1000 219 1022 ,·
237 992 290 1017 ideo
308 992 350 1023 qui
368 991 480 1016 lucratur
493 991 581 1020 eidem,
595 998 610 1015 a
623 998 671 1022 quo
684 990 809 1021 lucratur,
822 990 953 1015 restituere

107 1042 157 1060 non
175 1034 283 1064 tenetur,
302 1034 351 1059 nisi
363 1034 427 1059 forte
438 1034 520 1065 ipsum
532 1032 541 1045 ³
553 1033 678 1058 induxerit
690 1033 722 1058 ad
734 1033 876 1058 ludendum.
892 1032 952 1057 Cum

108 1078 189 1103 autem
209 1077 283 1102 ludus
301 1077 363 1101 satis
382 1077 496 1101 videatur
514 1084 542 1101 ex
559 1076 640 1101 radice
653 1076 774 1101 rationem
787 1076 877 1101 habere
892 1083 954 1101 mor-

108 1120 168 1146 talis
187 1120 294 1152 peccati,
313 1120 371 1152 quia
390 1127 418 1144 ex
436 1120 544 1144 avaritia
562 1119 661 1144 videtur
679 1119 823 1151 procedere,
847 1119 872 1144 et
895 1120 954 1150 quia

108 1164 194 1189 ludum
214 1163 294 1188 multa
312 1163 463 1188 comitantur
482 1163 595 1194 peccata,
616 1163 709 1187 scilicet
732 1162 822 1193 fraus,
847 1163 953 1187 menda-

108 1207 189 1238 ciwm,
203 1207 366 1238 periurium,
385 1206 558 1237 blasphemia,
577 1205 728 1231 scandalum
735 1225 742 1237 ,
765 1206 871 1231 amissio
896 1207 953 1230 tcm-

102 1250 179 1282 poris
203 1250 228 1275 et
248 1250 289 1274 ἱνα
306 1249 462 1281 frequenter,
481 1249 506 1274 et
525 1249 585 1274 haec
603 1256 678 1274 causa
702 1248 875 1280 prohibitionis
899 1249 953 1273 ludi

108 1301 161 1319 esse
179 1293 292 1318 videtur:
311 1300 366 1318 cum
384 1293 449 1317 ludit
467 1292 558 1324 aliquis
577 1300 652 1317 causa
672 1293 844 1322 recreationis,
870 1299 953 1323 pecca-

107 1335 141 1361 tis
159 1336 310 1368 supradictis
328 1336 447 1365 exclusis,
466 1343 515 1361 non
535 1336 633 1361 videtur
651 1335 741 1360 habere
754 1335 875 1360 rationem
888 1342 953 1360 mor-

107 1379 176 1404 talis.

179 1422 220 1447 14.
239 1422 338 1447 Tertius
356 1421 456 1451 fructus
470 1421 629 1452 principtzlis
652 1421 790 1446 iniustitiae
814 1421 846 1446 ad
871 1422 953 1452 proxi-

107 1472 188 1495 mum,
208 1465 250 1497 qui
269 1472 298 1490 ex
316 1472 385 1490 ramo
403 1464 524 1489 avaritiae
547 1464 670 1495 procedit,
690 1464 728 1489 ost
745 1471 836 1489 usura.
855 1464 953 1489 Dicitur

107 1508 190 1533 autem
209 1515 286 1533 usura
304 1508 336 1532 ab
354 1515 404 1533 usu
422 1508 498 1532 aeris.
526 1507 590 1532 Sunt
617 1506 721 1532 autem*
749 1507 869 1538 quaedam
898 1514 952 1537 res,

107 1559 212 1583 quarum
231 1558 292 1576 usus
310 1550 348 1576 est
366 1551 401 1575 rei
419 1550 570 1580 consumtio,
590 1551 615 1575 et
640 1558 745 1582 quarum
770 1550 904 1575 dominium
927 1551 953 1575 in

106 1595 265 1626 accipientem
279 1594 439 1623 transfertur,
453 1593 482 1618 ut
495 1594 612 1625 pecunia,
625 1594 726 1618 bladum
738 1594 763 1618 et
775 1594 875 1624 vinum;
889 1594 953 1619 unde

106 1637 149 1669 qui
167 1637 255 1662 talium
274 1644 347 1661 usum
365 1636 451 1661 vendit
468 1636 608 1661 usurarius
626 1636 724 1666 dicitur,
744 1636 769 1661 et
787 1636 863 1661 habet
875 1636 954 1661 ratio-

106 1687 161 1705 nem
181 1680 308 1710 mortalis,
328 1680 353 1705 et
371 1680 397 1705 in
415 1680 537 1711 quantum
563 1680 650 1705 contra
675 1679 834 1711 praeceptum
859 1679 953 1704 morale

106 1724 216 1748 iustitiae
235 1723 286 1753 est,
306 1724 364 1755 quia
382 1723 467 1748 vendit
485 1723 528 1747 alii
547 1723 611 1754 quod
640 1730 711 1747 suum
740 1730 789 1747 non
817 1723 869 1752 est,
898 1730 953 1747 cum

106 1767 156 1792 iam
175 1766 311 1791 transitum
339 1766 373 1791 sit
400 1766 548 1796 dominium,
574 1766 677 1791 Levitici
702 1766 820 1797 vigesimo
845 1765 952 1797 quinto⁵

106 1809 166 1835 etin
176 1809 290 1835 Psalmo:
304 1809 497 1842 Qutpeczmiam
509 1816 584 1834 suam
600 1817 653 1834 non
666 1809 735 1834 dedit
747 1809 782 1833 ad
792 1816 908 1834 usuram.
918 1823 954 1826 —

106 1852 189 1878 Usura
207 1853 232 1877 in
250 1860 368 1884 praesens
380 1853 406 1877 in
425 1852 471 1877 has
489 1853 582 1884 species
594 1852 722 1877 dividitur.
734 1851 781 1876 Est
793 1852 858 1876 enim
870 1859 953 1876 usura

106 1895 135 1920 in
146 1901 203 1926 spe,
217 1902 272 1920 cum
285 1895 340 1926 quis
359 1901 408 1920 non
427 1902 541 1926 expresse
554 1894 709 1920 contractum
722 1894 865 1919 usurarium
878 1893 950 1924 facit,

106 1938 165 1963 licet
183 1938 279 1969 speret,
300 1945 325 1962 se
344 1945 389 1969 pro
407 1938 494 1962 mutuo
512 1937 606 1969 aliquid
625 1937 798 1968 accepturum,
818 1936 843 1962 et
858 1936 905 1961 hac
918 1937 953 1961 in-

106 1981 216 2006 tentione
234 1981 279 2006 dat
297 1981 425 2010 mutuum,
444 1981 507 2005 alias
525 1988 574 2006 non
600 1980 719 2010 daturus,
747 1979 859 2011 constat,
888 1979 953 2011 quod

106 2023 166 2049 talis
185 2024 306 2056 quantum
326 2024 357 2048 ad
376 2024 468 2054 Deum,
487 2024 528 2055 qui
548 2031 589 2049 cor
607 2023 728 2053 intuetur,
748 2023 879 2048 usurarius
892 2022 953 2047 iudi-

107 2066 192 2097 catur;
211 2067 276 2092 unde
295 2067 375 2092 Lucae
394 2067 462 2092 sexto
474 2065 496 2091 ⁶:
516 2067 641 2092 Mutuum
660 2066 732 2097 date,
750 2066 818 2091 nihil
831 2066 889 2091 inde
901 2072 953 2097 spc-

106 2111 202 2135 rantes.
221 2110 300 2140 Item,
321 2110 360 2135 est
378 2117 455 2134 usura
472 2117 522 2135 non
541 2110 621 2135 solum
641 2110 792 2141 intentione,
816 2109 858 2134 sed
876 2110 952 2134 etiam

107 2160 194 2184 opere,
212 2160 267 2178 cum
292 2153 348 2184 quis
376 2152 510 2178 debitorem
538 2152 569 2177 ad
597 2153 705 2184 amplius
733 2153 828 2184 obligat
855 2159 952 2183 quoquo

105 2196 191 2225 modo,
210 2196 249 2220 vel
269 2196 357 2227 tacite,
377 2196 416 2221 vel
435 2202 567 2226 expresse:
591 2196 666 2220 tacite
690 2195 787 2227 quidem
815 2195 952 2220 mutuando

107 2239 211 2270 speciem
230 2246 275 2270 pro
294 2239 387 2270 specie,
406 2238 435 2263 ut
454 2238 554 2263 bladum
574 2246 619 2270 pro
646 2238 719 2264 blado
744 2238 769 2263 et
796 2238 950 2268 huiusmodi,

105 2281 136 2307 ut
153 2289 182 2307 ea
201 2281 304 2314 recipiat
322 2282 446 2313 tempore,
459 2289 507 2313 quo
519 2282 600 2306 carius
614 2281 765 2311 venduntur,
777 2282 816 2306 vel
830 2281 951 2313 pretium,

107 2324 204 2356 quando
223 2324 344 2350 cresceret
362 2324 472 2356 tempore
484 2323 492 2336 ⁷
506 2325 603 2355 cariori,
616 2325 654 2349 vel
668 2325 748 2350 dando
761 2324 892 2356 antiquum
906 2331 951 2356 pro

107 2375 183 2398 novo,
202 2368 232 2392 ut
249 2368 338 2392 melius
362 2367 466 2399 recipiat
493 2367 653 2397 inuovatum3
682 2368 708 2392 in
735 2367 825 2399 quibus
852 2367 951 2392 casibus

106 2418 184 2436 usura
202 2410 374 2441 committitur,
394 2418 448 2435 cum
468 2411 595 2442 proprium
614 2410 780 2440 commodum,
800 2417 850 2435 non
868 2417 953 2435 neces-

108 2453 170 2478 sitas
190 2454 294 2485 proximi
312 2453 402 2478 ibidem
420 2453 575 2478 attendatur.
595 2453 664 2478 Tunc
682 2454 765 2478 autem
779 2453 863 2485 potest
876 2453 952 2478 mani-

107 2496 170 2521 feste
189 2497 245 2522 sciri
264 2496 382 2527 corrupta
400 2496 517 2526 intentio,
537 2503 591 2521 cum
611 2496 763 2521 solummodo
781 2495 952 2527 praecluditur

1797 227 1852 256 633

1011 304 1077 329 infra
1095 304 1208 335 tempus,
1227 312 1275 335 (1110
1294 303 1376 329 talia⁸
1396 305 1477 330 carius
1497 305 1652 335 venduntur3
1671 313 1726 330 cum
1745 306 1801 337 quis
1813 313 1857 330 au-

1011 346 1060 372 tem
1080 347 1221 372 huiusmodi
1248 347 1355 372 intendit
1382 337 1582 379 servare'usque
1609 348 1640 372 ad
1667 348 1779 379 tempus,
1808 355 1857 380 quo

1011 390 1150 415 vendentur
1169 391 1264 419 carius,
1284 391 1342 415 licet
1360 391 1456 416 debitor
1474 391 1500 416 in
1519 398 1545 416 se
1565 391 1701 422 periculum
1721 392 1855 422 suscipiat,

1011 440 1060 458 non
1080 432 1163 457 tamen
1182 434 1207 457 iu
1226 433 1345 458 creditore
1364 433 1487 458 iudicatur
1505 441 1595 463 usura,
1616 434 1636 458 si
1660 433 1706 459 hoc
1731 434 1803 463 facit,
1827 434 1857 458 ut

1011 476 1121 507 proximo
1140 475 1280 500 subveniat.
1299 476 1379 506 Item,
1398 477 1478 501 tacita
1497 477 1535 501 est
1554 484 1644 507 usura,
1664 484 1719 502 cum
1745 477 1800 508 quis
1819 484 1856 502 ra-

1011 518 1077 544 tione
1096 518 1222 544 dilationis
1242 519 1299 550 plus
1317 519 1383 544 iusto
1402 519 1487 544 vendit
1505 519 1531 545 et
1549 519 1653 551 accipit,
1673 520 1698 545 et
1720 527 1775 544 cum
1800 520 1856 551 quis

1010 562 1106 586 ratione
1125 561 1205 586 mutui
1224 562 1352 586 servitium
1373 562 1411 587 vel
1430 570 1519 587 munus
1532 563 1634 594 accipit,
1649 563 1677 588 ut
1691 563 1805 594 superius
1818 564 1856 588 est

1010 612 1162 635 expressum.
1181 605 1259 634 Item,
1280 605 1318 629 est
1336 613 1413 630 usura
1432 606 1525 637 tacita,
1544 613 1599 631 cum
1618 607 1674 637 quis
1685 606 1778 638 aliquid
1792 613 1857 631 com-

1010 655 1083 672 mune
1101 647 1178 672 habet
1195 654 1250 672 cum
1269 648 1365 679 aliquo,
1385 648 1503 680 quidquid
1522 648 1556 673 sit
1574 649 1649 678 illud,
1669 649 1694 674 et
1720 649 1855 680 periculum

1010 690 1049 714 vel
1068 690 1186 714 damnum
1205 697 1253 715 non
1274 690 1307 715 sit
1325 698 1460 715 commune.
1479 705 1514 709 --
1533 691 1612 721 Item,
1632 692 1670 716 est
1682 699 1759 716 usura
1771 692 1856 716 mani-

1010 732 1089 764 festa,
1109 740 1164 758 cum
1184 734 1332 764 promissum
1352 741 1380 758 ex
1399 735 1471 765 pacto
1490 734 1626 759 intervenit
1650 735 1785 766 accipiendi
1803 742 1855 759 am-

1011 777 1091 807 plius,
1111 776 1149 801 vel
1169 777 1243 801 etiam
1263 777 1381 808 0b1igatio
1401 784 1429 801 ex
1448 777 1520 808 pacto
1539 777 1570 802 ad
1590 777 1669 802 simile
1688 777 1800 802 mutuum
1822 777 1855 802 fa-

1010 819 1131 844 ciendum.

1082 861 1123 886 15.
1142 861 1267 886 Secundus
1285 860 1406 891 frztctus⁹
1419 862 1578 893 principalis
1596 862 1716 887 avaritiae
1735 863 1774 887 est
1792 863 1852 887 iniu-

1010 905 1080 929 stitia
1099 905 1198 929 occulta
1217 905 1242 929 iu
1261 905 1449 936 contractibus,
1468 913 1530 936 quae
1549 906 1636 930 multis
1654 906 1732 931 modis
1757 906 1853 931 contin—

1009 948 1061 979 git,
1081 947 1194 972 videlicet
1220 947 1362 979 vendendo,
1391 948 1509 979 emendo,
1537 948 1730 977 commutando.
1759 949 1784 973 et
1809 949 1854 974 hoc

1010 990 1155 1021 potestesse
1165 990 1298 1021 aliquando
1311 991 1375 1015 circa
1386 991 1546 1022 temporalia,
1558 991 1595 1016 vel
1607 992 1768 1022 spiritualia.
1793 992 1854 1017 Ven-

1010 1033 1090 1058 dendo
1104 1033 1257 1063 temporalia
1268 1032 1289 1045 ¹⁰
1308 1033 1338 1057 fit
1351 1032 1428 1062 frctus
1440 1034 1464 1058 in
1479 1041 1588 1063 numero,
1603 1034 1717 1064 pondere,
1731 1041 1854 1064 mensura,

1009 1077 1035 1101 111
1054 1076 1138 1101 valore
1163 1083 1205 1100 seu
1224 1076 1249 1100 in
1269 1076 1404 1107 qualitate,
1424 1077 1449 1101 in
1468 1076 1577 1101 defectus
1599 1076 1787 1106 taciturnitate,
1801 1084 1855 1102 cum

1010 1119 1104 1144 scilicet
1122 1119 1239 1144 notabilis
1257 1120 1296 1144 est
1314 1119 1423 1144 defectus
1448 1119 1473 1144 et
1498 1119 1609 1145 occultus
1632 1121 1666 1145 rei
1685 1120 1811 1149 venditae,
1832 1121 1857 1145 et

1009 1162 1107 1187 tacetur
1126 1162 1151 1187 et
1169 1163 1204 1187 ita
1223 1169 1278 1187 care
1297 1162 1420 1192 venditur,
1440 1170 1468 1187 ac
1487 1163 1508 1187 si
1527 1170 1576 1188 uon
1599 1163 1665 1187 esset
1688 1163 1722 1188 ibi
1747 1163 1856 1188 defectus

1009 1205 1109 1237 aliquis.
1128 1206 1207 1235 Item,
1226 1205 1372 1230 notabiliter
1399 1213 1454 1230 care
1478 1206 1604 1231 vendendo
1630 1206 1668 1230 vel
1694 1206 1796 1237 propter
1815 1214 1856 1231 ne-

1009 1248 1151 1273 cessitatem
1170 1248 1288 1278 ementis,
1307 1249 1346 1273 vel
1366 1249 1469 1279 propter
1487 1248 1630 1274 dilationem
1650 1249 1794 1279 solutioniS,
1815 1250 1855 1274 vel

1010 1291 1113 1323 propter
1131 1292 1316 1323 simplicitatem
1335 1292 1453 1321 ementis,
1473 1292 1514 1323 qui
1533 1292 1566 1316 rei
1586 1292 1695 1317 valorem
1714 1299 1764 1317 non
1777 1292 1854 1317 novit.

1009 1335 1089 1365 Item,
1112 1335 1137 1359 iu
1163 1335 1303 1360 venditione
1331 1335 1446 1366 suspecta
1470 1335 1601 1360 locutionis
1624 1336 1738 1366 peccata,
1763 1335 1856 1360 scilicet

1010 1379 1044 1403 rei
1062 1377 1127 1403 falsa
1146 1377 1343 1409 commendatio,
1359 1378 1521 1409 periurium,
1545 1378 1697 1409 eat-sacratio,
1722 1378 1855 1403 verborum

1009 1421 1147 1452 duplicitas
1173 1428 1215 1446 seu
1237 1420 1350 1450 falsitas,
1370 1428 1432 1452 quae
1451 1422 1563 1450 omnino,
1585 1421 1718 1446 secundum
1737 1421 1801 1452 quod
1823 1420 1855 1445 ad

1009 1464 1184 1489 nocumentum
1203 1464 1307 1495 proximi
1326 1464 1365 1489 vel
1394 1464 1560 1495 deceptionem
1588 1463 1743 1493 ordinantur,
1769 1464 1856 1488 contra

1010 1508 1114 1539 proximi
1133 1508 1263 1532 caritatem
1282 1507 1350 1532 sunt.
1369 1507 1415 1532 Hic
1442 1507 1526 1532 tamen
1554 1507 1747 1537 advertendum,
1777 1507 1854 1538 quod,

1010 1550 1075 1575 sicut
1094 1549 1201 1581 supra1¹
1222 1550 1250 1574 de
1270 1549 1337 1575 furto
1356 1549 1448 1574 dictum
1467 1549 1513 1579 est,
1527 1550 1563 1574 ita
1576 1550 1660 1581 posset
1679 1557 1731 1574 esse
1750 1549 1855 1581 proximi

1010 1593 1061 1618 tam
1080 1593 1200 1618 modicum
1220 1592 1409 1622 nocumentum,
1428 1593 1493 1624 quod
1506 1593 1626 1624 quantum
1640 1593 1706 1618 osset
1718 1592 1746 1617 de
1760 1592 1855 1617 ratione

1009 1636 1166 1665 contractus,
1186 1643 1235 1661 non
1253 1636 1404 1660 iudicaretur
1422 1636 1534 1661 mortale.

1081 1678 1122 1703 16.
1136 1679 1183 1704 Hic
1196 1679 1271 1703 etiam
1283 1677 1302 1691 ¹²
1316 1679 1380 1704 circa
1392 1679 1554 1704 mendacium
1566 1680 1605 1704 est
1617 1679 1767 1708 notandum,
1781 1678 1853 1709 quod,

1010 1722 1074 1747 sieut
1092 1722 1199 1746 habetur
1217 1729 1292 1753 super
1310 1722 1372 1747 illud
1390 1722 1498 1747 Psalmi:
1518 1721 1616 1747 Perdes
1634 1729 1733 1752 omnes,
1754 1722 1799 1752 qut
1822 1722 1855 1746 lo-

1010 1766 1125 1796 quantur
1137 1766 1313 1796 mendacium,
1327 1765 1418 1796 triplex
1431 1766 1470 1790 est
1482 1765 1648 1789 mendacium:
1663 1765 1789 1796 iocosum,
1802 1764 1856 1795 offi-

1009 1808 1120 1838 ciosum,
1139 1808 1204 1839 quod
1223 1808 1252 1832 fit
1271 1808 1374 1839 propter
1398 1808 1489 1833 bonum
1518 1809 1645 1839 proprium
1671 1808 1710 1833 vel
1736 1808 1854 1839 proximi,

1010 1852 1035 1876 et
1049 1851 1238 1882 perniciosum,
1252 1851 1316 1883 quod
1329 1851 1359 1876 fit
1377 1852 1403 1876 iu
1422 1852 1596 1876 nocumentum
1614 1852 1732 1882 proximi,
1746 1851 1785 1876 vel
1798 1851 1854 1875 fidei

1010 1894 1200 1923 detrimentum,
1224 1894 1249 1918 et
1266 1894 1312 1919 hoc
1330 1893 1446 1918 ultimum
1465 1894 1493 1918 de
1513 1901 1557 1919 suo
1575 1901 1665 1926 genere
1684 1894 1723 1919 est
1735 1894 1854 1923 mortale;

1009 1937 1074 1962 unde
1092 1944 1147 1962 cum
1167 1937 1320 1962 mendacium
1339 1937 1369 1961 fit
1387 1937 1413 1961 in
1433 1937 1538 1968 proximi
1557 1937 1731 1962 nocumentum
1756 1937 1782 1961 in
1800 1944 1855 1962 con-

1009 1980 1145 2010 tractibus,
1166 1980 1248 2011 patet,
1268 1980 1332 2011 quod
1350 1980 1426 2005 habet
1444 1980 1565 2005 rationem
1585 1980 1707 2005 mortalis.

1081 2022 1123 2048 17.
1142 2023 1189 2048 Hic
1213 2023 1288 2048 etiam
1307 2023 1371 2048 circa
1391 2023 1540 2054 periurium
1567 2023 1592 2048 et
1616 2024 1790 2048 iuramentum
1815 2023 1854 2049 est

1009 2066 1159 2096 notandum,
1185 2066 1249 2098 quod
1274 2066 1455 2095 iuramentum,
1481 2066 1615 2091 secundum
1634 2065 1852 2098 Hieronymumffl,

1010 2109 1061 2134 tres
1080 2109 1182 2134 comites
1200 2109 1290 2134 habere
1308 2109 1391 2138 debet,
1411 2109 1504 2134 scilicet
1522 2109 1667 2139 veritatem,
1687 2110 1811 2134 iudicium
1829 2109 1855 2134 et

1008 2152 1144 2177 iustitiam.
1163 2152 1267 2176 Iudicio
1286 2152 1355 2177 caret
1373 2152 1539 2176 iuramentum
1558 2152 1651 2183 absque
1670 2152 1816 2177 discretione
1830 2153 1855 2177 et

1009 2195 1186 2220 deliberatione
1204 2194 1312 2220 factum:
1332 2195 1433 2220 iustitia
1451 2195 1519 2220 caret
1538 2195 1705 2220 iuramentum
1724 2195 1853 2226 illicitum,

1009 2238 1074 2270 quod
1092 2238 1131 2263 est
1149 2239 1174 2263 in
1193 2238 1370 2263 detrimentum
1389 2238 1479 2263 salutis
1497 2239 1626 2268 aeternae3
1651 2238 1758 2263 veritate
1770 2238 1854 2263 autem

1009 2281 1090 2311 caret,
1110 2289 1165 2306 cum
1182 2281 1274 2306 falsum
1293 2281 1400 2306 iuratur.

1080 2323 1122 2348 18.
1142 2324 1212 2349 Circa
1230 2324 1397 2349 iuramentum
1416 2324 1491 2349 etiam
1509 2324 1548 2348 est
1566 2324 1704 2353 sciendum,
1724 2324 1789 2355 quod
1807 2323 1852 2348 du-

1010 2367 1066 2398 plex
1085 2367 1123 2392 est
1147 2367 1328 2396 iuramentum,
1357 2367 1450 2392 scilicet
1474 2367 1642 2392 assertorium
1667 2366 1692 2391 et
1711 2367 1852 2398 promisso-

1008 2410 1086 2434 rium.
1104 2410 1277 2434 Iuramentum
1295 2410 1475 2440 assertorium,
1495 2416 1550 2434 cum
1570 2409 1660 2434 falsum
1683 2410 1790 2439 iuratur,
1813 2409 1852 2434 vel

1009 2453 1073 2484 quod
1091 2452 1200 2477 creditur
1217 2459 1270 2477 esse
1289 2452 1394 2481 falsum,
1414 2459 1442 2476 ex
1461 2459 1505 2477 suo
1523 2459 1612 2483 genere
1635 2452 1674 2477 est
1698 2452 1803 2477 mortale
1828 2452 1853 2477 et

1009 2495 1096 2520 contra
1115 2495 1273 2526 praeceptum
1293 2495 1402 2519 divinum
1423 2495 1451 2519 de
1472 2501 1521 2519 non
1535 2495 1686 2520 assumendo
1699 2503 1789 2520 nomen
1801 2496 1852 2520 Det

171 2677 178 2690 ¹
198 2677 248 2699 Vnt.
264 2677 302 2700 ed.
323 2678 328 2699 1
356 2680 377 2699 et
394 2677 445 2699 cod.
464 2677 589 2704 incongrue
612 2676 734 2704 Creditum·
751 2680 829 2704 postea
852 2683 895 2704 pro
912 2683 950 2699 m·

109 2708 169 2732 lione
187 2709 237 2730 Vnt.
261 2708 431 2736 iurationem,
458 2709 541 2730 deinde
567 2711 619 2735 post
642 2707 733 2731 ridetur
759 2708 841 2730 cadem
866 2708 950 2730 omittit

109 2739 175 2767 dari,
201 2746 271 2767 porro
296 2739 365 2762 habet
381 2745 429 2762 non
450 2739 546 2769 accipit,
565 2741 621 2761 tunc
647 2745 689 2767 pro
714 2738 827 2768 accipiat,
846 2738 900 2761 iam.

170 2770 179 2783 ²
196 2770 240 2793 cfr.
256 2772 369 2798 Gratiam,
382 2771 405 2793 d.
422 2771 459 2792 35.
476 2777 496 2793 0.
518 2771 540 2793 l:
559 2770 701 2799 Episcopus,
719 2777 771 2792 cum
789 2771 876 2792 Glossa.

171 2801 180 2814 ³
197 2802 279 2831 Ipsum
296 2802 439 2824 desideratur
458 2802 477 2824 iu
497 2802 560 2829 Vnt..
582 2802 634 2823 ‹lciu
653 2808 695 2829 pro
719 2801 778 2824 Cum
800 2803 879 2824 nutem
896 2802 949 2823 cod.

110 2832 168 2856 Cum
184 2832 269 2862 salsus.
287 2833 342 2855 infra
360 2840 402 2861 pro
415 2833 559 2855 comitantur
569 2834 664 2861 peccatu
684 2833 733 2854 Vnt.
755 2833 830 2860 inepte
847 2838 950 2855 commu-

109 2863 235 2892 m'cmzlur‚-
253 2864 336 2887 deinde
348 2864 397 2892 ipsa
411 2864 460 2887 ideo
478 2864 535 2887 lmec
552 2870 594 2891 pro
611 2865 632 2886 ιί
648 2863 705 2887 Imm:
721 2864 758 2889 (ita
772 2864 822 2886 cod.
835 2867 857 2886 et
868 2864 904 2886 ed.
918 2864 949 2892 rl).

170 2894 179 2907 ⁴¹
198 2896 247 2918 Vat.
265 2895 327 2918 enim
344 2902 386 2923 pro
403 2897 490 2918 [tudem.

172 2925 180 2938 ⁵
199 2927 263 2949 Vers.
280 2928 317 2949 36.
334 2927 372 2948 37.
394 2929 416 2949 et
433 2927 467 2948 ΡΞ.
491 2926 533 2953 Μ,
559 2927 580 2948 5.
598 2938 628 2942 —
646 2927 698 2948 Post
716 2926 795 2949 Usum
821 2932 862 2953 1110
887 2925 949 2948 enim

109 2956 268 2980 substituimus
284 2964 337 2980 011111
355 2958 408 2980 cod.
424 2957 448 2979 ln
462 2963 577 2986 praesens
596 2957 629 2986 [id
648 2960 694 2985 est,
713 2960 736 2979 ut
754 2957 853 2979 breviter
866 2957 894 2979 (ἰο
908 2958 949 2979 hoc

111 2994 147 3010 mc
164 2989 305 3042 eumedium}
324 2989 542 3042 luti-appost'irpeml
559 2989 582 3010 in
602 2989 650 3010 Vnt.
670 2989 733 3010 tlt-ost
749 2995 780 3011 se.

214 3020 265 3042 ’(-15,
283 3020 320 3042 .-'›'.
336 3032 367 3036 —
401 3023 435 3042 ost
472 3026 509 3042 em
526 3021 577 3042 cod.
595 3020 678 3041 omittit
695 3021 736 3042 est.

202 3066 228 3089 S.
237 3066 326 3089 Bonav.
343 3079 373 3082 —
391 3066 458 3088 Τοιιι.
472 3066 528 3088 ΧἸΙΙ.

1070 2675 1077 2688 7
1096 2677 1118 2698 111
1138 2677 1187 2698 Vnt.
1205 2676 1363 2698 desiderantur
1386 2675 1470 2697 xci-lm:
1491 2681 1537 2704 quo
1555 2675 1636 2698 curius
1660 2675 1800 2703 renduntur,
1817 2675 1852 2698 sel

1005 2707 1121 2736 prelium,
1141 2706 1235 2736 quando
1253 2708 1366 2729 cresccre!
1383 2707 1493 2735 lempore.

1068 2737 1077 2750 Β
1096 2739 1117 2760 ln
1136 2738 1186 2760 Vnt.
1203 2738 1347 2760 desideratur
1365 2737 1431 2760 talia.

1068 2768 1078 2781 ⁹
1096 2770 1146 2791 Vnt.
1163 2775 1247 2791 ramus
1265 2775 1307 2796 pro
1324 2769 1431 2798 fructus,
1452 2769 1505 2791 vide
1522 2775 1592 2796 supra
1610 2775 1632 2790 n.
1657 2769 1673 2790 ί.

1070 2800 1089 2812 ¹⁰
1107 2801 1135 2823 lix
1152 2801 1203 2822 coil.
1223 2800 1383 2822 subiunximus
1409 2799 1529 2822 Vendendo
1550 2799 1688 2829 temporalia
1697 2808 1705 2827 ,-
1724 2806 1791 2827 porro
1809 2806 1851 2827 pro

1006 2831 1136 2861 qnmzlilale
1156 2832 1201 2853 fido
1217 2831 1304 2853 codicis
1320 2831 1481 2853 substituimus
1498 2831 1617 2860 qualitate.

1070 2862 1086 2874 ¹¹
1106 2863 1172 2885 Num.
1189 2863 1210 2884 5

1069 2893 1088 2906 ¹⁴²
1107 2894 1157 2916 Vnt.
1172 2894 1219 2916 Hoc
1231 2895 1309 2916 tamen.
1321 2899 1363 2921 pro
1375 2893 1417 2916 llic
1429 2893 1513 2921 etiam,·
1530 2893 1614 2915 deinde
1626 2893 1677 2915 eod.
1694 2893 1776 2915 omittit
1788 2892 1851 2921 quod

1007 2928 1058 2947 unte
1067 2924 1134 2947 siout.
1144 2938 1174 2940 —
1185 2924 1271 2947 Citalus
1282 2925 1315 2946 ΡΞ.
1326 2925 1347 2951 5,
1357 2925 1379 2946 7.
1391 2931 1443 2946 011111
1454 2925 1532 2947 (ilossu
1543 2924 1673 2947 ordinaria.
1684 2936 1714 2940 —
1724 2925 1756 2946 De
1769 2924 1850 2951 triplici

1007 2962 1092 2983 genere
1110 2956 1221 2978 uwnuaeii
1240 2957 1279 2978 1·Ι”ι·,
1298 2956 1395 2983 Bonav„
1413 2956 1443 2978 ΙΙΙ.
1462 2958 1524 2978 scut.
1541 2956 1564 2978 (ἰ.
1582 2956 1618 2978 38.
1637 2956 1759 2983 praecipue
1777 2962 1798 2984 q.
1817 2956 1838 2977 5.

1071 2987 1089 2999 ¹³
1107 2987 1166 3009 Libr.
1185 2988 1198 3009 1.
1216 2987 1344 3009 (Iomiueut.
1361 2987 1383 3009 lu
1410 2988 1488 3009 1010111.
1507 2987 1533 3013 4,
1554 2988 1574 3009 2.
1594 2987 1651 3009 Viuo.
1672 2990 1725 3009 toni.
1744 2987 1776 3010 ΙΙΙ.
1796 2993 1850 3014 pag.

1008 3019 1051 3040 857
1070 3019 1112 3041 rol.
1131 3019 1153 3046 ΙΙ,
1169 3022 1246 3040 uotum
1268 3019 1285 3040 l.

1727 3066 1755 3085 su

1882 859 1908 878 De
1921 860 1993 878 occulta

1870 882 1962 901 iniustitia
1974 883 1993 902 in

1866 906 1999 925 contractibus.

1880 948 1914 966 Fit
1923 948 2000 972 triplici-

1871 973 1912 993 ter;
1932 972 1999 995 primo,

1871 995 1969 1014 vendendo
1982 997 2001 1014 et

1871 1018 2001 1042 0110010111ρο-

1872 1041 1925 1060 ralia.

1872 1332 1954 1360 Peccata⁴
1962 1333 1989 1352 lo-

1885 1358 1972 1375 cunonis.

1867 1676 1942 1718 Tricfler
1951 1681 2001 1694 men-

1907 1704 1975 1718 acrum.

1866 2018 1971 2037 Periurium
1981 2019 2000 2037 et

1866 2042 1998 2060 iuramentum.

1869 2319 1994 2337 luramentum

1892 2342 1968 2366 duplex.
