2133 3317
768 213 1010 243 PROLEGOMENA
1031 215 1058 244 C.
1082 215 1120 244 lll.
1784 216 1815 244 CI

74 294 195 319 charitalis
212 297 254 316 etc.
272 294 358 316 Desinit
376 294 412 316 101.
433 293 483 315 161.
505 299 524 315 r.
546 292 637 315 verb1s:
662 292 689 316 de
714 292 817 316 eiusdem
834 293 915 315 eterna

73 341 166 365 unione.
183 340 220 364 Ad
236 346 309 370 quam
325 346 368 364 nos
382 339 501 370 perducat
517 339 558 369 qui
573 339 623 362 sine
639 339 685 369 fine
704 338 760 362 vicit
780 340 801 362 et
823 339 914 368 reynat.

74 390 154 412 Amen.
172 387 237 411 Finis
254 393 346 411 summe
363 387 426 411 Bone
442 388 539 410 venture
556 386 583 409 de
599 385 713 416 aradibus
730 385 853 409 virtutum.

136 435 172 457 tt.
190 434 289 462 Ibidem,
314 435 366 457 cod.
388 434 414 456 Ο.
437 434 501 462 XXI,
524 434 553 456 de
575 440 622 462 quo
648 434 739 461 egimus
765 439 835 461 supra
860 439 914 460 pag.

74 482 150 505 XLVll
168 488 190 504 n.
209 481 261 503 135.
278 494 308 497 -
333 481 379 503 Fol.
396 481 434 503 62.
451 487 470 503 r.
488 480 541 503 huic
560 480 673 508 opusculo
693 479 859 507 praemittitur:
879 479 915 501 In-

74 528 129 559 cipit
147 527 270 551 summula
291 533 367 550 aurea
384 527 549 550 Bonaventnre
566 526 593 549 de
609 525 723 556 aradibus
740 525 864 549 virtutum.
879 525 914 547 ln-

73 575 143 606 fimus
155 573 246 604 aradus
263 573 386 597 charitatis
403 577 446 596 etc.
463 573 547 596 Desinit
559 573 597 596 sol.
609 573 646 595 70.
658 579 677 595 r.
689 575 713 595 ut
731 572 751 595 in
768 571 914 600 praecedenti

74 621 159 645 codice.

139 669 171 691 l5.
193 667 354 695 Vindobonae,
372 667 508 690 bibliotheca
526 667 637 694 Palatina,
654 666 706 689 cod.
725 666 791 688 4171.
808 666 878 688 chart.
892 665 914 687 in

75 717 110 740 10].
126 721 185 738 saec.
202 715 253 738 XV.
270 727 301 731 —
318 715 365 737 Fol.
387 715 434 736 138.
452 721 475 736 ν.
492 714 587 742 legitur:
611 713 695 743 Incipit
718 718 814 736 summa
838 718 915 735 aurea

73 764 237 787 Bonaventw·e
254 761 282 785 de
292 760 408 791 aradibus
419 760 548 788 virtutum,
560 761 582 784 et
590 759 670 790 primo
681 759 778 789 ponitur
794 758 914 782 charitas:

73 809 171 840 Infimas
188 808 279 838 aradus
296 811 338 831 etc.
357 808 442 830 Desinit
460 808 497 830 sol.
514 807 594 829 ultimo
611 813 645 829 xz:
662 805 689 829 de
709 805 812 829 eiusdem
834 806 915 828 eterna

73 855 167 880 unione.
185 855 221 879 Ad
237 861 310 885 quam
326 860 370 878 nos
385 853 501 884 perducat
517 853 560 884 qui
573 853 623 877 sine
640 853 687 883 fine
707 852 764 875 civit
779 854 801 875 et
822 853 915 882 regnat.

73 903 155 927 Amen.
171 903 254 925 Amen.
271 902 353 925 Amen.
372 900 475 931 Explicit
491 906 587 924 summa
609 895 684 923 aurea
707 899 871 922 Bonaventnre
887 898 915 922 de

74 949 186 980 ¹aradibus
202 948 344 972 virtutum...
362 949 430 971 Anno
447 947 543 971 Domini
558 946 750 971 MCGCGXXXI.

135 997 172 1019 16.
189 995 287 1024 Ibidem,
306 996 358 1018 cod.
376 995 443 1018 4550.
462 996 533 1017 chart.
550 995 571 1017 in
590 995 611 1016 8.
628 1000 687 1017 saec.
705 994 755 1016 XV.
773 1006 804 1010 —
816 992 914 1015 Rubrica

76 1043 143 1067 huius
158 1043 265 1071 opusculi
281 1043 381 1065 occurrit
398 1043 436 1065 sol.
453 1042 507 1064 255.
528 1048 546 1063 r.
568 1041 659 1063 verbis:
686 1040 770 1069 Incipit
792 1039 915 1063 summula

73 1096 148 1113 arirea
165 1090 228 1113 Bone
249 1088 349 1112 Ventare
366 1088 394 1112 de
410 1087 525 1118 yraclibus
536 1087 668 1115 cirtutam;
686 1087 738 1109 hinc
749 1089 802 1115 post
813 1085 914 1109 tabulam

74 1137 201 1165 graduum:
220 1136 251 1159 Et
264 1135 344 1166 primo
360 1135 467 1165 seqnitur
485 1134 512 1158 de
529 1134 628 1158 caritate
645 1136 667 1157 et
683 1133 710 1157 de
726 1132 841 1163 yradibus
857 1132 915 1156 eius.

74 1183 171 1214 Infimus
188 1182 280 1213 aradus
296 1185 340 1205 etc.
364 1182 450 1205 Desinit
473 1183 510 1204 sol.
532 1182 585 1204 263.
602 1188 636 1204 r.:
662 1180 689 1204 de
706 1180 809 1204 eiusdem
834 1181 915 1203 eterna

73 1231 166 1255 unione.
183 1230 221 1254 Aa
237 1236 309 1260 quam
326 1235 370 1253 nos
390 1228 507 1259 perducat
524 1228 566 1258 qui
581 1228 631 1252 sine
647 1228 693 1258 fine
709 1227 766 1251 rvicit
787 1229 808 1250 et
829 1228 916 1257 reqnat

73 1279 135 1302 Deus
152 1278 176 1301 in
192 1277 273 1301 secula
289 1276 434 1300 seculorum.
460 1277 540 1299 Amen.
559 1276 587 1299 Et
610 1275 633 1298 in
655 1275 698 1298 hoc
719 1274 860 1298 terminatus
882 1275 916 1297 est

74 1323 175 1352 libellus,
193 1323 236 1353 qui
250 1323 337 1347 dicitur
354 1329 430 1346 aurea
446 1321 568 1346 summula
594 1321 621 1345 cle
646 1320 760 1351 ¹aradibus
785 1321 914 1348 virtutum,

73 1370 139 1402 finita
155 1370 215 1400 feria
231 1371 301 1393 semla
317 1370 371 1392 ante
388 1368 545 1392 dominicam:
564 1367 641 1396 Quasi
655 1367 724 1391 modo
742 1367 820 1397 qeniti.

137 1417 171 1440 17.
189 1416 289 1445 Ibidem,
306 1417 358 1439 cod.
377 1416 444 1438 4749.
463 1417 534 1438 chart.
560 1415 582 1437 in
609 1415 630 1436 ti.
646 1420 707 1437 saec.
730 1414 780 1436 XV.
802 1426 833 1430 —
858 1414 915 1436 Huic

73 1464 184 1493 opusculo
201 1463 353 1492 praemittitur
371 1465 471 1485 tantum:
490 1462 522 1485 De
538 1461 653 1485 charitate
672 1461 705 1483 tol⁴
725 1460 778 1483 204.
795 1467 827 1487 r.;
850 1460 914 1482 hinc:

73 1511 171 1541 Infimus
187 1509 279 1540 qradas
296 1509 420 1534 clun-itatis
436 1512 479 1532 etc.
497 1509 584 1532 Desinit
601 1508 702 1531 101210.
719 1514 750 1530 r.:
768 1507 795 1530 de
812 1507 915 1531 eiusdem

73 1560 153 1582 eterna
169 1558 264 1582 unione.
281 1557 318 1581 Ad
334 1563 407 1587 quam
423 1563 466 1580 nos
481 1556 598 1586 perducat
615 1556 656 1586 qui
676 1555 726 1579 sine
742 1556 789 1586 fine
813 1555 870 1578 civit
894 1556 916 1578 et

73 1607 157 1636 reqnat
173 1605 243 1628 Deus.
261 1605 343 1628 Amen.
361 1602 473 1633 Eoeplicit.

138 1652 172 1674 18.
201 1650 383 1681 Wolfenbuttae,
409 1650 546 1673 bibliotheca
568 1649 671 1676 Ducatts,
698 1649 750 1672 cod.
770 1649 843 1671 Helm.
861 1649 915 1671 552.

73 1700 143 1722 chart.
161 1698 184 1720 in
202 1698 222 1720 4.
240 1703 300 1720 saec.
317 1697 368 1720 XV.
385 1696 444 1719 circa
463 1696 573 1719 1110011110.
589 1708 620 1711 ——
645 1696 697 1718 Post
714 1695 859 1718 medietatem
877 1701 916 1718 vo-

74 1745 166 1768 luminis
187 1745 223 1767 101.
241 1750 264 1767 v.
281 1750 328 1766 non
345 1746 467 1766 numerato
485 1742 563 1771 incipit
580 1743 624 1764 1100
641 1743 779 1770 opusculum
800 1742 849 1764 sine
870 1742 915 1764 ullo

76 1792 142 1815 titulo
159 1794 181 1814 et
198 1791 294 1814 nomine
310 1790 423 1813 auctoris:
440 1789 546 1813 Accedite
563 1788 594 1812 ad
608 1788 737 1812 Dominam
758 1789 780 1811 et
794 1787 916 1811 illumina-

76 1838 136 1862 mini
151 1841 193 1861 etc.
211 1839 292 1866 Magna
309 1843 363 1866 pars
379 1837 483 1865 opusculi
501 1837 572 1859 deest.

138 1886 175 1908 19.
196 1883 374 1912 Wratislauiae,
394 1883 530 1906 bibliotheca
551 1883 721 1911 Universitatis⁷
738 1883 789 1905 cod.
812 1883 826 1905 l.
850 1882 915 1905 class.

76 1933 99 1955 in
115 1933 153 1955 101.
170 1932 223 1955 234.
241 1933 312 1954 chart.
329 1937 390 1954 saec.
407 1931 458 1953 XV.
475 1943 505 1946 ——
522 1930 664 1958 Opusculum
681 1929 759 1958 incipit
777 1930 815 1952 sol.
827 1929 881 1952 220.
897 1935 916 1951 r.

74 1986 127 2003 cuni
144 1978 250 2002 rubrica:
267 1978 380 2008 Sequitur
396 1977 518 2001 summula
535 1983 610 2000 aurea
627 1976 654 2000 de
670 1976 785 2006 aradibus
799 1976 917 2000 virtutum

74 2024 136 2048 edita
152 2024 181 2048 ab
198 2025 295 2047 auctore
312 2023 392 2047 devoto
410 2022 506 2046 domino
526 2023 644 2046 Vonacem
667 2028 728 2046 cara
751 2022 800 2052 (sic)
826 2021 916 2045 ordinis

75 2072 192 2095 Fratrum
208 2071 338 2094 Minoi-um.
357 2070 456 2100 Infimus
473 2069 564 2099 yradus
581 2069 704 2093 charitatis
721 2072 763 2092 etc.
776 2069 863 2092 Desinit
880 2069 916 2091 tol.

74 2119 126 2141 226.
145 2125 182 2141 v.:
199 2117 226 2141 de
243 2117 346 2141 eiusdem
362 2118 443 2140 eterna
460 2116 553 2140 unione.
571 2115 607 2139 Ad
628 2122 702 2146 quam
723 2122 766 2139 nos
785 2115 917 2145 perducere

75 2165 208 2195 dignetur...
225 2163 329 2194 Eaeplicit
339 2163 463 2187 summula
474 2169 551 2187 aurea
562 2163 590 2186 de
601 2162 715 2193 gradibus
727 2162 843 2186 virtutum
855 2162 917 2186 edita

77 2217 93 2234 a
107 2210 236 2235 venerabili
251 2210 346 2234 doctore
362 2216 430 2234 sacre
447 2209 560 2239 tlteoloqie
577 2210 643 2233 Bona
663 2209 774 2232 Ventura.

137 2259 173 2281 20.
192 2257 291 2286 Ibidem,
308 2258 359 2281 cod.
377 2258 415 2280 lV.
432 2257 497 2280 class.
515 2257 536 2279 in
554 2257 591 2279 tol.
616 2256 668 2279 185.
693 2257 763 2279 chart.
781 2263 841 2279 saec.
866 2257 918 2280 XV.

75 2305 180 2328 ineuntis.
196 2318 227 2322 —
243 2305 289 2328 Fol.
308 2305 360 2327 179.
378 2311 414 2327 v.:
433 2304 516 2334 Incipit
527 2303 649 2327 summula
660 2310 736 2327 aurea
752 2304 918 2327 Bonacenture

76 2351 103 2376 de
119 2351 232 2382 aradibus
248 2351 365 2375 virtutum
383 2352 497 2375 tractans.
515 2350 583 2374 Altus
595 2350 686 2380 aradus
704 2350 827 2374 charitatis
841 2351 875 2373 est
886 2349 918 2373 di-

78 2398 148 2429 liam-e
164 2398 268 2423 amicum
285 2401 327 2421 etc.
345 2398 431 2421 Desinit
457 2398 494 2420 sol.
518 2397 570 2419 183.
595 2403 630 2420 xz:
655 2396 682 2420 de
707 2396 810 2420 eiusdem
836 2398 917 2420 eterna

77 2446 170 2469 unione.
186 2445 223 2469 Ad
239 2452 312 2476 quam
327 2451 371 2468 nos
387 2443 502 2474 perducat
519 2443 560 2473 qui
574 2443 624 2467 sine
640 2444 687 2474 fine
702 2447 745 2466 etc.

138 2541 151 2569 §3
169 2540 189 2563 4.
207 2539 306 2563 Collatia
323 2539 351 2562 de
367 2539 501 2568 contempta
517 2537 613 2561 saeculi.

139 2587 216 2616 000113
232 2588 289 2610 11300
299 2586 378 2614 incipit
390 2585 480 2608 verbis:
496 2594 506 2606 a
517 2585 582 2612 Nota,
593 2587 682 2613 septem
694 2587 747 2607 sunt
758 2585 780 2607 in
796 2584 884 2607 mundo
896 2593 917 2606 n.

79 2634 113 2658 Ab
124 2634 214 2658 Oudino
227 2633 398 2663 (commentarit
418 2635 461 2655 etc.
477 2632 519 2655 col.
539 2631 592 2660 420)
610 2634 679 2660 atque
696 2637 709 2653 a
726 2630 834 2653 Sbaralea
852 2631 917 2659 (Sup-

79 2681 184 2708 plement.
195 2683 237 2703 etc.
257 2686 279 2708 p.
294 2680 348 2708 151)
361 2682 467 2702 censetur
481 2684 506 2701 ea
516 2684 567 2701 esse
576 2677 660 2708 diana,
672 2684 733 2706 quae
745 2678 919 2700 Bonaventurae

79 2726 226 2754 attribuatur,
243 2733 255 2749 a
268 2727 353 2750 Bonelli
374 2726 505 2755 (ΡΙ-0111001.
522 2725 563 2747 col.
583 2725 638 2754 566)
655 2726 732 2753 certa,
746 2724 776 2747 ab
792 2724 919 2747 editoribus

79 2779 134 2796 vero
151 2774 244 2796 Venetis
260 2773 385 2800 (Diatribae
401 2778 455 2800 pag.
472 2772 511 2800 90)
528 2770 607 2794 duln'a.

141 2821 220 2849 Quoad
240 2822 280 2843 has
297 2820 418 2843 sententias
441 2819 587 2842 observanda
613 2821 666 2841 sunt
687 2818 802 2847 quaedam
824 2817 855 2840 ab
872 2817 920 2839 istis

81 2867 135 2890 vir1s
151 2874 197 2890 non
216 2867 349 2896 ponderata.
367 2867 454 2894 Primo,
473 2867 517 2889 hoc
533 2866 670 2894 opusculum
682 2867 810 2887 contextum
828 2864 921 2886 estsere

81 2914 167 2943 integre
183 2921 209 2937 ex
222 2915 277 2937 locis
293 2914 389 2937 aliorum
402 2916 534 2940 auctorum,
546 2913 609 2942 quod
625 2918 653 2935 ex
665 2911 741 2934 multis
758 2911 816 2933 notis
830 2913 921 2933 nostrae

82 2961 184 2984 editionis
207 2962 251 2984 iam
274 2961 328 2984 satis
350 2963 457 2989 apparet;
484 2960 506 2982 in
524 2960 631 2982 Vaticana
654 2962 731 2982 autem
753 2958 852 2981 editione
876 2961 921 2980 tres

972 296 1060 316 tantum
1077 294 1120 316 loci
1137 294 1166 316 ad
1184 294 1312 322 marginem
1329 294 1389 317 citati
1401 297 1461 317 sunt.
1479 294 1524 317 Sed
1536 297 1626 322 praeter
1643 294 1706 316 locos
1724 293 1767 316 iam
1781 294 1815 316 in-

972 343 1052 363 ventos
1069 347 1095 363 ex
1113 341 1161 369 ipsa
1179 341 1275 363 aliarum
1287 341 1451 364 sententiarum
1469 343 1543 364 forma
1560 345 1581 363 et
1594 341 1731 363 inductionis
1748 346 1814 368 argu-

972 390 1049 409 mento
1066 387 1121 409 certi
1133 393 1227 414 sumus,
1243 387 1298 410 alias
1310 393 1355 410 non
1372 393 1458 416 paucas
1470 387 1638 415 propositiones
1650 392 1700 409 esse
1717 386 1814 408 aliorum

971 436 1101 456 auctorum.
1120 433 1178 456 Cum
1204 434 1264 456 enim
1283 434 1304 456 in
1322 433 1398 456 libello
1422 434 1465 456 isto
1485 440 1528 456 non
1552 433 1681 456 indicentur
1697 435 1814 459 auctores,

972 480 1033 502 unde
1051 480 1106 502 istae
1123 481 1167 503 sint
1184 484 1285 508 sumtae,
1303 480 1446 509 impossibile
1462 486 1532 508 saepe
1548 483 1583 503 est
1599 486 1625 503 ex
1648 486 1731 508 campo
1749 479 1814 508 quasi

972 527 1059 549 infinito
1077 527 1224 556 antiquorum
1236 527 1265 550 de
1277 527 1379 550 asceticis
1394 527 1464 554 nebus
1481 527 1619 555 scriptorum
1636 527 1766 549 coniectura
1785 526 1814 548 in-

971 574 1051 596 venire
1068 577 1199 601 auctorem,
1216 574 1238 596 in
1255 580 1302 603 quo
1319 574 1452 603 quaerenda
1468 574 1513 596 sint
1530 575 1587 596 haec
1603 574 1677 596 effata.
1689 585 1720 590 —
1736 573 1814 600 Porro,

971 621 1024 643 inde
1041 621 1109 643 etiam
1127 624 1200 648 patet,
1217 627 1264 643 non
1286 627 1354 649 posse
1366 621 1472 657 'iudicari
1495 621 1524 643 de
1546 621 1597 643 stilo
1619 620 1758 648 collectoris,
1775 620 1815 649 qui

971 673 1045 695 pauca
1063 669 1150 689 tantum
1168 667 1238 689 verba
1257 667 1353 690 aliorum
1370 667 1425 689 locis
1441 667 1538 690 addidit.

1034 714 1152 741 Secundo,
1168 714 1243 742 opella
1260 720 1304 736 non
1322 717 1356 736 est
1367 713 1410 736 nisi
1429 719 1518 736 merum
1536 715 1702 741 fragmentum,
1715 719 1815 741 praeser-

971 761 1011 784 tim
1029 761 1048 783 si
1060 764 1161 783 meretur
1172 767 1256 783 nomen
1273 760 1418 788 collationis,
1431 767 1478 789 quo
1496 760 1589 782 nomine
1606 760 1640 782 illa
1658 762 1731 782 aetate
1748 765 1816 788 quae-

971 808 1025 831 dam
1050 807 1136 837 species
1161 814 1295 830 sermonum
1321 806 1493 835 appellabatur,
1517 813 1578 836 quae
1602 808 1658 829 hora
1684 806 1814 834 vespertina

971 859 1041 884 atque
1058 856 1080 877 in
1099 856 1171 878 forma
1195 856 1271 883 magis
1289 855 1392 877 familiari
1418 854 1497 876 haberi
1514 853 1609 876 solebat.
1631 854 1713 875 Forma
1736 856 1813 875 autem

972 905 1079 924 consueta
1097 901 1252 925 collationum
1264 901 1367 929 penitus,
1393 904 1418 924 ut
1437 903 1511 929 patet,
1533 900 1609 928 deest;
1631 900 1682 922 111110
1703 899 1733 922 ad
1755 905 1816 921 sum-

972 955 1036 972 murn
1054 949 1098 971 dici
1117 950 1192 976 potest
1207 948 1371 978 fraymentam
1389 947 1522 970 collationis.
1538 947 1596 969 Fieri
1614 946 1708 975 quidem
1726 945 1813 973 potuit,

972 998 996 1018 ut
1013 996 1035 1017 S.
1054 996 1212 1018 Bonaventura
1229 995 1279 1017 sive
1295 995 1353 1017 alius
1370 994 1514 1022 praedicator
1531 993 1559 1016 de
1579 996 1713 1021 contemptu
1735 992 1815 1015 mundi

971 1042 1113 1065 collationem
1131 1041 1263 1070 habiturus,
1280 1042 1343 1064 locos
1359 1041 1408 1064 illos
1424 1041 1540 1069 paraverit
1555 1043 1577 1063 et
1592 1040 1678 1068 scripto
1695 1040 1814 1062 notaverit.

972 1089 1018 1111 Alia
1037 1089 1097 1111 enim
1115 1088 1256 1116 suppositio,
1280 1088 1343 1117 quod
1361 1088 1443 1116 aliquis
1467 1087 1599 1110 auditorum
1619 1093 1646 1109 ex
1671 1093 1710 1109 ore
1727 1086 1816 1114 praedi-

971 1136 1044 1159 cantis
1061 1135 1198 1164 principales
1215 1135 1340 1157 sententias
1356 1134 1470 1162 exceperit
1486 1134 1535 1156 sive
1551 1133 1709 1163 reportaverit
1729 1133 1763 1160 (ut
1785 1133 1816 1155 di-

972 1183 1090 1212 cebatur),
1107 1183 1170 1212 quod
1188 1182 1336 1210 praedicante
1358 1182 1517 1204 Bonaventura
1535 1181 1672 1209 plerumque
1695 1180 1744 1202 fieri
1760 1180 1816 1202 sole-

972 1231 1022 1259 bat,
1040 1230 1107 1253 nobis
1125 1230 1200 1252 minus
1217 1228 1354 1251 verosimilis
1371 1228 1470 1250 videtur.

1035 1277 1124 1305 Tertio,
1141 1278 1241 1305 quatuor
1257 1275 1349 1298 codices
1366 1275 1424 1297 intra
1441 1274 1511 1296 notati
1528 1276 1581 1296 sunt
1597 1273 1675 1301 scripti
1693 1273 1714 1294 in
1732 1273 1815 1300 princi-

972 1324 1010 1352 pio
1028 1330 1087 1347 saec.
1105 1323 1170 1350 XVl,
1188 1325 1311 1351 postquam
1329 1322 1374 1344 iam
1392 1328 1428 1343 an.
1445 1320 1504 1343 1495
1521 1320 1590 1343 editio
1608 1320 1730 1347 argentina
1755 1319 1815 1341 illam

972 1371 1115 1394 collationem
1133 1369 1194 1398 typis
1211 1371 1364 1397 expresserat,
1376 1368 1405 1390 ita
1423 1370 1447 1390 ut
1464 1373 1491 1389 ex
1507 1367 1588 1389 eadem
1607 1366 1692 1389 librarii
1709 1366 1815 1388 codicum

972 1417 1046 1445 ipsam
1065 1415 1217 1439 transcribere
1234 1415 1369 1443 potuissent.
1387 1414 1457 1437 Etiam
1475 1414 1579 1440 indiculi,
1596 1413 1636 1442 ([01
1657 1413 1754 1441 opellam
1776 1413 1816 1435 Bo·

972 1466 1114 1486 naventurae
1131 1462 1267 1490 attribuunt,
1286 1461 1400 1490 pertinent
1416 1461 1445 1483 ad
1462 1466 1522 1483 saec.
1540 1460 1599 1482 XVl.
1617 1460 1673 1482 Hinc
1691 1462 1764 1487 patet,
1781 1465 1816 1481 ex-

972 1511 1055 1533 teriora
1072 1511 1129 1532 haec
1146 1508 1275 1532 testimonia
1292 1508 1360 1530 valde
1376 1507 1459 1530 debilia
1476 1513 1534 1529 esse.
1550 1519 1581 1522 —
1596 1506 1655 1529 Haec
1672 1506 1749 1528 omnia
1766 1511 1816 1528 con-

972 1557 1111 1584 siderantes,
1129 1556 1183 1579 nihil
1200 1555 1255 1578 certi
1273 1555 1302 1578 de
1322 1558 1416 1577 auclore
1433 1554 1539 1582 opusculi
1561 1553 1654 1576 iudicari
1678 1560 1745 1581 posse
1767 1559 1817 1576 cen-

972 1611 1057 1627 semus.

1035 1652 1126 1673 Praeter
1143 1653 1294 1672 memoratam
1312 1649 1349 1671 ed.
1366 1648 1484 1677 Argentin.
1501 1647 1590 1670 libellus
1601 1648 1623 1670 in
1640 1648 1715 1670 lucem
1733 1648 1817 1676 prodiit

973 1698 996 1720 in
1012 1697 1050 1720 ed.
1067 1697 1154 1720 Veneta
1171 1703 1208 1719 an.
1226 1696 1286 1718 1504
1305 1699 1326 1718 01
1338 1695 1443 1724 pluribus
1459 1694 1661 1724 subsequentibus.
1680 1694 1766 1717 Versus
1783 1697 1816 1717 est

973 1745 1040 1768 etiam
1058 1744 1081 1766 in
1097 1744 1188 1772 linguas
1205 1743 1317 1770 italicam,
1334 1742 1480 1770 Hispanicam
1498 1744 1521 1764 et
1537 1741 1675 1764 Lusitanam.

1035 1790 1145 1814 Codicem
1163 1789 1312 1812 Parisiensem
1330 1789 1434 1818 duasque
1456 1788 1568 1811 editiones
1585 1788 1684 1810 Venetas
1700 1794 1753 1810 011111
1772 1787 1816 1810 Va-

973 1838 1046 1860 ticana
1059 1837 1204 1860 contulimus.

1251 1928 1387 1959 Elenchus
1408 1927 1537 1958 codicum.

1038 2025 1058 2046 1.
1076 2023 1188 2051 Parisiis,
1206 2022 1344 2045 bibliotheca
1361 2022 1511 2049 Mazzarinea,
1528 2022 1581 2044 cod.
1600 2022 1653 2043 902.
1671 2022 1742 2043 chart.
1760 2021 1781 2043 in
1796 2021 1817 2042 8.

974 2077 1034 2094 saec.
1051 2071 1111 2093 XVl.
1129 2070 1240 2097 ineuntis,
1257 2072 1281 2092 ut
1303 2069 1348 2091 iam
1374 2069 1539 2097 descripsimus
1560 2074 1630 2096 supra
1651 2074 1705 2096 pag.
1729 2068 1773 2090 XX
1796 2074 1817 2089 n.

974 2118 1028 2140 196.
1045 2130 1075 2133 -
1092 2117 1190 2140 Rubrica
1208 2117 1277 2139 huius
1295 2116 1400 2144 opusculi
1418 2118 1452 2138 est
1474 2116 1511 2138 101.
1528 2116 1580 2138 101.
1598 2121 1621 2137 v.
1640 2115 1673 2137 sic
1697 2120 1817 2143 expressa:

974 2164 1058 2195 Incipit
1075 2164 1170 2188 collatio
1181 2163 1259 2187 sancti
1276 2164 1440 2186 Bonavenlure
1451 2162 1479 2186 de
1492 2163 1627 2192 contemptu
1638 2161 1730 2185 mundi.
1741 2161 1816 2189 Nota,

973 2214 1061 2242 septem
1077 2213 1134 2235 sunt
1150 2211 1175 2234 in
1191 2210 1280 2234 mundo
1297 2212 1340 2233 etc.
1361 2210 1447 2232 Desinit
1465 2210 1502 2232 sol.
1526 2209 1581 2237 104,
1599 2209 1690 2232 addito:
1713 2207 1817 2238 Explicit

974 2257 1069 2282 collatio
1086 2257 1164 2281 sancti
1179 2258 1344 2280 Bonaventure
1361 2256 1388 2279 de
1410 2256 1544 2285 contemptu
1566 2254 1656 2278 viandi.
1673 2267 1704 2271 —
1721 2255 1752 2277 Ex
1774 2255 1818 2276 hoc

974 2306 1023 2328 solo
1040 2305 1122 2328 codice
1138 2305 1214 2327 varias
1231 2304 1339 2326 lectiones
1355 2303 1484 2326 referimus.

1037 2353 1058 2374 2.
1076 2350 1212 2379 Bruoeellis,
1228 2350 1367 2373 bibliotheca
1384 2349 1468 2378 Regia,
1486 2349 1539 2372 cod.
1562 2349 1631 2371 4615.
1651 2349 1721 2370 chart.
1739 2348 1761 2370 in
1781 2348 1816 2369 16.

974 2405 1034 2422 saec.
1059 2398 1128 2421 XVll.
1146 2397 1252 2420 ineuntis.
1269 2410 1297 2413 -—
1316 2396 1460 2425 Opusculum
1478 2398 1512 2418 est
1532 2396 1570 2418 sol.
1587 2395 1625 2417 91.
1642 2401 1661 2417 r.
1681 2394 1725 2417 sub
1742 2394 1817 2417 titulo:

974 2445 1059 2475 Incipit
1070 2444 1164 2469 collatio
1175 2444 1253 2468 sancti
1263 2444 1428 2467 Bonaventure
1439 2442 1466 2466 de
1478 2444 1612 2472 contempta
1623 2441 1714 2465 mundi.
1725 2441 1818 2472 Septem

974 2493 1031 2516 sunt
1047 2491 1071 2514 in
1087 2491 1177 2514 mundo
1195 2494 1239 2514 etc.
1254 2491 1341 2513 Desinit
1358 2491 1395 2513 fol.
1414 2490 1465 2512 100.
1490 2496 1512 2512 ν.
1530 2496 1584 2512 cum
1601 2489 1732 2512 additione:
1755 2489 1818 2513 Finit

975 2538 1068 2562 collatio
1086 2538 1113 2561 de
1130 2539 1263 2568 contemptu
1279 2537 1359 2561 seculi.

1038 2586 1059 2608 3.
1076 2584 1196 2608 Monachii
1216 2584 1239 2606 in
1264 2584 1372 2612 Bavaria,
1390 2583 1527 2606 bibliotheca
1553 2583 1638 2611 Regia,
1656 2583 1708 2606 cod.
1735 2584 1818 2606 11923.

975 2632 1020 2655 1310
1038 2631 1166 2659 descriptus
1183 2636 1253 2658 supra
1271 2636 1325 2659 pag.
1347 2630 1435 2653 LXXlll
1453 2636 1476 2652 11.
1499 2630 1539 2652 36.
1555 2642 1585 2646 -
1609 2630 1657 2652 Hoc
1679 2630 1817 2658 opusculum

975 2682 1009 2702 est
1026 2679 1063 2701 101.
1082 2678 1134 2700 196.
1159 2684 1177 2700 r.
1203 2677 1246 2700 sub
1263 2676 1371 2699 rubrica:
1401 2675 1500 2699 Collatio
1526 2675 1554 2699 de
1579 2676 1712 2705 contemptu
1737 2675 1817 2699 seculi.

975 2724 1088 2748 Convenit
1104 2730 1157 2746 0010
1175 2723 1241 2746 editis
1258 2725 1280 2745 et
1297 2722 1380 2745 desinit
1396 2722 1433 2745 101.
1451 2722 1504 2744 199.
1521 2728 1544 2744 v.

1039 2771 1061 2793 li.
1081 2769 1243 2798 Vindobonae,
1264 2769 1401 2792 bibliotheca
1424 2769 1536 2796 Palatina,
1559 2769 1610 2792 cod.
1633 2769 1701 2792 3634.
1725 2769 1818 2792 miscell.

976 2818 999 2840 in
1017 2818 1038 2839 8.
1055 2823 1116 2839 saec.
1133 2816 1193 2838 XVl.
1210 2815 1317 2838 ineuntis.
1334 2827 1365 2832 —
1381 2816 1427 2838 Fol.
1445 2815 1497 2838 220.
1516 2821 1534 2838 r.
1552 2815 1646 2843 legitur:
1670 2815 1753 2845 Incipit
1775 2816 1819 2839 col-

977 2863 1033 2888 latio
1050 2863 1128 2887 sancti
1144 2863 1308 2886 Bonaventure
1325 2862 1352 2885 de
1376 2863 1510 2892 contemptu
1535 2861 1616 2886 seculi.
1633 2862 1707 2890 Nota,
1732 2864 1818 2892 septeni

977 2911 1032 2934 sunt
1049 2909 1073 2932 in
1090 2908 1185 2932 mundo.
1204 2909 1288 2931 Desinit
1305 2909 1342 2931 101.
1359 2908 1412 2931 225.
1429 2915 1463 2931 r.:
1482 2907 1625 2939 fiducialiter
1642 2908 1752 2938 futuram
1772 2908 1820 2938 ylo-

977 2956 1040 2980 riam
1055 2955 1192 2986 prestolari.
1210 2957 1291 2979 Amen.
1308 2956 1390 2979 Amen.
