2133 3317
277 222 375 252 XCVIII

341 301 378 323 17.
396 300 495 328 Ibidem,
515 299 652 322 bibliotheca
670 298 843 324 Universitatis,
859 297 912 319 cod.
930 298 952 319 2.
975 297 1047 319 chart.
1065 297 1087 319 in
1106 298 1127 319 8.

277 354 338 371 saec.
356 348 407 370 XV.
425 347 537 369 exeuntis.
553 358 584 362 —
601 346 647 368 Fol.
669 346 686 367 1.
704 351 722 367 r.
734 345 830 372 legitur:
844 343 927 373 Incipit
938 343 1064 373 speculum
1075 349 1128 367 san-

278 395 310 419 cti
326 395 498 418 Bonarenture.
517 393 553 416 Ad
569 393 715 416 honestatem
732 391 850 415 tendentes
867 394 911 414 etc.
928 391 1014 414 Desinit
1026 391 1062 413 tol.
1079 391 1128 413 160.

278 449 302 465 v,
318 449 370 470 cap.
392 442 409 464 1.
424 441 495 469 partis
506 442 531 463 ll.
548 447 570 463 n.
583 440 603 462 6.
617 439 706 462 verbis:
725 438 849 462 oculorum
863 438 958 467 vacatio
971 437 1127 468 reprimatur,

279 491 304 513 ut
322 495 388 512 mens
404 488 434 512 ab
451 487 568 511 eaeterz'ori
584 493 644 510 curu
661 486 754 516 penitus
772 485 870 508 libera...

343 538 378 559 18.
397 535 508 565 Neapoli,
535 534 675 557 bibliotheca
693 533 827 562 11011011111157
845 533 897 555 cod.
914 533 961 555 Vll.
977 533 1003 555 G.
1023 532 1058 554 15.
1083 532 1128 554 iam

279 584 408 612 descriptus
425 589 495 611 supra
512 589 567 610 pag.
584 582 679 604 LXXIX
697 588 720 603 n.
738 582 774 603 33.
792 593 823 597 —
834 581 881 603 Fol.
893 581 932 603 31.
943 586 973 602 r.:
987 579 1071 610 Incipit
1081 586 1129 609 spe-

280 631 362 654 culum
373 629 495 659 discipline
507 629 595 652 editum
607 635 622 651 a
635 628 700 652 beato
713 628 883 651 Bonaventura
894 627 985 651 ordinis
997 627 1128 651 Minoi-um.

280 678 367 700 Desinit
385 677 421 699 fol.
441 677 477 699 49.
494 683 527 699 r.:
543 675 645 699 Domino
659 676 794 705 prestante,
813 674 853 698 cui
869 676 903 698 est
919 674 995 698 honor
1012 676 1035 698 et
1050 674 1130 704 yloria

280 725 303 747 in
321 724 400 748 secula
418 723 562 747 seculorum.
581 723 663 746 Amen.

345 772 381 794 19.
401 770 501 799 Osconii,
528 770 667 792 bibliotheca
692 770 830 796 Bodleiana,
855 769 958 791 collectio
987 769 1131 797 Rawliuson,

281 820 332 842 cod.
350 819 375 841 C.
393 819 445 841 320.
472 818 566 840 miscell.
592 817 615 839 in
634 817 654 839 4.
673 823 733 839 saec.
759 817 811 839 XV.
827 829 858 832 —
875 817 922 839 Fol.
940 816 977 838 44.
995 823 1017 838 v.
1036 816 1132 844 legitur:

282 866 365 896 Incipit
387 865 507 895 prologus
530 865 583 894 (alla
609 871 693 887 manus
718 864 794 887 addit:
812 863 897 887 Sancti
912 864 1090 891 Bonavenlure)
1108 863 1133 886 in

281 913 405 943 speculum
421 912 543 942 discipline
560 912 592 935 acl
608 911 716 935 novitios.
734 911 771 935 Ad
787 911 884 934 honesta
902 910 1020 934 tendentes
1037 911 1133 933 010.Βο-

282 961 335 984 sinit
351 962 388 983 tol.
407 961 444 983 87.
462 967 480 982 r.
493 966 547 983 cum
560 961 602 982 hac
614 959 744 982 additione:
757 958 851 988 Raptim
863 959 993 981 exaratum
1005 959 1027 981 et
1038 957 1063 981 in
1074 957 1133 981 scri-

278 1007 327 1037 ptis
345 1007 469 1030 reductum
483 1013 528 1036 per
546 1012 645 1036 operum
658 1005 804 1035 pauperculi
818 1004 904 1035 fratris
921 1004 1026 1028 Donaldi
1046 1004 1134 1028 Yealia-

284 1056 341 1086 layn
350 1061 396 1086 pro
409 1054 579 1078 communitate
589 1054 697 1083 fratrum
709 1053 831 1076 Minoi-um
843 1052 871 1075 de
882 1052 1009 1076 Atlzclatees
1022 1052 1133 1081 (Athdora

284 1103 305 1125 in
324 1102 442 1131 Hibernia)
461 1100 539 1126 4482.

347 1150 384 1171 20.
402 1149 509 1178 Praene,
523 1148 661 1171 bibliotheca
673 1148 843 1174 UniversItatis,
856 1147 907 1169 cod.
920 1147 959 1169 XI.
971 1147 997 1169 A.
1012 1147 1051 1173 10,
1064 1152 1133 1174 quem

284 1197 418 1220 notavimus
435 1203 505 1225 supra
523 1202 578 1224 pag.
595 1196 633 1217 LV
651 1202 673 1218 n.
692 1196 729 1218 82.
747 1208 777 1212 —
794 1196 842 1217 Hoc
859 1201 919 1223 opus
931 1195 1012 1222 incipit
1028 1194 1065 1216 fol.
1082 1193 1134 1216 317,

285 1251 315 1272 1.,
334 1244 461 1272 praemissa
479 1243 584 1266 rubrica:
602 1242 731 1272 Speculum
753 1241 876 1271 discipline
898 1241 1076 1271 reliqiosorunz.
1100 1239 1137 1263 Ad

285 1292 385 1316 honesta
397 1291 514 1315 tendentes
527 1295 572 1313 etc.
583 1290 669 1313 Desinit
683 1290 718 1312 tol.
732 1290 784 1312 345.
798 1296 820 1311 v.
832 1288 924 1311 verbis:
938 1288 967 1312 Et
977 1287 1012 1311 sic
1029 1289 1064 1311 est
1073 1287 1135 1317 linis.

348 1340 386 1361 21.
405 1339 503 1366 Romae,
523 1338 660 1360 bibliotheca
678 1337 800 1363 Vaticana,
814 1336 866 1359 cod.
878 1325 1060 1358 7827Jmemb1:
1073 1341 1134 1357 saec.

288 1387 348 1409 XlV.
367 1386 476 1409 exeuntis.
495 1398 525 1401 —
541 1385 587 1407 Ful.
605 1385 626 1407 7.
644 1391 663 1407 r.
680 1387 714 1406 est
731 1390 831 1412 sequens
856 1383 965 1405 rubrica:
990 1384 1017 1405 In
1042 1382 1137 1405 nomine

286 1435 367 1457 sancte
383 1435 405 1456 et
426 1432 545 1456 individue
573 1431 707 1459 Trinitatis,
733 1430 865 1454 beatissime
889 1429 990 1459 uirentis
1016 1429 1092 1453 Mai-ie
1117 1431 1137 1452 et

288 1481 395 1505 oninium
412 1482 552 1504 sanctorum
575 1479 658 1509 incipit
674 1479 740 1507 liber,
758 1478 799 1508 qui
814 1478 901 1501 dicitur
924 1477 1048 1507 speculum
1069 1476 1137 1500 disci-

285 1528 351 1559 pline
365 1535 410 1558 per
427 1528 531 1558 fratrem
557 1528 751 1550 Bouarenturam
776 1526 868 1550 ordinis
893 1525 1016 1549 Minoi-um
1041 1524 1137 1548 editum.

288 1575 417 1605 Speculum
443 1575 565 1604 discipline
589 1574 622 1597 ad
646 1574 742 1597 honesta
761 1577 804 1596 etc.
821 1574 908 1596 Desinit
924 1574 961 1596 sol.
980 1574 1017 1595 38.
1034 1579 1056 1595 v.
1073 1575 1096 1595 ut
1115 1573 1138 1594 in

289 1623 363 1646 editis.

352 1671 389 1692 22.
408 1669 502 1697 Ibidem.
516 1670 567 1692 cod.
579 1669 653 1697 7690,
665 1669 695 1691 de
707 1675 755 1697 quo
766 1668 858 1695 egimus
870 1674 940 1696 supra
956 1673 1010 1695 pag.
1026 1667 1139 1689 LXXXlll
1148 1670 1153 1675 ⁴

289 1725 310 1740 n.
329 1718 365 1740 ’31.
383 1730 413 1733 -
425 1718 473 1739 1100
490 1723 550 1744 opus
568 1716 645 1744 incipit
665 1716 701 1738 sol.
718 1716 766 1737 159.
780 1722 805 1743 r.,
818 1715 875 1737 utin
889 1714 1036 1742 praecedenti
1047 1713 1138 1736 codice:

289 1766 317 1787 lii
334 1764 430 1787 nomine
446 1767 488 1786 etc.
507 1763 603 1786 editum.
625 1762 658 1786 Ad
675 1762 773 1785 honesta.
790 1761 916 1785 tendentes.
934 1761 1021 1783 Desinit
1034 1761 1070 1783 sol.
1085 1761 1138 1782 ⁶208.

289 1817 316 1838 r.,
329 1810 367 1833 ubi
380 1811 484 1833 additur:
497 1810 603 1840 Eoeplicit
614 1809 737 1839 speculum
749 1808 878 1838 <lucifluae
890 1809 937 1831 Deo
947 1808 1049 1838 qratias.
1058 1808 1140 1831 .›1ntcn.

699 1856 838 1879 bibliotheca
867 1856 982 1883 Civitatis,
1010 1856 1063 1879 cod.
1088 1855 1142 1878 249..

290 1905 390 1928 membr.
407 1906 430 1927 in
449 1906 470 1928 4.
481 1911 542 1927 saec.
554 1905 606 1927 XV.
617 1905 665 1927 iam
677 1906 769 1927 notatus
781 1910 851 1932 supra
864 1910 918 1932 pag.
930 1903 1047 1925 LXXXlXv
1064 1910 1086 1925 n.
1104 1904 1142 1926 58.

291 1965 321 1969 —
339 1953 429 1975 'situlus
446 1953 515 1975 huius
533 1952 611 1980 operis
628 1954 662 1974 est
679 1952 717 1974 sol.
738 1952 755 1973 1,
773 1958 792 1973 r.
809 1951 901 1973 verbis:
922 1950 1006 1980 Incipit
1023 1950 1142 1980 111-0109113

353 1859 390 1881 23.
413 1857 497 1881 Sancti
524 1857 670 1885 Audomari,

291 2002 316 2025 in
332 2001 455 2031 speculum
482 2000 604 2030 discipline
626 2005 668 2023 seu
686 1998 792 2022 libellum
809 1998 836 2021 de
857 1998 963 2021 ‘minimis
988 1997 1020 2021 ad
1042 1997 1143 2020 nociti'os

294 2049 372 2072 sancti
387 2049 562 2071 Bonaeenture.
579 2046 709 2076 Speculum
726 2045 847 2075 discipline
865 2048 907 2067 etc.
926 2045 1012 2067 Desinit
1034 2051 1088 2067 cum
1105 2044 1143 2066 ad-

292 2096 391 2119 ditione:
409 2094 514 2125 Erplicit
529 2094 653 2124 speculum
669 2093 791 2123 discipline
808 2092 840 2115 ad
856 2092 966 2116 novitios.

355 2143 392 2165 24.
412 2142 492 2170 Toleti,
506 2141 644 2164 bibliotheca
657 2141 762 2169 Capituli,
775 2140 827 2163 cod.
839 2140 885 2163 Cai.
899 2140 920 2162 9.
932 2146 995 2162 num⁴
1009 2140 1031 2162 8.
1043 2139 1142 2162 membr.

293 2191 314 2213 in
334 2191 355 2213 S.
372 2196 432 2212 saec.
450 2189 503 2212 XV.
519 2200 550 2205 —
567 2189 613 2210 Fol.
632 2187 669 2210 48.
685 2194 717 2210 r.:
734 2188 760 2210 Iu
778 2187 873 2210 nomine
890 2187 970 2210 sancte
987 2188 1009 2209 et
1025 2185 1144 2209 initii-fictae

296 2237 431 2262 Trinitatis.
450 2236 581 2260 beatissime
592 2234 699 2265 'rirqinis
715 2236 737 2258 et
753 2234 862 2258 omnium
873 2236 1014 2257 sanctorum
1026 2233 1109 2263 incipit
1120 2232 1145 2255 li-

295 2285 342 2313 ber,
361 2285 402 2315 qui
418 2284 505 2308 dicitnr
521 2283 643 2313 speculum
668 2282 797 2312 discipline.
819 2281 949 2311 Speculum
970 2280 1092 2310 discipline
1113 2280 1145 2303 ad

295 2334 392 2357 honesta
410 2336 454 2355 ctc.
472 2331 557 2354 Desinit
575 2332 612 2354 101,
630 2331 682 2353 119.
700 2337 724 2352 v.
741 2329 832 2352 verbis:
851 2328 957 2359 [implicit
972 2328 1096 2358 speculum
1114 2327 1145 2350 di-

294 2380 399 2410 sripline.

358 2428 395 2450 ⁸25.
414 2428 452 2450 His
471 2426 636 2454 subiungimus
653 2426 723 2448 alium
740 2425 845 2448 codicem
857 2425 879 2447 in
892 2423 1065 2447 commentariis
1078 2423 1102 2444 Ρ.
1112 2422 1147 2444 Fi-

295 2475 352 2498 delis
363 2481 413 2498 aion
430 2477 548 2500 notatum,
565 2473 661 2496 relatum
679 2472 709 2495 ab
726 2471 831 2495 Haureau
851 2472 950 2500 (Notices
966 2474 988 2493 et
1004 2470 1100 2493 Extraits
1117 2469 1147 2492 (10

296 2523 410 2551 quelques
429 2521 567 2544 manuscrits
583 2521 661 2543 Latius
679 2520 707 2542 de
719 2521 738 2542 la
752 2518 910 2548 bibliotheque
921 2519 1037 2541 Nationale
1050 2516 1147 2547 [Paris]‚

296 2573 351 2593 tom.
370 2570 406 2591 Vt.
426 2575 480 2597 pag.
499 2568 566 2597 l53),
583 2568 623 2597 qui
641 2568 746 2596 signatur
763 2566 813 2590 cod.
830 2565 893 2591 246.
907 2566 1038 2595 (Nouvelles
1050 2564 1147 2593 acquisi-

297 2617 374 2645 tions).
393 2616 468 2638 {labet
485 2615 613 2645 Speculum
631 2614 781 2644 disciplinae,
799 2614 830 2636 de
846 2619 893 2642 quo
911 2613 1002 2635 disertis
1019 2611 1098 2634 verbis
1115 2611 1146 2633 di-

297 2664 368 2686 citur:
387 2662 549 2693 Gompositum
566 2669 581 2685 a.
597 2662 675 2692 fratre
692 2660 815 2685 Bernardo
833 2660 860 2684 de
878 2661 950 2684 Bessa.
963 2658 1059 2683 Ordinis
1070 2657 1148 2682 sancti

297 2709 430 2734 Francisci.
448 2711 501 2732 Post
519 2710 562 2732 hoc
579 2708 709 2739 Speculum
726 2708 831 2737 sequitur
849 2707 982 2730 immediate
994 2707 1028 2729 illa
1040 2705 1146 2735 Epistola

297 2757 329 2781 ud
346 2757 464 2787 quendam
483 2756 598 2780 novitium
616 2756 754 2779 insolentem
771 2757 794 2778 et
809 2754 942 2778 instabilem
961 2754 1028 2783 (infra
1045 2754 1148 2781 Opuscu-

297 2804 345 2826 lum
364 2804 409 2831 Vl.)
432 2807 453 2826 et
471 2804 576 2826 additur:
594 2802 705 2826 Eiusdem
723 2801 791 2825 cuites
808 2804 831 2825 et
851 2801 981 2831 Speculum
1002 2800 1147 2830 disciplina-⁰.

362 2897 375 2925 5
393 2898 414 2920 2.
431 2896 559 2926 Speculum
577 2896 743 2924 conscientiae,
761 2896 823 2919 alias
840 2896 970 2927 Speculum
987 2896 1089 2919 animae.

363 2944 410 2966 Hoc
436 2943 524 2971 incipit:
549 2943 627 2966 Arbor
647 2943 720 2966 mala.
743 2943 851 2966 Sbaralea
877 2944 1080 2972 (supplementum
1105 2946 1147 2966 etc.

301 2997 354 3019 pag.
376 2991 426 3019 150)
447 2991 513 3013 dicit:
534 2999 545 3010 «
557 2990 686 3020 Speculum
703 2990 798 3013 animae
815 2997 857 3018 per
874 2997 977 3013 errorem
1000 2991 1147 3013 collectorum

971 218 1215 247 PROLEGOMENA
1236 218 1264 246 C.
1286 218 1327 246 III.

1185 297 1213 319 ita
1231 300 1392 325 nuncupatum
1409 300 1455 326 est,
1473 304 1527 320 cuin
1545 297 1670 320 dicendum
1688 297 1717 319 sit
1733 295 1760 319 de
1777 295 1868 319 Arbore
1885 295 1963 324 mala,
1978 297 2032 319 alias

1185 344 1282 372 mortis,
1300 345 1336 367 vel
1354 344 1432 367 Arbor
1451 344 1574 372 vitiorum,
1593 347 1618 367 ut
1640 351 1667 366 ex
1691 345 1790 372 prologo
1816 347 1910 373 totoque
1936 347 2032 367 tractatu

1185 394 1290 414 constare
1308 394 1395 419 potest;
1413 395 1435 414 et
1451 394 1531 414 auctor
1548 392 1570 414 in
1596 392 1641 414 tine
1666 395 1719 414 ante
1743 391 1962 421 recapitulationem
1989 393 2032 415 ait:

1186 439 1255 466 Ecce,
1273 438 1379 462 radicem
1397 438 1487 461 arboris
1504 439 1590 465 malae,
1608 440 1733 467 trimcum,
1752 445 1834 462 ramos
1856 445 1909 461 cum
1932 439 1995 469 soliis
2012 443 2034 462 et

1185 485 1303 515 fructibus
1320 486 1393 514 plenis
1411 492 1501 508 veneno
1513 486 1631 508 mortifero
1644 487 1772 509 secundum
1785 487 1913 509 intellectus
1925 487 1970 509 mei
1982 493 2036 515 par-

1186 533 1281 555 vitatem
1299 533 1411 561 descripsi
1423 542 1434 552 »
1455 535 1497 555 010.
1515 545 1545 549 -
1564 533 1634 555 Etiam
1658 533 1763 555 Oudinus
1786 533 1958 562 (Commentarii
1980 537 2035 562 ete,

1186 580 1229 602 001.
1248 580 1302 609 418)
1321 583 1410 603 censet:
1431 589 1442 599 n
1455 581 1549 602 Rectius
1566 580 1729 603 inscriberetur
1747 580 1825 604 Arbor
1843 581 1977 610 cupiditatis
1993 587 2036 605 seit

1187 626 1319 656 iniquitatis
1337 633 1392 650 cuni
1409 627 1486 650 ramis
1494 629 1650 656 peccatorum
1662 627 1802 651 mortalium
1815 637 1842 657 »;
1856 631 1933 651 tamen
1945 629 1982 651 hic
1993 628 2036 652 Ou-

1188 674 1235 696 dini
1253 674 1332 696 titulus
1348 674 1424 696 minus
1442 675 1482 696 toti
1499 674 1575 697 libello
1593 675 1726 703 respondet.
1742 688 1773 690 —
1790 676 1873 698 Bonelli
1895 675 2036 705 (Prodrom.,

1189 721 1229 742 001.
1249 720 1294 742 542
1313 720 1387 749 seqq.)
1406 721 1508 743 defendit
1524 721 1615 743 titulum
1632 724 1753 749 receptum
1771 722 1849 745 vei-his
1863 723 1977 745 editorum
1996 723 2037 746 Va-

1188 768 1277 790 ticanae
1293 769 1317 790 in
1335 769 1496 797 Arqumeulo:
1517 769 1604 791 «Sicut
1630 769 1652 790 in
1677 769 1770 797 speculo
1793 769 1936 793 obiecturum
1959 777 2037 793 rerum

1189 815 1304 843 imagines
1321 818 1447 843 apparent,
1465 818 1487 838 et
1503 816 1610 844 quisquis
1628 816 1649 838 in
1667 822 1694 838 eo
1712 816 1812 844 effigiem
1836 823 1902 839 suam
1926 817 2038 845 intuetur3

1189 862 1219 885 ita
1236 863 1259 884 in
1277 863 1320 885 hoc
1337 865 1434 885 tractatu
1452 863 1556 891 capitalia
1580 863 1634 885 vitia
1660 870 1790 893 eorumque
1814 865 1956 893 propagines
1980 865 2039 888 adeo

1190 910 1313 938 perspicue
1330 913 1464 939 cernuntur⁷
1482 913 1518 938 ut,
1536 917 1563 933 eo
1581 910 1625 933 sibi
1643 910 1673 933 ob
1696 912 1776 934 oculos
1798 912 1881 934 mentis
1906 912 2039 941 proposito,

1191 963 1239 979 non
1257 957 1405 979 mediocriter
1422 958 1514 980 iuvetur
1532 958 1551 980 Is
1568 958 1608 986 qui
1626 958 1789 981 conscientiam
1807 964 1873 981 suam
1885 959 2041 983 examinare...

1190 1004 1267 1026 studet
1279 1012 1300 1026 ».
1318 1005 1364 1027 Nos
1381 1010 1437 1027 vero
1455 1005 1501 1028 side.
1513 1005 1620 1028 codicum
1633 1012 1715 1028 verum
1728 1008 1750 1028 et
1762 1007 1935 1030 convenientem
1948 1008 2039 1030 titulum

1192 1051 1261 1074 tuisse
1279 1055 1388 1079 putamus
1405 1051 1535 1081 Speculum
1551 1052 1719 1081 conscientiae,
1739 1060 1787 1076 non
1803 1053 1907 1077 animae.

1254 1099 1361 1122 Sharalea
1381 1100 1433 1128 (loc.
1451 1100 1497 1129 cit.)
1515 1100 1573 1122 bene
1585 1100 1707 1128 observat,
1719 1102 1811 1129 penitus
1823 1101 1942 1124 diversum
1955 1102 1985 1125 ab
1997 1103 2041 1125 hoc

1192 1147 1304 1174 opusculo
1316 1153 1366 1169 esse
1378 1146 1508 1176 Speculum
1519 1147 1615 1170 aniuiae
1627 1148 1718 1170 loannis
1728 1149 1861 1177 Pecchami,
1874 1149 1975 1177 archiep.
1987 1149 2042 1172 Can-

1193 1194 1326 1222 tuariensis,
1345 1195 1367 1216 S.
1386 1195 1562 1216 Bonaventurae
1579 1195 1698 1223 discipuli,
1715 1196 1778 1224 quod
1796 1202 1823 1218 ex
1840 1196 1937 1219 lectione
1958 1199 2042 1224 pateat.

1194 1240 1256 1263 idem
1275 1241 1351 1268 addit,
1370 1242 1413 1264 hoc
1430 1245 1535 1264 nostrum
1554 1242 1683 1271 Speculum
1700 1243 1776 1271 111-11110
1788 1244 1902 1271 prodiisse
1914 1244 1935 1266 in
1948 1245 2042 1274 antiqua

1195 1287 1308 1315 editione,
1333 1295 1403 1316 quam
1426 1289 1558 1316 suspicatus
1579 1292 1614 1311 cst
1630 1296 1680 1312 esse
1697 1290 1809 1312 Venetam
1828 1297 1862 1313 an.
1883 1291 1954 1319 1487,
1971 1297 2043 1320 seque

1194 1334 1284 1362 mirari,
1301 1340 1373 1363 quare
1391 1341 1433 1357 nec
1451 1335 1473 1357 in
1486 1336 1609 1363 Argentina
1623 1342 1660 1358 an.
1673 1336 1733 1359 4495
1746 1343 1788 1359 nec
1801 1337 1821 1359 in
1834 1338 1921 1360 Veneta
1933 1344 1970 1360 an.
1983 1338 2043 1361 1504

1194 1384 1266 1404 exstet
1283 1381 1328 1410 [est
1346 1385 1423 1404 tamen
1441 1383 1463 1405 in
1481 1383 1590 1405 Brixiensi
1608 1390 1644 1405 an,
1661 1383 1738 1413 1495]
1753 1384 1839 1407 Deinde
1851 1384 1913 1407 idem
1926 1386 2044 1415 prosequi-

1196 1432 1245 1451 tur:
1267 1437 1278 1448 «
1292 1429 1349 1451 Nihil
1367 1432 1413 1456 est,
1430 1430 1493 1458 quod
1511 1436 1523 1451 a
1541 1431 1654 1458 seraphici
1673 1431 1777 1454 Doctoris
1794 1432 1905 1460 sapientia
1918 1439 1968 1456 eam
1981 1433 2045 1457 abiu-

1195 1475 1273 1497 dicare
1290 1478 1373 1504 queat,
1390 1479 1442 1498 utut
1459 1480 1574 1505 repugnet
1591 1477 1696 1500 Oudinus
1709 1487 1731 1500 n.

1258 1523 1363 1545 Oudinus
1382 1523 1451 1551 igitur
1469 1524 1521 1552 (loc.
1540 1524 1587 1553 cit.)
1606 1525 1660 1547 salso
1677 1525 1769 1548 asserit:
1796 1535 1806 1546 a
1818 1527 1855 1549 list
1876 1533 1935 1554 opus
1957 1528 2046 1550 morale

1195 1569 1250 1591 nihil
1267 1569 1329 1592 aliud
1346 1570 1464 1592 continens
1481 1577 1553 1599 quam
1570 1571 1714 1594 definitiones
1725 1575 1748 1594 et
1759 1573 1884 1595 divisiones
1897 1577 2045 1601 peccatorum

1197 1620 1243 1638 tam
1261 1617 1424 1645 principalium
1442 1624 1513 1646 quam
1531 1618 1628 1640 aliorum
1648 1625 1673 1641 ex
1691 1619 1733 1642 illis
1749 1620 1902 1643 nascentium.
1919 1621 1968 1643 Non
1984 1621 2047 1644 vide-

1197 1666 1233 1686 tur
1250 1667 1355 1692 spectare
1373 1665 1402 1687 acl
1420 1665 1443 1687 S.
1460 1665 1659 1693 Bonaventuram,
1672 1667 1738 1690 euius
1749 1668 1841 1690 saeculo
1854 1669 1910 1690 baec
1922 1669 2046 1698 opuscula,

1197 1716 1258 1738 quae
1276 1711 1387 1733 casuistas
1405 1714 1521 1739 spectant,
1540 1712 1616 1734 minus
1634 1714 1687 1735 nota
1704 1716 1768 1735 erant
1779 1722 1802 1736 n.
1820 1714 1862 1736 Pro
1880 1715 1922 1737 hac
1939 1721 1980 1737 sua
1998 1721 2047 1737 sen-

1198 1758 1267 1779 tentia
1284 1760 1384 1786 quatuor
1402 1761 1538 1786 argumenta
1557 1759 1580 1780 111
1597 1759 1701 1782 medium
1719 1761 1773 1788 sert,
1790 1767 1852 1789 quae
1869 1761 1913 1783 iam
1931 1767 1944 1783 a
1967 1761 2047 1784 Sbara-

1198 1805 1232 1827 lea
1251 1804 1353 1828 breviter
1371 1808 1392 1828 et
1409 1812 1421 1828 a
1440 1806 1525 1828 Bonelli
1550 1806 1655 1829 diffusius
1672 1810 1694 1829 et
1719 1808 1795 1830 valide
1820 1808 1989 1837 improbantur.
2006 1809 2048 1832 Hic

1199 1853 1298 1875 sufficiat
1314 1853 1417 1876 breviter
1434 1857 1569 1881 argumenta
1582 1854 1665 1877 Oudini
1677 1855 1846 1884 perstringere,
1858 1858 1880 1878 et
1891 1856 1969 1885 quoad
1982 1857 2048 1885 plura

1198 1900 1309 1936 lectorem
1333 1900 1362 1922 ad
1380 1900 1465 1923 Eonelli
1490 1901 1644 1924 Prodromum
1668 1901 1720 1930 (loc.
1737 1902 1776 1924 cit.
1792 1909 1813 1924 n.
1832 1902 1905 1932 5-18.)
1923 1903 2048 1926 remittere.

1198 1959 1230 1962 —
1247 1947 1337 1969 Falsum
1356 1947 1401 1970 iam
1419 1951 1452 1970 cst
1470 1948 1533 1977 quod
1551 1949 1657 1971 OudInus
1674 1955 1745 1977 supra
1757 1949 1824 1977 dicit,
1837 1950 1873 1972 illa
1884 1953 1957 1972 aetate
1972 1956 2049 1978 «opu-

1201 1995 1277 2022 scula,
1296 2001 1355 2023 quae
1368 1995 1479 2017 casuistas
1490 1998 1601 2023 spectant,
1612 2005 1624 2016 ³>
1644 1996 1721 2018 minus
1734 1997 1803 2019 fnisse
1814 1999 1880 2025 nota3
1893 2000 1972 2020 contra
1984 1997 2049 2026 quod

1200 2044 1313 2063 assertum
1332 2042 1417 2063 Bonelli
1435 2042 1532 2070 opponit
1549 2042 1675 2065 Summam
1693 2042 1720 2066 de
1745 2042 1839 2067 casibus
1863 2044 1996 2072 Raymundi
2020 2044 2050 2067 de

1200 2088 1335 2115 Pennasort,
1352 2088 1482 2117 Speculum
1498 2089 1591 2112 morale
1603 2090 1716 2112 Vincentii
1728 2090 1911 2119 BellovacensiS,
1922 2091 2049 2115 Summam

1200 2134 1228 2158 (le
1244 2134 1372 2158 virtutibus
1390 2137 1412 2158 et
1428 2135 1489 2159 viliis
1506 2136 1620 2159 Guillelmi
1637 2137 1725 2160 Peraldi
1737 2138 1836 2167 aliaque.
1847 2150 1879 2155 —-
1890 2139 1955 2167 Quae
1966 2139 2050 2162 deinde

1202 2182 1307 2205 Ouclinus
1323 2184 1423 2211 profert,
1440 2186 1465 2206 ut
1481 2184 1558 2206 stilum
1576 2185 1653 2212 operis
1669 2185 1738 2208 nimis
1755 2185 1867 2208 humilem
1889 2188 1911 2208 et
1932 2186 2050 2210 abiectum

1202 2236 1253 2252 csse
1270 2230 1367 2258 probet,
1385 2230 1456 2253 sutilia
1473 2234 1535 2254 sunt.
1551 2232 1656 2260 Exempli
1673 2232 1746 2260 gratia
1763 2233 1846 2261 allegat
1862 2233 1935 2256 verba
1947 2233 1974 2257 de
1984 2233 2052 2264 facili

1203 2277 1254 2306 (pro
1271 2277 1363 2307 facile),
1382 2277 1498 2308 officiare,
1516 2279 1669 2308 pressiorem.
1687 2280 1733 2302 Sed
1754 2281 1811 2302 haec
1832 2283 1959 2303 occurrunt
1980 2281 2050 2303 etiam

1202 2324 1223 2347 in
1241 2325 1291 2347 aliis
1307 2325 1481 2348 Bonaventnrae
1499 2326 1574 2353 libris,
1593 2330 1648 2349 teste
1665 2327 1716 2355 ipso
1742 2327 1847 2355 Oudino,
1872 2328 1990 2356 genuinis,
2013 2329 2051 2351 vel

1202 2372 1283 2394 saltem
1301 2372 1365 2400 apud
1381 2373 1437 2395 alios
1455 2373 1545 2396 mediae
1562 2375 1642 2397 aetatis
1659 2375 1796 2403 scriptores,
1809 2378 1834 2397 ut
1845 2376 1907 2403 apud
1921 2376 1943 2398 S.
1955 2376 2052 2398 Bernar-

1202 2421 1268 2443 dum.
1285 2431 1316 2435 —-
1332 2420 1421 2443 Fortius
1438 2420 1537 2443 obiectat
1554 2421 1672 2449 Oudinus,
1690 2423 1754 2451 quod
1771 2423 1794 2445 in
1812 2424 1855 2445 hoc
1873 2429 1944 2451 opere
1961 2429 2052 2446 excuse-

1204 2473 1240 2492 tur
1257 2469 1378 2497 duellum;
1395 2476 1467 2498 quam
1478 2469 1632 2492 obiectionem
1645 2470 1701 2492 tanti
1714 2470 1799 2493 faciunt
1810 2470 1910 2493 editores
1921 2471 2014 2499 Veneti,
2027 2472 2053 2493 ut

1204 2517 1300 2539 minime
1311 2516 1416 2539 dubitent
1428 2518 1471 2539 hoc
1483 2518 1623 2545 opusculum
1634 2517 1744 2545 ablegare
1755 2518 1785 2540 ad
1797 2517 1938 2547 quisquilias
1951 2518 2053 2547 illudque

1204 2564 1323 2587 nominare
1340 2571 1437 2592 prorsus
1453 2564 1612 2587 stramineum
1630 2564 1755 2591 (Diatribae
1776 2571 1831 2593 pag.
1850 2565 1912 2593 117).
1930 2565 1997 2594 Quod
2014 2571 2053 2588 au-

1204 2614 1251 2633 tem
1268 2613 1347 2633 auctor
1365 2613 1457 2634 excuset
1474 2610 1593 2639 duellum,
1612 2612 1669 2634 haec
1686 2611 1825 2634 insimulatio
1847 2611 1930 2634 Oudini
1956 2613 1990 2634 est
2008 2618 2053 2634 ma-

1205 2658 1287 2680 nifeste
1304 2659 1366 2680 salsa.
1384 2659 1441 2680 Nam
1459 2659 1483 2681 in
1500 2659 1549 2681 loco
1567 2659 1712 2681 incriminato
1730 2658 1759 2688 (e.
1782 2659 1798 2681 Ι,
1810 2665 1832 2681 11.
1845 2659 1892 2688 33.)
1905 2661 1958 2686 post
1968 2658 2052 2681 verba:

1207 2714 1218 2726 ει
1231 2706 1315 2728 Dicunt
1331 2706 1440 2734 quidam,
1457 2707 1521 2735 quod
1539 2706 1683 2729 consuetudo
1706 2708 1798 2728 excusat
1822 2706 1842 2728 in
1860 2707 1905 2729 hoc
1927 2708 1984 2729 iacto
1996 2715 2022 2735 n,
2040 2712 2053 2729 e

1205 2753 1304 2780 vestigio
1330 2753 1435 2776 additur:
1456 2762 1467 2773 (ι
1480 2753 1552 2776 Cuius
1578 2753 1728 2776 contrarium
1755 2754 1847 2776 tenetur
1864 2753 2021 2776 communiter
2037 2759 2052 2776 a

1205 2800 1318 2830 theologis
1337 2802 1358 2823 el
1374 2800 1517 2830 iurisperitis
1531 2810 1552 2822 ».
1578 2801 1625 2823 Alia
1649 2801 1719 2823 multa
1746 2800 1778 2823 ibi
1801 2801 1884 2823 Bonclli
1906 2802 2006 2829 profert,
2029 2803 2053 2823 ut

1206 2847 1300 2876 probet,
1318 2848 1448 2870 doctrinam
1465 2847 1534 2870 libelli
1551 2854 1598 2870 non
1615 2848 1724 2870 recedere
1736 2854 1748 2870 a
1760 2848 1878 2870 communi
1890 2848 2052 2876 theologorum

1206 2895 1323 2922 doctrina,
1341 2898 1507 2923 auctoremque
1524 2901 1615 2917 summa
1634 2895 1715 2917 iniuria
1732 2894 1834 2921 traduci,
1857 2895 1922 2923 quasi
1945 2895 1973 2917 sit
1994 2904 2003 2915 a
2016 2894 2054 2917 be-

1205 2944 1291 2971 nignus
1309 2943 1408 2965 casuista
1419 2951 1441 2964 a.
1459 2943 1521 2965 ldem
1540 2945 1617 2965 contra
1634 2943 1695 2964 illam
1713 2943 1816 2971 iniquam
1839 2948 1961 2965 censuram
1984 2942 2053 2965 edito-

1206 2996 1258 3012 rum
1277 2990 1417 3012 Venetorum
1436 2989 1533 3017 opponit
1549 2990 1690 3011 contrarium
1708 2989 1804 3017 insignis
1816 2988 1917 3016 theologi
1929 2989 2052 3016 iudicium,
