2133 3317
15 914 26 930 ο
38 909 85 929 ordi-

11 934 73 953 tiones.

449 221 644 250 OPUSCULUM
664 220 752 249 XVIII.
774 220 1056 250 CONSTlTUTlONES
1076 222 1318 252 NARBONENSES.
1340 223 1434 252 RUBR.
1456 224 1498 252 vl.

104 299 307 333 Discretorum;
330 298 470 335 caputium
492 301 582 326 tamen
610 301 671 334 post
698 297 769 326 diem
799 298 945 334 septimum

104 345 189 383 possit
209 345 294 373 reddi.
317 345 389 373 idem
410 344 457 373 fiat
478 344 565 372 Fratri
596 344 671 372 eunti
693 344 752 372 sine
779 344 868 378 socio,
889 345 947 373 sive

104 399 189 429 eques
203 391 298 425 iverit,
320 391 377 419 sive
391 391 482 427 pedes.
504 391 558 419 Hoc
582 390 653 419 idem
676 390 724 418 liat
744 391 766 419 ei
786 391 832 427 qui
855 393 947 427 portat

104 437 247 475 pecuniam
262 437 389 471 alicuius,
405 437 447 465 vel
462 436 620 465 bursarium
636 444 729 465 secum
744 436 828 465 ducit.
844 436 945 472 Quodsi

104 484 292 517 Guardianus,
323 483 365 511 vel
397 483 457 511 eius
487 483 613 511 Vicarius
647 491 762 519 poenam
794 483 872 511 istam
907 482 946 511 sic

104 530 234 559 euntibus
247 538 300 558 non
323 529 452 563 inferret,
474 529 565 558 tribus
585 529 682 558 diebus
698 529 724 557 in
746 537 815 566 pane
837 532 944 557 tantum

103 579 130 605 et
150 584 222 613 aqua
243 576 354 604 ieiunet.

180 623 289 651 Fratres
303 622 371 650 nihil
386 625 496 658 portent
510 622 538 650 in
559 622 652 651 verbis
672 622 715 651 vel
736 622 855 658 scriptis,
871 622 944 659 quod

104 669 189 706 possit
203 668 357 697 redundare
372 669 399 697 in
414 669 573 697 scandalum
588 669 762 705 aliquorum,
784 671 811 697 et
826 669 944 697 scienter

102 715 271 744 contrarium
293 715 422 744 facientes
437 715 605 752 probationis
620 715 729 751 caputio
747 719 774 743 et
788 723 875 751 poena
893 715 945 743 alia

101 761 252 798 puniantur
272 761 388 790 arbitrio
408 761 596 790 Ministrorum
611 761 763 790 secundum
784 761 944 797 qualitatem

101 807 200 837 delicti.

178 854 276 883 Nullus
296 855 391 883 Frater
418 854 451 883 ad
480 854 591 882 Curiam
619 854 720 882 domini
747 854 834 891 Papae
864 853 945 882 vadat

101 901 144 929 vel
165 901 256 929 mittat
276 901 399 929 Fratrem
420 901 525 937 absque
547 900 655 929 licentia
669 900 804 937 generalis
818 900 942 928 Ministri.

100 947 200 983 Quodsi
229 947 309 975 aliter
336 947 436 975 iverint
460 947 560 984 aliqui,
590 947 680 975 statim
703 954 751 983 per
781 947 943 975 Procurato-

99 1000 144 1022 res
164 992 275 1022 Ordinis
302 993 336 1022 de
356 993 439 1022 Curia
459 993 636 1029 expellantur
657 996 684 1021 et
708 993 742 1021 de
763 993 878 1029 negotiis
899 1000 944 1021 eo-

98 1047 162 1068 rum
183 1047 212 1068 se
232 1040 391 1068 nullatenus
411 1039 602 1067 intromittant.

177 1086 259 1120 Item,
281 1086 313 1114 ad
338 1086 493 1123 generalem
522 1085 676 1114 Ministrum
709 1094 763 1114 non
792 1086 917 1114 mittatur
933 1087 942 1103 ¹

99 1141 150 1170 pro
170 1133 277 1161 licentia
293 1133 480 1170 impetranda,
502 1133 551 1161 nisi
574 1133 661 1161 ardua
676 1140 759 1161 causa
774 1133 817 1161 vel
839 1140 942 1169 urgens

98 1179 245 1208 necessitas
266 1180 318 1208 hoc
340 1180 472 1216 requirat.

177 1226 336 1255 Inhibemus
357 1226 498 1260 districte,
520 1226 594 1263 quod
615 1226 710 1254 nullus
737 1226 831 1254 Frater
856 1226 943 1262 impe-

98 1275 153 1301 tret
180 1280 230 1309 per
257 1280 286 1301 se
307 1273 349 1301 vel
377 1280 427 1309 per
454 1273 538 1301 alium
569 1272 673 1301 litteras
701 1280 716 1300 a
740 1272 851 1300 domino
872 1272 943 1308 Papa

97 1327 148 1356 pro
169 1319 228 1348 loco
249 1319 342 1356 aliquo
362 1319 510 1347 obtinendo
531 1319 589 1347 sine
617 1318 753 1355 generalis
774 1318 888 1346 Ministri
911 1318 942 1346 li-

96 1365 186 1394 centia
206 1365 324 1402 speciali.
347 1366 372 1394 Si
395 1366 548 1402 contingat,
570 1366 679 1394 Fratres
693 1365 810 1393 alicuius
831 1365 942 1401 provin-

97 1412 154 1441 ciae
182 1413 327 1441 incurrere
354 1412 525 1441 manifestam
557 1412 746 1441 necessitatem
774 1411 894 1440 exeundi
926 1420 942 1440 a

97 1458 163 1487 locis
183 1458 241 1487 suis
261 1459 289 1486 in
311 1461 386 1487 tanta
408 1459 600 1492 multitudine,
623 1458 696 1495 quod
718 1459 744 1486 in
768 1458 861 1487 eadem
878 1459 942 1486 Pro-

96 1505 186 1534 vincia
206 1513 259 1534 non
281 1508 392 1542 possent
412 1505 587 1542 aliquatenus
607 1506 771 1539 sustentari;
794 1508 940 1534 teneantur

98 1551 176 1580 vicini
198 1551 313 1580 Ministri
335 1551 374 1580 sic
394 1554 529 1580 exeuntes
550 1552 577 1580 in
599 1552 657 1580 suis
689 1552 838 1580 Provinciis
858 1552 940 1580 collo-

97 1605 175 1631 care,
196 1597 344 1626 dummodo
365 1597 417 1634 ipsi
440 1606 489 1634 per
511 1598 552 1626 sui
579 1597 694 1626 Ministri
723 1598 828 1626 litteras
850 1601 940 1626 trans-

96 1643 257 1678 mittantur,
278 1644 408 1672 facientes
421 1644 455 1672 de
470 1643 619 1672 eorundem
638 1644 765 1672 Fratrum
781 1643 940 1680 gravamine

97 1690 279 1724 mentionem,
301 1690 376 1718 salvo
398 1693 487 1719 tamen
510 1690 630 1718 remedio
652 1698 700 1726 per
715 1690 875 1726 proximum
897 1698 939 1718 se-

97 1744 186 1773 quens
199 1737 327 1773 generale
341 1737 497 1773 Capitulum
514 1736 682 1773 apponendo.
696 1737 720 1765 Si
734 1740 826 1765 autem
842 1737 940 1765 huius-

97 1783 170 1811 modi
198 1783 402 1812 constitutionis
429 1784 576 1812 necessitas
604 1792 658 1811 non
686 1783 812 1817 assuerit,
844 1783 939 1812 nullus

98 1829 188 1857 mittat
208 1829 317 1858 Fratres
337 1829 370 1858 ad
391 1829 510 1866 aliquem
532 1829 699 1864 Ministrum,
721 1829 772 1858 nisi
795 1829 844 1858 sibi
860 1830 939 1866 prius

97 1876 250 1904 constiterit
280 1875 314 1904 de
334 1876 475 1904 voluntate
503 1876 576 1904 illius
607 1876 738 1910 Ministri,
768 1877 842 1913 qui2
874 1877 939 1905 velit

95 1929 142 1951 eos
156 1925 252 1959 sponte
266 1922 293 1950 in
308 1930 358 1951 sua
379 1923 521 1959 provincia
535 1923 677 1952 collocare.
700 1923 731 1951 Et
745 1923 766 1951 si
782 1923 845 1960 quis
859 1923 938 1952 aliter

95 1968 196 1998 missus
215 1969 315 2003 fuerit,
337 1977 390 1997 non
413 1969 571 2006 recipiatur.

173 2016 199 2044 Si
221 2016 374 2053 contingat,
396 2016 515 2053 aliquem
538 2017 660 2045 Fratrem
679 2024 827 2045 onerosum
850 2020 877 2046 et
891 2025 938 2053 pe-

96 2061 247 2091 riculosum
269 2062 412 2091 transferri
434 2063 467 2091 de
489 2071 544 2091 una
572 2063 714 2100 provincia
740 2063 773 2091 ad
802 2063 881 2091 aliam
904 2063 937 2091 ad

1788 225 1844 254 455

1002 299 1166 328 morandum
1177 323 1184 334 ‚
1208 303 1332 329 teneatur
1347 301 1465 330 firmiter
1480 302 1617 336 Minister,
1639 302 1672 331 de
1687 302 1767 331 cuius
1781 310 1845 339 pro-

1002 345 1091 373 vincia
1111 346 1267 382 egreditur,
1289 347 1443 384 significare
1465 348 1603 382 Ministro,
1624 348 1658 377 ad
1679 356 1762 385 quem
1787 349 1846 377 mit-

1002 391 1086 425 titur,
1108 392 1276 428 periculosas
1297 394 1465 423 conditiones
1486 395 1574 428 illius,
1597 398 1628 423 ut
1648 395 1752 429 eidem,
1774 395 1846 424 sicut

1002 437 1129 473 expedit,
1151 443 1289 467 caveatur.
1313 440 1365 468 Hoc
1387 440 1457 468 idem
1480 440 1560 469 faciat
1581 441 1721 470 Generalis
1736 441 1755 469 ³.

1081 484 1161 518 Item,
1191 493 1253 513 cum
1282 486 1385 522 Regula
1412 487 1499 521 dicat,
1526 487 1600 523 quod
1626 488 1763 517 «Fratres
1789 496 1843 516 non
1858 494 1992 537 fflffiffigqffi'

1001 529 1119 558 debeant
1139 531 1277 567 equitare,
1299 532 1350 560 nisi
1371 533 1514 562 manifesta
1529 534 1690 562 necessitate
1703 534 1747 562 vel
1768 534 1845 562 infir-

1002 576 1096 604 mitate
1117 580 1250 613 cogantur
1265 589 1298 612 »;
1320 579 1495 613 ordinamus,
1517 580 1590 616 quod
1616 581 1845 617 quotiescumque

1001 622 1101 658 aliquis
1122 624 1302 660 equitaverit,
1325 626 1405 654 toties
1435 626 1462 654 in
1485 634 1554 663 pane
1582 630 1689 655 tantum
1719 631 1745 656 et
1773 635 1845 664 aqua

1002 669 1105 697 ieiunet
1126 670 1223 698 sedens
1244 671 1271 699 in
1293 675 1368 700 terra
1389 680 1482 701 coram
1505 673 1662 707 Fratribus,
1684 674 1735 702 nisi
1765 674 1845 702 cuius

1001 723 1084 743 causa
1104 719 1132 744 et
1157 717 1304 746 necessitas
1335 718 1419 747 fuerit
1450 719 1617 748 sufficiens4
1646 720 1765 749 iudicata
1796 728 1845 757 per

1002 762 1155 798 praelatum
1178 771 1240 791 cum
1263 765 1375 793 consilio
1403 765 1600 794 Discretorum.
1631 767 1702 795 Idem
1727 767 1844 795 dicimus

1000 808 1033 837 de
1055 810 1179 838 carrucis
1193 811 1212 838 ⁵.
1235 811 1266 838 Et
1281 811 1302 839 si
1319 812 1432 847 praelati
1450 812 1476 840 in
1492 813 1543 841 hoc
1557 813 1661 842 fuerint
1676 813 1842 850 culpabiles,

1001 862 1050 891 per
1072 855 1231 885 Visitatores
1251 857 1344 885 acrius
1365 859 1525 894 puniantur.
1548 859 1579 887 Et
1593 859 1772 888 nihilominus
1793 860 1843 888 mi-

1000 901 1160 930 nistratores
1184 906 1210 931 et
1238 904 1351 932 Ministri
1375 905 1524 941 culpabiles
1545 913 1594 941 per
1615 906 1724 934 eosdem
1745 906 1843 934 Visita-

1001 950 1074 977 tores
1094 949 1292 978 denuntientur
1313 950 1438 987 Capitulo
1459 952 1588 988 generali.

1194 1042 1234 1069 DE
1256 1050 1489 1072 OCCUPATIONIBUS
1504 1044 1644 1072 Faunum.

1318 1135 1448 1164 Rubrz'ea
1476 1137 1519 1164 Vl.

1078 1226 1145 1254 Cum
1185 1228 1286 1264 Regula
1313 1228 1400 1262 dicat,
1436 1229 1508 1265 quod
1540 1240 1553 1253 «
1582 1230 1705 1264 Fratres,
1738 1230 1841 1266 quibus

998 1272 1073 1301 dedit
1094 1273 1226 1302 Dominus
1247 1274 1362 1310 gratiam
1391 1275 1548 1308 laborandi,
1571 1276 1696 1304 laborent
1724 1276 1841 1305 fideliter

998 1322 1026 1347 et
1045 1319 1143 1348 devote
1158 1331 1191 1353 »ς
1223 1320 1398 1355 ordinamus,
1424 1322 1497 1358 quod
1526 1322 1635 1351 Fratres
1664 1325 1717 1351 tam
1747 1323 1839 1352 clerici

998 1374 1080 1402 quarn
1104 1366 1162 1394 laici
1185 1367 1386 1403 compellantur
1408 1376 1456 1404 per
1471 1376 1536 1396 suos
1550 1369 1713 1405 Superiores
1728 1370 1754 1397 in
1773 1369 1840 1398 scri-

998 1412 1102 1445 bendo,
1124 1413 1259 1441 studendo
1287 1417 1314 1441 et
1338 1414 1398 1442 aliis
1426 1414 1568 1443 laboribus
1589 1415 1639 1443 sibi
1662 1416 1840 1452 competenti-

998 1459 1050 1487 bus
1071 1459 1205 1488 exerceri.
1229 1460 1259 1488 Et
1281 1460 1301 1488 si
1328 1460 1391 1497 quis
1418 1461 1574 1490 notabiliter
1604 1461 1733 1490 inventus
1757 1462 1841 1491 fuerit

997 1505 1117 1539 otiosus,
1139 1506 1218 1534 iuxta
1249 1507 1364 1535 formam
1387 1508 1504 1544 Apostoli
1521 1508 1531 1525 ⁶
1553 1516 1643 1545 usque
1674 1509 1706 1537 ad
1735 1509 1840 1538 satissa-

996 1552 1112 1581 ctionem
1134 1553 1294 1589 condignam
1311 1554 1345 1581 ab
1360 1554 1419 1582 aliis
1434 1558 1633 1590 sequestretur.
1656 1555 1687 1583 Et
1708 1555 1728 1583 si
1752 1556 1839 1592 Supe-

998 1598 1086 1627 riores
1107 1599 1134 1627 in
1156 1599 1208 1627 hoc
1230 1600 1397 1636 negligentes
1417 1600 1535 1634 fuerint,
1550 1609 1566 1629 a
1580 1601 1774 1631 Visitatoribus
1789 1610 1840 1639 pu-

996 1645 1121 1679 niantur,
1143 1646 1190 1682 qui
1212 1645 1357 1683 diligenter
1378 1647 1533 1683 inquirant,
1554 1648 1674 1684 qualiter
1695 1648 1747 1677 ista
1774 1657 1838 1677 con-

996 1691 1102 1720 stitutio
1123 1695 1258 1720 servetur.

1074 1738 1098 1766 Si
1121 1738 1229 1766 Fratres
1249 1739 1349 1767 alicubi
1372 1739 1493 1775 indigent
1520 1739 1659 1777 obsequiis
1686 1749 1838 1777 puerorum

994 1785 1193 1818 saecularium,
1216 1785 1287 1813 intra
1307 1785 1403 1814 domos
1427 1786 1554 1814 Fratrum
1576 1795 1628 1815 non
1655 1787 1760 1816 iaceant
1787 1796 1838 1817 nec

994 1831 1028 1859 ad
1050 1831 1181 1860 interiora
1201 1832 1333 1869 obsequia
1353 1832 1549 1867 admittantur,
1572 1834 1697 1862 videficet
1715 1834 1837 1863 infirma-

995 1877 1066 1911 riae,
1089 1877 1224 1906 refectorii
1251 1879 1293 1907 vel
1315 1879 1463 1915 coquinae,
1485 1879 1532 1908 sed
1554 1880 1640 1916 magis
1662 1880 1711 1917 ipsi
1729 1881 1838 1910 Fratres

994 1932 1045 1960 pro
1066 1924 1175 1953 Christo
1203 1925 1366 1953 humilitatis
1390 1926 1479 1954 officia
1504 1934 1556 1954 non
1583 1929 1720 1955 recusent.
1753 1927 1784 1955 Et
1815 1927 1837 1956 si

994 1971 1057 2007 quis
1078 1971 1265 2006 Guardianus,
1281 1972 1321 2000 vel
1338 1972 1470 2007 vicarius,
1492 1975 1601 2010 praeter
1616 1973 1768 2002 evidentem
1790 1982 1838 2003 ne-

994 2017 1128 2045 cessitatis
1142 2018 1290 2046 articulum
1305 2018 1384 2047 aliter
1399 2019 1458 2047 fieri
1474 2019 1640 2055 permiserit,
1652 2028 1703 2056 pro
1717 2020 1838 2057 qualibet

995 2063 1052 2092 vice
1074 2072 1130 2092 una
1151 2064 1298 2093 refectione
1313 2073 1327 2093 a
1343 2065 1484 2101 pulmento
1501 2065 1649 2100 abstineat,
1664 2066 1707 2095 vel
1728 2074 1744 2095 a
1765 2067 1837 2095 vino.

160 2220 169 2234 ²
187 2222 203 2244 E
220 2221 355 2245 mittantur.

157 2259 167 2272 ²
184 2260 200 2282 E
217 2260 287 2289 quod.

155 2298 165 2311 ⁴
184 2300 213 2321 lta
232 2300 254 2327 E,
272 2300 324 2321 cod.
340 2299 487 2330 suffit-lenter.

158 2337 167 2349 ⁵
184 2337 241 2361 Cod.
260 2338 341 2361 Treu:
362 2347 372 2359 α
385 2339 506 2367 Quaeritur
524 2340 559 2361 hic
577 2340 664 2367 primo,
683 2344 758 2362 utrum
777 2341 798 2362 in
821 2342 864 2363 boc
885 2347 939 2363 casu

95 2376 220 2404 praelatus,
238 2376 277 2404 qui
295 2383 341 2398 non
360 2376 428 2398 habet
445 2377 588 2404 superiorem
616 2384 687 2405 penes
707 2384 743 2406 se,
762 2378 789 2400 ita
812 2379 883 2406 possit
906 2379 940 2401 iu-

95 2413 171 2436 dicare
187 2414 217 2436 de
234 2415 366 2437 necessitate
384 2416 476 2443 propria
490 2419 511 2437 et
523 2417 636 2442 excusari,
649 2417 707 2438 sicut
722 2416 807 2438 iudicat
824 2417 853 2439 (le
864 2423 940 2439 neces-

95 2452 160 2475 sitate
177 2453 322 2475 subditorum
338 2457 359 2475 et
371 2455 495 2477 iudicando
508 2456 616 2477 excusat?
628 2455 800 2483 Responde-tur,
813 2456 875 2484 quod
889 2458 939 2483 pot-

94 2494 141 2518 est,
158 2498 210 2514 cum
229 2498 340 2515 consensu
360 2496 434 2515 tamen
447 2496 469 2515 et
481 2493 565 2515 iudicio
579 2494 744 2520 Discretorurn,
761 2494 797 2516 vel
815 2494 904 2521 statim,
920 2494 938 2516 si

95 2530 139 2552 sint
155 2535 299 2559 praesentes,
315 2533 350 2554 vel
367 2537 458 2560 postea,
475 2539 527 2554 cum
546 2532 573 2554 ad
593 2533 681 2554 Fratres
698 2533 838 2560 pervenerit.
854 2545 884 2550 —
902 2534 939 2556 Se-

96 2569 172 2592 cundo
188 2570 318 2598 quaeritur,
336 2577 389 2593 cuin
406 2571 495 2593 Fratres
512 2571 534 2593 in
551 2572 630 2593 itinere
651 2578 695 2593 non
719 2571 803 2594 liabent
826 2573 938 2599 praelatos

96 2613 167 2635 penes
183 2615 220 2636 se,
237 2609 276 2637 qui
305 2609 333 2631 de
359 2609 532 2632 necessitatibus
556 2616 636 2632 eorum
660 2610 771 2637 iudicent,
795 2614 871 2633 utrum
896 2611 936 2638 ipsi

97 2647 184 2674 possint
201 2647 230 2669 de
247 2653 271 2669 ea
286 2648 386 2670 iudicare
399 2652 419 2670 et
431 2649 558 2670 sot-undum
572 2648 691 2676 probabile
709 2649 818 2671 iudicium
831 2656 938 2675 currum,

95 2691 164 2713 quem
183 2686 203 2708 in
222 2687 256 2708 via
276 2687 411 2713 invenerint,
429 2688 476 2709 sine
489 2688 669 2715 transgressione
687 2688 754 2709 liuius
771 2688 938 2710 constitutionis

681 2262 691 2274 ³
709 2263 724 2284 Ε
741 2263 805 2285 addit
822 2262 939 2286 Minsster.

96 2725 232 2751 ascendi-rc,
252 2726 349 2747 maxime
368 2726 388 2747 in
407 2727 454 2753 ipsa
469 2727 586 2754 proxincia
599 2726 762 2754 [videturesse
776 2727 796 2748 iu
810 2727 875 2748 torris
887 2728 938 2748 tici·-

99 2763 205 2791 maniael,
224 2764 260 2785 ubi
280 2765 410 2792 frequenter
433 2772 514 2787 currus
532 2765 609 2787 haberi
633 2770 727 2792 possunt
749 2766 798 2786 sine
815 2766 936 2792 scandalo,

96 2807 123 2823 eo
140 2802 201 2830 quoti
221 2804 349 2830 srrqucnter
367 2803 454 2825 xadunt
472 2804 536 2825 iacui
556 2810 598 2824 net*
615 2804 711 2825 redeunt
729 2803 816 2830 onusti,
834 2806 856 2825 et
868 2809 937 2830 saepe

96 2840 211 2863 Fratribus
228 2842 392 2870 acquiescunt?
410 2843 581 2870 Responiltdur,
599 2842 660 2870 quoti
680 2845 776 2869 possunt
798 2842 898 2864 iudicare
915 2846 937 2864 et

96 2882 191 2906 possunt
207 2887 300 2902 currum
317 2881 452 2907 ast-endere,
470 2881 487 2902 si
508 2881 648 2907 censuerint,
666 2887 689 2903 se
707 2881 822 2908 intligere3
844 2887 937 2903 verum-

96 2920 170 2939 tamen
189 2924 233 2940 non
251 2919 333 2941 sufficit
345 2925 425 2941 eorum
439 2919 560 2945 iudicium„
574 2919 615 2940 nisi
629 2923 707 2946 postea
720 2920 813 2941 aci-otlat
826 2919 934 2941 iudicium

96 2957 248 2983 praelatorum
263 2961 283 2979 et
297 2958 449 2979 Discretoruni
462 2958 605 2979 consentiens
616 2964 696 2979 eorum
715 2958 806 2979 iutlirio.
819 2970 848 2973 ——
859 2958 935 2980 Tertio

95 2995 224 3023 quaeritur,
244 2999 318 3017 utrum
338 3002 419 3023 inagna
438 2996 518 3018 laxatio
536 2997 572 3018 vel
595 2997 738 3024 profunditas
760 2996 823 3023 viae,
847 2997 882 3018 vel
905 2997 936 3018 in-

996 2225 1119 2252 temperies
1135 2224 1194 2246 ae'ris
1211 2225 1282 2252 possit
1296 2226 1369 2246 sat-ere
1380 2225 1549 2251 necessitatem
1561 2227 1583 2247 et
1595 2228 1671 2247 utrum
1689 2232 1773 2253 magna
1786 2232 1837 2254 pro-

997 2264 1069 2286 lixitas
1087 2264 1137 2285 viae
1154 2264 1203 2285 sine
1221 2264 1393 2291 interpolatione
1410 2263 1578 2285 continuandae
1594 2264 1666 2291 possit
1679 2264 1836 2292 interpolatam

998 2303 1179 2324 carvin-ationem
1197 2309 1241 2324 non
1259 2303 1455 2330 prat-ordinatam,
1473 2303 1512 2324 sed
1531 2302 1551 2324 in
1574 2303 1610 2324 via
1634 2306 1792 2326 occurrentem
1816 2306 1836 2326 et

997 2340 1097 2362 oblatam
1115 2342 1240 2363 excusare?
1253 2341 1312 2362 llaec
1330 2340 1389 2362 enim
1402 2341 1478 2362 omnia
1497 2341 1603 2363 videntur
1620 2347 1670 2363 esse
1687 2341 1836 2364 rationabilia.

996 2379 1139 2407 Respondeo,
1157 2380 1218 2407 quod
1237 2379 1277 2401 sir.
1296 2379 1357 2401 Idem
1371 2379 1423 2401 diro
1434 2379 1463 2401 de
1475 2379 1607 2407 interpolata
1619 2380 1776 2402 carrucalione
1792 2387 1836 2403 non

996 2418 1167 2445 praeordinata,
1184 2418 1225 2440 sed
1242 2421 1376 2439 occurrente
1394 2418 1416 2439 in
1434 2418 1470 2439 via
1489 2418 1556 2440 valde
1573 2418 1658 2445 prolixa
1675 2418 1724 2441 sine
1741 2419 1837 2447 interpo-

995 2457 1078 2478 latione
1095 2456 1256 2483 continuanda,
1273 2462 1326 2478 cum
1345 2457 1443 2478 maxime
1460 2456 1575 2484 prolixitas
1592 2457 1643 2479 viae
1668 2458 1836 2481 continuandae

995 2495 1083 2517 induxit
1100 2495 1246 2522 indigentiam
1265 2501 1329 2517 rarae
1347 2498 1369 2517 et
1386 2495 1532 2523 interpolatae
1549 2496 1697 2524 requietionis
1721 2497 1743 2518 in
1761 2503 1836 2519 carru-

995 2534 1083 2555 catione
1100 2537 1245 2560 occurrente,
1263 2540 1307 2556 non
1325 2534 1499 2561 praeordinata;
1516 2540 1583 2557 secus
1599 2535 1659 2556 enim
1677 2538 1736 2557 esset
1753 2535 1781 2558 de
1797 2536 1834 2558 via

995 2579 1039 2594 non
1058 2573 1123 2595 valde
1141 2573 1236 2600 prolixa.
1254 2585 1281 2588 —
1300 2573 1384 2601 Quarto
1402 2573 1532 2601 quaeritur,
1548 2580 1601 2595 cum
1615 2574 1741 2596 carru(·atio
1758 2577 1791 2597 est
1800 2581 1835 2597 oc-

995 2612 1053 2633 rulta
1072 2611 1121 2633 aliis
1138 2611 1265 2639 Fratribus,
1283 2611 1388 2640 nunquid
1406 2618 1448 2639 pro
1465 2612 1553 2634 occulto
1570 2619 1663 2634 excessu
1676 2613 1744 2635 (lebet
1762 2614 1835 2636 facere

997 2650 1158 2677 poenitentiam
1178 2650 1310 2677 publii-nm?
1329 2651 1500 2678 Respondctur,
1517 2651 1535 2672 si
1552 2651 1625 2673 credit
1642 2651 1757 2673 Fratribus
1774 2652 1835 2674 inno-

997 2689 1077 2714 tuisse,
1097 2689 1175 2715 iaciat,
1192 2689 1292 2717 alioquin
1310 2695 1354 2710 non
1373 2689 1445 2711 fat-iat.
1462 2702 1492 2705 -
1509 2690 1554 2711 Sed
1576 2690 1644 2718 quid,
1661 2691 1679 2712 si
1703 2697 1762 2713 unus
1780 2692 1834 2713 duo-

994 2733 1044 2748 ruin
1063 2727 1166 2749 Fratrum
1185 2727 1272 2749 sor-iuni
1291 2734 1357 2749 suuni
1372 2728 1391 2749 in
1404 2728 1440 2749 xia
1458 2728 1571 2750 volentem
1584 2735 1716 2757 rari-uvare,
1728 2730 1756 2751 do
1769 2730 1834 2752 cuius

993 2766 1126 2787 necessitate
1143 2765 1242 2792 dubitat,
1260 2773 1304 2788 non
1322 2767 1370 2788 vult
1387 2767 1515 2795 relinquere
1532 2774 1584 2789 rum
1611 2774 1652 2789 net·
1675 2769 1736 2790 solus
1761 2772 1832 2796 potest

994 2810 1123 2831 remancre,
1141 2807 1163 2826 et
1180 2805 1231 2826 ideo
1250 2805 1334 2826 inritus
1346 2805 1444 2827 sociatur
1456 2805 1475 2827 ei
1490 2806 1509 2827 in
1523 2808 1607 2828 curru?
1624 2807 1772 2834 Responderi:
1785 2808 1832 2830 Non

993 2845 1082 2864 tenetur
1099 2843 1126 2864 all
1146 2843 1316 2870 poenitentiam.
1341 2856 1371 2859 —
1396 2845 1503 2872 Numquid
1522 2845 1658 2872 poenitentia
1676 2846 1705 2867 (le
1727 2846 1833 2869 curribus

995 2881 1066 2907 tangit
1085 2882 1212 2908 praelatos?
1231 2882 1379 2909 uospomtoo,
1396 2883 1459 2910 quod
1477 2883 1521 2910 sim
1539 2886 1560 2905 et
1577 2884 1594 2905 si
1613 2890 1659 2906 non
1677 2885 1782 2913 fecerint,
1795 2885 1831 2907 de·

993 2919 1044 2941 bent
1064 2926 1104 2947 por
1122 2921 1254 2943 Visitatores
1272 2922 1379 2948 puniri».

1055 2958 1063 2970 ‘³
1081 2959 1149 2986 lipist.
1164 2960 1185 2981 ll.
1198 2960 1225 2981 ad
1239 2960 1318 2982 'l¹liess.
1331 2960 1358 2986 3,
1376 2961 1395 2982 ὃ.
1414 2964 1435 2982 et
1452 2961 1535 2983 deinde
1555 2962 1594 2984 10:
1611 2962 1736 2991 Quoniam,
1750 2963 1767 2985 si
1780 2963 1832 2991 quis

993 3003 1036 3019 non
1054 2998 1102 3019 vult
1119 2998 1222 3025 operari,
1240 3004 1282 3021 nec
1300 2999 1429 3021 manducet.

1858 1241 1885 1260 De
1897 1240 1935 1259 otio
1949 1241 1976 1259 vi-

1884 1264 1947 1283 tando.
