2133 3317
139 404 254 424 Notandum.

138 1109 165 1128 De
172 1109 260 1128 orationi-

130 1133 165 1151 hus
174 1132 266 1151 dicendis.

169 2051 262 2071 Hui-latio.

271 226 329 254 478

271 307 401 332 mortuus
422 304 471 331 est.
487 302 553 330 Nam
570 308 636 328 eum
653 299 768 327 inimici
781 307 925 332 essemus,
943 301 1010 326 leste
1024 298 1124 332 Paulo,

273 349 454 379 reconciliati
474 356 580 376 smnus
603 347 658 375 Deo
678 355 733 383 per
753 349 876 374 mortem
898 345 970 374 Filii
990 345 1061 373 eius.
1086 362 1125 365 —

273 397 367 434 Cogita
388 404 454 432 ergo
470 395 538 423 haec
553 394 668 431 grandia
683 393 816 421 beneficia
832 393 893 427 Dei,
909 392 987 429 quia,
1003 398 1066 420 cum
1078 392 1125 421 de-

274 444 354 473 beres
377 442 482 471 meritis
511 441 567 470 tuis
588 441 614 469 in
644 440 752 469 inferno
781 439 958 468 aeternaliter
987 439 1124 473 cruciari,

275 490 362 519 voluit
383 492 474 517 tamen
490 488 549 525 ipse
564 488 610 516 Dei
627 487 711 515 Filius
726 495 777 523 pro
793 490 818 515 te
840 486 1000 515 redimendo
1014 485 1048 514 de
1063 494 1125 514 mu-

274 537 341 566 liere
356 536 527 573 paupercula
554 535 627 563 nasci
651 537 677 563 et
699 533 890 562 crudelissima
911 533 1047 570 supplicia
1068 533 1123 570 pati

274 587 301 613 et
323 583 449 612 horribili
470 586 559 611 morte
575 582 662 615 mori,
684 584 715 610 ut
737 584 866 609 mortuus
891 580 924 609 ad
947 580 1054 609 inferna
1077 580 1124 609 de-

274 630 418 660 scenderet
439 632 466 658 et
481 637 530 658 nos
545 629 578 658 de
598 628 698 657 inferni
715 628 810 665 pelago
828 628 959 656 liberaret
974 631 1001 656 et
1016 627 1042 655 in
1064 635 1125 656 cae-

274 678 335 707 lesti
357 677 471 713 collegio
493 677 649 705 collocaret.
674 676 703 703 Et
725 675 763 703 sic
778 674 894 703 ascende
916 674 1072 703 mentaliter
1091 674 1124 703 ad

274 725 342 753 illud
371 724 516 760 collegium
546 724 706 757 Beatorum,
739 725 765 751 et
793 724 860 751 tunc
889 722 982 763 divina
1010 721 1125 750 caritate

274 772 391 809 ignitus,
406 771 521 807 incipias
536 778 617 798 orare
631 770 783 804 ferventer,
800 772 831 798 ut
845 769 933 806 possis
954 769 1046 797 dicere
1061 776 1125 797 cum

275 818 449 855 Propheta¹:
474 817 625 846 Concaluz't
656 824 823 846 cormeum
854 816 936 844 intra
957 824 1016 849 me,
1042 818 1067 843 et
1094 815 1125 844 in

275 865 460 894 meditatione
475 873 539 893 mea
560 864 725 893 exardescet
741 863 825 900 tyriis.
842 863 874 891 Et
895 862 1027 900 quamdiu
1049 870 1125 896 oras,

276 920 385 949 semper
417 912 561 948 speculare
583 911 656 939 illam
688 911 833 939 caelestem
857 910 1004 938 Ierusalem
1027 909 1126 938 trium-

277 960 421 996 phantem,
450 963 482 987 ut
513 959 618 987 orando
647 958 734 995 possis
761 958 853 986 dicere
888 965 952 986 cum
981 957 1125 993 Apostolo:

277 1006 387 1036 Nostra
408 1010 506 1035 autem
528 1006 709 1035 conversatio
731 1006 762 1034 in
783 1005 871 1034 caelis
888 1008 936 1033 est.

358 1055 383 1082 5.
406 1053 551 1082 Orationes
572 1056 678 1087 autem,
700 1061 770 1090 quas
792 1052 873 1086 sacis,
896 1060 1004 1088 semper
1025 1051 1127 1080 habeas

278 1101 330 1130 sub
352 1104 428 1130 certo
450 1109 567 1129 numero
583 1100 758 1134 terminatas,
781 1107 851 1136 quas
873 1106 1016 1135 nunquam
1035 1098 1128 1126 dimit-

279 1151 332 1182 tas,
355 1148 406 1176 nisi
430 1150 545 1184 urgente
567 1147 729 1176 necessitate
751 1147 793 1175 vel
816 1146 977 1174 infirmitate
1002 1148 1127 1178 coactus,

278 1203 350 1232 quae
371 1197 437 1223 sunt
452 1195 503 1223 hae
515 1195 542 1222 2:
566 1194 654 1231 primo
675 1194 707 1222 ad
725 1193 833 1222 laudem
851 1193 896 1221 Dei
912 1196 939 1221 et
961 1193 1056 1221 beatae
1071 1191 1130 1220 Vir-

278 1242 349 1279 ginis
369 1242 492 1279 quotidie
519 1241 591 1270 inter
617 1241 687 1269 diem
718 1244 745 1269 et
776 1244 884 1268 noctem
913 1240 988 1268 dicas
1015 1242 1127 1267 centum

278 1290 369 1318 Pater
380 1293 477 1317 noster
493 1297 555 1317 cum
572 1289 675 1317 Gloria
688 1288 776 1316 Patri
790 1292 817 1316 et
832 1287 944 1316 totidem
960 1288 1018 1315 Ave
1029 1286 1130 1314 Maria

279 1345 343 1366 cum
375 1336 634 1374 genuflexionibus;
664 1336 728 1364 item
750 1335 826 1364 dicas
853 1334 976 1372 quotidie
1009 1334 1130 1362 psalmos

278 1384 487 1421 poenitentiales
509 1392 571 1412 cum
595 1383 710 1411 litania3
732 1390 781 1419 pro
804 1381 1025 1411 benefactoribus
1043 1380 1129 1413 vivis,

279 1435 306 1461 et
327 1431 438 1469 Vigilias
460 1431 545 1459 trium
568 1431 717 1459 lectionum
733 1438 784 1467 pro
799 1429 948 1463 defunctis,
971 1432 998 1457 et
1019 1428 1072 1456 alia
1091 1428 1130 1456 fa-

279 1479 347 1513 cias,
370 1479 442 1507 sicut
463 1478 511 1506 tibi
536 1477 669 1506 Dominus
690 1476 866 1505 ministrabit.
889 1476 943 1504 Hoc
970 1479 1060 1503 tamen
1089 1478 1130 1503 at-

278 1526 372 1560 tende,
394 1528 425 1554 ut
447 1525 473 1553 in
495 1524 633 1559 oratione,
655 1532 738 1561 quam
754 1524 832 1557 sacis,
855 1523 942 1560 magis
963 1522 1075 1551 studeas
1096 1521 1130 1550 ad

277 1573 450 1602 devotionem
473 1580 556 1609 quam
589 1572 623 1600 ad
654 1570 933 1604 consummationem,
965 1573 996 1598 ut
1023 1569 1129 1603 statim,

278 1628 341 1649 cum
358 1620 497 1648 inveneris
518 1619 674 1653 Christum,
690 1618 842 1647 orationem
858 1618 977 1646 ulterius
998 1625 1051 1645 non
1066 1625 1131 1653 pro-

278 1667 387 1701 tendas,
409 1667 455 1696 sed
478 1675 510 1695 eo
531 1666 638 1700 fruere,
659 1674 742 1703 quem
764 1665 934 1702 quaerebas,
956 1664 1050 1693 dicens
1066 1672 1130 1692 cum

278 1715 417 1751 sponsa4:
442 1714 542 1742 Inueni
569 1722 653 1752 quein
679 1712 774 1750 (litigia
802 1712 907 1740 cmz‘mct
938 1720 1020 1745 inea,
1051 1711 1131 1739 tenui

279 1770 344 1790 enin
365 1770 416 1789 nec
438 1761 601 1794 dimittam,
623 1763 649 1789 et
670 1760 852 1789 subtrahente
881 1767 910 1788 se
932 1759 1005 1793 Iesu,
1028 1759 1130 1787 oratio-

277 1817 341 1838 nem
371 1809 512 1846 perficias,
540 1816 624 1845 quam
652 1807 793 1844 incepisti;
816 1810 843 1835 et
868 1807 982 1835 consulo
1004 1806 1068 1840 tibi,
1098 1808 1130 1834 ut

278 1864 422 1893 nunquam
446 1856 614 1893 praedictam
636 1855 788 1884 orationem
810 1854 947 1887 dimittas;
971 1862 1024 1881 nou
1055 1853 1128 1881 enim

279 1904 325 1941 qui
350 1903 444 1940 incipit
476 1903 699 1937 commendatur,
731 1901 778 1931 sed
811 1902 858 1939 qui
887 1901 1007 1929 finaliter
1036 1909 1130 1938 perse-

279 1954 357 1980 verat
368 1951 387 1979 ⁵.

361 1998 386 2026 6.
408 1997 464 2026 Ora
484 2005 564 2034 ergo,
586 1997 740 2031 carissime,
763 1999 790 2025 et
805 2000 831 2025 te
852 1996 880 2024 in
901 1996 1026 2024 oratione
1048 2003 1130 2024 exer-

283 2052 326 2079 ce,
348 2045 414 2082 quia
434 2045 550 2082 pauperi
579 2053 633 2073 non
655 2044 744 2072 oranti
773 2047 887 2072 aeterna
908 2043 1045 2079 supplicia
1066 2050 1130 2079 pro-

751 219 948 249 OPUSCULUM
970 219 1024 248 XX.
1047 219 1175 248 REGULA
1196 218 1413 248 NOVITIORUM.
1436 218 1504 247 CAP.
1527 218 1555 246 ll.

1182 297 1341 326 mittuntur.
1364 297 1405 325 Ait
1426 297 1498 325 enim
1520 296 1716 325 Bernardusss:
1743 295 1839 330 «Ora,
1868 295 1967 329 frater,
1988 290 2029 324 in-

1182 347 1287 373 stanter
1305 352 1367 378 ora,
1389 344 1455 381 quia
1473 344 1518 372 ille
1539 344 1641 372 dicitur
1657 343 1760 372 habere
1774 343 1896 371 tunicam
1912 343 2029 372 mixtam

1182 392 1328 428 sanguine,
1350 391 1397 428 qui
1420 399 1531 420 carnem
1553 399 1631 419 suam
1647 390 1737 419 nutrit
1757 390 1791 419 de
1806 398 1962 427 pauperum
1984 398 2030 419 su-

1181 438 1256 466 dore.
1279 438 1419 466 Cantando
1434 437 1528 471 nobis,
1551 437 1656 474 inquit,
1679 437 1731 466 ista
1752 437 1824 466 bona
1846 437 2029 473 proveniunt;

1181 493 1280 522 graves
1300 492 1367 521 ergo
1388 492 1439 521 pro
1454 484 1493 512 eis
1508 484 1640 513 effundite
1661 484 1796 521 gemitus,
1817 484 1940 521 alioquin
1955 484 2030 521 quod

1183 532 1227 561 hic
1247 532 1275 560 in
1297 531 1401 560 deliciis
1422 531 1531 560 sumitis
1552 531 1579 559 in
1603 531 1747 559 tormentis
1768 531 1900 560 evometis
1916 543 1942 559 ».
1968 531 2031 560 Stu-

1182 579 1246 607 deas
1267 586 1334 615 ergo
1351 581 1425 606 tanto
1446 577 1621 614 frequentius
1636 580 1663 606 et
1684 578 1821 606 morosius
1836 585 1900 606 cum
1921 577 2031 607 fervore

1182 625 1335 654 devotionis
1356 633 1449 659 orare,
1472 628 1576 661 quanto
1598 625 1661 661 plus
1682 625 1781 653 ceteris
1804 625 1908 653 maiora
1929 624 2032 653 benefi-

1182 673 1224 702 cia
1246 673 1292 701 tihi
1322 672 1518 705 conferuntur,
1544 672 1623 708 quia,
1651 672 1723 700 sicut
1750 671 1816 700 dicit
1844 671 1995 709 Gregorius
2010 672 2030 707 ⁷,

1187 724 1292 748 «tanto
1323 728 1389 756 ergo
1421 719 1554 747 humilior
1585 721 1669 756 atque
1700 718 1733 747 ad
1765 718 1943 747 serviendum
1973 719 2029 748 Deo

1184 767 1337 805 promptior
1359 767 1478 804 quisque
1493 766 1574 795 debet
1595 774 1655 794 esse
1676 774 1712 795 ex
1728 774 1858 800 munere,
1880 768 1984 803 quanto
2003 774 2032 795 se

1182 814 1371 851 obligatiorem
1394 821 1453 842 esse
1468 813 1601 850 conspicit
1622 814 1649 841 in
1672 813 1810 842 reddenda
1831 813 1936 842 ratione
1955 825 1981 842 ».
2001 814 2033 843 Et

1183 862 1272 891 omnis
1293 861 1381 890 oratio
1404 864 1451 889 tua
1472 869 1581 897 semper
1603 861 1730 889 volvatur
1752 863 1800 889 aut
1822 861 1894 889 circa
1915 861 1963 890 Dei
1985 861 2033 890 be-

1184 909 1281 937 neficia
1302 909 1399 937 collata
1421 916 1483 936 cum
1507 908 1660 944 gratiarum
1679 907 1798 942 actione,
1821 911 1870 936 aut
1890 908 1963 937 circa
1984 911 2032 937 tua

1184 959 1211 985 et
1232 956 1427 993 proximorum
1450 955 1555 983 scelera
1577 957 1735 992 perpetrata
1757 963 1821 983 cum
1843 955 1917 983 omni
1938 955 2033 984 dolore

1184 1006 1212 1032 et
1233 1003 1419 1039 lacrymarum
1442 1002 1585 1031 effusione.

2050 523 2128 560 uocandi.

1265 1052 1290 1078 7.
1314 1050 1366 1078 Ista
1380 1049 1453 1078 enim
1468 1052 1509 1078 est
1524 1050 1609 1083 scala,
1625 1049 1677 1086 per*
1690 1057 1773 1086 quam
1788 1048 1861 1077 vidit
1880 1049 1958 1078 lacob
1974 1050 2033 1078 An·
2046 1056 2093 1081 Quid
2104 1057 2133 1078 sui

1183 1097 1261 1135 gelos
1282 1097 1465 1125 ascendentes
1493 1100 1517 1124 et
1538 1097 1734 1125 descendentes
1746 1096 1765 1124 s·
1790 1096 1820 1124 Et
1841 1096 1964 1133 quotidie
1993 1105 2034 1126 se-

1186 1145 1253 1179 mel,
1275 1153 1291 1173 a
1312 1145 1440 1172 Fratrum
1463 1144 1600 1172 consortio
1623 1147 1782 1180 separatus,
1805 1143 1885 1172 stude
1910 1143 2034 1172 animum

1186 1195 1266 1221 ‘tuum
1288 1192 1322 1220 ab
1344 1191 1417 1219 omui
1441 1191 1624 1220 sollicitudine
1646 1199 1790 1225 revocare,
1812 1194 1839 1219 et
1867 1190 1969 1220 illicitis
1990 1198 2035 1220 co-

1185 1239 1364 1276 gitationibus
1386 1239 1597 1275 impermixtus,
1619 1246 1683 1267 cum
1705 1237 1842 1275 profunda
1864 1238 1954 1266 cordis
1982 1238 2035 1267 hu-

1188 1286 1302 1314 militate
1324 1289 1350 1314 et
1378 1286 1522 1315 devotione
1550 1288 1577 1314 et
1598 1285 1751 1322 gratiarum
1780 1285 1887 1314 actione
1914 1285 2034 1322 recogita

1187 1337 1287 1362 cuncta
1309 1333 1441 1362 beneficia
1461 1333 1615 1366 Creatoris‚
1637 1336 1665 1361 et
1679 1332 1813 1366 maxime,
1836 1332 1966 1369 quoniam
1989 1340 2036 1361 vo-

1187 1381 1238 1409 luit
1260 1389 1311 1417 pro
1333 1384 1358 1409 te
1385 1380 1527 1409 humiliter
1549 1379 1686 1408 incarnari
1710 1382 1737 1408 et
1763 1379 1942 1408 acerbissima
1969 1387 2035 1416 sup-

1187 1427 1268 1464 plicia
1290 1428 1344 1464 pati
1367 1431 1393 1456 et
1408 1431 1497 1455 morte
1519 1427 1680 1463 turpissima
1701 1426 1780 1454 mori.
1798 1427 1873 1463 Quae
1894 1429 1986 1455 autem
2001 1426 2034 1455 de

1184 1475 1322 1511 passione
1338 1478 1404 1503 tunc
1424 1474 1524 1503 debeas
1540 1474 1673 1511 cogitare,
1695 1474 1760 1502 dicit
1775 1473 1932 1502 Bernardus
1944 1473 1966 1501 ⁹:
1987 1484 2001 1498 «
2012 1472 2034 1501 Ο

1187 1523 1282 1556 homo,
1305 1522 1412 1558 respice
1433 1521 1543 1550 mentali
1559 1521 1653 1555 oculo,
1676 1524 1780 1558 quanto
1802 1520 2035 1549 remunerationis

1187 1569 1279 1598 debito
1312 1569 1427 1597 Domino
1449 1572 1498 1597 tuo
1530 1568 1566 1597 sis
1592 1568 1731 1597 astrictus.
1765 1567 1877 1604 Respice
1905 1567 2036 1596 sudorem

1187 1617 1384 1653 sanguineum,
1406 1616 1550 1652 alaparum
1566 1615 1774 1649 contumeliam,
1797 1614 1970 1651 flagellorum
1986 1614 2037 1643 du-

1188 1664 1293 1697 ritiam,
1315 1671 1446 1692 coronam
1475 1662 1614 1699 spineam,
1644 1662 1794 1691 verborum
1817 1661 2033 1698 blasphemiam,

1187 1711 1260 1748 sputi
1288 1711 1420 1745 ludibria,
1453 1710 1545 1739 crucis
1565 1710 1721 1747 angariam,
1753 1709 1935 1746 suspendium
1967 1708 2036 1745 pati-

1187 1759 1261 1793 buli,
1284 1759 1379 1787 oculos
1400 1758 1577 1794 languentes,
1593 1757 1649 1785 oris
1664 1757 1812 1794 pallorem,
1828 1756 1914 1785 fellita
1925 1756 1948 1773 ¹⁰
1963 1756 2037 1785 ciba-

1188 1806 1241 1840 ria,
1263 1809 1372 1834 acetosa
1387 1805 1498 1842 pocula,
1518 1807 1601 1841 caput
1616 1804 1790 1837 inclinatum,
1813 1803 1910 1832 mortis
1932 1803 2036 1840 suppli-

1188 1854 1270 1882 cium.
1293 1853 1324 1881 Et
1346 1852 1413 1890 quid
1428 1852 1529 1889 plura?
1552 1851 1613 1880 Vita
1633 1859 1684 1888 pro
1706 1851 1785 1879 nobis
1805 1854 1916 1879 mortua
1937 1853 2015 1879 est».

1267 1901 1292 1929 8.
1317 1900 1347 1928 Et
1369 1908 1432 1928 cum
1455 1900 1523 1928 haec
1538 1899 1676 1936 prolixius
1691 1898 1854 1935 cogitaveris
1871 1898 1907 1932 ¹¹,
1923 1905 2038 1927 conver-

1188 1951 1246 1977 tere
1268 1947 1396 1985 protinus
1410 1947 1443 1975 ad
1460 1950 1485 1975 te
1500 1947 1590 1983 ipsum
1607 1949 1635 1975 et
1649 1945 1806 1979 considera,
1822 1945 1896 1982 quod
1911 1945 2039 1974 Christus

1187 2003 1241 2023 non
1263 1994 1352 2023 solum
1375 1993 1550 2030 supradicta,
1573 1993 1620 2021 sed
1635 1993 1718 2021 etiam
1740 1992 1807 2020 alias
1830 1992 1932 2020 multas
1954 1991 2037 2020 susti-

1187 2042 1249 2070 nuit
1270 2041 1426 2078 passiones,
1446 2044 1479 2069 ut
1500 2043 1526 2069 te
1553 2040 1587 2069 de
1608 2040 1744 2069 servitute
1765 2039 1864 2068 diaboli
1897 2039 2035 2068 liberaret.

282 2211 321 2233 ubi
340 2212 361 2233 iu
379 2214 431 2233 nota
450 2212 561 2238 allegatur
579 2210 647 2232 ctiam
666 2210 787 2237 Rei-nard,
805 2210 833 2232 de
856 2210 962 2237 passione
981 2209 1084 2235 Domini,
1109 2209 1130 2230 in

281 2251 334 2273 feria
354 2251 390 2272 lV.
408 2250 570 2272 hebdomadae
593 2252 696 2276 saur-tae,
717 2256 737 2271 u.
763 2249 782 2271 4.
801 2262 831 2265 —
851 2249 962 2277 Superius
986 2251 1036 2276 post
1054 2247 1131 2270 consi-

281 2289 339 2312 dera
356 2290 390 2312 Hl
409 2289 497 2312 addunt
517 2288 605 2318 primo,
626 2291 647 2310 et
670 2291 722 2316 post
740 2287 797 2317 plus
814 2287 869 2317 fecit
888 2288 905 2310 E
928 2288 1092 2316 prosequitur:
1110 2288 1132 2309 et

281 2328 397 2351 maiorem
408 2328 532 2351 caritatem
545 2327 638 2355 lambuit,
659 2327 716 2357 qula
732 2333 780 2350 uon
803 2328 897 2350 tautam
911 2333 958 2356 pro
976 2326 1070 2354 amicis,
1090 2325 1132 2349 secl

281 2368 352 2391 etiam
366 2374 413 2397 pro
432 2367 532 2390 inimicis
550 2367 658 2390 animum
675 2373 746 2389 sumn
765 2366 847 2395 posuit?
862 2368 884 2389 et
899 2367 1010 2389 mortuns
1032 2367 1067 2388 est
1085 2368 1129 2388 etc,

281 2408 376 2430 Inferius
393 2413 435 2435 pro
454 2406 536 2436 (Σοφία
553 2413 609 2436 erqo
627 2406 684 2429 haec
702 2407 718 2428 Α
729 2406 796 2428 BEL
814 2405 896 2435 Coqz‘ta
912 2411 969 2435 erqo
983 2405 1031 2432 liic,
1049 2408 1071 2427 et
1090 2411 1131 2432 pro

282 2446 371 2469 meritis
389 2446 436 2469 tuis
453 2447 468 2468 F
484 2452 529 2475 [iro
547 2445 666 2468 clavim-itis
684 2444 738 2468 luis.

345 2486 352 2498 ¹
372 2486 453 2508 Psalm.
472 2486 512 2512 38,
533 2485 553 2507 4.
571 2498 601 2501 ——
618 2484 722 2507 Subinde
744 2485 855 2512 allegatur
873 2484 926 2506 Phil.
946 2485 971 2511 3,
994 2484 1030 2506 20.
1050 2496 1080 2500 ——
1098 2485 1133 2506 ln-

282 2525 351 2548 lerius
374 2532 416 2553 pro
440 2525 471 2548 Et
495 2524 610 2554 quamdiu
636 2530 692 2547 orus
717 2524 761 2552 (ita
786 2524 862 2553 DHl)
888 2523 941 2546 edd.
966 2525 988 2546 et
1009 2523 1067 2546 dum
1091 2523 1132 2546 clia

283 2570 346 2588 oras.

346 2603 354 2616 2
372 2603 427 2627 Cod.
446 2604 464 2625 ΙΙ
482 2603 546 2625 addit
562 2609 614 2626 sem.

344 2642 353 2655 ³
371 2642 444 2665 Codd.
463 2643 505 2664 Eu
523 2641 618 2665 litaniis.
632 2641 736 2664 Subinde
749 2647 790 2669 pro
807 2640 904 2670 Viqilias
916 2640 989 2663 trium
1005 2640 1133 2664 lectionum

280 2689 327 2712 pro
344 2682 460 2712 defunctis
478 2682 517 2711 (ita
536 2683 553 2704 Α
564 2683 579 2704 Ε
589 2682 606 2703 H
618 2682 637 2708 l)
656 2682 673 2703 B
684 2682 701 2703 D
710 2681 725 2703 F
740 2683 762 2703 et
774 2681 811 2703 ed.
824 2681 832 2702 i
855 2679 951 2710 Viyz'lz'as
963 2679 992 2709 [B
1009 2679 1132 2710 Vz'gyiliam]

283 2722 463 2752 defunctorum,
481 2722 532 2744 Vat.
555 2720 660 2750 Vesper-is
677 2719 858 2750 destinatorum,
876 2719 1021 2747 subiungens
1038 2719 1082 2743 hoc
1099 2721 1133 2742 est

283 2761 393 2789 Placebo,
411 2762 447 2783 cui
466 2762 481 2783 B
492 2762 507 2783 L
525 2761 615 2783 addunt
629 2766 676 2789 pro
693 2759 802 2782 morinis.

346 2799 356 2812 ⁴
372 2800 436 2823 Cant.
454 2801 480 2827 3,
502 2800 523 2822 4.
540 2812 572 2816 -—
588 2799 701 2827 Superius
722 2802 774 2827 post
791 2798 908 2822 inveneris
930 2799 948 2820 H
967 2798 1133 2827 prosequitur:

284 2838 445 2862 desideratum
457 2840 547 2867 lesum,
560 2838 585 2861 in
602 2838 709 2861 oratione
721 2837 822 2860 ulterius
831 2843 880 2860 non
888 2836 1020 2867 procedas,
1035 2836 1077 2860 sed
1088 2839 1130 2859 etc.

284 2878 328 2900 Pro
344 2877 423 2901 dicens
441 2878 456 2900 A
469 2878 512 2900 ΕΗ
530 2877 638 2905 dicendo,
657 2877 673 2899 B
691 2876 808 2906 dicasque.

348 2915 357 2928 ⁵
374 2917 450 2939 Matth.
467 2917 504 2943 10,
517 2918 554 2939 22.
568 2920 590 2938 et
602 2916 642 2943 24,
661 2916 699 2938 13:
712 2916 755 2944 Qui
767 2918 843 2938 autem
861 2915 1047 2944 perseveraverit
1058 2919 1133 2944 usque

285 2955 307 2977 in
325 2955 406 2982 finem,
418 2955 454 2977 hic
465 2956 544 2977 salvus
560 2955 608 2977 erit.
621 2968 652 2971 —
666 2956 707 2977 Pro
722 2954 871 2984 praedictam
882 2954 1015 2977 orationem
1031 2955 1070 2983 (ita
1089 2954 1132 2976 ΑΕ

285 2995 304 3017 Η
314 2994 334 3019 l)
355 2994 405 3016 Vat.
419 2993 554 3023 praedicta,
572 3000 632 3023 quae
649 2995 718 3016 etiam
734 3000 778 3022 pro
795 2993 977 3017 commendatur
999 2993 1042 3023 <ita
1062 2993 1106 3015 ΑΒ
1117 2993 1133 3015 Ε

285 3034 304 3056 Η
314 3032 364 3062 Γι)Δ
374 3032 492 3055 substituit
508 3032 655 3056 emendatur.

1252 2207 1261 2220 ⁶
1279 2208 1351 2229 Serui.
1371 2207 1390 2229 4„
1412 2207 1432 2229 in
1451 2207 1589 2229 Asccusioue
1606 2206 1711 2233 Domini,
1729 2212 1750 2228 n.
1773 2206 1812 2227 ll:
1831 2205 1899 2227 «Ora
1919 2206 2038 2227 instanter,

1188 2253 1227 2269 ora
1247 2250 1421 2275 perseveranter
1434 2254 1460 2274 »;
1480 2245 1538 2268 libro
1562 2246 1591 2267 de
1609 2245 1675 2267 Modo
1694 2244 1752 2266 benc
1770 2245 1865 2267 vivendi
1884 2245 1951 2273 (inter
1968 2250 2038 2272 opera

1189 2286 1308 2314 Bernardi)
1317 2303 1322 2313 ,
1340 2292 1360 2309 c.
1380 2285 1415 2307 49.
1434 2292 1457 2307 n.
1476 2286 1483 2307 l
1495 2285 1533 2307 18:
1555 2294 1563 2304 a
1575 2285 1619 2307 Ora
1632 2291 1685 2307 cum
1698 2284 1807 2311 lacrymis
1819 2284 1986 2311 indesinenter,
1999 2289 2038 2306 ora

1188 2327 1272 2354 iugiter
1284 2335 1310 2353 ιη
1328 2326 1367 2348 sed
1386 2332 1447 2354 quae
1464 2325 1500 2347 hic
1517 2327 1682 2352 annectuntur,
1701 2324 1722 2346 iu
1740 2323 1826 2352 quibus
1843 2323 1965 2351 respicitur
1980 2324 2037 2345 Gen.

1189 2366 1232 2393 37,
1250 2367 1287 2388 31.
1307 2365 1356 2395 (uhi
1380 2365 1409 2387 de
1434 2365 1510 2387 tunica
1537 2364 1617 2391 loseph
1644 2364 1666 2385 in
1691 2363 1803 2391 sanguino
1821 2363 1889 2385 hoedi
1907 2362 1998 2392 tincta),
2015 2362 2038 2384 in

1189 2408 1270 2428 neutro
1288 2405 1323 2427 cit.
1343 2405 1392 2427 loco
1410 2406 1542 2426 occurrunt.

1254 2443 1262 2457 ⁷
1280 2444 1340 2466 Libr.
1359 2445 1374 2466 1.
1392 2444 1474 2466 Homil.
1500 2443 1523 2464 in
1541 2443 1627 2470 Evang.
1654 2442 1733 2464 homil.
1756 2442 1779 2464 9.
1796 2448 1817 2464 n.
1842 2442 1861 2463 l.
1878 2454 1909 2457 —
1927 2441 2038 2469 Superius

1191 2490 1232 2512 pro
1249 2483 1396 2513 frequentius
1415 2483 1468 2505 edd.
1485 2481 1623 2512 praenatis.

1253 2522 1262 2535 Β
1279 2524 1335 2545 Gen.
1362 2523 1405 2549 28,
1431 2523 1460 2544 ⁴2
1487 2534 1515 2537 —-
1534 2521 1627 2543 iuferius
1653 2526 1694 2548 pro
1720 2520 1889 2549 impernzz‘oetus
1915 2520 1966 2541 Vat.
1985 2525 2039 2549 per-

1190 2561 1282 2585 nzioelus
1299 2565 1321 2583 ct
1338 2560 1401 2584 circu
1420 2559 1529 2590 beneficia
1548 2566 1590 2587 pro
1608 2561 1693 2582 cuncta
1711 2559 1821 2589 beneficia
1839 2559 1882 2587 (ita
1902 2558 1947 2581 ΑΗ
1958 2558 1987 2587 l).

1252 2600 1262 2613 ⁹
1279 2601 1323 2624 Csr.
1342 2601 1415 2623 Serm.
1433 2600 1455 2622 iu
1473 2600 1527 2622 seria
1541 2600 1577 2622 lV.
1590 2599 1752 2621 hebdomadae
1769 2601 1873 2625 sanctae,
1890 2604 1912 2620 n.
1930 2598 1953 2620 3.
1970 2600 1992 2620 et
2010 2598 2038 2626 8;

1190 2641 1264 2663 Serm.
1282 2641 1320 2662 22.
1339 2640 1369 2662 de
1393 2639 1505 2667 Diversis,
1528 2645 1550 2660 n.
1567 2638 1594 2665 ὅς
1613 2639 1690 2660 Tract.
1716 2638 1744 2660 de
1761 2637 1856 2659 caritate
1879 2637 1949 2665 (inter
1966 2643 2037 2665 opera

1189 2679 1325 2708 Bernardi),
1343 2685 1361 2700 c.
1378 2678 1413 2700 19.
1425 2685 1447 2700 n.
1466 2678 1501 2699 62.
1520 2684 1582 2706 seq.;
1601 2677 1718 2699 instructio
1736 2676 1862 2698 sacerdotis
1880 2676 1952 2704 (inter
1968 2681 2037 2704 opera

1189 2718 1323 2746 Bernardi),
1340 2724 1363 2746 p.
1383 2719 1397 2740 l.
1414 2723 1433 2739 c.
1452 2717 1474 2739 6.
1497 2723 1518 2739 n.
1546 2717 1579 2738 10.
1596 2722 1657 2745 seq.;
1675 2717 1749 2738 Serm.
1768 2715 1798 2738 de
1821 2715 1871 2738 Vita
1889 2717 1911 2737 et
1933 2715 2039 2743 passione

1190 2758 1280 2780 Domini
1299 2757 1370 2785 (inter
1396 2762 1466 2784 opera
1485 2755 1608 2782 Bernardi,
1630 2759 1664 2778 cst
1680 2755 1780 2777 Anselmi
1798 2754 1874 2776 Medit.
1893 2754 1936 2783 9.),
1957 2760 1981 2776 n.
2000 2754 2037 2776 11.

1189 2803 1254 2825 seqq.
1273 2797 1295 2818 ln
1313 2796 1347 2818 his
1365 2796 1419 2818 locis
1436 2795 1517 2818 eadem
1535 2795 1659 2821 sententia,
1682 2794 1723 2816 sed
1740 2800 1787 2816 non
1810 2793 1892 2816 iisdem
1911 2792 1988 2815 verbis
2008 2793 2038 2815 as-

1190 2837 1269 2858 sertur.
1286 2836 1329 2857 Pro
1346 2834 1447 2858 Domino
1465 2835 1504 2857 tuo
1522 2833 1555 2857 sis
1571 2833 1684 2856 astrictus
1702 2833 1792 2855 ADHl
1813 2831 1984 2862 constringeris
2005 2830 2038 2861 [E

1189 2873 1343 2904 astrinqeris,
1362 2874 1381 2896 H
1398 2872 1568 2903 reslrz'nqmis,
1588 2873 1593 2895 Ι
1611 2871 1769 2902 astringaris]
1787 2872 1827 2895 tuo
1842 2870 1943 2894 Domino
1957 2870 1983 2900 [Α
1995 2871 2039 2893 Do-

1189 2913 1254 2936 mino
1273 2914 1332 2941 Deo,
1351 2914 1357 2936 l
1374 2911 1475 2936 Domino
1492 2913 1539 2935 Deo
1557 2913 1597 2935 tuo
1612 2917 1658 2941 pro
1676 2911 1709 2941 te]
1728 2910 1830 2941 patienti
1834 2919 1843 2939 ,-
1861 2916 1903 2938 pro
1926 2909 2039 2933 sudorem

1188 2951 1349 2982 sanguineum
1366 2952 1420 2975 edd.
1436 2951 1586 2981 sanquinem.

1253 2991 1272 3004 ¹⁰
1290 2990 1431 3019 Du'Cange,
1449 2990 1590 3013 Glossarium
1608 2993 1664 3012 etc.:
1681 2989 1793 3017 Fellitus,
1812 2989 1861 3011 selle
1879 2988 1971 3011 mixtus.

1252 3030 1270 3043 ¹²
1289 3030 1362 3053 Codd.
1380 3031 1412 3053 Hl
1428 3029 1551 3060 prolixius
1568 3031 1655 3052 etcum
1673 3027 1787 3059 lacrymis
1804 3027 1951 3057 coqz'taverz's.

2058 1081 2118 1099 ditand
2127 1095 2131 1100 .

2056 1902 2115 1930 Ressex
2129 1909 2132 1921 1

2062 1931 2081 1945 se
2094 1931 2118 1950 ips
2130 1939 2133 1945 .
