2133 3317
391 213 588 242 OPUSCULUM
609 213 638 242 11.
660 213 830 242 SPECULUM
850 213 1093 243 CONSCIENTIAE.
1116 214 1274 244 EPILOGUS
1296 215 1558 245 PRAEDICTORUM.

171 292 202 317 Iu
224 292 291 323 visu,
315 292 340 316 in
362 291 464 323 aspectu
486 291 624 321 oculorum,
647 291 843 322 pulcritudinum
872 291 947 317 homi-

103 343 161 360 num
186 335 212 360 et
237 335 380 364 mulierum,
404 334 590 360 inhonestorum
615 333 795 364 membrorum,
815 335 946 366 gestuum,

105 377 310 409 spectaculorum.

171 420 202 445 In
229 420 318 450 verbo,
350 420 464 445 scurrilia
491 420 606 450 dicendo,
634 420 666 445 ad
698 420 791 445 malum
822 420 947 445 incitando

104 463 190 493 verbo,
210 464 249 488 vel
268 464 293 488 in
312 463 470 488 attrahendo.

171 506 202 531 Iu
232 507 301 531 tactu
328 505 517 537 multipliciter:
549 506 575 531 in
603 506 693 531 osculis
727 506 752 531 et
784 506 893 531 tactibus
920 506 948 530 li-

105 548 223 573 bidinosis
252 549 289 573 sui
321 548 360 573 vel
389 548 511 579 alterius,
540 549 565 573 et
595 556 623 573 ex
650 548 696 574 hoc
727 549 839 580 sequitur
867 549 949 580 pollu-

102 591 136 616 tio
160 591 316 621 dormiendo,
337 598 381 622 per
403 591 544 616 naturalem
563 592 647 616 actum
669 592 695 616 in
714 599 772 616 vase
790 591 885 621 debito,
908 592 947 616 vel

101 634 188 660 contra
206 634 335 666 naturam,
355 642 399 666 per
418 635 501 659 actum
520 634 662 659 naturalem
682 635 832 660 matrimonii
853 635 947 664 active;

101 677 173 707 item,
193 685 222 702 ex
240 677 285 703 hoc
305 685 348 709 per
371 678 454 703 actum
474 678 650 710 matrimonii,
670 678 708 702 vel
739 678 874 703 moechiae.
900 678 948 703 Per

101 720 184 746 actum
203 721 364 746 matrimonii
381 721 451 746 modo
470 721 625 750 inordinato,
646 721 684 746 vel
715 720 825 752 tempore
848 720 946 750 illicito,

101 764 140 789 vel
158 763 296 789 intentione
314 771 364 789 non
384 765 460 789 recta.
730 766 737 771 ”

170 807 305 832 DIoechiac
333 808 417 832 autem
447 815 489 832 sex
507 807 604 832 fructus
624 807 771 838 ponuntur:
803 806 946 836 fornicatio,

101 849 251 875 adulterium
263 869 269 880 ‚
288 850 422 882 stuprum,
441 850 548 882 raptus,
568 850 677 875 incestus
696 850 721 875 et
739 850 905 881 sacrilegium.

172 892 298 917 Secundus
317 900 402 917 ramus
425 893 570 924 principalis
595 892 806 924 concupiscentiae
825 892 946 921 carnalis,

21 940 49 967 qa,
62 939 86 959 de
102 935 141 960 est
159 936 318 960 inordinatio
334 936 363 961 in
370 936 464 967 poenis
483 935 621 966 evitandis,
635 943 664 960 ex
676 943 725 967 qua
738 935 818 960 oritur
831 935 947 959 ultimum

20 965 88 1014 viuffffi
101 979 190 1004 vitium
209 979 329 1010 capitale,
349 978 414 1010 quod
432 978 534 1003 accidia
553 978 704 1003 nominatur.

172 1021 209 1046 Ex
228 1021 327 1046 accidia
346 1021 483 1053 procedunt
501 1021 526 1045 hi
539 1020 652 1046 fructus:
672 1020 878 1052 pusillanimitas,
898 1020 948 1045 tor-

101 1071 160 1096 por,
179 1064 294 1096 evagatio
314 1064 416 1094 mentis,
430 1064 584 1089 instabilitas
596 1064 719 1095 corporis,
739 1063 845 1088 tristitia
867 1063 947 1088 cordis

101 1107 126 1132 et
144 1107 292 1138 desperatio.

170 1150 207 1175 Ex
221 1150 442 1182 pusillanimitate
461 1150 570 1182 procedit
583 1149 657 1175 timor
676 1150 787 1178 servilis,
807 1149 946 1181 humanus,

100 1193 249 1218 mundanus.

1794 218 1850 246 645

1074 293 1111 317 Ex
1131 294 1233 324 torpore
1252 294 1362 324 procedit
1380 294 1544 326 negligentia,
1566 295 1636 320 cuius
1657 295 1753 320 fruetus
1775 296 1849 320 sunt:

1004 336 1116 365 omissio,
1136 336 1279 367 ignorantia
1298 337 1323 361 et
1341 337 1439 362 oblivio.

1078 378 1187 404 Omissio
1217 379 1348 411 multiplex
1376 380 1431 409 est,
1457 380 1550 405 scilicet
1569 380 1625 406 boni
1644 381 1779 412 propositi,
1798 381 1849 406 voti

1004 422 1132 452 promissi,
1151 422 1298 451 iuramenti,
1318 422 1434 452 iniuncti,
1454 423 1544 453 debiti,
1564 423 1664 448 utilium
1683 424 1771 453 saluti,
1796 431 1849 455 per-

1003 464 1137 489 tinentium
1156 465 1187 489 ad
1205 465 1244 489 ius
1262 465 1389 494 naturale,
1409 466 1448 490 vel
1467 466 1592 495 divinum,
1612 467 1652 491 vel
1671 467 1815 498 positivum.

1076 507 1235 538 Iynorantia
1253 508 1292 532 est
1310 508 1453 540 multiplex,
1474 509 1567 534 scilicet
1586 509 1647 534 iuris
1666 510 1802 539 naturalis,
1815 509 1849 534 di-

1004 550 1054 575 vini
1074 551 1099 575 et
1117 550 1235 581 posit1vi3
1254 551 1325 580 item,
1345 551 1418 581 facti3
1437 551 1508 581 item,
1525 551 1654 581 affectata,
1673 559 1758 577 crassa
1771 552 1796 577 et
1809 560 1851 577 su-

1004 593 1064 624 pina
1085 593 1110 618 et
1128 593 1286 618 invincibilis.

1074 635 1111 660 Ex
1139 636 1289 667 iynorantia
1316 637 1426 667 procedit
1454 644 1523 662 error
1554 637 1717 662 conscientiae
1745 637 1770 662 et
1797 638 1850 662 eius

1003 678 1179 709 transgressio.

1078 720 1175 746 Oblivio
1193 722 1232 746 est
1250 722 1351 753 duplex:
1378 722 1534 753 peccatorum
1559 722 1584 747 et
1606 722 1777 747 beneficiorum
1804 722 1848 747 Dei

1003 764 1028 789 et
1046 764 1160 789 hominis.

1074 807 1111 832 Ex
1129 807 1168 832 his
1187 808 1267 833 oritur
1285 808 1440 840 ingratitudo
1463 808 1488 833 et
1507 808 1639 833 indevotio.

1075 850 1184 875 Ultimus
1202 849 1303 880 fructus
1316 851 1355 875 est
1373 851 1529 882 desperatio,
1544 851 1670 882 peccatum
1690 852 1715 876 in
1729 852 1848 883 Spiritum

1004 892 1126 918 sanctum.

1074 935 1172 960 Peccati
1202 936 1228 960 in
1259 935 1387 966 Spiritum
1416 937 1534 961 sanctum
1565 944 1607 961 sex
1638 937 1730 967 species
1761 936 1851 961 distin-

1002 978 1130 1010 guuntur,
1156 978 1249 1003 scilicet
1273 978 1427 1009 desperatio,
1456 979 1620 1010 praesumtio,
1646 979 1849 1010 impoenitentia,

1003 1020 1150 1051 obstinatio,
1169 1021 1326 1052 impugnatio
1345 1022 1446 1053 agnitae
1464 1022 1579 1047 veritatis
1598 1022 1623 1047 et
1641 1022 1778 1047 invidentia
1803 1022 1851 1047 fra-

1003 1063 1089 1088 ternae
1116 1064 1221 1095 gratiae.
1241 1064 1265 1088 Si
1293 1064 1349 1095 quis
1376 1064 1460 1089 autem
1486 1065 1585 1096 plenius
1603 1064 1632 1089 de
1658 1065 1764 1096 singulis
1788 1065 1850 1089 velit

1003 1106 1094 1131 habero
1113 1106 1240 1136 notitiam,
1263 1106 1295 1131 ad
1314 1107 1451 1132 tractatum
1471 1108 1624 1139 superiorem
1643 1108 1756 1132 recurrat
1771 1106 1787 1132 ¹.

1192 1193 1311 1218 EXPLICIT
1331 1193 1462 1219 SPECULUM
1480 1201 1664 1219 CONSCIENTIAE.

163 1405 171 1418 ¹
189 1406 230 1429 Hic
247 1406 361 1435 Epilogus
376 1413 421 1429 non
433 1407 533 1435 perfecte
544 1406 636 1429 exhibet
647 1406 724 1429 omnia
736 1405 841 1429 membra
859 1406 999 1429 divisionum
1017 1406 1039 1428 in
1056 1407 1168 1434 opusculo
1180 1409 1352 1434 contentarum3
1364 1406 1441 1429 visum
1453 1408 1488 1428 est
1499 1406 1644 1434 superfluum
1657 1406 1718 1428 hunc
1732 1405 1849 1428 desectum

102 1438 218 1466 supplere.

620 2170 955 2193 ——xf-wa

1159 2176 1335 2185 χρ-
