2133 3317
578 206 773 235 OPUSCULUM
794 207 836 235 xl.
858 206 1020 235 APOLOGIA
1042 207 1222 236 PAUPERUM.
1245 207 1313 236 CAP.
1336 207 1366 236 V.

106 288 195 314 tamen
224 284 380 313 huiusmodi
402 284 513 313 cibariis
539 292 590 321 pro
612 284 670 312 loco
698 287 725 312 et
749 287 873 320 tempore
904 292 947 312 so-

0 326 38 369 {nx
47 339 93 367 mio
104 332 164 361 brie
190 331 293 365 utitur,
321 331 364 359 vel
390 330 456 368 quia
486 330 604 367 requirit
630 330 784 359 necessitas
804 333 947 358 sustenta-

0 365 88 439 innona-
105 377 190 407 tionis
209 376 350 414 propriae
380 379 494 413 propter
521 375 721 413 aegritudinem
743 384 793 405 seu
822 376 947 405 debilita-

104 427 171 458 tem,
188 424 231 452 vel
252 423 365 452 utilitas
386 422 598 460 aedificationis
618 421 771 459 fraternae
785 431 834 460 per
849 423 947 451 carita-

2 477 3 483 *
105 470 186 499 tivam
207 469 472 499 condescensionem.

183 517 208 544 5
240 515 323 544 Primi
353 515 465 553 quidem
487 516 648 552 exemplum
678 524 715 545 ex
741 515 795 544 vita
827 516 947 544 sumitur

6 570 83 596 aprima
104 562 289 600 perfectorum
318 562 542 596 coenobitarum,
563 570 646 599 quam
675 562 834 591 describens
854 562 947 591 Hiero-

104 616 203 646 nymus
224 608 257 637 ad
280 608 456 637 Eustochium
471 609 480 625 ¹
501 609 551 643 ait,
574 609 689 646 loquens
703 609 737 638 de
758 609 847 638 sanis:
874 620 887 633 «ι
902 608 947 637 Vi-

0 633 3 704 1
104 655 178 684 vitur
200 663 284 692 pane,
306 655 493 692 leguminibus
514 658 541 684 et
561 655 700 690 oleribus,
721 663 792 692 quae
813 655 869 684 sale
890 655 947 684 solo

103 701 270 730 condiuntur
284 713 310 729 ».
333 701 438 730 Dehinc
459 710 510 738 pro
530 701 667 731 debilibus
687 702 792 731 subdit:
819 702 945 730 «Vinum

103 751 210 776 tantum
231 755 310 777 senes
330 748 484 785 accipiunt,
505 748 608 785 quibus
629 751 656 777 et
677 748 801 785 parvulis
821 756 902 785 saepe
916 748 948 776 fit

103 794 267 832 prandium,
290 798 320 823 ut
350 794 468 823 aliorum
498 794 568 823 fessa
599 797 771 823 sustentetur
802 798 892 828 aetas,
920 798 947 823 et

102 841 220 869 aliorum
241 849 295 869 non
316 841 460 878 frangatur
482 841 614 878 incipiens
628 853 654 869 ».
677 841 739 869 Post
760 841 827 869 haec
851 841 885 869 de
906 841 946 869 in-

103 886 278 916 firmantibus
305 887 358 915 ait:
384 898 398 912 «
413 887 439 915 Si
467 887 530 924 quis
551 894 617 915 vero
638 886 759 923 coeperit
786 889 946 923 aegrotare,

103 933 269 962 transfertur
297 933 331 962 ad
362 933 494 962 exedram
530 933 652 962 latiorem
684 936 712 961 et
742 935 818 961 tanto
849 940 946 961 senum

103 979 256 1009 ministerio
282 979 460 1014 confovetur,
488 982 520 1008 ut
549 987 600 1008 nec
626 979 737 1008 delicias
758 979 872 1008 urbium
896 987 947 1008 nec

103 1027 199 1055 matris
229 1030 345 1064 quaerat
375 1027 504 1056 affectum
529 1038 555 1055 ι).
588 1027 657 1055 Η366
689 1026 879 1063 Hieronymus.
909 1042 946 1047 -

0 1087 17 1104 n.
27 1080 50 1100 a·
61 1084 89 1100 se-
105 1074 205 1108 Porro,
219 1074 378 1110 exemplum
399 1073 511 1102 secundi
533 1074 676 1102 manifeste
694 1073 812 1110 refulget
826 1073 853 1102 in
867 1073 946 1102 Chri-

104 1123 159 1154 sto,
182 1120 216 1149 de
231 1128 287 1157 quo
307 1120 519 1156 Chrysostomus
540 1128 624 1157 super
645 1120 812 1149 Matthaeum
834 1120 947 1148 homilia

103 1166 233 1204 vigesima
253 1166 368 1203 septima
380 1166 403 1194 2;
424 1178 438 1192 «
449 1166 529 1201 Vide,
551 1169 654 1204 quanta
668 1169 710 1196 est
723 1166 825 1195 Christi
839 1166 867 1194 in
882 1174 946 1195 con-

102 1213 277 1243 descensione
298 1213 452 1250 diligentia,
481 1213 553 1242 sicut
573 1221 637 1242 cum
665 1212 789 1242 comedat
810 1216 837 1242 et
858 1213 945 1247 bibat,

102 1268 166 1289 cum
186 1259 313 1289 videatur
334 1267 371 1288 ex
391 1260 508 1289 adverso
530 1260 621 1288 Ioanni
643 1260 760 1294 faciens;
781 1262 808 1288 et
830 1260 881 1288 hoc
906 1260 947 1288 lu-

101 1307 233 1336 daeorum
254 1307 342 1343 gratia
363 1306 459 1335 salutis
480 1306 558 1341 facit,
580 1306 666 1343 magis
686 1309 779 1335 autem
800 1306 876 1334 orbis
892 1309 946 1335 ter-

102 1361 198 1382 rarum
228 1353 365 1387 universi,
393 1353 532 1390 simulque
563 1353 768 1381 haereticorum
799 1353 947 1381 obstruens

0 1409 92 1436 ansper—
102 1407 152 1428 ora
167 1411 192 1427 n.
213 1399 340 1436 Magister
362 1407 481 1436 namque
502 1399 678 1436 perfectionis
698 1399 886 1433 omnimodae,
909 1399 946 1428 le-

0 1432 94 1479 ffiffli.
103 1453 151 1475 sus
171 1445 314 1480 Christus,
340 1448 368 1474 et
388 1448 567 1482 supportator
594 1445 809 1482 imperfectionis
835 1448 947 1474 nostrae

0 1479 87 1522 mn·
103 1495 256 1529 utrumque
276 1492 372 1521 debuit
393 1492 420 1520 in
442 1500 492 1521 sua
507 1492 562 1521 vita
583 1494 754 1526 monstrare,
777 1499 840 1521 611111
856 1495 947 1521 tamen

102 1539 215 1568 loannes
235 1542 319 1568 totam
341 1539 479 1576 peregerit
493 1539 577 1568 vitam
593 1539 745 1568 secundum
763 1539 946 1569 arctissimam

101 1585 280 1615 abstinentiae
297 1586 392 1623 legem.

180 1634 205 1661 6.
228 1633 261 1661 Et
280 1641 451 1669 quamquam
472 1635 551 1662 actus
571 1633 724 1662 abstinendi
746 1633 893 1670 perfectior
912 1633 947 1662 sit

0 1687 85 1708 tonnus.
102 1687 138 1708 ex
159 1679 272 1716 proprio
293 1686 409 1716 genere,
438 1679 587 1715 perfectius
618 1682 709 1708 tamen
736 1679 792 1716 egit
818 1679 946 1708 Christus

101 1733 185 1763 quam
208 1726 333 1760 loannes,
354 1725 420 1762 quia
441 1729 467 1754 et
489 1726 595 1762 puriori
617 1725 697 1754 modo
711 1725 739 1754 in
754 1733 783 1754 se
804 1725 863 1763 ipso
884 1726 946 1755 abs-

102 1772 185 1801 tinuit
204 1775 232 1801 et
252 1772 312 1801 aliis
325 1780 362 1801 ex
383 1772 540 1809 perfectiori
565 1772 700 1801 charitate
721 1772 913 1802 condescendit
925 1773 944 1801 ³.

14 1827 85 1846 Paulus.
101 1818 177 1847 Unde
188 1821 215 1847 et
225 1818 400 1855 perfectionis
410 1818 511 1847 Christi
524 1818 690 1855 praecipuus
705 1821 823 1848 sectator
834 1819 945 1856 Aposto-

101 1865 145 1894 lus
165 1873 219 1894 non
241 1865 330 1894 solum
352 1865 511 1894 imitabilem
539 1873 568 1894 se
589 1866 702 1902 praebet
729 1865 757 1894 in
784 1865 945 1894 austeritate

100 1911 186 1946 vitae,
208 1919 306 1941 verum
327 1911 409 1940 etiam
428 1911 455 1940 in
477 1912 521 1948 pia
535 1912 568 1940 ad
583 1912 726 1948 proximos
739 1912 945 1941 condescensio-

100 1966 150 1993 ne,
164 1958 198 1987 ad
219 1958 398 1987 Corinthios*
411 1958 520 1987 dicens:
543 1959 652 1987 Factus
666 1967 733 1987 sum
753 1958 882 1995 infirmis
900 1959 945 1987 in—

99 2005 223 2043 firmus,
244 2008 277 2034 ut
297 2004 431 2042 infirmos
445 2004 668 2042 lucrifacerem,
689 2005 824 2033 omnibus
845 2005 945 2034 omnia

0 2058 84 2084 Apostoli·
100 2052 198 2091 factus
218 2061 302 2087 sum,
324 2056 358 2081 at
380 2060 477 2081 omnes
497 2051 625 2089 facerem
652 2052 757 2081 salvos.
780 2052 853 2081 Hanc
881 2060 945 2081 con-

100 2099 284 2129 descensionis
304 2099 504 2128 aedificatoriae
524 2098 641 2127 formam
662 2099 804 2136 discipulis
818 2098 851 2127 ad
866 2107 945 2136 prae-

100 2146 246 2175 dicandum
269 2145 359 2175 missis
380 2145 513 2174 Dominus
541 2145 631 2180 dedit,
652 2153 716 2174 cum
737 2145 812 2174 ait⁵:
840 2146 876 2174 In
897 2154 944 2174 ea-

100 2193 163 2222 dem
184 2192 268 2221 domo
288 2196 416 2226 manete,
437 2192 547 2221 edentes
570 2196 597 2221 et
617 2192 738 2221 bibentes
764 2200 839 2230 qaae
863 2193 945 2229 apud

101 2239 164 2268 illos
183 2243 260 2268 sunt.
283 2239 315 2268 Et
335 2239 406 2268 ratio
427 2239 455 2268 in
476 2239 611 2268 Matthaeo
633 2239 774 2268 redditur:
798 2240 846 2267 Est
866 2239 943 2268 enim

101 2286 209 2324 dignus
223 2286 379 2323 operarius
400 2285 462 2314 cibo
475 2294 538 2314 suo.
561 2286 630 2322 Quia
644 2285 717 2314 enim
734 2285 861 2323 discipuli
875 2294 945 2323 pau-

101 2340 181 2370 peres
202 2335 281 2361 erant
295 2335 323 2361 et
342 2332 486 2361 laboriosis
501 2332 711 2369 praedicationis
731 2332 944 2369 exponebantur

100 2378 288 2413 discursibus;
310 2386 344 2407 ne
362 2387 413 2415 pro
433 2378 551 2415 penuria
571 2381 598 2407 et
618 2378 779 2407 difficultate
800 2378 902 2408 laboris
915 2379 943 2407 in

102 2433 130 2454 se
152 2425 217 2462 ipsis
237 2425 402 2459 deficerent,
424 2425 467 2454 vel
495 2433 546 2462 pro
566 2425 742 2454 difformitate
770 2425 859 2454 victus
879 2433 943 2454 one-

166 2632 172 2645 ¹
191 2633 261 2661 Epist.
278 2633 315 2655 22.
341 2639 363 2655 11.
381 2633 418 2655 35.
444 2633 494 2661 (cfr.
513 2639 583 2661 supra
605 2639 627 2655 n.
654 2633 692 2662 2,).
719 2633 805 2656 lbideni
831 2633 944 2656 habentur

102 2672 169 2694 etiam
187 2672 233 2694 duo
250 2677 316 2700 seqq.
332 2672 384 2694 loci.

165 2708 174 2722 ²
190 2710 250 2732 Alias
267 2710 346 2732 homil.
363 2710 399 2732 28.
418 2716 440 2732 n.
457 2710 482 2738 3;
499 2711 540 2732 cfr.
557 2716 626 2738 supra
643 2716 697 2738 pag.
715 2710 773 2737 237,
790 2713 842 2732 nota
860 2710 886 2737 4,
905 2710 943 2733 ubi

102 2748 183 2771 eadem
201 2749 310 2771 sententia
327 2749 434 2771 occurrit.

165 2786 174 2800 ³
192 2788 249 2810 Vide
266 2794 336 2816 supra
353 2793 374 2810 c.
393 2789 412 2810 1.
430 2794 454 2810 11.
473 2788 507 2810 10,
524 2794 574 2816 seq.

164 2825 174 2838 ⁴
190 2827 260 2855 Epist.
276 2827 292 2849 1.
308 2833 328 2849 c.
346 2827 371 2855 9,
389 2827 427 2849 22.
444 2839 473 2842 —
490 2826 602 2854 Superius
613 2829 665 2854 post
679 2825 829 2855 perfectionis
841 2827 886 2849 tide
899 2827 915 2850 C
926 2827 943 2849 D

102 2865 263 2893 supplevimus
279 2864 378 2893 Christi,
397 2866 414 2887 E
431 2864 538 2888 caritatis
556 2864 649 2888 Christi,

165 2902 174 2915 ὃ
192 2904 245 2926 Luc.
266 2904 303 2931 10,
320 2904 346 2931 7,
363 2906 415 2932 post
431 2909 501 2932 quem
519 2904 594 2926 Matth.
616 2904 653 2932 10,
672 2904 707 2926 10.

165 2941 174 2955 ὃ
192 2943 221 2965 113
239 2941 349 2970 ΑΒΟῦ,
366 2942 419 2965 edd.
436 2942 523 2971 forma.

165 2981 173 2994 ⁷
191 2982 261 3010 Epist.
278 2982 294 3004 l.
311 2988 331 3004 6.
348 2982 375 3008 8,
388 2982 408 3003 8.
426 2982 505 3004 Glossa
516 2984 551 3004 est
562 2981 722 3005 interlinearis
734 2982 794 3010 apud
813 2982 942 3010 Lyranum;

1789 208 1844 236 259

1004 284 1059 313 rosi
1080 284 1264 313 redderentur
1279 285 1493 322 suscipientibus
1514 285 1602 322 ipsos,
1625 284 1782 313 huiusmodi
1798 284 1849 313 fuit

1004 330 1043 359 eis
1063 339 1079 359 a
1100 331 1216 360 Domino
1240 331 1349 360 vivendi
1382 332 1500 360 norma⁶
1529 331 1698 368 praescripta
1726 334 1781 360 13111
1806 331 1849 367 1116

1004 384 1087 413 quam
1108 377 1238 413 provide,
1259 380 1290 406 ut
1311 380 1338 406 et
1358 378 1419 406 aliis
1440 377 1689 407 condescenderent
1710 380 1737 406 et
1758 377 1849 405 iniun-

1004 426 1079 452 ctum
1100 423 1152 451 sibi
1173 423 1295 452 lahorem
1318 424 1435 453 viriliter
1458 424 1575 453 tolerare
1595 425 1726 453 valerent.

1083 471 1109 498 7.
1131 470 1172 498 Ex
1194 470 1340 506 praedictis
1361 470 1445 507 igitur
1463 471 1608 506 elucescit,
1623 471 1697 508 quod
1712 473 1766 499 tam
1788 470 1850 499 abs-
1860 476 1995 518 οοηὲιὲιὲἑοηο.

1004 516 1092 545 tinere
1113 524 1129 544 a
1154 517 1284 545 carnibus
1309 520 1336 546 et
1360 517 1424 545 vino
1448 526 1531 554 quam
1553 518 1596 547 his
1616 518 1657 546 uti
1679 520 1768 555 potest
1789 517 1848 546 fieri
1954 513 1958 518 ’

1004 563 1124 600 perfecte
1145 566 1172 592 et
1199 563 1373 600 imperfecte;
1395 564 1441 592 sed
1469 572 1574 599 unum,
1600 564 1702 593 scilicet
1730 564 1849 593 abstine-

1005 617 1050 643 re,
1072 609 1103 638 fit
1124 609 1244 646 perfecte
1266 618 1302 638 ex
1325 610 1436 647 proprio
1450 618 1567 647 genere;
1588 611 1707 639 alterum
1724 619 1789 640 vero
1805 618 1848 639 ra-

1004 656 1077 685 tione
1098 656 1321 685 circumstantiae
1342 657 1502 691 adiunctae,
1523 665 1587 686 cum
1601 665 1637 686 ex
1659 665 1688 686 se
1703 657 1788 694 magis
1802 657 1848 686 de-

1003 703 1087 731 clinet
1106 703 1140 731 ad
1161 702 1403 740 imperfectionem.
1420 719 1457 723 —
1471 703 1540 732 Haec
1561 706 1652 732 autem
1672 711 1726 732 non
1748 703 1848 733 idcirco
1866 709 1949 728 cautela.

1003 749 1137 783 dicimus,
1159 749 1223 786 quia
1245 749 1323 778 cibus
1344 750 1371 778 in
1394 750 1475 786 culpa
1496 750 1543 783 sit,
1565 757 1629 778 611111
1643 749 1716 778 dicat
1736 750 1848 786 Aposto-

1004 795 1048 824 lus
1068 795 1101 823 ad
1122 795 1278 824 Corinthios
1290 796 1317 824 ⁷:
1334 796 1409 824 Esca
1429 804 1482 824 nos
1502 804 1561 824 non
1581 796 1761 824 commendat
1778 796 1848 829 Deo;

1003 842 1112 870 Glossa:
1138 843 1277 876 «Sumta,
1309 843 1350 871 vel
1382 851 1436 870 non
1463 846 1601 876 sumta»;
1623 846 1650 871 et
1680 843 1849 880 Augustinus

1004 889 1085 917 tertio
1106 888 1177 917 libro
1197 888 1231 917 de
1252 889 1382 917 Doctrina
1403 889 1592 918 christiana⁸:
1620 901 1633 915 ε(
1648 890 1719 926 Quid
1734 891 1800 919 locis
1821 894 1848 919 et

1003 935 1120 972 tempori
1141 938 1168 964 et
1195 935 1321 972 personis
1348 935 1507 969 conveniat,
1532 935 1678 972 diligenter
1705 937 1847 965 attenden-

1002 981 1069 1010 dum
1100 984 1154 1015 est,
1175 989 1209 1010 ne
1241 985 1344 1010 temere
1371 981 1474 1018 flagitia
1502 982 1747 1018 reprehendamus.
1777 983 1845 1012 Fieri

1003 1027 1075 1056 enim
1097 1031 1201 1064 potest,
1223 1030 1255 1056 111
1275 1027 1334 1056 51116
1354 1027 1447 1064 aliquo
1468 1028 1534 1056 vitio
1554 1028 1691 1065 cupidinis
1706 1029 1747 1057 vel
1770 1037 1848 1057 vora-

1003 1074 1092 1103 citatis
1122 1074 1320 1111 pretiosissimo
1344 1074 1404 1103 cibo
1432 1075 1541 1111 sapiens
1572 1078 1686 1109 utatur,
1719 1075 1849 1112 insipiens

1002 1124 1096 1150 autem
1109 1121 1280 1150 foedissimae
1300 1121 1380 1158 gulae
1402 1121 1512 1150 flamma
1537 1122 1563 1150 in
1586 1122 1748 1151 vilissimum
1771 1122 1848 1151 arde-

1003 1171 1075 1202 scat,
1097 1171 1124 1196 et
1150 1176 1234 1197 sanus
1255 1168 1373 1205 quisque
1394 1169 1524 1197 maluerit
1546 1176 1623 1198 more
1644 1169 1751 1197 Domini
1776 1169 1849 1206 pisce

1003 1215 1074 1243 vesci
1103 1222 1187 1251 quam
1218 1215 1348 1243 lenticula
1370 1223 1446 1244 more
1468 1215 1551 1249 Esau,
1573 1218 1622 1244 aut
1643 1215 1747 1244 hordeo
1772 1223 1848 1244 more

1003 1262 1229 1290 iumentorum».
1252 1262 1321 1290 Haec
1342 1262 1520 1299 Augustinus.
1536 1262 1573 1291 Ad
1594 1262 1765 1299 quodetiam
1786 1262 1849 1291 facit

1002 1308 1077 1345 quod
1106 1308 1172 1337 dicit
1202 1308 1351 1345 Gregorius
1383 1309 1522 1346 trigesimo
1554 1309 1625 1338 libro
1659 1309 1847 1338 Moralium9:

1007 1366 1020 1379 α
1035 1355 1093 1383 Νο11
1115 1355 1208 1389 cibus,
1230 1355 1277 1384 sed
1298 1355 1437 1392 appetitus
1452 1356 1479 1384 in
1502 1356 1568 1384 vitio
1589 1359 1638 1384 est.
1654 1356 1729 1384 Unde
1752 1356 1847 1384 lautio—

1003 1409 1048 1430 res
1069 1402 1144 1430 cibos
1172 1402 1338 1439 plerumque
1359 1402 1417 1431 sine
1448 1403 1530 1439 culpa
1558 1403 1695 1431 sumimus
1720 1405 1746 1431 et
1775 1403 1848 1431 abie-

1004 1448 1104 1477 ctiores
1125 1457 1179 1477 non
1201 1449 1260 1477 sine
1282 1452 1360 1477 reatu
1375 1449 1557 1478 conscientiae
1578 1449 1766 1486 degustamus.
1783 1449 1848 1477 Hinc

1005 1495 1076 1523 Esau
1098 1494 1247 1531 primatum
1270 1503 1319 1531 per
1341 1495 1499 1524 lenticulam
1526 1495 1660 1532 perdidit,
1682 1499 1709 1524 et
1730 1496 1800 1524 Elias
1821 1496 1847 1524 in

1004 1548 1097 1569 eremo
1129 1541 1260 1569 virtutem
1292 1541 1417 1577 corporis
1451 1549 1549 1570 carnes
1584 1541 1688 1570 edendo
1720 1542 1847 1570 servavit.

1003 1587 1079 1616 Unde
1100 1590 1127 1617 et
1147 1588 1279 1624 antiquus
1300 1588 1387 1616 hostis
1408 1588 1529 1624 primum
1551 1588 1602 1617 sibi
1625 1588 1765 1617 hominem
1792 1597 1845 1617 uon

1003 1642 1099 1668 carne,
1121 1634 1167 1663 sed
1190 1642 1270 1671 pomo
1291 1634 1413 1663 subdidit
1440 1638 1467 1663 et
1498 1635 1651 1664 secundum
1680 1643 1733 1663 non
1756 1643 1848 1669 carne,

1003 1680 1050 1709 sed
1072 1688 1141 1717 pane
1163 1681 1319 1709 tentavit».

1081 1728 1107 1755 8.
1131 1727 1206 1756 Ρ3161
1226 1727 1326 1764 igitur,
1348 1728 1422 1764 quod
1442 1728 1565 1757 delicatis
1596 1728 1635 1756 uti
1659 1736 1709 1765 pro
1741 1729 1799 1757 loco
1820 1732 1847 1757 et

1002 1776 1127 1810 tempore
1148 1782 1295 1811 possumus
1316 1775 1421 1811 absque
1450 1778 1576 1811 peccato;
1599 1775 1664 1812 quia
1685 1778 1776 1804 tamen
1797 1783 1846 1812 per

1002 1819 1196 1848 excitationem
1210 1820 1233 1836 ¹⁰
1254 1820 1491 1856 concupiscentiae
1506 1821 1571 1849 dant
1592 1821 1762 1850 occasionem
1783 1828 1846 1858 pec-

1002 1866 1096 1900 candi,
1118 1866 1153 1895 ab
1174 1866 1333 1895 huiusmodi
1355 1866 1493 1896 abstinere
1524 1868 1646 1896 salutare
1667 1871 1723 1901 est;
1746 1876 1777 1896 ac
1797 1876 1846 1905 per

1002 1913 1070 1946 hoc,
1092 1921 1156 1941 611111
1189 1913 1224 1941 511
1251 1913 1361 1942 difficile
1392 1916 1420 1942 et
1446 1914 1566 1942 arduum
1588 1918 1615 1943 et
1636 1918 1846 1952 supererogato-

1002 1959 1075 1988 rinm
1097 1959 1131 1988 de
1152 1963 1252 1988 natura
1283 1960 1325 1989 sui
1354 1961 1478 1997 generis,
1500 1961 1654 1998 colligitur,
1676 1969 1735 1990 esse
1756 1962 1845 1998 perfe-

1002 2008 1078 2034 ctum
1099 2009 1229 2043 tanquam
1245 2006 1279 2034 ad
1294 2006 1488 2043 perfectionem
1500 2016 1690 2045 praeparans
1711 2011 1738 2037 et
1759 2008 1845 2045 ipsam

998 2060 1172 2089 promovens
1193 2057 1217 2081 et
1238 2061 1421 2081 conservans.
1444 2054 1519 2083 Unde
1544 2054 1726 2091 Hieronymus
1751 2058 1846 2084 contra

1002 2099 1171 2128 Iovinianum
1185 2100 1222 2127 ¹¹:
1251 2100 1344 2134 «Fac,
1372 2107 1450 2128 esum
1479 2101 1604 2129 carnium
1632 2101 1739 2130 cunctis
1759 2101 1846 2130 natio-

1001 2146 1084 2174 nibus
1105 2153 1165 2174 esse
1186 2153 1378 2180 communem,
1399 2150 1426 2175 et
1447 2147 1549 2183 passim
1572 2147 1654 2176 licere
1681 2148 1755 2184 quod
1782 2155 1845 2184 pas-

1001 2192 1053 2221 sim
1084 2192 1222 2229 gignitum
1252 2193 1318 2230 quid
1345 2193 1379 2221 ad
1415 2196 1488 2222 nos?
1512 2201 1634 2230 quorum
1664 2194 1844 2223 conversatio

1002 2238 1033 2267 in
1053 2239 1141 2268 caetis
1169 2242 1225 2273 est,
1254 2239 1301 2276 qui
1330 2248 1415 2276 super
1440 2240 1622 2277 Pythagoram
1654 2244 1681 2269 et
1711 2241 1844 2278 Empedo-

1001 2286 1071 2315 clem
1093 2288 1120 2314 et
1140 2293 1235 2315 omnes
1266 2286 1414 2323 sapientiae
1445 2290 1594 2315 sectatores
1625 2295 1679 2316 non
1710 2287 1734 2316 ei
1763 2288 1844 2316 debe-

1001 2340 1081 2367 mur,
1102 2333 1147 2361 cui
1168 2333 1325 2367 nascimur,
1346 2333 1393 2362 sed
1421 2334 1466 2362 6111
1494 2334 1684 2368 16113561111111,
1712 2335 1842 2371 quoniam

1000 2383 1201 2417 repugnantem
1217 2388 1328 2409 carnem
1343 2384 1370 2409 et
1380 2380 1413 2409 ad
1428 2380 1573 2409 libidinum
1588 2381 1725 2409 incentiva
1736 2381 1844 2418 rapien-

1001 2428 1055 2454 tem
1078 2426 1168 2455 inedia
1188 2426 1407 2463 subiuganius».
1430 2427 1499 2456 Haec
1527 2427 1715 2463 Hieronymus.
1738 2428 1844 2464 Quibus

1877 1737 1970 1756 Snadetur

1861 1761 1981 1780 abstinentia.

1000 2635 1039 2656 cfr.
1057 2634 1199 2661 Comment.,
1211 2635 1273 2663 quod
1289 2634 1385 2657 habetur
1398 2635 1454 2657 inter
1466 2641 1535 2662 opera
1549 2634 1662 2657 Ambrosii
1676 2638 1697 2658 et
1709 2636 1767 2658 Pelr.
1779 2636 1842 2658 Lom-

1000 2672 1066 2695 bardi
1084 2673 1104 2695 in
1123 2674 1183 2695 hunc
1201 2673 1285 2696 locum.

1062 2710 1071 2723 Β
1088 2711 1143 2739 cap.
1161 2712 1198 2734 112,
1214 2718 1236 2734 11,
1258 2712 1290 2734 19.
1310 2712 1333 2734 111
1351 2712 1395 2734 11116
1407 2712 1560 2740 respiciuntur
1577 2713 1630 2735 Luc.
1649 2713 1689 2741 24,
1708 2712 1744 2735 42.
1762 2719 1809 2742 seq.
1821 2718 1842 2736 ct

999 2750 1055 2773 Gen.
1074 2751 1115 2777 25,
1128 2750 1165 2772 34.
1177 2751 1219 2772 Pro
1232 2750 1380 2780 foedissimae
1392 2753 1464 2773 textus
1476 2750 1594 2778 originalis
1608 2750 1754 2780 foedissima,
1767 2756 1789 2775 et
1800 2758 1843 2780 pro

999 2795 1073 2812 sanas
1090 2789 1142 2811 Vat.
1158 2795 1211 2812 cum
1229 2789 1342 2812 nonnullis
1359 2789 1427 2811 codd.
1444 2792 1466 2812 et
1482 2790 1519 2812 ed.
1537 2790 1542 2811 1
1564 2789 1654 2813 sanius.

1062 2826 1072 2839 ⁹
1088 2827 1143 2855 Cap.
1163 2828 1198 2850 Ἰ18.
1217 2834 1238 2850 11.
1263 2828 1300 2850 60.
1321 2828 1483 2856 Respiciiintur
1505 2829 1561 2851 Gen.
1585 2829 1629 2856 25,
1649 2830 1686 2852 32.
1711 2836 1791 2859 seqq.;
1810 2831 1841 2853 111.

999 2867 1055 2894 Reg.
1076 2866 1116 2893 17,
1133 2867 1159 2893 6,
1177 2867 1232 2889 Gen.
1250 2867 1274 2894 3,
1292 2867 1313 2888 6.
1331 2869 1353 2889 et
1370 2867 1445 2889 11131111.
1464 2867 1489 2895 4,
1507 2867 1528 2889 3.

1063 2904 1082 2917 ¹⁰
1100 2906 1129 2927 113
1148 2906 1163 2927 Β
1181 2909 1210 2932 et,
1228 2908 1251 2928 ut
1269 2905 1291 2928 in
1314 2906 1351 2928 ed.
1369 2906 1382 2928 2
1407 2908 1511 2933 notatur,
1529 2906 1579 2929 cod.
1603 2907 1768 2935 Ferrariensis,
1789 2908 1842 2930 edd.

999 2943 1199 2967 emercz'tationem.

1062 2982 1080 2995 ¹¹
1099 2982 1159 3006 Libr.
1178 2983 1201 3006 ll.
1218 2990 1241 3006 n.
1257 2983 1280 3006 7.
1297 2983 1412 3012 allegatur
1430 2984 1484 3006 Phil.
1503 2984 1529 3013 3,
1547 2985 1583 3006 20.
