2133 3317
0 1414 1 1424 a
0 1153 3 1353 —ss—-—
2 991 5 1082 ὴ-
3 915 6 945 ,-
0 880 7 907 ,..

0 2185 55 2205 atei-it

0 2209 26 2228 itti
40 2211 77 2228 tres

0 2234 38 2251 inae
48 2235 66 2251 et

0 2257 53 2275 artes.

337 235 533 264 OPUSCULUM
554 235 619 263 XVI.
644 234 815 263 EXPOSlTlO
836 236 938 265 SUPER
959 236 1113 266 REGULAM
1133 238 1287 267 FRATRUM
1308 239 1469 268 MlNORUM.
1491 240 1559 268 CAP.
1582 240 1612 269 X.

103 313 160 342 sine
181 312 272 341 studio
292 320 347 341 uon
368 315 484 349 possunt
504 312 589 340 verba
610 312 691 340 modo
722 312 814 341 debito
839 313 946 342 exami-

103 367 178 388 nare.
200 359 276 387 Patet
297 359 394 392 etiam,
415 358 489 396 quod
510 359 619 387 Fratres
644 367 680 387 ex
705 367 756 387 sua
777 360 946 396 professione

102 405 204 435 habent
222 405 414 442 praedicare,
438 405 464 433 in
491 413 611 442 quorum
634 406 735 442 Regula
758 406 830 434 inter
850 414 946 435 omnes

103 451 226 489 specialis
247 454 382 480 tractatus
395 451 429 480 de
444 451 655 488 praedicationis
669 452 759 480 officio
773 452 944 487 continetur3

100 498 173 527 unde
198 497 349 526 certissime
370 501 492 531 constat,
514 498 588 535 quod
616 498 701 527 nullis
723 499 864 535 Religiosis
885 499 945 528 aliis

102 544 165 582 plus
185 544 315 581 competit
335 544 495 581 praedicare
516 553 551 573 ex
568 545 674 574 ratione
689 548 778 574 status
792 545 845 579 sui,
861 553 945 582 quam

101 591 144 620 his
164 591 211 628 qui
234 591 305 619 hanc
326 591 457 628 Regulam
478 592 646 628 profitentur
658 593 678 620 ¹.

388 677 594 709 (CAPITULUM
611 677 653 709 x.)

212 750 250 776 DE
269 758 439 777 ADMONITIONE
458 759 489 777 ΕΤ
508 759 675 777 CORRECTIONE
694 752 828 777 FRATRUM,

168 824 283 854 Fratres,
297 825 412 856 quisunt
430 825 540 850 Ministri
559 825 584 850 et
603 826 669 850 servi
686 826 792 851 aliorum
811 826 942 856 Fratrum,

98 867 202 893 visitent
220 867 245 892 et
264 868 381 892 moneant
393 868 496 893 Fratres
516 875 573 893 suos
585 868 610 892 et
628 868 756 893 humiliter
774 869 800 893 et
812 869 943 894 caritative

99 910 227 941 corrigant
244 917 299 940 eos,
318 917 367 935 non
387 911 566 942 praecipientes
585 912 620 936 eis
638 911 745 943 aliquid,
759 911 824 943 quod
837 911 871 936 sit
888 919 943 937 cou-

99 953 140 978 tra
158 954 266 978 animam
285 960 355 978 suam
375 953 400 978 et
418 953 539 985 Regulam
558 954 680 979 nostram.
699 954 802 979 Fratres
814 961 887 984 vero,
901 955 942 986 qui

97 995 158 1021 sunt
176 996 281 1025 subditi,
301 996 475 1026 recordentur,
495 996 559 1028 quod
578 997 680 1028 propter
704 997 783 1021 Deum
806 997 942 1028 abnegave-

97 1038 158 1064 runt
175 1039 291 1070 proprias
309 1038 460 1064 voluntates
480 1039 549 1064 Unde
568 1039 674 1064 firmiter
697 1040 821 1071 praecipio
846 1041 893 1068 eis,
913 1040 942 1065 ut

97 1082 212 1107 obediant
231 1082 282 1106 suis
300 1082 424 1107 Ministris
442 1082 468 1107 in
487 1082 612 1112 omnibus,
627 1090 688 1114 quae
702 1083 871 1114 promiserunt
892 1083 942 1108 Do-

97 1125 163 1150 mino
182 1125 326 1154 observare,
345 1125 370 1149 et
389 1132 437 1150 non
451 1125 511 1150 sunt
529 1126 655 1150 contraria
673 1126 769 1150 animae
788 1125 814 1150 et
832 1126 941 1157 Regulae

96 1167 206 1193 nostrae.
224 1167 258 1192 Et
276 1168 422 1199 ubicumque
451 1168 510 1193 sunt
528 1168 645 1197 Fratres,
666 1169 707 1200 qui
732 1169 824 1193 scirent
852 1169 877 1194 et
901 1176 941 1194 eo-

96 1211 257 1242 gnoscerent,
278 1218 303 1235 se
321 1218 370 1236 non
390 1218 461 1242 posse
474 1211 595 1243 Regulam
609 1211 775 1242 spiritualiter
795 1211 940 1242 observare,

95 1253 128 1278 ad
146 1261 203 1278 suos
227 1253 357 1279 Ministros
380 1254 485 1278 debeant
507 1253 532 1279 et
556 1254 654 1285 possint
672 1261 804 1279 recurrere.
830 1254 941 1279 Ministri

95 1303 153 1321 vero
172 1296 302 1321 caritative
321 1297 346 1321 et
365 1297 469 1328 benigne
489 1304 529 1322 eos
548 1297 670 1328 recipiant
696 1297 722 1322 et
749 1297 847 1322 tantam
872 1297 941 1322 fami-

95 1338 232 1364 liaritatem
251 1339 361 1364 habeant
379 1340 443 1364 circa
460 1340 539 1370 ipsos,
558 1339 588 1364 ut
606 1339 685 1364 dicere
698 1339 796 1370 possint
814 1340 848 1364 eis
868 1340 893 1364 et
905 1339 939 1364 fa-

95 1389 148 1407 cere
167 1382 232 1407 sicut
250 1382 343 1407 domini
366 1383 445 1407 servis
464 1383 522 1407 suis.
549 1382 615 1407 Nam
634 1382 670 1407 ita
689 1382 762 1407 debet
785 1390 838 1407 esse
850 1401 856 1413 ,
875 1383 940 1414 quod

95 1425 205 1450 Ministri
223 1425 275 1450 sint
300 1426 365 1450 servi
384 1426 493 1450 omnium
517 1425 645 1451 Fratrum.
665 1425 752 1451 Moneo
776 1433 833 1451 vero
859 1426 884 1450 et
903 1433 941 1451 ex-

95 1468 183 1493 hortor
200 1469 226 1493 in
251 1468 356 1493 Domino
375 1468 433 1493 Iesu
459 1468 570 1498 Christo,
596 1468 625 1493 ut
649 1468 755 1493 caveant
780 1469 883 1494 Fratres
908 1469 940 1494 ab

94 1511 160 1535 omni
179 1511 306 1542 superbia,
326 1518 391 1536 vana
403 1511 495 1542 gloria,
514 1511 619 1542 invidia,
640 1511 761 1541 avaritia,
780 1519 839 1536 cura
852 1512 877 1536 et
894 1512 940 1537 sol-

93 1553 219 1579 licitudine
237 1554 311 1579 huius
330 1554 432 1584 saeculi,
452 1554 605 1579 detractione
630 1554 655 1579 et
679 1555 892 1585 murmuratione3
915 1555 940 1580 et

92 1604 143 1622 non
161 1597 249 1622 curent
267 1597 404 1622 nescientes
431 1597 532 1622 litteras
554 1598 654 1623 litteras
673 1598 779 1628 discere3
798 1598 841 1623 sed
859 1598 939 1623 atten-

93 1640 163 1671 dant,
182 1640 246 1671 quod
265 1647 340 1671 super
359 1641 441 1665 omnia
453 1640 591 1665 desiderare
610 1640 700 1665 debent
717 1641 808 1666 habere
822 1641 938 1672 spiritum

92 1683 191 1709 Domini
203 1682 228 1707 et
241 1682 353 1707 sanctam
372 1683 424 1708 eius
443 1683 625 1714 operationem,
639 1691 709 1709 orare
723 1691 820 1715 semper
835 1684 867 1709 ad
883 1692 938 1709 eum

93 1733 155 1758 puro
174 1726 245 1751 corde
264 1726 289 1751 et
307 1726 397 1751 habere
415 1726 595 1756 humilitatem,
615 1727 764 1758 patientiam
782 1728 808 1752 in
827 1735 938 1759 perseeu—

91 1769 158 1795 tione
176 1769 202 1794 et
219 1769 365 1794 infirmitate
397 1770 422 1794 et
449 1770 551 1801 diligere
570 1777 611 1795 eos
630 1770 672 1801 qui
690 1777 735 1795 nos
755 1770 939 1802 persequuntur

92 1812 118 1837 et
135 1812 321 1843 reprehendunt
339 1812 364 1837 et
382 1813 508 1844 arg-nunt,
527 1813 585 1844 quia
601 1813 661 1838 dicit
673 1813 805 1838 Dominus:
828 1813 939 1845 Diliqite

93 1855 210 1880 mimicos
222 1856 318 1880 vestros
336 1857 361 1880 et
378 1857 450 1880 orate
457 1863 509 1887 pro
519 1857 731 1887 persequentibus
743 1858 768 1881 et
779 1856 939 1882 calumnian-

94 1898 161 1923 tibus
173 1905 225 1923 vos.
235 1898 323 1929 Beati,
335 1899 379 1929 qui
386 1899 589 1929 persecutionem
597 1899 739 1929 patiuntur
746 1901 855 1930 propter
867 1900 939 1924 iusti-

94 1940 166 1972 tiam,
185 1941 309 1971 quoniam
327 1941 444 1971 ilasorurrt
463 1942 500 1966 est
516 1948 624 1973 requam
636 1941 774 1966 eaelorwm.
790 1942 840 1974 Qui
853 1943 937 1967 autem

88 1984 290 2014 perseveraverit
306 1991 387 2015 usque
404 1984 433 2009 in
451 1984 542 2016 finem,
562 1984 604 2009 hic
621 1985 709 2010 salvus
727 1985 784 2010 erit.

419 2058 460 2086 Ex
466 2057 601 2086 POSlTlO.

173 2135 197 2162 1.
220 2135 359 2168 Fratres,
381 2135 433 2173 qui
449 2139 519 2163 suut
533 2135 663 2164 Ministrz'
676 2139 700 2164 et
715 2136 793 2164 servi
806 2135 936 2164 aliorum

93 2181 245 2209 Fratrum.
268 2181 417 2218 Descriptis
439 2182 528 2210 tribus
543 2182 627 2211 huius
648 2182 765 2211 civitatis
786 2182 935 2217 lateribus,

93 2227 137 2257 hic
157 2228 288 2257 describit
309 2229 382 2257 latus
402 2232 533 2266 quartum
560 2232 650 2258 totum
675 2237 792 2266 vergens
819 2229 852 2258 ad
881 2238 936 2258 au-

90 2278 185 2303 strum
206 2279 231 2304 et
254 2275 335 2304 etiam
355 2275 389 2304 ad
410 2275 554 2304 interiora
575 2276 675 2304 austri
685 2276 705 2304 2.
731 2276 762 2304 Et
784 2276 852 2305 baec
871 2284 936 2313 pars

92 2321 175 2350 hahet
196 2324 268 2356 tres,
290 2322 355 2359 quia
376 2322 465 2359 prima
488 2330 553 2359 pars
580 2322 659 2351 docet
687 2330 798 2351 servare
826 2331 934 2351 omnem

153 2477 161 2491 ¹
178 2478 223 2500 Cfr.
239 2484 309 2506 supra
321 2478 408 2506 Opusc.
422 2479 467 2501 xil.
480 2479 578 2506 Epistola
590 2479 620 2501 de
632 2479 704 2502 tribus
716 2483 804 2508 quaest.
816 2483 859 2503 etc.
871 2487 893 2502 n.
911 2480 933 2502 6.

153 2515 162 2529 ⁹
179 2517 219 2539 lob
236 2517 262 2545 9,
280 2518 293 2539 9
304 2525 309 2539 ι
322 2518 365 2546 Qui
379 2518 430 2540 facit
447 2521 565 2540 arcturum
577 2522 598 2540 et
610 2518 688 2541 or10na
706 2521 728 2541 et
745 2519 833 2547 hyadas
844 2522 866 2541 et
877 2519 934 2542 inte-

92 2555 152 2578 riora
169 2556 248 2579 austri.
264 2556 310 2578 Ctr.
327 2557 436 2584 Gregort,
456 2557 493 2579 lX.
511 2557 587 2579 Moral.
605 2563 624 2579 c.
647 2558 681 2580 11.
700 2564 722 2579 n.
742 2558 779 2580 42.
797 2564 874 2587 seqq,
893 2557 932 2580 ubi

91 2594 200 2623 ostendii,
217 2596 317 2618 arcturo
329 2595 452 2623 significari
465 2596 588 2618 Ecclesiam
596 2613 601 2623 ,
613 2595 736 2619 orionibus
750 2597 866 2624 Martyres,
878 2596 934 2626 hya-

90 2632 158 2656 dibus
174 2633 292 2661 doctores,
310 2635 394 2657 austro
412 2635 527 2656 fervorem
541 2635 639 2662 Spiritus
650 2635 734 2663 sancti,
749 2644 761 2655 κ
772 2642 819 2664 quo
832 2635 888 2657 dum
900 2642 934 2658 re-

90 2672 166 2700 pletus
181 2673 280 2701 quisque
297 2673 374 2701 fuerit,
392 2674 421 2695 ad
438 2679 541 2696 amorem
559 2674 646 2702 patriae
663 2674 787 2701 spiritualis
805 2674 932 2701 ignescit»,

91 2710 243 2735 interioribus
259 2712 339 2735 austri
354 2713 457 2735 occultos
473 2713 614 2740 Angelorum
631 2713 724 2735 ordines
735 2716 757 2735 et
769 2713 933 2735 secretissimos

91 2751 177 2778 patriae
192 2751 295 2773 caelestis
311 2752 388 2778 sinus,
406 2751 444 2774 ubi
460 2760 472 2771 κ
484 2758 527 2779 per
538 2752 612 2779 (lieni,
625 2751 690 2780 quasi
703 2752 725 2774 in
738 2752 865 2774 meridiano
878 2755 933 2774 tem-

91 2795 160 2818 pore,
177 2790 295 2812 ardentius
312 2790 367 2812 solis
385 2790 443 2817 ignis
460 2790 616 2812 accenditur...
634 2790 710 2812 lumen
729 2790 821 2812 intimae
833 2793 934 2812 rontem—

91 2828 198 2856 ptationis
208 2829 256 2851 sine
268 2829 431 2851 interveniente
448 2829 548 2851 cernitur
562 2828 644 2851 umbra
657 2828 833 2851 mutabilitatis»
847 2832 891 2852 etc.
904 2841 932 2845 —

90 2865 135 2889 cfr.
152 2873 221 2895 supra
238 2873 258 2890 c.
276 2868 296 2890 i.
315 2874 337 2890 n.
356 2868 377 2890 l.

152 2904 161 2917 ⁸
179 2906 245 2929 Vers.
262 2907 298 2929 3²2.
315 2918 347 2923 -
364 2907 414 2929 Vat.
431 2912 484 2929 cum
503 2907 521 2929 D
538 2906 608 2929 verba
622 2906 650 2930 Et
661 2908 773 2930 wionearit
785 2907 878 2929 inferius
891 2913 931 2935 po-

90 2944 131 2966 sita
149 2945 256 2973 praefigit
272 2945 379 2973 superius
396 2945 447 2967 voci
465 2944 614 2968 iudicialiter.

153 2983 162 2995 ⁴
180 2984 246 3006 Vers.
263 2984 302 3006 21.
319 2996 348 2999 —
367 2985 416 3006 vat.
434 2983 601 3007 contumeliose
618 2983 815 3012 contradit-entes,
834 2984 931 3007 undem

91 3021 209 3045 Ezecliiete
225 3022 323 3050 dicitur,
343 3023 361 3044 D
378 3022 497 3045 Ezechiae
513 3022 694 3046 contradicente.

1791 242 1844 271 431

1001 314 1146 343 virtutum
1159 315 1378 353 perfectionem,
1400 318 1548 355 praecipue
1569 319 1700 348 caritatis.
1722 319 1847 348 Secunda

1002 360 1081 390 docet
1092 370 1204 391 servare
1215 362 1316 400 famae
1326 364 1520 393 sinceritatem
1535 373 1550 393 a
1562 365 1686 399 maculis,
1699 366 1847 403 praecipue

1002 407 1145 436 foeditatis.
1156 409 1248 437 Tertia
1254 410 1417 439 sitientibus
1428 411 1609 449 martyrium
1618 412 1713 449 aperit
1721 413 1846 446 aditum,

1001 453 1102 482 docens
1123 455 1280 485 infidelibus
1300 464 1329 485 se
1351 457 1481 494 iungere,
1502 458 1658 487 domesticis
1678 459 1818 488 abdicatis.

1081 501 1170 529 Prima
1191 510 1255 538 pars
1277 503 1359 532 habet
1379 507 1456 539 octo,
1478 505 1544 542 quia
1562 506 1652 542 primo
1666 506 1782 543 imponit
1797 506 1991 537 Mi-rariisrrimae

1001 547 1097 576 nistris
1117 548 1332 584 provincialibus
1352 550 1519 587 diligentiam
1542 560 1634 581 curae.
1655 553 1780 581 Secundo
1795 553 1844 582 im-

1002 594 1078 630 ponit
1099 594 1216 624 subditis
1237 596 1434 626 districtionem
1450 598 1635 633 obedientiae,
1654 599 1707 628 ibi:
1722 600 1845 628 Fratres

1001 648 1084 674 vero,
1107 641 1158 678 qui
1177 646 1247 670 suut
1266 642 1384 672 subditi.
1400 644 1492 673 Tertio
1506 645 1649 674 Fratribus
1663 646 1785 683 gravatis
1798 646 1845 675 dat

1002 687 1170 721 remedium,
1192 688 1249 717 ibi:
1273 690 1306 717 Et
1328 690 1501 728 ubicumque
1527 695 1598 720 suut
1626 693 1764 727 Fratres,
1793 693 1846 731 qui

999 733 1114 761 scirent.
1136 735 1241 771 Quarto
1261 736 1334 764 circa
1356 737 1407 766 hoc
1435 737 1527 766 subdit
1555 738 1774 768 informationem
1797 740 1845 768 Mi—

1001 779 1168 814 nistrorum‚
1191 781 1247 810 ibi:
1269 783 1399 812 Ministri
1418 793 1485 812 vero
1506 785 1661 814 caritative
1674 789 1700 814 et
1716 785 1842 823 benigne.

1000 826 1101 862 Quinto
1122 828 1215 856 subdit
1237 829 1455 859 informationem
1471 831 1595 860 omnium
1612 832 1738 861 Fratrum
1754 833 1788 861 ad
1803 833 1844 862 vi-

1000 874 1129 902 tationem
1146 879 1331 912 peccatorum,
1344 878 1492 914 praecipue
1506 878 1702 915 spiritualium,
1718 880 1770 908 ibi:
1786 880 1845 908 Mo-

999 928 1050 948 neo
1073 929 1146 949 vero.
1169 922 1253 950 Sexto
1275 923 1403 951 informat
1424 932 1471 953 eos
1491 925 1524 953 ad
1546 925 1699 954 devotionis
1714 926 1843 963 spiritum

1000 969 1027 994 et
1048 967 1179 996 orationis
1197 969 1379 1003 exercitium,
1395 970 1446 999 ibi:
1463 970 1518 999 Sed
1532 971 1690 1000 attendant.
1706 973 1842 1009 Septimo,

999 1012 1031 1041 ad
1059 1014 1230 1043 tolerantiam
1260 1015 1425 1045 iniuriarum
1447 1020 1474 1045 et
1494 1017 1612 1046 aliorum
1633 1019 1842 1055 gravaminum,

998 1058 1051 1087 ibi:
1072 1060 1105 1088 Et
1119 1059 1223 1089 liabere
1237 1060 1438 1091 bumilitatem.
1453 1062 1568 1098 Octavo,
1583 1064 1616 1092 ad
1632 1064 1754 1093 caritatis
1769 1073 1843 1093 com—

998 1106 1183 1142 plementum,
1212 1108 1268 1136 ibi:
1299 1110 1332 1137 Et
1363 1109 1482 1147 diligere
1509 1119 1555 1139 eos
1583 1111 1635 1149 qui
1664 1120 1718 1140 iios
1746 1121 1842 1149 perse-

997 1156 1138 1190 quantur.

1077 1201 1102 1228 2.
1126 1201 1195 1229 Dicit
1216 1210 1282 1238 ergo
1296 1210 1347 1238 pro
1362 1203 1469 1239 primo:
1492 1205 1624 1239 Fratres,
1639 1206 1691 1243 qui
1704 1209 1773 1234 sunt
1788 1206 1841 1234 Mi-

999 1246 1089 1274 rzistri
1101 1251 1126 1275 et
1140 1248 1218 1275 servi
1232 1248 1361 1277 aliorum
1377 1250 1539 1279 Fratrum:
1561 1251 1693 1280 Minislri
1712 1252 1739 1280 in
1761 1252 1842 1289 spiri-

997 1293 1120 1322 tualibus
1140 1298 1166 1322 ot
1186 1295 1265 1323 servi
1285 1295 1311 1323 in
1334 1297 1551 1333 temporalibuffi
1579 1298 1710 1332 visitent,
1736 1299 1842 1328 sociali-

998 1342 1039 1368 ter
1061 1344 1088 1369 et
1109 1341 1288 1376 iudicialiter,
1311 1343 1398 1372 Lucae
1420 1344 1550 1380 vigesimo
1572 1345 1734 1374 secundo-¹³:
1757 1347 1792 1374 Et
1810 1350 1841 1375 tu

997 1387 1157 1425 aliquando
1186 1397 1358 1423 conversus,
1387 1390 1530 1427 confirma
1557 1390 1670 1428 fratres
1702 1396 1774 1421 tuos.
1805 1394 1841 1422 Et

996 1437 1147 1468 moneant,
1169 1438 1315 1472 antequam
1338 1437 1520 1473 praecipiant,
1548 1439 1669 1467 Fratres
1696 1447 1783 1473 suae,
1814 1443 1841 1469 et

996 1481 1049 1509 hoc
1069 1481 1102 1510 ad
1118 1481 1187 1510 bene
1202 1482 1372 1517 faciendum;
1391 1488 1416 1512 et
1430 1483 1592 1519 humiliter,
1607 1494 1660 1514 non
1681 1486 1839 1523 imperiose,

996 1531 1022 1555 et
1042 1528 1212 1562 caritative,
1234 1537 1287 1557 non
1310 1531 1518 1564 contumeliose;
1534 1535 1646 1560 econtra
1659 1532 1761 1561 dicitur
1777 1533 1840 1562 Eze-

996 1574 1092 1603 chielis
1115 1575 1255 1611 trigesimo
1276 1580 1376 1612 quarto
1387 1577 1417 1604 ⁴²:
1434 1578 1588 1606 Lateribus
1601 1582 1626 1606 et
1640 1577 1771 1608 humeris
1785 1580 1840 1609 im-

993 1621 1159 1658 piriyebatis
1186 1625 1211 1650 et
1238 1622 1376 1651 cornibus
1403 1624 1506 1652 vestris
1533 1625 1717 1654 ventilabatis
1739 1627 1840 1656 omnia

996 1667 1117 1704 infirma
1135 1677 1259 1705 pecora,
1281 1670 1369 1698 donec
1389 1671 1626 1708 dispergerentur
1653 1671 1747 1709 foras.
1777 1673 1840 1702 Hu-

995 1715 1102 1744 militer
1123 1723 1190 1752 ergo
1210 1719 1235 1744 et
1255 1717 1410 1745 caritative
1436 1718 1590 1755 eorriyant
1619 1727 1682 1753 eos,
1711 1721 1839 1757 exemplo

995 1762 1103 1790 Domini
1125 1762 1239 1791 dicentis
1261 1764 1388 1792 Matthaei
1409 1764 1540 1801 vigesimo
1569 1766 1691 1794 terli05:
1722 1767 1838 1802 Quoties

995 1808 1075 1837 votui
1092 1818 1270 1846 eonyreyare
1283 1809 1358 1846 filios
1374 1814 1451 1844 tuos,
1466 1812 1712 1848 quemadmodum
1725 1812 1839 1850 yaltiria

995 1859 1152 1893 eoiiyreyat
1169 1856 1266 1892 pullos
1286 1865 1355 1885 suos
1370 1856 1424 1885 sub
1442 1857 1527 1886 atas!
1548 1874 1585 1879 —-
1608 1858 1666 1895 lpse
1680 1861 1770 1888 tamen
1786 1860 1839 1888 Do-

994 1902 1087 1931 minus
1100 1910 1213 1939 asperae
1228 1903 1406 1932 correctionis
1416 1903 1490 1932 dedit
1504 1905 1663 1942 exemplum
1678 1906 1837 1943 aliquando;

995 1949 1072 1977 uncle
1091 1948 1171 1986 facto
1190 1948 1303 1986 slayetto
1324 1950 1358 1978 cle
1378 1949 1537 1987 funiculis,
1553 1951 1663 1988 expulit
1680 1956 1800 1981 ementes
1813 1955 1839 1981 et

994 1996 1143 2024 vendentes
1163 1996 1197 2024 tle
1219 1996 1338 2033 tempto,
1360 1997 1466 2025 loannis
1488 1998 1624 2032 secundm
1647 2001 1674 2027 et
1694 1999 1742 2036 qui
1758 1999 1837 2028 Petro

994 2042 1095 2071 carnali
1118 2050 1200 2071 sensu
1221 2043 1304 2071 ducto
1325 2043 1410 2071 dixit:
1435 2044 1508 2072 Vade
1523 2048 1614 2079 retro,
1629 2049 1755 2079 satana,
1771 2046 1837 2075 Mat-

994 2089 1065 2117 thaei
1088 2089 1193 2117 decimo
1214 2093 1309 2124 sexta,
1330 2089 1478 2119 durissime
1502 2091 1583 2119 etiam
1607 2092 1766 2121 Pharisaeos
1787 2093 1838 2130 hy-

993 2136 1112 2172 pocritas
1133 2136 1300 2172 increpavit,
1323 2139 1354 2164 ut
1375 2140 1448 2173 patet
1463 2138 1590 2166 Matthaei
1606 2138 1737 2175 vigesimo
1756 2140 1836 2169 tertio

993 2185 1020 2211 et
1035 2183 1122 2211 Lucae
1137 2183 1291 2212 undecimo.
1304 2200 1342 2204 —
1357 2183 1421 2212 Non
1433 2184 1643 2222 praecipientes
1657 2185 1698 2214 eis
1712 2186 1835 2224 aliquid,

992 2229 1069 2267 quod
1088 2229 1127 2258 sit
1146 2233 1249 2258 contra
1270 2230 1404 2258 animam
1430 2239 1534 2265 suam,
1564 2234 1659 2268 utpote
1687 2233 1836 2262 inhibitum

992 2276 1051 2313 lege
1078 2276 1185 2310 divina,
1214 2280 1238 2305 et
1266 2277 1408 2314 Reyulam
1434 2281 1584 2312 nostram,
1606 2278 1755 2308 inhibitum
1777 2280 1836 2318 lege

992 2323 1151 2360 disciplinae
1161 2323 1181 2351 ⁶.

1053 2479 1063 2492 ⁵
1079 2481 1145 2503 Vers.
1162 2480 1199 2502 37.
1216 2492 1247 2496 —
1264 2479 1367 2503 Subinde
1384 2481 1512 2508 allegantur
1528 2481 1589 2504 loan.
1606 2482 1631 2509 2,
1644 2482 1688 2509 tl5;
1704 2483 1780 2505 Matth.
1794 2483 1833 2511 16,

990 2520 1034 2541 23:
1053 2519 1118 2541 Vade
1135 2522 1186 2546 post
1204 2525 1252 2547 me,
1269 2522 1346 2541 satana
1366 2520 1414 2547 (cfr.
1432 2520 1498 2542 Marc.
1517 2521 1543 2548 8,
1560 2521 1607 2543 33:
1624 2521 1689 2544 Vade
1705 2524 1767 2544 retro
1789 2528 1834 2549 me,

989 2559 1089 2586 satana);
1103 2559 1177 2580 Maith.
1190 2558 1232 2585 23,
1245 2558 1281 2580 43.
1294 2564 1372 2587 seqq:
1385 2559 1433 2580 Vae
1444 2562 1521 2581 autem
1534 2559 1617 2582 vobis!
1634 2560 1724 2583 scribae
1741 2563 1763 2583 et
1780 2562 1834 2583 Pha-

989 2597 1067 2624 risaei,
1085 2596 1218 2624 hypocritae
1234 2600 1291 2624 etc.;
1304 2597 1358 2619 Luc.
1374 2597 1407 2625 ll,
1424 2597 1461 2619 39.
1479 2604 1559 2627 seqq:
1577 2599 1641 2621 Nunc
1653 2605 1696 2621 vos
1708 2599 1833 2627 Pharisaei,

989 2635 1052 2664 quod
1070 2635 1154 2657 deforis
1171 2638 1205 2658 est
1221 2636 1297 2658 calli-is
1314 2639 1357 2658 etc.

1051 2673 1061 2686 ⁶
1078 2674 1122 2697 Cl'r.
1140 2675 1257 2703 Expositio
1273 2678 1372 2704 quatuor
1389 2676 1549 2703 magistrorum
1567 2677 1589 2699 in
1608 2683 1628 2699 c.
1641 2677 1684 2700 rlO:
1697 2677 1832 2706 Quaeritur:

990 2714 1049 2742 Quid
1067 2714 1150 2736 dicitur
1167 2715 1250 2737 contra
1267 2713 1394 2737 orimum?
1412 2715 1518 2744 Nunquid
1536 2718 1614 2738 contra
1632 2717 1733 2739 animam
1750 2717 1833 2740 dicitnr

989 2753 1064 2775 solum
1086 2753 1149 2781 quod
1172 2756 1206 2775 est
1228 2754 1324 2775 mortale
1347 2755 1486 2781 peccatum?
1503 2755 1529 2777 Et
1545 2755 1650 2782 videtur,
1667 2756 1730 2784 quod
1754 2759 1832 2779 contra

989 2791 1088 2813 animam
1107 2791 1191 2813 dicitur
1214 2797 1259 2813 non
1284 2792 1359 2814 solum
1380 2795 1514 2820 peccatum,
1531 2793 1603 2816 immo
1621 2794 1674 2817 illud
1692 2795 1755 2823 quod
1773 2798 1833 2818 esset

989 2830 1076 2852 homini
1094 2829 1234 2852 incentivum
1252 2833 1275 2852 et
1291 2830 1423 2858 proximum
1439 2831 1468 2853 ad
1489 2834 1635 2859 peccatum...
1652 2832 1741 2855 Corma
1758 2833 1833 2863 nequ-

989 2868 1037 2892 tam
1055 2868 1147 2891 videtur
1163 2875 1213 2891 esse
1229 2875 1274 2891 non
1291 2869 1366 2891 solum
1391 2870 1455 2898 quod
1479 2872 1514 2892 est
1538 2873 1616 2893 conti-a
1641 2874 1765 2900 praecepta
1789 2873 1832 2895 Re-

989 2908 1069 2935 gulae‚
1087 2907 1158 2930 immo
1174 2907 1237 2936 quod
1255 2910 1289 2930 est
1308 2911 1387 2930 contra
1413 2912 1495 2932 statuta
1520 2909 1614 2932 Ordinis
1637 2911 1666 2933 ad
1692 2911 1830 2934 servandam

989 2947 1091 2974 Reginae
1115 2947 1245 2974 puritatem.
1269 2958 1300 2964 —·
1324 2946 1398 2970 Codd.
1423 2948 1468 2970 AG
1494 2948 1618 2972 inhibitum
1643 2948 1667 2972 iri
1692 2949 1742 2979 teye
1765 2950 1832 2973 disci·

985 2985 1074 3015 prinae.

1861 537 1964 560 particulae
1973 537 1991 556 8.

1870 1213 1963 1240 Particula

1884 1242 1951 1260 prima.

1860 1866 1968 1893 Exemplum

1849 1893 1980 1909 correctionis.
