2133 3317
523 230 720 259 OPUSCULUM
742 230 760 257 Ι.
783 229 953 258 SPECULUM
975 229 1183 258 DISCIPLINAE.
1206 230 1284 258 PARS
1306 230 1412 259 PRIMA.

93 309 189 335 nullum
203 309 279 333 alium
292 316 366 340 quam
380 316 406 333 se
418 309 486 340 ipsos
498 308 642 337 involvant,
656 307 721 339 quod
733 307 758 331 et
771 307 893 332 cautelam
911 307 936 331 et

93 352 228 385 puritatem
246 351 380 376 concernit.
399 366 435 369 —
452 351 638 376 Humilitatem
650 350 740 375 habere
754 350 844 375 debent
856 351 881 375 in
897 357 936 382 ye-

91 397 134 421 stu
153 395 268 425 corporis
287 394 312 419 et
330 395 355 419 in
373 394 470 419 verbis:
488 394 514 418 in
531 394 604 425 qesta
621 393 733 425 quidem,
752 393 781 417 ut
797 393 829 417 ad
841 393 935 418 terram

91 438 160 463 iuxta
174 438 293 462 Fratrum
312 436 513 462 consuetudinem
533 444 558 461 se
578 435 741 467 prosternant
754 436 893 465 humiliter;
910 436 935 460 in

90 481 172 506 verbis
190 481 287 509 autem,
307 480 336 504 ut
354 479 430 504 verba
449 479 500 504 siut
519 479 678 504 subiectionis
703 479 728 504 et
753 479 934 510 poenitentiae,

89 524 184 549 nullam
204 523 302 548 011101110
322 522 451 554 superbiae
469 523 510 547 vel
527 522 699 553 impatientiae
712 521 797 547 notam
810 522 935 547 continen-

90 567 133 592 tia.
153 566 255 596 Quando
273 566 299 590 in
320 565 435 596 Capitulo
453 565 493 590 vel
512 565 583 590 extra
600 566 675 590 nimis
694 565 806 594 austere,
832 565 870 589 vel
890 565 935 589 1111-

89 617 137 635 003
155 609 220 634 iuste
239 616 283 633 suo
301 608 390 633 iudicio
409 615 483 639 super
501 609 584 640 aliquo
603 608 754 639 arguuntur,
773 615 822 632 non
835 607 935 632 turben—

89 653 132 678 tur
150 653 246 681 animo,
266 651 308 676 sed
327 651 410 682 potius
429 659 474 682 pro
493 651 612 676 Fratrum
631 651 760 682 diligentia
773 651 837 675 circa
850 651 933 681 ipsos,

89 696 131 727 qui
150 702 213 726 quos
232 696 323 720 amant
341 696 456 726 aryaunt
473 696 497 719 et
515 694 644 726 eastiyant
655 693 672 725 ¹,
692 694 717 718 et
730 693 844 718 exercitio
858 693 935 718 virtu-

89 738 123 763 tis
140 737 236 766 oblato,
256 738 282 762 in
301 737 406 762 Domino
424 737 550 769 gaudeant
568 737 593 762 et
612 736 752 766 exsultent,
771 736 802 761 ad
821 736 897 761 verba.
911 736 935 761 et

89 780 192 806 verbera
211 780 313 811 propter
332 780 460 805 Christum
487 780 619 811 gratanter
644 780 669 804 et
696 779 824 804 humiliter
852 779 934 810 parati

89 823 243 849 sustinenda.
261 823 295 848 Et
312 823 371 848 licet
388 823 491 848 Fratres
509 823 614 854 professi
632 823 765 854 aliquando
786 822 888 853 propter
900 823 936 846 in-

89 866 174 892 firmos
193 867 294 898 provide
313 866 429 891 duxerint
447 866 637 895 abstinendum,
655 873 686 890 ne
705 873 750 897 pro
772 865 883 897 qnalibet
901 866 935 891 of-

89 910 159 935 fensa
178 909 361 941 reprehendant
379 916 420 934 eos
438 909 615 938 indifferenter,
635 909 680 933 aut
699 909 773 933 nimis
792 909 902 939 improbe
914 907 931 938 ²,

90 953 203 984 quamvis
222 953 274 984 pie,
293 952 336 982 ut,
356 952 377 977 si
395 952 454 983 quid
471 952 497 976 in
525 952 560 976 eis
587 951 780 982 reprehensibile
808 951 932 981 viderint,

90 1003 134 1021 suo
152 996 290 1021 consultius
308 995 456 1020 denuntient
474 994 634 1025 instructori3
654 995 702 1025 ipsi
721 994 804 1019 tamen
829 994 932 1018 Fratres

88 1039 177 1065 novitii
195 1038 226 1063 ab
245 1038 358 1064 omnibus
376 1039 467 1069 corripi
485 1037 511 1062 et
528 1038 560 1062 ab
577 1037 691 1062 omnibus
704 1037 796 1062 erudiri
808 1036 934 1062 affectent.

93 1092 106 1105 α
119 1082 165 1112 Qui
183 1089 232 1107 non
251 1081 307 1106 vult
325 1081 416 1112 corripi
434 1088 485 1106 11011
512 1080 568 1105 vult
592 1080 719 1112 corrigi»,
743 1080 779 1104 ait
804 1080 905 1111 quidam
916 1078 934 1103 ³.

93 1124 309 1154 «Admoneberis,
328 1124 410 1155 inquit
433 1124 512 1153 alius,
537 1123 658 1152 libenter,
683 1123 870 1154 reprehenderis
890 1129 936 1153 pa-

89 1168 217 1193 tienter».
236 1167 346 1192 Probata
373 1167 492 1198 siquidem
518 1166 654 1198 patientiae
676 1166 758 1190 virtus
783 1166 868 1190 reddet
893 1173 933 1190 eos

89 1211 140 1236 Deo
159 1211 184 1236 et
202 1210 334 1235 Fratribus
351 1210 484 1242 gratiosos.
505 1209 610 1241 Culpam
630 1217 700 1234 suam
718 1209 788 1234 nullo
807 1209 877 1234 modo
896 1209 935 1233 de-

89 1254 200 1279 fendant.
219 1253 358 1283 Nimirum,
377 1253 407 1277 ut
425 1252 461 1277 ait
474 1252 562 1277 beatus
575 1252 709 1284 Gregorius
720 1251 738 1281 ⁴,
756 1261 769 1273 κ
779 1259 841 1283 qnae
854 1252 935 1277 defen-

89 1297 157 1322 ditur
175 1297 249 1328 culpa
267 1296 409 1328 geminatur
422 1306 447 1320 ⁷).
465 1296 511 1321 Sed
531 1297 552 1321 si
571 1295 684 1321 sentiunt
703 1303 728 1320 se
747 1296 882 1325 immunes,
897 1302 935 1320 33-

89 1340 229 1365 tisfactione
248 1347 353 1371 semper,
372 1339 598 1370 quantumcumque
611 1338 704 1363 fuerint
716 1338 873 1368 innocenteS,
887 1338 935 1363 hu-

89 1383 181 1408 militer
200 1382 357 1414 praeoblata,
377 1382 483 1414 possunt
500 1382 666 1407 innocentiam
687 1389 771 1410 suam,
791 1388 846 1406 cum
866 1388 934 1406 reve-

89 1426 170 1451 rentia
195 1426 292 1455 tamen,
320 1425 464 1456 corripienti
491 1425 634 1454 ostendere,
654 1425 675 1449 si
693 1424 807 1455 requisiti
825 1424 931 1454 fuerint,

89 1469 134 1494 aut
152 1469 275 1500 permissi.
294 1468 364 1493 Unde
383 1468 485 1493 sanctus
503 1468 651 1493 Franciscus
661 1467 682 1492 ⁵:
703 1477 715 1490 α
728 1467 821 1492 Beatus
835 1475 933 1497 servus,

90 1513 132 1544 qui
149 1519 200 1538 non
218 1512 257 1537 est
275 1511 346 1537 velox
364 1511 396 1536 ad
413 1519 439 1536 se
458 1511 623 1536 excusandum
642 1511 667 1536 et
686 1510 814 1535 humiliter
827 1511 935 1535 sustinet

88 1555 261 1581 verecundiam
280 1555 305 1580 et
324 1554 537 1586 reprehensionem
557 1554 586 1579 de
607 1554 721 1585 peccato,
740 1553 782 1578 ubi
801 1560 850 1579 non
868 1561 936 1579 com-

89 1598 158 1623 misit
175 1598 275 1629 culpam
288 1607 313 1622 ».

409 1683 557 1711 CAPITULUM
575 1682 620 1707 XI.

221 1770 262 1795 De
280 1769 419 1800 disciplina
437 1769 524 1800 quoad
537 1769 692 1800 positionem
712 1769 772 1793 boni
783 1767 800 1792 ⁰.

160 1855 184 1880 1.
201 1855 322 1888 Congruit
339 1856 389 1880 iam
407 1855 437 1880 de
455 1855 586 1886 disciplina
599 1855 679 1887 quoad
687 1855 843 1886 positionem
856 1854 916 1879 boni
926 1853 934 1866 ⁷

1782 230 1838 259 593

1302 308 1449 333 (3101100011
1468 308 1527 333 XII.

1036 393 1077 418 De
1095 393 1236 424 disciplina
1255 394 1323 418 circa
1342 394 1426 419 cordis
1445 394 1653 424 informationem
1672 396 1695 419 et
1708 395 1796 426 primo

1319 437 1349 461 de
1368 437 1485 462 oratione
1496 435 1512 462 Β.

1064 521 1087 546 1.
1106 521 1207 546 Instent
1226 521 1360 547 orationi⁹
1379 522 1504 547 ferventer
1523 530 1571 548 non
1585 523 1664 548 solum
1678 524 1703 548 in
1717 523 1837 553 oratorio,

991 571 1077 589 verum
1097 564 1172 589 etiam
1191 564 1337 596 ubicumque
1356 565 1460 595 fuerint,
1481 573 1536 590 0001
1561 567 1608 597 ipsi
1639 566 1690 591 sint
1718 566 1838 597 templum

991 608 1055 639 Dei,
1075 607 1120 632 aut
1138 608 1203 633 certe
1222 609 1247 633 in
1266 608 1337 633 lectis
1357 609 1409 633 suis
1427 609 1521 634 occulte
1547 617 1575 634 ac
1603 610 1654 634 sine
1683 610 1838 641 perceptibili

992 650 1071 676 sibilo.
1092 650 1188 682 Quippe
1207 651 1279 676 tanto
1298 652 1414 681 securior,
1433 652 1527 683 quanto
1547 652 1664 677 secretior
1683 652 1768 677 existit
1786 660 1839 677 ora-

991 693 1034 718 tio.
1054 693 1087 717 Et
1105 694 1177 725 quasi
1196 693 1340 725 Capitulum
1359 694 1520 725 sibimetipsis
1539 695 1666 724 tenentes,
1685 696 1710 719 in
1724 702 1771 726 quo
1786 702 1839 726 pro-

991 736 1077 761 ficiant
1096 737 1135 761 vel
1154 736 1283 766 deficiant,
1303 737 1448 768 quotidiana
1467 745 1548 762 secum
1568 737 1719 763 discussione
1739 738 1838 769 perqui-

991 780 1050 804 rant
1061 778 1090 803 ¹⁰.
1109 780 1146 804 De
1165 780 1292 805 vocatione
1312 788 1357 805 sua
1370 780 1395 805 et
1407 781 1544 805 innumeris
1563 780 1687 805 beneficiis
1699 781 1837 805 Salvatoris

990 823 1088 854 gratias
1106 823 1127 847 ei
1145 822 1241 847 debitas
1261 823 1424 848 tota-mentis
1443 823 1571 848 devotione
1591 824 1729 852 solventes,
1749 833 1760 845 «
1774 823 1838 854 quod

991 866 1170 891 inchoaverunt
1188 866 1280 891 bonum
1299 866 1330 890 ab
1349 873 1376 891 eo
1404 866 1488 897 perfici
1516 867 1699 891 instantissima
1728 867 1838 892 oratione

991 908 1126 939 deposcant
1137 907 1156 920 ¹¹
1168 919 1193 933 >›.
1206 909 1258 934 Nec
1271 909 1351 934 301001
1365 916 1410 940 pro
1423 917 1456 938 30,
1470 917 1555 934 verum
1569 910 1644 934 etiam
1659 917 1703 941 pro
1716 910 1772 934 aliis
1785 910 1837 934 tam

991 951 1055 976 vivis
1074 959 1149 982 quam
1168 952 1273 976 mortuis
1292 952 1364 976 orent
1382 952 1407 976 et
1425 953 1496 983 quasi
1515 952 1637 983 quoddam
1651 954 1774 977 memento
1793 953 1839 977 sibi

991 994 1155 1019 constituant.
1174 994 1272 1019 Poterit
1289 995 1407 1019 oraturus
1426 995 1506 1026 primo
1525 995 1554 1019 de
1572 995 1645 1019 130110
1664 995 1709 1019 1)οἰ
1723 996 1837 1026 incipere,

990 1037 1048 1062 hinc
1067 1037 1180 1068 impensa
1198 1036 1244 1061 sibi
1264 1037 1382 1062 beneficia
1400 1045 1549 1067 memorare,
1564 1038 1649 1062 11010110
1663 1038 1837 1069 necessitates,

991 1087 1053 1111 quas
1072 1080 1170 1111 patitur
1188 1080 1213 1104 et
1231 1080 1341 1105 defectus
1359 1088 1494 1111 exponere,
1515 1080 1639 1111 postremo
1658 1081 1786 1105 humiliter
1799 1088 1839 1111 po-

991 1122 1126 1148 stulareff.
1145 1123 1211 1148 Ordo
1229 1123 1313 1148 tamen
1332 1123 1357 1148 et
1382 1124 1481 1152 modus,
1502 1131 1573 1155 quem
1602 1124 1710 1155 Spiritus
1738 1124 1839 1148 sanctus

991 1166 1105 1198 suggerit
1123 1165 1148 1191 et
1166 1166 1266 1191 affectui
1292 1167 1373 1197 magis
1399 1166 1480 1197 sapit,
1506 1167 1544 1191 est
1570 1167 1707 1192 servandus
1733 1168 1757 1191 in
1783 1174 1838 1192 ora-

991 1209 1066 1234 tione.

1062 1253 1086 1277 2.
1106 1253 1145 1277 Ad
1164 1252 1251 1277 orandi
1269 1252 1379 1277 studium
1396 1253 1529 1278 meditatio
1543 1253 1661 1284 provocat
1674 1253 1698 1278 et
1711 1253 1838 1278 informat.

991 1295 1065 1327 Hugo
1077 1294 1097 1307 ¹³
1111 1295 1182 1320 dicit:
1202 1305 1214 1317 ι(
1227 1295 1265 1320 Sic
1278 1295 1384 1320 orationi
1397 1296 1484 1320 sancta
1497 1296 1625 1321 meditatio
1639 1297 1778 1321 necessaria
1791 1296 1837 1326 est,

990 1339 1020 1363 ut
1038 1339 1137 1364 omnino
1156 1338 1266 1370 perfecta
1284 1346 1336 1363 esse
1355 1339 1435 1364 oratio
1453 1339 1573 1370 nequeat,
1593 1340 1614 1363 si
1633 1347 1686 1364 eam
1710 1339 1838 1364 meditatio

990 1389 1040 1406 non
1059 1381 1199 1411 comitetur,
1218 1381 1263 1406 aut
1282 1381 1421 1412 praecedat.
1435 1381 1501 1406 Nam
1514 1382 1539 1406 et
1551 1381 1577 1406 hi
1592 1382 1633 1412 qui
1646 1382 1713 1406 mala
1727 1389 1771 1406 sua
1784 1389 1838 1407 con-

991 1425 1100 1449 siderare
1118 1424 1263 1456 negligunt,
1283 1424 1328 1449 aut
1346 1424 1410 1449 nihil
1429 1424 1548 1455 petendo,
1568 1425 1613 1449 aut
1631 1425 1699 1449 aliud
1719 1425 1837 1455 petendo,

991 1475 1066 1499 quam
1084 1467 1170 1496 debet,
1190 1467 1261 1492 facile
1280 1474 1324 1498 per
1342 1467 1511 1498 ignorantiam
1539 1467 1675 1496 falluntur,
1704 1468 1749 1492 aut
1773 1467 1839 1492 certe

991 1511 1087 1540 minus,
1107 1517 1181 1541 quam
1200 1510 1312 1541 oportet,
1332 1510 1405 1541 digne
1424 1509 1543 1540 petendo,
1564 1518 1608 1541 per
1627 1510 1745 1535 desidiam
1770 1510 1838 1541 tepe-

992 1553 1073 1578 scunt.
1093 1553 1191 1583 Quanto
1209 1553 1281 1578 homo
1300 1553 1381 1584 magis
1399 1553 1466 1577 mala
1485 1560 1531 1577 sua
1550 1553 1684 1584 intelligit,
1705 1553 1776 1578 tanto
1789 1560 1839 1577 am-

992 1597 1058 1628 plius
1078 1596 1190 1627 suspirat
1207 1596 1233 1621 et
1250 1596 1336 1628 gemit.
1354 1596 1466 1620 Primum
1485 1596 1563 1627 igitur
1582 1604 1679 1621 necesse
1698 1596 1749 1624 est,
1763 1597 1803 1625 ut,
1817 1597 1838 1620 si

991 1640 1128 1671 prudenter
1146 1639 1171 1664 et
1189 1639 1286 1664 utiliter
1304 1639 1384 1664 Deum
1403 1647 1473 1665 orare
1501 1640 1630 1669 volumus,
1659 1641 1768 1664 animum
1793 1647 1839 1665 110-

992 1683 1073 1708 strum
1092 1683 1144 1714 iugi
1162 1683 1322 1708 meditatione
1340 1690 1496 1707 exerceamus
1509 1683 1534 1707 et
1547 1683 1572 1707 in
1585 1683 1780 1708 consideratione
1792 1683 1838 1707 mi-

991 1726 1074 1751 seriae
1091 1726 1192 1751 nostrae
1211 1726 1348 1753 discamus,
1368 1726 1426 1757 quid
1445 1725 1516 1751 nobis
1534 1733 1632 1750 11000330
1652 1726 1686 1750 sit
1699 1726 1795 1757 petere,
1814 1726 1839 1750 et

991 1769 1017 1794 in
1035 1768 1230 1794 consideratione
1248 1769 1438 1794 misericordiae
1456 1768 1501 1793 Dei
1526 1768 1620 1798 nostri,
1646 1776 1694 1800 quo
1718 1769 1837 1793 desiderio

991 1812 1123 1837 debeamus
1142 1811 1277 1843 postulare.
1295 1811 1358 1836 Istis
1377 1811 1473 1836 duabus
1492 1811 1553 1840 alis,
1573 1811 1666 1836 scilicet
1685 1812 1784 1836 miseria
1796 1811 1837 1837 ho-

991 1855 1066 1879 minis
1078 1855 1104 1879 et
1116 1854 1282 1880 misericordia
1295 1854 1341 1879 Dei
1352 1854 1538 1885 Redemptoris,
1556 1854 1635 1880 oratio
1654 1854 1800 1879 sublevatur
1812 1864 1837 1878 ».

1858 527 1969 546 Notandum.

1853 1252 1979 1279 lilediiationis

1860 1278 1968 1295 necessnas.

1863 1685 1915 1712 Duae
1928 1685 1969 1712 alae

1869 1711 1964 1727 ΟΙἛῑΙΟΠΙΞ.

1062 1897 1087 1922 3.
1106 1898 1144 1922 Sit
1162 1897 1246 1922 autem
1263 1898 1319 1928 ipsa
1338 1904 1434 1928 semper
1453 1898 1557 1928 devota,
1570 1905 1632 1928 quae
1649 1897 1837 1928 opportunitate
1852 1899 1984 1947 Siti-gcffissf‘

991 1941 1098 1970 iuvetur,
1108 1940 1255 1972 frequentia
1267 1940 1381 1966 foveatur
1390 1939 1418 1966 ¹¹.
1430 1941 1595 1965 Devotionem
1608 1940 1722 1971 intentio,
1733 1941 1838 1972 diliyen-
1851 1946 1914 1973 Pripno
1922 1947 1945 1965 de
1952 1947 1985 1965 de-

992 1984 1043 2015 tia,
1060 1984 1167 2015 paritas
1185 1984 1210 2009 et
1229 1983 1329 2013 affectio
1348 1983 1464 2015 probant.
1484 1983 1546 2009 Tota
1565 1983 1656 2008 mentis
1681 1984 1786 2008 intentio
1795 2004 1801 2015 ‚
1821 1991 1836 2008 a
1850 1972 1984 2012 νῗὲἓξθρῗῗ

68 1917 73 1924 .
89 1899 183 1931 aliquid
201 1899 318 1930 tangere,
338 1899 363 1923 et
381 1899 460 1930 primo
480 1899 509 1924 de
528 1899 659 1930 disciplina
683 1899 748 1923 circa
772 1897 935 1928 informatio-

88 1949 146 1967 nem
164 1942 263 1974 cordis,
282 1942 314 1967 ad
333 1949 407 1973 quam
426 1942 465 1967 est
483 1942 555 1967 lectio
574 1942 719 1967 illuminans
737 1941 891 1966 intellectum
910 1941 936 1966 et

89 1986 173 2011 oratio
192 1986 327 2011 accendens
345 1985 470 2010 affectum.
488 1985 611 2015 Secundo,
631 1986 695 2010 circa
713 1985 828 2016 corporis
840 1984 935 2009 exerci-

89 2029 225 2060 tationem,
244 2028 276 2053 ad
295 2035 369 2060 quam
388 2028 499 2052 divinum
518 2027 615 2059 spectat
632 2027 747 2053 officium.
760 2027 857 2057 Tertio,
871 2027 935 2052 circa

88 2072 294 2096 exercitationem
312 2071 409 2102 operis,
429 2070 460 2095 ad
479 2078 553 2102 quam
578 2070 668 2095 altaris
693 2070 802 2102 pertinet
826 2070 936 2095 ministe-

88 2122 160 2140 num.

155 2430 163 2443 ¹
181 2430 252 2458 Apoc.
270 2430 297 2458 3,
318 2429 356 2451 19:
374 2430 422 2457 Ego
438 2435 497 2458 quos
513 2422 566 2451 am'o
584 2435 658 2457 arguo
670 2431 692 2451 et
703 2429 798 2456 castigo.
810 2428 854 2451 Csr.
866 2429 933 2451 Prov.

93 2461 119 2489 3,
137 2462 173 2484 12.
191 2465 213 2483 et
229 2460 298 2483 Hebr.
317 2461 358 2488 12,
375 2461 396 2482 6.
414 2461 456 2482 Pro
474 2460 516 2489 qni
531 2466 590 2490 qnos
607 2460 677 2482 CDE
694 2462 716 2482 et
732 2460 769 2483 ed.
787 2460 795 2481 i
817 2459 859 2489 qui
868 2465 935 2482 suos.

154 2491 163 2505 ²
180 2492 232 2514 Vat.
249 2498 302 2515 cum
319 2492 357 2514 ed.
375 2493 383 2514 Ι1
404 2491 511 2521 superbe.

154 2523 163 2536 ¹³
180 2524 241 2546 Haec
257 2524 367 2546 sententia
383 2523 458 2551 colligi
476 2526 551 2550 potest
568 2529 595 2545 ex
612 2523 721 2550 August,
739 2522 768 2544 de
784 2522 934 2550 Correptione

93 2558 115 2578 et
131 2555 217 2583 gratia,
234 2561 254 2577 0.
271 2554 292 2576 5.
310 2561 333 2576 n.
350 2555 372 2576 7.
390 2561 438 2583 seq.
456 2567 486 2570 —
508 2554 616 2582 Sequitur
639 2554 750 2576 sententia
772 2559 799 2575 ex
824 2553 882 2575 libro
904 2553 934 2575 de

93 2587 195 2615 Quatuor
207 2585 336 2608 Virtutibus
354 2586 403 2614 (cfr.
420 2592 489 2613 supra
507 2591 560 2613 pag.
579 2586 636 2612 583,
653 2588 705 2607 nota
724 2586 768 2613 9.),
786 2591 805 2606 0.
826 2585 855 2607 de
876 2585 934 2607 (jon-

93 2618 193 2653 tinentia.
220 2618 270 2639 Post
293 2617 369 2646 inquil
390 2617 524 2639 addidimus
548 2616 624 2644 alius,
650 2616 713 2645 quod
738 2616 808 2638 codd.
832 2618 854 2638 et
878 2615 932 2638 edd.

93 2651 242 2702 ommfrifi'hn
261 2679 297 2701 iv.
314 2679 392 2701 Moral.
409 2685 429 2701 c.
440 2679 477 2701 27.
489 2685 513 2701 n.
526 2679 567 2705 48;
580 2679 650 2701 xxu.
662 2684 681 2700 c.
695 2678 732 2700 15.
743 2685 765 2700 n.
778 2678 819 2705 30;
832 2678 933 2700 xxxin.

93 2716 113 2734 c.
131 2710 151 2733 t.
169 2717 192 2733 n.
210 2711 292 2746 ⁴⁰⁴.e².
302 2716 322 2732 c.
336 2711 377 2746 28.
395 2717 416 2732 11.
434 2710 476 2737 50,
494 2709 534 2732 ubi
550 2710 631 2737 docet,
647 2710 739 2737 culpam
752 2709 884 2732 defensione
896 2715 934 2731 au-

94 2748 141 2770 gem
155 2742 382 2800 fietArffetgth'lsschdhm
399 2772 421 2794 in
443 2772 502 2794 libro
526 2772 691 2795 Firmamenla
715 2771 790 2794 iriam
815 2770 934 2794 Ordinum

94 2804 118 2827 Β.
136 2804 163 2827 Ρ.
181 2804 209 2827 N.
226 2803 362 2832 Francisci,
380 2810 403 2832 p.
422 2804 436 2826 i.
454 2803 528 2825 Verba
542 2803 704 2826 admonitionis
716 2804 738 2825 S.
750 2803 830 2825 Franc.
843 2803 879 2824 toi.
892 2802 935 2829 20,

93 2836 135 2858 col.
152 2836 174 2858 2,
191 2838 213 2858 et
230 2835 251 2857 in
270 2834 384 2864 Operibus
397 2834 422 2858 S.
433 2834 568 2863 Francisci,
586 2835 623 2857 ed.
641 2835 699 2856 ioan.
716 2834 745 2856 de
762 2834 781 2856 la
794 2834 868 2862 Haye,
881 2839 934 2861 pag.

95 2867 136 2894 ⁴5⁵
153 2867 254 2920 ο6112021111.
273 2898 289 2920 Α
302 2898 319 2919 Β
336 2900 358 2919 et
375 2897 412 2919 ed.
429 2898 442 2919 2
460 2898 567 2926 respecta
581 2895 707 2926 positionis
724 2895 784 2919 boni.

156 2928 165 2942 ⁷
182 2928 228 2951 Csr.
244 2935 314 2963 snpra
332 2934 351 2950 c.
369 2929 390 2950 8.
409 2941 438 2944 —
455 2928 551 2950 interius
569 2928 614 2950 fide
630 2928 648 2950 A
661 2928 677 2949 Β
695 2930 716 2949 et
733 2927 770 2949 ed.
787 2928 800 2949 2
821 2927 935 2955 supplevi-

94 2965 147 2982 mus
156 2965 278 3013 Βοοᾶᾒῗῖΐ
292 2992 350 3013 hanc
366 2990 483 3013 rubricam
500 2991 594 3017 omittit,
612 2996 654 3018 pro
666 2995 711 3018 qua
729 2990 746 3011 B
763 2989 795 3011 De
810 2988 935 3018 disciplina

95 3023 199 3052 respectu
217 3021 345 3049 orationis,
362 3022 399 3044 ed.
417 3022 429 3043 2
448 3022 480 3044 De
497 3021 623 3050 disciplina
640 3020 704 3044 circa
721 3020 861 3044 orationem.

187 3068 212 3092 S.
221 3068 310 3092 Bonae.
326 3081 357 3084 —
375 3068 442 3090 Tom.
455 3068 512 3090 viu.

992 2027 1058 2052 curis
1076 2027 1239 2051 exterioribus
1258 2026 1386 2056 revocata,
1406 2026 1525 2052 orationis
1545 2026 1691 2057 vigilantiae
1704 2026 1743 2051 est
1755 2027 1838 2058 appli-

992 2070 1084 2099 canda,
1104 2077 1134 2094 ne
1153 2069 1246 2101 aliquid
1264 2069 1332 2094 aliud
1352 2069 1451 2101 praeter
1469 2069 1494 2094 id
1514 2069 1607 2099 solum,
1628 2069 1693 2100 quod
1713 2070 1836 2100 precatur,

992 2113 1091 2138 animus
1109 2112 1209 2144 cogitet.
1222 2112 1292 2137 Unde
1305 2112 1417 2137 Isidorus
1429 2111 1463 2136 ¹⁵:
1488 2122 1499 2134 <‹
1513 2112 1570 2137 Non
1589 2112 1627 2137 est
1645 2112 1781 2141 labiorum,
1796 2112 1838 2137 sed

1053 2427 1063 2440 ⁰
1080 2428 1146 2450 Rom.
1167 2428 1207 2454 12,
1226 2428 1265 2449 r¹2:
1285 2427 1385 2450 Orationi
1403 2427 1521 2449 instantes.
1541 2439 1569 2442 —-
1588 2426 1692 2448 Subinde
1714 2426 1835 2454 respicitur

992 2460 1005 2481 l.
1024 2459 1074 2481 Cor.
1093 2460 1118 2486 3,
1138 2459 1179 2481 16ι
1196 2458 1302 2485 Nescitis,
1320 2458 1373 2487 quia
1392 2458 1504 2485 templum
1523 2458 1562 2480 Dei
1580 2458 1634 2480 estis
1651 2460 1693 2480 etc.

1054 2489 1074 2502 ¹⁰
1091 2491 1223 2517 Arnulphus
1235 2490 1363 2511 monachus
1375 2489 1404 2511 110
1416 2489 1501 2511 Boeriis
1519 2490 1539 2511 in
1553 2489 1650 2516 spec-uio
1668 2489 1834 2511 monachorum

993 2522 1059 2549 (inter
1076 2527 1146 2549 opera
1164 2521 1284 2549 Bernardi)
1302 2520 1344 2542 ait:
1363 2521 1414 2543 Post
1434 2520 1612 2548 Completorium
1635 2520 1732 2547 singuiis
1753 2519 1836 2542 diebus

991 2552 1122 2580 Capitulum
1136 2551 1179 2574 sibi
1193 2555 1274 2578 teneat,
1286 2555 1308 2574 et
1320 2551 1452 2574 convocatis
1464 2551 1643 2579 cogitationibus
1654 2552 1708 2577 31113,
1722 2554 1792 2578 ponat
1803 2557 1836 2572 ra-

992 2584 1076 2606 tionem
1089 2584 1217 2611 diligenter,
1229 2583 1286 2612 quid
1298 2583 1348 2611 ipso
1360 2583 1397 2605 die
1410 2583 1562 2610 cogitatione,
1575 2583 1701 2609 locutione,
1713 2583 1749 2604 vcl
1765 2588 1835 2610 opere

992 2615 1113 2644 deliquerit
1129 2617 1172 2637 etc.

1055 2645 1073 2658 ¹¹
1092 2646 1219 2672 Benedict„
1242 2645 1263 2667 in
1288 2645 1385 2672 Prologo
1410 2645 1504 2672 Regula
1523 2644 1648 2672 imprimis,
1674 2646 1697 2666 ut
1721 2644 1835 2673 quidquid

992 2677 1109 2705 agendum
1127 2677 1221 2699 inchoas
1238 2676 1339 2703 bonum,
1356 2676 1386 2698 ab
1403 2682 1430 2698 eo
1448 2676 1526 2704 pertici
1548 2675 1709 2698 instantissima
1733 2676 1834 2697 oratione

992 2709 1112 2736 deposcas.
1129 2720 1160 2724 —
1178 2708 1289 2735 Superius
1306 2714 1348 2735 pro
1365 2707 1485 2730 devotione
1502 2708 1518 2729 A
1536 2710 1558 2728 ct
1574 2707 1610 2729 ed.
1629 2708 1642 2728 2
1659 2706 1792 2729 intentione.
1805 2707 1835 2728 in-

994 2740 1062 2762 ferius
1080 2745 1122 2767 pro
1140 2738 1258 2768 quoddam
1275 2739 1389 2761 memento
1407 2738 1423 2761 C
1437 2739 1454 2760 D
1472 2737 1593 2767 quandam
1610 2737 1759 2760 memoriam.

1056 2769 1075 2783 ¹2
1093 2771 1171 2797 nasu„
1188 2770 1308 2792 Constitut.
1327 2770 1445 2792 monastic.
1458 2775 1478 2792 c.
1494 2770 1510 2791 1.
1524 2776 1547 2791 11.
1559 2770 1581 2791 2.
1593 2775 1669 2797 seqq„
1683 2770 1742 2791 imm:
1754 2768 1834 2791 orandi

992 2802 1088 2824 modum
1107 2802 1211 2824 insinuat.
1229 2801 1274 2823 cfr.
1290 2801 1358 2823 etiam
1377 2802 1436 2828 Hug.
1453 2807 1465 2822 a
1484 2802 1506 2822 S.
1524 2800 1595 2828 Vici.,
1613 2800 1641 2822 de
1659 2800 1725 2822 Modo
1742 2799 1835 2826 orandi,

992 2840 1011 2855 c.
1023 2833 1043 2855 5.
1053 2839 1119 2861 seqq.
1130 2845 1157 2848 —
1170 2832 1281 2860 Superius
1294 2838 1336 2860 pro
1348 2831 1375 2855 de
1389 2831 1458 2854 laude
1468 2831 1509 2854 Dei
1519 2831 1560 2855 CD
1573 2835 1594 2853 ct
1606 2832 1642 2854 011.
1653 2832 1666 2852 2
1678 2838 1693 2853 ιι
1702 2830 1745 2853 Dei
1756 2830 1833 2854 laude.

1056 2863 1075 2876 ¹³
1093 2864 1124 2886 De
1141 2864 1208 2886 Modo
1225 2863 1317 2891 orandi⁷
1335 2870 1354 2885 0.
1368 2864 1389 2885 ’1.
1402 2863 1487 2885 Toxius
1503 2863 1619 2890 originalis
1637 2862 1753 2884 hincinde
1770 2862 1834 2890 plura

993 2895 1106 2918 interserit
1123 2898 1145 2917 et
1161 2895 1249 2923 aliquas
1266 2895 1435 2922 propositiones
1452 2894 1495 2916 alio
1515 2894 1606 2916 exhibet
1622 2894 1709 2916 ordine.

1056 2925 1075 2938 ¹⁴
1092 2926 1136 2948 Csr.
1155 2927 1226 2953 nug,
1243 2926 1285 2948 loc.
1303 2926 1353 2953 cit.,
1371 2925 1409 2947 ubi
1427 2925 1537 2952 ostendit,
1557 2925 1676 2954 quomodo
1699 2925 1791 2947 devotio
1808 2931 1835 2946 cx

994 2958 1141 2980 meditatione
1158 2957 1250 2979 assidua
1268 2957 1370 2985 gignitur
1387 2959 1408 2979 et
1425 2957 1551 2979 orationem
1570 2957 1666 2984 periit-it.

1056 2988 1075 3000 ¹⁶
1093 2988 1154 3011 Libr.
1171 2989 1203 3011 111,
1221 2989 1282 3011 Sent.
1299 2995 1319 3010 0.
1336 2988 1358 3010 7.
1376 2994 1397 3010 n.
1411 2988 1432 3009 st.
1445 2988 1495 3016 (cfr.
1511 2994 1580 3016 supra
1594 2994 1646 3016 pag.
1661 2987 1717 3015 Ἰ177,
1729 2990 1781 3009 nota
1795 2988 1834 3015 2.).

994 3019 1050 3042 ibid.
1067 3026 1088 3042 11.
1107 3020 1170 3042 8-11.
1189 3026 1250 3048 quae
1266 3019 1407 3047 praecedunt
1424 3019 1574 3041 insinuantur.

1711 3065 1740 3087 752·

1890 2022 1948 2035 mum.
