2133 3317
456 214 653 243 OPUSCULUM
674 214 740 242 XlX.
763 214 938 243 EPISTOLAE
959 214 1151 245 OFFlClALES.
1174 217 1329 246 EPISTOLA
1351 218 1390 246 111.
1414 218 1455 247 ET
1477 219 1517 247 lv.
1804 221 1858 249 471

115 292 224 322 Ordinis
244 292 435 328 praerogativa
455 291 597 325 sublimis,
619 299 653 320 ne
671 291 770 320 nobilis
792 292 859 320 haec
876 300 957 320 mar-

113 338 214 376 yarz'ca
234 337 434 366 conculcanda
448 337 549 374 porcis
561 339 570 354 ¹
593 337 683 367 viliter
704 342 878 374 exponatur,
902 339 957 367 dis-

1094 294 1241 323 Sororibus
1271 296 1426 325 Monasterii
1457 297 1490 325 de
1522 297 1588 326 Pisis
1618 297 1729 327 Ordinis
1750 301 1859 327 sanctae
1876 305 1999 347 2333}ss

1015 340 1109 369 Clarae
1130 340 1165 369 ob
1186 341 1341 371 animarum
1371 351 1485 371 suarum
1514 344 1631 372 salutem
1652 344 1742 373 facere
1764 345 1857 373 volens
1871 351 1959 370 Sororum
1975 352 2006 371 Pi-

1874 375 1899 393 sis
1911 380 1992 394 eommo-

0 767 17 787 11
28 765 102 788 minut

21 788 85 808 uelatos.

0 996 99 1044 am:

8 1362 9 1369 ¹
36 1369 99 1388 nstitu-

21 1393 78 1412 nibus.

115 392 247 415 cursuum
269 391 379 413 causam
400 386 428 412 et
452 387 634 420 quaestuum,
659 385 880 413 sumtuositatem
905 386 958 414 sci-

114 432 176 461 licet
189 431 376 460 aedificiorum
396 430 602 467 librorumque,
628 431 746 459 vestium
764 439 796 460 ac
821 431 956 466 ciborum,

115 479 154 508 sic
174 477 285 507 studeas
306 480 467 514 amputare,
488 477 562 514 quod
583 486 599 506 a
621 477 797 514 professionis
818 478 956 507 excellen-

116 525 152 553 tia
172 524 243 553 vitae
263 523 436 552 observantia
459 532 514 552 non
529 524 674 553 discordet.
691 524 810 553 Foedum
825 528 867 553 est
882 524 956 553 enim

113 571 315 608 profanumque
335 570 507 599 mendacium
523 578 647 599 summae
666 571 838 607 paupertatis
859 571 957 599 volun-

114 618 236 647 tarium³
258 625 286 646 se
317 617 500 653 professorem
526 625 651 646 asserere
685 620 713 645 et
741 625 837 646 rerum
869 626 956 654 penu-

113 665 182 694 riam
203 664 258 700 pati
281 664 369 698 nolle,
391 664 508 692 interius
529 664 647 692 divitum
675 664 762 692 instar
793 664 908 692 affluere
929 667 957 693 et

113 710 238 740 exterius
268 718 346 739 more
377 718 531 747 pauperum
564 710 729 739 mendicare.
762 727 798 730 —
830 710 956 739 inhibeas

113 757 193 787 etiam
215 757 358 785 Fratribus
379 757 496 785 firmiter
517 759 545 785 et
565 757 698 790 districte,
713 757 778 793 quia
793 760 848 785 tam
863 757 956 786 divino

112 812 195 842 quam
216 804 347 832 canonico
369 804 533 840 prohibetur
551 803 683 840 imperi0,
708 811 742 832 ne
767 804 954 840 praelatorum

112 850 193 879 vitam
216 857 308 878 coram
330 850 431 886 populo
452 852 581 886 carpant,
603 850 650 878 sed
665 849 757 886 potius
771 850 954 878 reverentiam

112 897 261 926 exhibeant
289 905 344 925 non
377 899 483 925 tantum
515 896 596 925 bonis
627 900 651 925 et
679 896 830 930 modestis,
855 905 955 925 uerum

111 944 197 972 etiam
211 943 336 981 dyscolis
349 943 369 976 ³,
391 943 457 979 quia
477 943 558 971 etiam
581 943 632 971 hoc
653 943 740 979 exigit
765 950 874 971 sacrum
897 951 955 979 my-

111 990 225 1019 sterium
246 989 412 1018 christificae
434 989 579 1018 unctionis.
601 1006 640 1010 —
661 989 771 1018 Mandes
794 990 875 1018 etiam
891 990 955 1018 Fra-

110 1036 200 1066 tribus
220 1036 367 1070 universis‚
390 1039 421 1065 ut
442 1044 535 1073 pacem
568 1036 732 1064 clericorum
754 1036 877 1065 omnium
899 1040 954 1065 tam

110 1083 137 1113 in
159 1083 329 1112 testamentis
356 1091 439 1120 quam
472 1083 499 1111 in
521 1083 686 1120 sepulturis,
708 1086 843 1120 quantum
867 1084 893 1112 in
916 1084 954 1112 eis

110 1134 165 1166 est,
187 1130 226 1159 sic
247 1130 375 1159 studeant
396 1130 560 1163 observare,
583 1132 615 1158 ut
635 1130 739 1158 nullam
756 1130 875 1159 habeant
890 1138 954 1159 con-

110 1180 152 1206 tra
172 1185 222 1206 nos
242 1177 413 1206 occasionem
445 1177 533 1205 iustae
564 1177 709 1214 querelae,
731 1177 870 1214 simulque
895 1185 954 1206 sae-

109 1224 196 1252 culo4
217 1223 265 1252 toti
286 1224 435 1257 clarescat,
457 1223 530 1260 quod
552 1232 607 1252 non
622 1223 767 1252 commoda
782 1232 890 1258 rerum,
906 1224 954 1252 sed

110 1270 188 1299 lucra
208 1270 369 1307 quaerimus
390 1270 554 1298 animarum.

189 1318 215 1345 ὃ.
237 1317 378 1354 Denique,
400 1317 466 1354 quia
486 1317 530 1346 his
557 1320 584 1346 et
611 1317 672 1346 aliis
699 1317 954 1346 deordinationibus

110 1364 263 1393 innumeris
285 1372 333 1400 per
355 1367 458 1393 statuta
479 1363 590 1392 Ordinis
605 1364 648 1392 via
663 1364 862 1400 praecluditur,
878 1364 952 1398 volo,

110 1414 142 1440 ut
162 1418 211 1447 per
233 1411 292 1439 loca
312 1411 440 1439 Fratrum
461 1418 492 1439 ea
514 1411 552 1439 sic
572 1410 718 1447 diligenter
739 1411 885 1445 conscribi,
901 1411 952 1448 legi

109 1457 192 1486 facias
213 1460 240 1486 et
261 1457 382 1491 servari,
404 1460 436 1485 ut
456 1457 503 1494 qui
516 1457 527 1474 ⁵
542 1457 710 1493 professione
726 1457 860 1486 virtutum
877 1465 953 1494 prae-

110 1504 183 1541 cipui
205 1504 361 1537 credimur,
383 1511 558 1540 nequaquam
590 1512 700 1532 morum
726 1504 953 1540 incompositione

110 1550 240 1587 postremi
268 1550 367 1579 merito
398 1558 570 1579 censeamur.
602 1550 647 1578 llis
678 1550 778 1587 igitur,
811 1550 953 1579 carissime

111 1597 218 1630 Frater,
234 1600 287 1624 tam
303 1597 405 1625 efficaci
421 1596 512 1625 studio
533 1605 586 1625 non
603 1604 692 1626 cesses
708 1596 863 1630 intendere,
878 1596 952 1633 quod

109 1647 138 1672 et
167 1644 241 1672 Deus
272 1646 383 1680 gratum
411 1643 526 1677 habeat,
554 1647 581 1672 et
612 1651 662 1680 ego
690 1646 754 1672 tuae
781 1643 952 1672 obedientiae

108 1690 352 1727 promptitudinem
367 1693 395 1719 et
409 1690 600 1718 sollicitudinis
621 1690 787 1727 vigilantiam
806 1690 952 1727 zelumque

108 1736 219 1765 Ordinis
240 1736 310 1765 sacri
333 1737 433 1773 possim
455 1745 508 1765 non
534 1737 672 1766 immerito
697 1737 898 1765 commendare.
922 1737 952 1765 Et

109 1786 140 1812 ut
167 1784 219 1812 1]οο
250 1783 348 1812 11101103
379 1784 441 1817 fiat,
464 1784 541 1817 volo,
567 1787 598 1812 ut
629 1784 838 1820 [1111030011111116
866 1783 952 1812 301103

108 1830 238 1859 0111011103
258 1830 401 1859 Fratribus
422 1834 485 1859 tuae
506 1830 665 1859 Provinciae
693 1838 742 1867 per
764 1834 805 1864 te,
828 1830 871 1859 vel
902 1838 952 1867 per

109 1877 258 1913 Custodes,
280 1878 388 1914 quoties
408 1880 597 1915 opportunum
618 1878 718 1911 fuerit,
740 1878 904 1914 explicetur.

421 1971 574 2000 EPISTOLA
597 1972 636 2000 Ill.

205 2065 254 2094 Ad
272 2066 395 2094 Fratres
417 2065 567 2094 Custodem
589 2069 614 2094 et
638 2065 849 2095 Guardianmn

441 2113 584 2140 Pz'sarum
596 2113 615 2140 ⁷.

186 2204 214 2232 ln
235 2204 345 2233 Christo
372 2204 422 2233 sibi
451 2204 600 2233 carissimis
621 2204 764 2233 Fratribus
785 2204 895 2233 Custodi
924 2208 950 2233 et

108 2251 264 2280 Guardiano
284 2251 380 2280 Pisano
411 2252 505 2280 Frater
527 2251 733 2284 Bonaventura,
755 2251 866 2280 Ordinis
886 2252 950 2279 Fra-

107 2302 185 2327 trum
206 2299 341 2327 Minorum
363 2298 499 2335 generalis
520 2298 641 2326 Miiiister
662 2301 689 2326 et
704 2305 810 2331 servus,
832 2298 949 2326 salutem

107 2349 134 2374 et
154 2353 249 2382 pacem
270 2346 298 2373 in
320 2345 435 2373 Domino
455 2345 660 2381 sempiternam.

1014 386 1131 422 gratiam
1153 388 1314 423 specialem,
1337 389 1511 426 infrascripta
1538 398 1587 426 per
1610 398 1657 419 vos
1678 399 1693 419 a
1714 391 1857 420 Fratribus

1014 431 1047 460 ad
1069 432 1121 461 hoc
1143 433 1246 462 idoneis
1267 435 1394 463 exhiberi
1416 436 1550 465 concedo:
1572 437 1698 465 videlicet
1723 437 1797 474 quod
1828 438 1856 466 in

1014 478 1083 507 festo
1103 478 1233 508 Omnium
1255 481 1418 510 Sanctorum
1440 490 1490 511 nec
1512 491 1565 511 non
1587 486 1614 512 et
1628 487 1738 512 sanctae
1751 484 1856 519 Clarae,

1015 528 1042 553 et
1062 526 1172 562 quando
1193 527 1285 564 aliqua
1306 529 1437 557 Sororum
1459 529 1524 558 dicti
1547 531 1703 559 Monasterii
1725 531 1758 560 de
1778 539 1857 568 prae—

1015 574 1091 600 sente
1122 572 1183 601 luce
1214 574 1389 610 migraverit,
1418 576 1483 604 illuc
1512 584 1561 605 sex
1593 577 1702 606 Fratres
1729 578 1857 612 idoneos,

1014 622 1172 654 computato
1193 620 1349 650 consessore
1370 622 1492 658 ipsarum
1514 625 1541 651 et
1555 623 1641 657 socio,
1666 624 1858 653 transmittatis

1014 672 1097 693 causa
1118 666 1327 702 praedicationis
1359 671 1385 697 et
1412 669 1493 697 officii
1523 670 1694 704 celebrandi;
1717 671 1754 699 ita
1778 671 1858 699 dum—

1015 714 1106 745 taxat,
1128 713 1201 749 quod
1223 721 1319 742 earum
1341 715 1480 744 confessor
1501 719 1528 744 et
1549 716 1640 745 socius
1662 717 1688 744 in
1705 717 1858 753 praedicta—

1014 766 1076 786 rum
1099 759 1239 796 exsequiis
1260 760 1452 790 defunctarum
1473 762 1664 799 ingrediantur
1685 763 1857 792 solummodo

1013 805 1206 834 Monasterium
1233 811 1425 836 memoratum.
1454 809 1569 845 Quando
1600 809 1680 838 etiam
1710 810 1857 839 familiares

1013 859 1062 880 seu
1084 859 1231 881 conversos
1252 862 1349 882 earum
1371 855 1505 883 infirmari
1530 856 1570 884 vel
1602 856 1671 884 mori
1694 856 1855 893 contigerit,

1013 898 1144 934 praedicti
1166 900 1304 928 consessor
1326 904 1353 929 et
1374 902 1464 930 socius
1486 902 1551 931 illuc
1565 903 1695 931 accedant
1710 911 1760 940 pro
1775 911 1855 932 exse-

1013 945 1085 981 quiis
1105 948 1133 974 et
1154 946 1337 976 sacramentis
1358 949 1542 977 000033011138
1567 949 1763 978 ministrandis.
1786 950 1855 979 Con-

1013 991 1079 1020 cedo
1100 1000 1227 1029 quoque,
1249 994 1322 1030 quod
1351 995 1386 1023 ab
1413 995 1537 1024 Adventu
1559 1004 1648 1033 usque
1669 996 1702 1024 ad
1725 997 1854 1025 Nativita-

1014 1041 1068 1066 tem
1091 1039 1198 1067 Domini
1229 1040 1369 1069 consessor
1394 1041 1573 1070 Dominarum
1602 1046 1629 1071 et
1660 1043 1751 1071 socius
1779 1043 1853 1080 apud

1013 1085 1104 1113 locum
1124 1086 1188 1114 dicti
1212 1087 1365 1116 Monasterii
1388 1096 1438 1124 pro
1459 1088 1615 1118 divinorum
1634 1089 1788 1118 officiorum
1811 1098 1855 1119 ce-

1012 1131 1163 1161 lebratione
1185 1134 1314 1163 continue
1336 1138 1488 1164 morentur.
1518 1137 1587 1164 Sane
1614 1136 1641 1164 in
1663 1136 1732 1165 festo
1753 1137 1854 1165 Nativi-

1012 1178 1075 1206 tatis
1095 1178 1247 1208 dominicae
1268 1184 1294 1208 et
1326 1180 1351 1209 in
1385 1185 1441 1210 tota
1468 1182 1564 1210 maiori
1586 1183 1759 1211 Hebdomada
1784 1183 1854 1212 duos

1010 1225 1119 1254 Fratres
1141 1226 1252 1255 idoneos
1273 1227 1420 1256 confessori
1450 1231 1477 1257 et
1504 1229 1578 1257 30010
1608 1229 1778 1266 adiungatis,
1801 1230 1852 1259 ibi—

1010 1272 1071 1300 dem
1094 1272 1222 1308 praefatis
1254 1274 1424 1310 temporibus
1453 1277 1480 1303 et
1501 1275 1528 1303 in
1550 1275 1703 1305 Nativitatis
1727 1277 1852 1311 Domini,

1011 1318 1229 1347 Resurrectionis
1249 1323 1276 1348 et
1298 1320 1468 1349 Pentecosles
1490 1321 1629 1350 solemniis
1643 1325 1670 1350 et
1684 1330 1734 1358 per
1755 1331 1852 1351 eorum

1010 1364 1126 1394 Octavas
1155 1374 1205 1402 pro
1232 1366 1332 1395 divinis
1363 1368 1533 1396 celebrandis
1562 1368 1659 1397 officiis
1685 1372 1851 1398 moraturos.

1010 1412 1133 1441 Concedo
1155 1420 1235 1446 vero,
1257 1417 1304 1446 ut,
1326 1414 1402 1450 gravi
1428 1415 1552 1450 periculo
1573 1415 1695 1451 praefato
1719 1416 1853 1445 Monaste-

1010 1459 1052 1487 rio
1074 1459 1251 1494 imminente,
1273 1464 1299 1488 et
1322 1469 1372 1497 pro
1394 1462 1554 1490 necessariis
1575 1463 1695 1491 consiliis
1715 1463 1852 1492 exhiben-

1010 1505 1051 1533 dis
1072 1506 1186 1534 mittatis
1207 1507 1271 1535 illuc
1293 1507 1401 1536 Fratres
1422 1508 1550 1544 providos
1571 1512 1598 1537 et
1627 1509 1776 1543 discretos;
1801 1510 1850 1546 qui

1009 1552 1090 1580 etiam
1113 1553 1214 1581 morari
1237 1554 1341 1589 possint
1363 1554 1461 1583 ibidem
1493 1555 1527 1583 ad
1555 1556 1740 1584 necessarium
1763 1556 1853 1585 subsi-

1009 1598 1084 1626 dium
1107 1601 1134 1627 et
1155 1599 1281 1628 iuvamen
1304 1603 1426 1637 tempore
1448 1601 1561 1637 praefati
1584 1602 1698 1638 periculi
1724 1602 1790 1638 ipsis
1805 1603 1852 1631 So-

1009 1645 1352 1683 roribusimpendendum.
1368 1647 1476 1676 Fratres
1492 1648 1613 1684 insuper,
1629 1649 1750 1685 magistri
1767 1649 1852 1685 ligno-

1010 1700 1072 1720 rum
1094 1696 1121 1721 et
1142 1693 1262 1729 lapidum
1284 1694 1388 1730 possint
1409 1694 1579 1730 praedictum
1602 1695 1795 1724 Monasterium
1811 1696 1852 1724 in-

1009 1739 1084 1775 gredi
1107 1748 1157 1776 pro
1178 1740 1351 1776 designandis
1371 1744 1398 1769 et
1418 1740 1549 1770 faciendis
1569 1742 1701 1778 operibus
1718 1746 1851 1779 opportu-

1008 1786 1059 1814 nis.
1082 1787 1244 1823 Supradicta
1264 1787 1369 1821 onmia,
1392 1791 1421 1816 tu
1443 1788 1556 1822 Custos,
1571 1789 1593 1817 si
1610 1797 1739 1825 praesens
1753 1789 1850 1824 fueris,

1009 1836 1035 1861 et
1057 1836 1087 1861 tu
1108 1833 1275 1868 Guardiane,
1297 1834 1409 1863 absente
1435 1835 1569 1868 Custode,
1591 1835 1743 1864 secundum
1772 1844 1851 1873 prae-

1010 1880 1120 1908 libatam
1142 1880 1257 1908 formam
1280 1888 1328 1917 per
1349 1881 1458 1910 Fratres
1478 1881 1512 1909 ad
1534 1882 1585 1910 hoc
1613 1882 1724 1911 idoneos
1745 1883 1850 1912 faciatis

1009 1926 1167 1955 memoratis
1188 1927 1335 1955 Sororibus
1356 1928 1492 1956 exhiberi.
1516 1928 1608 1957 Valete
1630 1929 1656 1957 in
1683 1929 1798 1958 Domino
1824 1932 1851 1958 et

1009 1976 1085 2001 orate
1107 1981 1157 2009 pro
1179 1981 1229 2002 me.
1253 1974 1352 2002 Datum
1381 1974 1500 2003 l'arisius
1527 1975 1603 2003 xvss.
1626 1975 1759 2005 Kalendas
1781 1977 1850 2005 lunii

1008 2028 1080 2048 anno
1102 2020 1208 2048 Domini
1232 2020 1395 2049 MCCLXXll.

1321 2114 1474 2142 EPISTOLA
1497 2115 1537 2143 lV.

1204 2206 1251 2234 Ad
1272 2207 1409 2235 Fratrem
1432 2207 1620 2236 Laurentium
1633 2208 1652 2236 ⁹.

1086 2299 1112 2327 In
1125 2299 1234 2327 Christo
1246 2299 1295 2327 sihi
1312 2299 1452 2328 carissimo
1463 2300 1548 2328 Fratri
1561 2301 1716 2335 Laurentio,
1728 2302 1754 2330 in
1766 2302 1849 2331 admi-

1006 2345 1166 2373 nistratione
1187 2346 1301 2374 Tusciae
1320 2346 1456 2374 Visitatori
1479 2354 1631 2383 pauperum
1652 2347 1848 2383 Dominarum,

171 2496 178 2508 ¹
198 2497 327 2524 Respicilnr
344 2497 421 2519 11101111.
440 2496 467 2523 7,
485 2497 505 2518 6.

173 2534 181 2547 ²
201 2536 285 2557 Wadd.
302 2536 385 2557 omittit
402 2535 575 2563 voluntarium,
594 2539 615 2557 et
633 2535 685 2557 Vat.
702 2542 734 2558 se.

170 2573 179 2586 ²³
197 2574 265 2601 Epist.
284 2575 297 2596 Ι.
315 2575 374 2596 Ρο11.
392 2575 413 2601 2,
432 2575 473 2601 18;
491 2575 531 2596 cfr.
549 2575 617 2596 etiam
636 2575 683 2596 Act⁷
701 2574 743 2601 ⁶23,
761 2574 786 2601 5,
805 2573 843 2596 nbi
868 2575 950 2596 Paulus

109 2612 175 2635 dicit:
193 2613 307 2640 Scriptum
326 2616 360 2635 est
376 2613 436 2635 enim
455 2613 532 2641 (Exod.
560 2614 596 2639 2⁵2,
615 2613 673 2640 25³.):
695 2622 705 2632 ει
718 2613 845 2640 Principem
871 2613 948 2640 populi

109 2651 141 2673 tui
159 2658 202 2673 non
221 2652 343 2674 maledices
356 2661 376 2678 n,
393 2655 415 2673 ct
433 2653 446 2673 l.
465 2652 524 2674 Tim.
541 2652 562 2679 ὅ,
582 2652 606 2673 l:
628 2660 638 2671 α
651 2652 769 2673 50010100]
795 2658 824 2673 00
849 2652 950 2679 increpa-

109 2690 170 2712 veris
182 2699 208 2717 »3
225 2691 264 2719 qui
282 2691 345 2713 lot-ns
361 2691 471 2718 allegatur
484 2691 508 2712 C.
521 2690 611 2713 Paulus
629 2690 683 2713 dicit
701 2691 757 2719 (28.)
775 2690 840 2712 Caus.
854 2691 874 2712 ⁴2.
887 2697 910 2718 q.
927 2690 950 2712 7.

110 2728 243 2756 Expressius
261 2733 338 2757 postea
357 2730 418 2751 idem
437 2728 571 2757 prohibetur
590 2729 615 2750 V.
633 2728 743 2751 Clement.
761 2729 791 2751 til.
809 2729 831 2750 7.
848 2735 868 2751 c.
887 2730 907 2750 1.

169 2767 178 2779 ⁴
197 2768 280 2790 Wadd.
298 2768 417 2795 subiungit
434 2770 536 2791 econtra.

170 2805 179 2818 ⁵
196 2807 246 2828 Sola
263 2808 311 2828 Vat.
322 2807 394 2835 sicut,
408 2807 493 2829 omisso
506 2806 557 2836 qni,
570 2809 591 2828 et
605 2807 661 2828 inira
675 2808 695 2829 et
707 2809 758 2828 ante
771 2807 832 2829 Deus
844 2808 948 2835 yi'ulum.

170 2844 179 2858 ὃ
197 2846 248 2868 Van.
263 2852 386 2875 praesens.
403 2847 454 2868 Post
471 2845 602 2874 iva-plicetur
620 2846 663 2868 AC
682 2845 766 2867 nabent
784 2845 869 2868 Datum
883 2845 947 2867 Pin-i-

107 2883 158 2906 sius
175 2885 278 2913 tempore
296 2884 398 2914 Capituli
415 2884 548 2914 ymzm·nlis;
568 2885 583 2906 B
601 2884 749 2907 Beneficium
762 2884 889 2906 ,111110711ιή
908 2884 949 2906 Do-

108 2921 168 2945 mim*
183 2924 203 2945 el
228 2922 361 2945 contimtum
379 2923 455 2946 Mater
473 2923 529 2950 Dez,
548 2923 632 2944 Warlrl.
657 2924 742 2945 Datum
761 2922 867 2945 Par-isius
884 2928 948 2944 annu

110 2959 204 2983 Domini
219 2961 274 2982 1266
287 2960 309 2982 in
323 2960 359 2983 «lie
372 2962 396 2983 S.
409 2960 505 2990 Geor-aii
517 2960 631 2990 Martyris·
645 2961 675 2984 (id
689 2964 723 2982 est
741 2962 768 2982 2ἰί
786 2960 890 2989 Aprilis„
907 2960 948 2982 sed

109 2999 130 3020 in
149 3000 191 3021 hoc
206 2999 289 3022 Wadd.
302 3006 389 3021 errasse
408 3000 510 3027 videtur,
529 2999 581 3021 vide
599 3006 667 3027 supra
687 3006 739 3027 pag.
758 2999 814 3027 470,
831 3002 908 3022 notam
930 3001 948 3021 l.

1070 2496 1078 2508 ⁷
1097 2497 1159 2518 Hanc
1178 2497 1299 2524 Epistolam
1317 2496 1385 2519 habet
1404 2498 1541 2520 Benedictus
1566 2499 1663 2526 Bonclli,
1687 2498 1848 2528 Supplenwnti

1006 2538 1060 2556 tom.
1079 2535 1109 2556 ΙΙΙ.
1127 2535 1169 2557 col.
1192 2535 1247 2556 1¹52
1267 2535 1329 2559 (vide
1348 2535 1402 2557 ibid.
1419 2536 1461 2557 col.
1483 2536 1535 2557 1131
1564 2536 1584 2558 in
1609 2536 1788 2563 Admonitione).
1810 2539 1847 2559 Se-

1005 2574 1050 2595 cuti
1068 2579 1149 2595 sumus
1165 2575 1326 2601 apographum
1345 2576 1393 2596 arte
1418 2575 1599 2602 photograpnica
1622 2575 1741 2603 antiquum
1768 2576 1846 2598 aetatis

1007 2613 1028 2634 S.
1055 2613 1227 2634 Bonaventnrao
1253 2613 1416 2635 documentum
1446 2616 1632 2640 repraesentans,
1658 2614 1720 2642 quod
1748 2615 1846 2642 perfecte

1006 2651 1113 2673 convenit
1129 2658 1181 2673 cum
1200 2652 1262 2673 edito
1280 2658 1290 2673 a
1310 2652 1393 2673 Bonelli
1412 2655 1480 2678 textu,
1497 2656 1591 2680 excepto
1614 2659 1660 2675 nno
1677 2654 1779 2675 alterove
1796 2654 1845 2676 loco

1006 2696 1017 2711 0
1036 2689 1102 2711 nobis
1119 2690 1148 2711 ad
1166 2691 1251 2712 calcem
1269 2693 1352 2712 notato.
1370 2702 1399 2705 —
1416 2690 1535 2712 Provincia
1553 2691 1649 2713 Tusciae
1666 2691 1709 2713 sub
1727 2692 1845 2714 Bonaven-

1006 2731 1055 2750 tura
1074 2728 1153 2750 habuit
1170 2732 1221 2751 octo
1239 2729 1373 2751 Custodias:
1392 2729 1507 2756 l‘isunain,
1531 2730 1658 2757 Lucanam,
1680 2731 1845 2758 Florentinam,

1005 2768 1142 2794 Senensem,
1159 2767 1287 2795 Aretinam,
1305 2768 1431 2795 Clusinum,
1457 2768 1590 2790 Maritimam
1617 2772 1638 2790 ct
1661 2769 1778 2791 Sardiniae
1796 2769 1845 2797 (Bo-

1005 2806 1068 2833 nelli,
1087 2807 1128 2828 loc.
1146 2807 1182 2828 cit.
1199 2807 1241 2828 col.
1260 2806 1327 2833 4¹44,
1345 2810 1397 2829 nota
1419 2808 1454 2834 l.).

1067 2844 1076 2856 '⁵
1094 2845 1178 2866 Bunelli
1196 2845 1279 2867 omittit
1295 2845 1445 2872 necessariis,
1474 2848 1496 2867 ct
1520 2846 1576 2867 infra
1604 2845 1672 2868 nabet
1690 2852 1736 2875 pro
1761 2852 1844 2869 eorum

1008 2882 1100 2905 Oetacis
1118 2883 1167 2905 loco
1182 2889 1225 2911 pet·
1242 2889 1325 2905 eorum
1343 2883 1452 2906 Octavus.

1067 2921 1076 2933 ⁰
1094 2922 1155 2944 llnnc
1174 2922 1296 2949 Epistulam
1309 2922 1397 2949 primus
1410 2922 1535 2950 publii-avit
1548 2923 1619 2945 Lucas
1635 2923 1786 2952 Wuddingus,
1799 2924 1844 2946 An-

1004 2961 1066 2982 nales
1083 2960 1110 2982 ad
1128 2966 1165 2982 un.
1186 2960 1250 2987 12114,
1268 2967 1289 2982 n.
1307 2960 1332 2988 3,
1350 2964 1372 2983 ct
1388 2967 1414 2982 cx
1427 2961 1482 2988 ipso
1500 2961 1584 2983 1100011.
1607 2962 1702 2989 Bonelli,
1726 2963 1844 2990 supplem.

1004 3000 1031 3021 ad
1050 3001 1123 3027 Opera
1142 3000 1217 3021 omnin
1236 3000 1258 3021 S.
1277 3001 1362 3021 lionav.
1380 3004 1434 3022 tom.
1451 3001 1484 3022 lll.
1500 3001 1541 3022 col.
1565 3000 1620 3022 1143
1638 3007 1703 3030 seqq.

1889 400 1977 417 fantium.
