2133 3317
543 224 738 253 OPUSCULUM
760 224 823 252 Vlll.
846 223 888 251 DE
910 223 970 251 SEX
992 223 1061 251 atis
1082 222 1250 251 SERAPHIM.
1271 221 1339 250 CAP.
1362 221 1415 250 Vll.

184 304 225 331 19.
249 303 280 331 Et
301 303 327 331 in
350 303 403 331 hoc
424 302 526 338 triplex
541 301 645 330 utilitas
657 302 667 317 ¹
683 301 824 329 consistit:
842 301 943 337 primo,

1 358 46 386 12¹ss
53 355 88 375 nti·
101 350 123 379 si
143 349 188 378 alii
210 349 281 378 idem
303 349 426 377 sentiunt
439 347 513 385 quod
528 351 556 376 et
570 348 643 384 ipse,
658 347 784 376 securior
798 350 854 380 est,
870 346 944 383 qnod

0 383 88 424 &iffi
100 404 155 425 non
176 395 338 432 decipiatur.
359 394 500 428 Secundo,
522 393 657 431 quidquid
676 393 771 422 fecerit
792 400 856 421 cum
878 400 945 429 pru-

100 442 222 471 dentium
244 442 373 475 consilio,
395 441 415 470 si
438 441 542 478 aliquid
564 440 627 469 inde
649 440 772 469 evenerit
796 439 943 472 contrarii,

99 489 191 518 minus
212 489 236 517 ei
260 488 359 525 poterit
380 488 527 524 imputari,
549 495 632 524 quam
654 487 676 516 si
697 486 731 515 de
757 494 808 515 suo
836 489 943 514 tantum

100 543 183 565 sensu
205 535 231 563 id
252 535 368 564 fecisset.
390 534 499 568 Tertio,
521 534 594 571 qnod
616 541 697 571 saepe
718 533 745 561 in
767 533 867 561 merito
891 532 944 560 hu-

100 582 223 611 militatis
253 582 315 610 talis
345 582 419 610 Deus
450 581 496 610 dat
526 581 550 609 ei
575 588 724 617 agnoscere
749 588 798 617 per
829 587 873 613 se,
901 579 943 608 vel

0 635 84 660 mmpia.
100 629 198 662 alium,
219 628 293 665 quod
314 632 376 657 ante
396 636 451 656 non
473 627 617 656 intellexit.
633 643 671 647 —
687 626 752 655 Hinc
766 627 884 662 Moyses,
899 625 943 654 cui

101 675 175 704 Deus
195 674 273 712 facie
293 675 333 703 ad
353 674 460 712 faciem
476 673 647 712 loquebatur
655 674 676 707 ²,
692 673 835 702 consilium
855 672 945 701 lethro

101 722 187 750 soceri
210 721 251 750 sui
274 724 384 758 gratum
407 721 504 750 habuit
525 724 552 749 et
575 720 711 754 servavit,
733 719 818 748 Exodi
839 719 944 748 decimo

100 771 204 796 octavo.
236 768 302 796 Hinc
332 768 476 804 Apostolus
505 767 620 801 Paulus,
646 767 749 803 Spiritu
779 769 873 794 sancto
901 773 944 794 re-

101 815 204 851 pletus,
220 814 396 851 Evangelium
406 837 413 848 ‚
428 814 502 851 quod
517 822 567 850 per
582 813 776 842 revelationem
792 813 852 841 lesu
866 812 945 840 Chri—

101 862 134 890 sti
156 861 304 895 didicerat,
326 861 413 898 ipsius
434 861 566 889 instinctu
587 860 745 889 ascendens
767 859 944 893 Ierusalem,

101 916 167 937 cum
189 908 275 936 Petro
289 912 315 936 et
329 908 438 936 Ioanne
451 911 476 935 et
493 906 604 941 Iacobo,
619 906 782 943 coapostolis
797 906 864 940 suis,
879 914 945 934 con-

101 954 182 988 tulit,
203 955 237 983 ad
258 954 366 983 Galatas
387 954 523 988 secundo,
546 957 577 982 ut
597 956 669 982 esset
683 953 808 982 securior
823 953 850 981 in
866 960 945 989 prae—

100 1001 231 1036 dicando,
253 1009 316 1030 cum
338 1001 373 1029 ab
393 1001 432 1030 eis
453 1009 507 1029 non
528 1000 715 1034 discordaret,
737 1003 764 1028 et
784 999 944 1036 exemplum

101 1056 151 1086 per
181 1049 234 1077 hoc
264 1048 342 1077 daret
373 1048 501 1077 fidelibus
522 1047 652 1084 praelatis
678 1047 823 1076 consilium
852 1046 946 1083 requi-

102 1095 198 1129 rendi;
221 1095 399 1124 Ecclesiastici
423 1095 562 1131 trigesimo
583 1094 723 1123 secundo:
751 1094 857 1122 Omnia
878 1102 945 1122 cum

0 1148 42 1192 μὲι
54 1148 86 1167 ‹1oe
102 1142 221 1171 consilio
241 1141 309 1179 fac,
331 1145 356 1170 et
375 1145 438 1179 post
459 1141 572 1178 factam
588 1150 645 1170 non
657 1140 822 1178 poenitebis.
840 1157 876 1161 —
893 1141 946 1169 Ali-

33 1177 61 1191 ¹¹⁵'
102 1189 150 1226 qui
171 1197 254 1223 vero,
276 1197 339 1217 cum
362 1188 396 1217 ad
417 1188 539 1217 officium
562 1188 704 1225 regiminis
725 1191 893 1225 assurgunt,
909 1187 947 1216 ita

103 1243 132 1264 se
152 1236 283 1264 continuo
305 1236 423 1272 repletos
451 1236 551 1272 spiritu
583 1235 712 1264 scientiae
741 1238 887 1271 reputant,
915 1238 947 1263 ut

102 1282 194 1310 omnia
213 1285 418 1311 antecessorum
440 1290 556 1311 suorum
578 1282 648 1311 facta
669 1282 754 1311 stulta
774 1281 896 1310 iudicent
920 1284 947 1310 et

102 1336 251 1365 perversa;
273 1328 318 1356 alii
340 1336 406 1357 vero
427 1337 441 1357 e
463 1336 611 1362 converso,
633 1336 697 1357 cum
719 1328 754 1356 ab
775 1328 869 1357 eodem
899 1328 947 1356 ab·

103 1375 250 1404 solvuntur
270 1375 375 1409 officio,
397 1383 590 1412 quaecumque
605 1383 780 1404 successores
794 1383 891 1403 eorum
908 1375 947 1403 fa-

103 1422 195 1456 ciunt,
226 1422 308 1451 simili
340 1422 420 1451 modo
452 1422 652 1456 condemnant,
683 1430 737 1450 non
758 1421 946 1455 attendentes,

102 1468 176 1506 quod
197 1468 268 1497 sicut
290 1468 339 1505 ipsi
361 1468 479 1497 aliorum
500 1468 571 1497 facta
591 1468 768 1505 deprimunt,
790 1468 828 1496 ita
848 1475 946 1496 eorum

102 1515 173 1543 facta
194 1515 239 1544 alii
261 1518 376 1552 possunt
396 1515 553 1552 despicere;
570 1514 652 1544 Isaiae
668 1515 808 1552 trigesimo
824 1515 906 1543 tertio
917 1515 944 1543 3;

110 1561 181 1590 Vae!
203 1561 255 1599 qui
274 1561 406 1598 spernis,
428 1570 521 1590 nonne
542 1565 567 1589 et
587 1561 648 1598 ipsc
661 1561 833 1598 sperneris?
855 1561 947 1590 Nullo-

103 1616 166 1637 rum
188 1608 260 1637 enim
282 1608 353 1637 facta
375 1611 429 1637 tam
452 1608 573 1637 studiose
594 1608 683 1637 solent
703 1608 738 1636 ab
762 1608 823 1636 aliis
853 1608 948 1637 ohser-

103 1655 191 1684 vando
212 1655 318 1689 notari,
340 1655 412 1683 sicut
433 1655 544 1684 illorum
566 1655 613 1692 qui
633 1655 751 1684 aliorum
767 1655 838 1683 facta
852 1663 948 1684 severe

1791 220 1844 248 147

1000 300 1166 334 diiudicant,
1188 300 1209 329 si
1231 300 1302 328 sorte
1323 300 1350 328 in
1371 308 1427 336 quo
1449 299 1498 336 ipsi
1521 299 1589 328 alios
1607 301 1730 335 arguunt
1751 305 1845 334 repre-

1001 347 1150 375 hensibiles
1170 346 1424 383 deprehendantur.

1079 395 1124 422 20.
1147 394 1217 422 Sunt
1237 394 1310 422 enim
1331 394 1387 422 duo
1408 401 1510 431 genera
1530 393 1691 426 hominum,
1722 399 1843 429 quorum
1857 396 1990 443 adddit&

1001 440 1113 468 consilia
1145 440 1267 476 prudens
1298 443 1390 468 rector
1420 449 1474 469 non
1503 440 1581 469 facile
1601 439 1683 469 debet
1704 439 1990 485 reciperefflgffiteaven-

1001 486 1104 514 scilicet
1125 486 1295 515 adulatores
1315 489 1343 515 et
1362 487 1547 515 detractores.
1571 486 1652 515 Primi
1669 486 1786 515 istorum
1801 492 1844 514 se-

1000 532 1108 560 ducunt
1128 540 1209 565 eum,
1231 536 1263 560 ut
1285 533 1371 569 magis
1392 533 1425 561 de
1446 541 1490 567 se,
1513 541 1595 570 quam
1618 532 1745 569 expedit,
1765 539 1845 568 prae-

1001 581 1108 612 sumat;
1132 578 1214 607 lsaiae
1236 579 1358 607 terti04:
1382 580 1441 615 Qui
1461 579 1575 608 beatam
1597 583 1621 608 te
1641 579 1759 613 dicunt,
1788 578 1846 615 ipsi

1001 628 1025 653 te
1046 625 1193 662 decipiunt
1213 629 1237 653 et
1259 625 1338 654 viam
1366 635 1521 663 yressuunz
1543 630 1662 655 tuorum
1683 626 1845 662 dissipant,

1000 679 1035 700 ne
1055 671 1089 700 de
1111 674 1137 700 te
1158 680 1223 700 vera
1244 673 1345 700 sentias
1366 673 1393 700 in
1415 673 1573 701 humilitate
1601 675 1730 710 propriae
1751 672 1843 709 cogni—

1001 718 1090 747 tionis.
1113 718 1229 747 Secundi
1252 718 1387 747 inducunt
1408 727 1489 753 eum,
1512 722 1543 748 ut
1565 720 1658 756 peius,
1687 727 1770 756 quam
1800 719 1846 747 ha-

1001 766 1063 799 bet,
1084 765 1118 794 de
1139 765 1200 794 aliis
1221 766 1387 802 suspicando
1408 767 1507 795 sentiat
1528 771 1554 796 et
1576 775 1656 804 saepe
1688 768 1846 796 innocentes

1001 811 1181 845 condemnet,
1202 815 1229 840 et
1251 812 1414 849 priusquam
1438 813 1581 841 veritatem
1597 814 1635 842 rei
1652 814 1731 850 plene
1746 821 1845 850 cogno-

1001 861 1073 892 scat;
1098 858 1195 887 Esther
1216 858 1322 887 decimo
1343 859 1464 887 sexto⁵:
1482 861 1577 888 Aures
1589 860 1761 897 principum
1775 859 1845 887 sim-

998 904 1104 942 plices,
1125 908 1150 933 et
1169 913 1204 933 eac
1225 913 1283 933 sua
1303 909 1417 933 natura
1448 905 1532 934 aliud
1563 907 1765 940 aestimantes,
1787 905 1846 934 cal-

1001 951 1063 980 lida
1077 950 1188 989 fraude
1201 952 1406 989 decipiuntur,
1424 956 1450 980 et
1470 952 1557 981 malis
1571 953 1759 990 quorundam
1777 961 1846 990 suy-

1000 998 1177 1036 9estionibus
1197 1007 1300 1036 reyum
1321 999 1423 1027 studia
1443 999 1664 1036 depravantur,
1686 1003 1718 1027 ut
1736 1008 1782 1027 eos
1796 1000 1847 1037 qui

1002 1045 1114 1074 credita
1134 1045 1191 1074 sibi
1211 1045 1308 1083 officia
1328 1046 1480 1083 diliyenter
1494 1046 1649 1074 observant
1668 1050 1693 1074 et
1714 1046 1756 1074 ita
1777 1054 1847 1074 cun-

1001 1096 1049 1121 cta
1070 1096 1179 1130 ayunt,
1201 1096 1235 1121 ut
1261 1093 1342 1121 omni
1368 1092 1454 1121 laude
1481 1093 1541 1121 sint
1567 1092 1663 1130 diqni,
1684 1092 1847 1121 mendacio-

1002 1148 1071 1168 rum
1086 1139 1231 1168 cuniculis
1251 1143 1391 1168 conentur
1411 1139 1582 1168 subvertere.
1605 1156 1644 1160 —-
1664 1139 1733 1168 Cum
1755 1142 1847 1167 autem
1861 1147 1993 1174 Quiintrtbus

1002 1186 1092 1215 tribus
1122 1186 1156 1214 de
1187 1186 1277 1215 causis
1308 1186 1393 1215 soleat
1424 1186 1529 1223 requiri
1558 1186 1720 1220 consilium,
1745 1186 1848 1215 scilicet
1869 1173 1985 1213 ἕέιῗῖἑῗθῗιῗῖ.

1002 1235 1116 1270 propter
1137 1233 1380 1267 emendationem,
1402 1236 1434 1262 ut
1454 1233 1576 1262 discatur
1601 1233 1634 1262 de
1656 1241 1712 1269 quo
1739 1232 1847 1261 dubita-

1003 1283 1068 1314 tur;
1091 1283 1205 1317 propter
1226 1280 1447 1314 auctoritatem,
1470 1284 1501 1309 ut
1522 1280 1609 1317 magis
1628 1280 1727 1309 habeat
1748 1280 1849 1317 vigoris

1003 1327 1076 1364 quod
1098 1335 1147 1364 per
1170 1327 1236 1355 tales
1257 1327 1414 1356 consultum
1436 1327 1535 1362 fuerit,
1551 1330 1578 1356 et
1596 1330 1710 1364 propter
1728 1335 1848 1363 pacem,

1003 1382 1038 1402 ne
1059 1374 1179 1402 habeant
1199 1374 1283 1411 aliqui
1305 1374 1476 1403 occasionem
1498 1374 1711 1403 murmurandi:
1734 1376 1848 1410 propter

1004 1421 1120 1458 primam
1144 1429 1255 1449 causam
1278 1421 1438 1450 consulendi
1460 1424 1526 1449 sunt
1542 1421 1764 1458 prudentiores,
1787 1429 1849 1458 pro-

1005 1471 1065 1504 pter
1096 1467 1244 1496 secundam
1277 1467 1505 1501 nominatiores,
1537 1471 1564 1496 et
1594 1471 1708 1505 propter
1740 1467 1849 1496 tertiam

1003 1523 1118 1547 omneS,
1140 1514 1180 1543 ad
1201 1523 1273 1552 quos
1294 1514 1442 1552 neyotium
1458 1515 1596 1552 pertinere
1612 1514 1730 1544 videtur.
1748 1531 1784 1535 -—
1799 1514 1849 1543 Sed

1004 1561 1069 1599 quia
1090 1561 1241 1598 singularia
1262 1561 1320 1590 sine
1341 1569 1459 1590 numero
1481 1565 1561 1596 sunt,
1584 1562 1611 1590 in
1631 1562 1734 1599 quibus
1748 1561 1850 1590 discre-

1004 1608 1042 1637 tio
1063 1611 1104 1637 est
1124 1608 1317 1642 necessariafl,
1340 1617 1394 1636 non
1416 1611 1505 1645 potest
1526 1609 1584 1637 dari
1615 1611 1690 1637 certa
1721 1611 1748 1637 et
1775 1616 1849 1637 com-

1003 1655 1096 1683 munis
1117 1655 1229 1692 regula,
1251 1663 1323 1692 quae
1345 1655 1433 1684 valeat
1455 1663 1505 1692 pro
1526 1655 1664 1684 omuibus.

1874 1522 1977 1540 Observan-

1900 1545 1951 1563 dum.

857 1789 1019 1818 CAPrrumu
1041 1789 1093 1818 Vll.

515 1912 554 1940 De
573 1915 656 1941 sexta
677 1912 728 1940 ala
745 1912 968 1949 praelatorum,
990 1920 1064 1949 qaae
1085 1916 1126 1940 est
1146 1911 1256 1940 devotio
1277 1912 1317 1940 ad
1341 1912 1439 1940 Deum.

187 2036 209 2063 l.
231 2035 315 2064 Sexta
336 2038 363 2063 et
384 2035 482 2063 ultima
503 2035 561 2069 ala,
583 2034 642 2064 sine
662 2043 718 2072 qua
739 2035 864 2072 reliquae
885 2043 948 2072 per-

104 2082 148 2111 fici
176 2089 230 2110 non
262 2081 369 2115 valent,
400 2081 522 2110 maxime
543 2084 585 2110 est
605 2081 776 2116 necessaria,
797 2084 829 2110 ut
850 2081 885 2110 sit
906 2082 949 2110 de-

104 2132 187 2157 votus
208 2128 249 2157 acl
270 2128 378 2162 Deum,
400 2136 450 2165 per
471 2136 554 2165 quem
577 2128 659 2156 zelus
680 2128 809 2157 iustitiae
824 2128 948 2157 accendi-

105 2178 168 2209 tur,
188 2175 281 2212 pietas
302 2175 513 2212 compassionis
535 2174 705 2208 infunditur,
730 2175 876 2212 patientia
904 2183 949 2203 ro-

105 2222 237 2256 boratur,
258 2221 420 2258 exemptum
442 2221 549 2249 honum
571 2221 715 2255 conditur,
736 2222 873 2250 discretio
894 2222 949 2251 cla-

0 2275 37 2295 mco
49 2276 89 2301 sm·
105 2268 239 2297 riticatur.
262 2268 331 2297 Haec
351 2271 393 2297 est
414 2268 511 2296 unctio
527 2268 672 2305 SpirituS,
694 2269 795 2297 docens
813 2268 846 2297 de
861 2269 949 2297 omni-

7 2301 58 2319 ”²¹¹''
104 2315 166 2349 bus,
178 2322 250 2352 quae
261 2314 414 2352 expediunt
428 2315 526 2349 saluti;
542 2315 648 2351 primae
663 2315 769 2344 Ioannis
785 2315 906 2344 secundo
918 2316 928 2333 ⁷
943 2327 948 2344 :

110 2362 164 2390 Vos¹
184 2361 347 2390 unctionem
368 2359 477 2390 habetis
498 2369 518 2389 a
540 2361 655 2398 Spiritu
674 2365 775 2390 sancto
807 2365 833 2390 et
858 2363 950 2391 nostis

106 2408 222 2442 omnia,
243 2412 268 2436 et
288 2416 346 2436 non
367 2416 478 2436 necesse
498 2407 624 2442 habetis,
645 2411 679 2436 ut
699 2408 808 2446 aliquis
829 2417 879 2437 vos
899 2409 950 2437 do-

106 2459 184 2490 ceat,
205 2455 255 2483 sed
278 2455 357 2483 sicut
377 2454 474 2483 unctio
495 2454 558 2482 eius
581 2454 658 2482 docet
678 2463 728 2482 vos
750 2455 784 2483 de
805 2455 949 2483 omnibus.

0 2513 91 2533 »mmm
186 2503 212 2530 Ξ).
236 2501 347 2530 Devotio
368 2503 487 2529 mentem
510 2501 647 2529 illuminat
667 2500 701 2529 ad
716 2501 949 2537 cognoscendum,

0 2537 172 2585 ff.²⁴“'¹‘quid
205 2548 241 2576 sit
272 2548 385 2582 melius;
415 2547 521 2576 Ioannis
549 2547 654 2576 decimo
685 2550 804 2584 quarto:
838 2547 951 2576 Docebit

1006 2043 1055 2063 vos
1074 2034 1174 2062 onznia
1189 2038 1214 2062 et
1227 2038 1361 2072 suqqeret
1376 2034 1454 2063 vobis
1469 2035 1568 2063 omnia
1584 2038 1634 2064 etc.
1651 2035 1803 2064 lnssammat
1817 2036 1851 2064 ad

1004 2081 1189 2118 appetendum
1210 2081 1331 2115 bonum;
1358 2081 1537 2110 Ecclesiastici
1570 2081 1702 2119 vigesimo
1730 2085 1849 2119 quarto:

1006 2127 1064 2163 Qui
1077 2128 1165 2156 edunt
1178 2136 1223 2156 me
1237 2127 1334 2156 adhuc
1355 2128 1499 2162 esurient,
1515 2132 1540 2156 et
1554 2128 1606 2166 qui
1620 2128 1719 2157 bibunt
1733 2137 1778 2157 me
1798 2133 1849 2158 etc.

1005 2174 1125 2203 Roborat
1145 2175 1179 2203 ad
1200 2175 1416 2212 perficiendum3
1439 2175 1472 2203 ad
1495 2175 1682 2212 Philippenses
1710 2175 1850 2204 secundo:

1007 2222 1083 2250 Deus
1103 2225 1143 2250 est
1164 2222 1257 2256 enim,
1279 2222 1331 2260 qui
1351 2225 1492 2259 operatur
1513 2222 1545 2250 in
1565 2222 1648 2250 nobis
1675 2226 1702 2251 et
1731 2222 1799 2251 velle
1825 2226 1852 2251 et

1002 2268 1142 2305 perficere
1161 2277 1216 2306 pro
1238 2268 1313 2297 bona
1333 2268 1487 2297 voluntate.
1503 2269 1576 2297 Facit
1592 2269 1708 2298 horrere
1724 2272 1850 2306 peccata;

1005 2315 1160 2344 Psatmusss:
1177 2315 1362 2354 Iniquitatem
1378 2315 1444 2344 odio
1458 2315 1551 2344 habui
1563 2319 1631 2350 etc.;
1650 2316 1677 2344 in
1693 2316 1851 2353 Apocalypsi

1005 2362 1075 2391 liber
1096 2365 1234 2391 comestus
1248 2362 1337 2391 dulcis
1351 2365 1434 2399 gustu
1450 2363 1600 2391 amaricat
1613 2366 1747 2391 ventrem.
1764 2362 1852 2391 Actio-

1005 2417 1054 2437 nes
1075 2408 1184 2437 ordinat
1197 2408 1231 2437 ad
1246 2409 1379 2443 virtutes;
1397 2409 1572 2438 Canticorum
1595 2409 1734 2438 secundo:
1757 2410 1852 2438 Intro-

1006 2455 1093 2483 duxit
1113 2463 1157 2483 me
1178 2464 1231 2483 ‘rem
1253 2455 1284 2483 in
1308 2455 1409 2483 cellam
1440 2455 1610 2489 vinariam,
1642 2456 1792 2484 ordinavit
1819 2456 1850 2484 in

1006 2510 1050 2530 me
1071 2501 1232 2530 caritatem.
1255 2502 1343 2530 Mores
1371 2502 1497 2531 exterius
1526 2503 1664 2539 componit
1695 2505 1722 2531 et
1751 2503 1850 2536 verba;

1007 2548 1108 2576 Tobiae
1130 2548 1229 2576 tertio:
1262 2548 1421 2586 Nunquam
1453 2557 1520 2577 cum
1550 2548 1713 2577 ludentibus
1744 2549 1851 2578 miscui

170 2696 176 2709 ¹
196 2697 247 2719 Vat.
268 2699 290 2719 et
311 2697 332 2724 l,
356 2698 369 2719 ‘2
391 2696 526 2725 humilitas,
551 2697 605 2724 sed,
630 2703 698 2719 sensu
724 2697 842 2725 exigente,
866 2697 949 2725 corrigi

107 2735 193 2758 debuit.

170 2774 178 2786 ²
197 2775 265 2797 Exod.
284 2775 312 2797 33
322 2792 328 2801 ,
349 2775 370 2796 11
383 2782 387 2802 ;
405 2781 475 2802 porro
489 2775 571 2797 citatur
584 2775 653 2797 Exod.
669 2776 707 2802 18,
724 2776 756 2797 18.
769 2782 834 2804 seqq.
848 2776 951 2804 Sequens

108 2813 171 2835 locus
186 2817 220 2835 est
237 2814 284 2835 Gal.
302 2814 329 2840 2,
350 2814 367 2835 1.
385 2820 462 2843 seqq.;
480 2814 564 2836 deinde
582 2814 648 2836 Eccli.
667 2815 709 2840 32,
726 2813 764 2836 24.

169 2850 178 2863 ³
198 2852 262 2875 Vei-s.
280 2853 301 2874 1.
316 2864 348 2869 —·
366 2853 417 2875 Post
434 2852 626 2882 reprehensibiles
644 2852 805 2876 substituimus
826 2853 951 2883 deprehen·

108 2889 196 2913 dantiu-
213 2897 255 2918 pro
272 2890 484 2920 reprelwmtantnr.

170 2929 179 2941 ⁴
198 2930 262 2952 Vers.
284 2930 318 2952 12.
334 2942 364 2946 —
382 2931 438 2952 lnsra
456 2933 508 2958 post
526 2937 581 2953 vera
598 2930 686 2954 sentias
703 2931 754 2953 Vat.
772 2931 855 2953 omittit
872 2930 904 2954 in.

171 2967 180 2980 ⁵
198 2969 262 2991 Vers.
281 2969 302 2990 6.
319 2968 341 2990 7.
359 2969 380 2991 ὅ.
397 2981 427 2985 -
445 2970 518 2997 Supra
536 2975 609 2998 quam
626 2968 694 2993 habet
710 2970 771 2992 idem
790 2972 824 2992 est
840 2976 866 2992 ac
878 2973 951 2999 quum

109 3012 133 3029 se
148 3013 186 3030 res
204 3006 278 3030 lineet.
295 3007 340 3030 Csr.
358 3008 486 3035 Forcellini,
503 3008 608 3030 Lexicon.

1070 2697 1079 2709 ⁰
1096 2697 1152 2720 Cod.
1170 2700 1192 2720 et
1211 2698 1234 2724 l,
1252 2698 1266 2719 2
1283 2697 1393 2720 adiiciunt
1409 2697 1437 2719 de
1453 2697 1545 2727 quibus.
1564 2698 1586 2720 Si
1604 2699 1660 2721 haec
1678 2698 1748 2720 verba
1761 2698 1852 2721 addun-

1007 2739 1051 2763 tur,
1069 2739 1122 2758 tunc
1140 2739 1184 2758 tota
1201 2736 1341 2764 propositio,
1359 2739 1383 2758 ut
1400 2742 1503 2763 congrue
1520 2739 1672 2763 construatur,
1690 2737 1851 2765 coniungenda

1007 2777 1067 2797 esset
1083 2781 1136 2798 cum
1155 2775 1217 2798 initio
1233 2775 1349 2803 sequentis
1366 2775 1470 2803 capituli,
1488 2778 1513 2797 ut
1529 2775 1687 2799 continuetur:
1704 2779 1765 2799 sexta
1783 2779 1805 2799 et
1823 2777 1853 2799 ul-

1008 2814 1061 2836 tima
1079 2815 1138 2836 ala...
1156 2815 1255 2836 maxime
1271 2817 1305 2836 est
1322 2814 1449 2837 necessaria
1462 2817 1504 2837 etc.
1517 2815 1592 2837 Lectio
1605 2815 1660 2837 haec
1672 2819 1706 2838 est
1718 2816 1785 2838 valde
1803 2822 1854 2844 pro-

1009 2853 1103 2880 babilis,
1120 2860 1173 2875 cum
1192 2853 1309 2881 inscriptio
1327 2853 1479 2881 capitulorum
1499 2854 1521 2875 in
1538 2854 1643 2882 originali
1661 2854 1766 2877 desuerit.

1072 2891 1080 2904 ⁷
1099 2892 1163 2914 Vei-s.
1182 2892 1223 2919 27,
1241 2892 1281 2914 sed
1299 2892 1443 2920 aliquatenus
1460 2894 1546 2915 mutata
1564 2895 1617 2915 sunt
1634 2893 1719 2920 verba;
1736 2894 1853 2916 secundus

1008 2932 1072 2953 loeus
1089 2934 1122 2952 est
1140 2931 1199 2952 loan.
1216 2930 1241 2952 14
1250 2948 1255 2957 ,
1268 2931 1310 2957 26;
1323 2931 1402 2953 tertius
1414 2931 1480 2953 Eccli.
1494 2931 1531 2959 24,
1544 2932 1587 2958 29;
1600 2935 1696 2960 quartus
1709 2933 1763 2955 Phil.
1776 2933 1788 2954 2
1797 2951 1802 2961 ,
1819 2934 1852 2955 13.

1071 2968 1080 2981 ⁸
1098 2970 1179 2992 Psalm.
1201 2970 1254 2997 118,
1276 2970 1330 2997 163;
1347 2970 1463 2992 secundus
1481 2971 1544 2993 locus
1561 2972 1632 2998 Apoc.
1651 2971 1693 2999 10,
1710 2971 1751 2999 10;
1775 2971 1853 2994 tertius

1009 3008 1072 3031 Cant.
1091 3009 1117 3035 ²2,
1136 3008 1161 3035 43
1179 3011 1275 3037 quartus
1291 3008 1350 3031 Tob.
1368 3010 1394 3036 3,
1417 3009 1449 3031 17.
