2133 3317
30 963 83 990 doliq-

8 991 83 1030 aaa·

20 1927 29 1942 f
34 1914 77 1942 ¹lesse

0 1960 1 1964 Ἰ
26 1939 68 1957 hae.

562 206 756 235 OPUSCULUM
776 206 818 234 XI.
839 206 1000 236 APOLOGIA
1020 207 1200 237 PAUPERUM.
1222 208 1290 237 CAP.
1312 209 1365 237 ΧΠ.

101 284 190 322 largiti
217 287 283 312 sunt
309 284 343 312 ad
368 283 546 312 sustentanda
573 291 690 319 corpora
715 291 883 320 pauperum,
911 286 939 312 et

101 331 253 368 spiritualia
275 330 345 358 bona
371 330 500 358 continue
526 329 683 366 largiuntur
703 329 737 358 ad
762 330 939 358 sustentatio-

100 385 162 407 nem
183 377 351 410 animarum;
373 379 400 405 et
421 376 481 405 ideo
508 376 581 413 digni
603 379 684 409 sunt,
706 379 737 404 ut
757 376 791 404 ab
820 376 938 405 Ecclesia

100 425 297 456 sustententur,
320 423 386 459 quia
405 430 460 450 non
481 425 612 459 gravant,
633 422 681 451 sed
701 422 830 451 alleviant
850 423 938 450 multo

100 469 231 506 amplius,
261 476 345 505 quam
377 468 414 496 illi
445 469 492 505 qui
518 468 766 497 ecclesiasticorum
797 467 937 496 redituum

100 516 224 545 ubertate
256 515 453 552 pinguescunt,
485 523 555 552 quos
575 523 638 544 cum
659 518 687 544 et
707 515 818 551 plurimi
839 522 937 543 eorum

100 562 201 592 habere
221 561 389 598 potuissent,
410 561 498 590 multo
519 562 605 598 magis
623 570 674 598 pro
694 561 803 590 Christo
825 561 877 590 illis
894 569 938 590 ca-

99 617 160 639 rere
180 609 337 637 voluerunt.
359 608 389 636 Hi
409 615 475 645 ergo
492 615 555 636 cum
576 608 762 644 eleemosynas
790 611 887 644 petunt
911 611 938 636 et

98 655 246 692 accipiunt,
268 655 375 683 nullum
386 662 539 691 pauperem
555 653 745 692 defraudant,
760 655 828 691 quin
846 654 938 691 potius

99 709 193 731 causas
214 698 368 738 pauperum
389 704 489 738 agunt,
507 701 574 729 dum
590 701 648 729 suis
662 701 747 729 sacris
762 700 897 737 exemplis
911 703 938 729 et

97 748 207 777 monitis
226 747 324 784 impios
345 748 470 776 homines
494 747 529 775 ad
555 755 640 784 opera
666 747 774 783 pietatis
802 747 938 775 inducunt

97 795 164 824 nulli
180 802 295 831 prorsus
316 794 519 827 iniuriantzir,
541 793 607 830 quia
628 794 680 822 hoc
701 796 799 830 petunt
819 796 847 821 et
866 793 937 822 acci-

97 841 189 879 piunt,
211 841 284 876 quod
304 841 343 869 eis
364 840 488 869 debetur.

174 887 219 916 38.
252 886 417 915 sustentatio
445 887 516 915 enim
544 886 694 923 corporalis
724 885 840 915 debetur
870 885 937 922 ipsis

97 934 154 970 lege
175 933 393 961 misericordiae
415 936 545 969 tanquam
571 933 756 969 pauperibus,
778 936 805 961 et
825 940 857 961 eo
878 940 935 961 ma-

96 980 149 1017 gis,
164 979 237 1016 quod
252 987 388 1016 pauperes
408 979 555 1007 voluntarii
572 982 636 1007 sunt
654 979 819 1016 Christoque
834 979 932 1007 devoti.

96 1026 170 1056 Unde
191 1026 371 1062 Hieronymus
391 1029 487 1054 contra
509 1026 685 1063 Vigilantium
699 1025 723 1053 ¹:
750 1037 764 1051 «
779 1026 835 1054 Non
858 1034 935 1063 nega-

95 1081 171 1107 mus,
193 1072 299 1101 cunctis
314 1073 495 1109 pauperibus,
517 1072 539 1101 si
561 1075 635 1101 tanta
650 1072 685 1101 sit
705 1072 829 1109 largitas,
851 1072 936 1109 stipes

95 1127 153 1150 esse
174 1119 359 1156 porrigendas.
382 1119 525 1156 Apostolus
545 1119 636 1154 docet,
657 1119 808 1148 faciendam
823 1119 933 1155 quidem

94 1166 294 1201 eleemosynam
311 1165 351 1193 ad
365 1173 474 1198 omnes,
493 1165 622 1193 maxime
636 1168 733 1194 autem
748 1165 788 1193 ad
802 1165 935 1193 amnesti-

95 1219 142 1240 eos·
160 1210 241 1248 fidei,
262 1211 296 1240 de
317 1211 419 1248 quibus
439 1212 563 1240 Salvator
583 1212 611 1239 in
633 1211 778 1248 Evangelio
803 1211 934 1248 loqueba-

94 1260 155 1287 tur:
177 1258 276 1287 Faet'te
292 1257 372 1286 vobis
386 1258 497 1287 amieos
518 1258 551 1286 de
565 1258 667 1296 iniquo
681 1266 868 1292 mammona,
883 1258 936 1296 qui

93 1312 143 1333 vos
163 1304 307 1341 recipiant
327 1304 358 1332 in
379 1308 497 1333 aeterna
519 1304 718 1333 tabernacula.
741 1305 871 1342 Nunquid
889 1305 934 1334 isti

93 1359 241 1388 pauperes,
263 1351 335 1380 inter
356 1360 476 1388 quorum
499 1359 604 1388 pannos
624 1355 651 1380 et
666 1352 788 1380 illuviem
810 1352 934 1388 corporis

93 1397 212 1435 flagrans
239 1398 323 1426 libido
349 1398 520 1432 dominatur,
548 1401 663 1434 possunt
691 1398 794 1427 habere
822 1401 934 1427 aeterna

93 1444 282 1478 tabernacula,
297 1444 344 1481 qui
360 1452 409 1472 nec
430 1445 585 1481 praesentia
599 1444 737 1481 possident
756 1453 806 1473 nec
821 1445 934 1473 futura?

92 1491 150 1520 Non
170 1491 242 1519 enim
269 1491 431 1527 simpliciter
459 1499 608 1527 pauperes,
637 1491 683 1520 sed
701 1499 849 1528 pauperes
874 1492 934 1528 spi-

93 1537 154 1566 ritu
166 1537 177 1553 2
197 1537 385 1574 appellantur,
406 1537 440 1566 de
460 1537 562 1574 quibus
582 1537 716 1574 scriptum
731 1540 787 1566 est:
809 1538 933 1572 Beatus,

93 1583 144 1621 qui
163 1582 295 1620 intelliyit
314 1591 402 1620 super
422 1591 543 1620 egenum
567 1586 592 1611 et
608 1591 778 1620 pauperem.
794 1583 836 1619 ,In
858 1584 933 1620 vulgi

92 1629 261 1667 pauperibus
281 1637 456 1666 nequaquam
478 1629 668 1666 intelligentia,
690 1630 737 1658 sed
761 1630 934 1666 eleemosyna

92 1684 162 1713 opus
181 1679 238 1709 est,
260 1676 287 1704 in
308 1675 409 1704 sanctis
437 1684 503 1704 vero
527 1676 697 1712 pauperibus
724 1676 865 1705 beatitudo
892 1679 933 1705 est

91 1722 300 1759 intelligentiae,
322 1725 354 1750 ut
374 1722 398 1751 ei
419 1722 538 1756 tribuas,
560 1722 607 1759 qui
629 1722 768 1751 erubescit
792 1722 932 1759 accipere,

92 1773 119 1798 et
139 1777 202 1798 cum
216 1769 365 1806 acceperit,
386 1769 472 1803 dolet,
488 1772 592 1797 metens
613 1769 734 1798 carnalia
748 1772 775 1798 et
793 1769 932 1798 seminans

92 1815 266 1853 spiritualia-⁰*
281 1827 307 1843 n.
330 1816 477 1852 Hucusque
498 1815 687 1852 Hieronymus.

170 1862 216 1891 39.
237 1863 360 1892 Debetur
387 1862 469 1891 etiam
500 1862 540 1891 eis
561 1862 619 1899 lege
650 1862 780 1891 iustitiae
801 1864 932 1899 tanquam

92 1908 327 1946 praedicatoribus
343 1909 477 1943 veritatis;
498 1917 582 1946 quam
597 1909 706 1945 quidem
726 1908 857 1937 iustitiam
873 1908 932 1937 exi-

91 1963 156 1992 gere
172 1958 300 1992 possunt,
321 1963 374 1984 non
390 1955 455 1984 iure
468 1954 530 1993 fori
548 1955 619 1984 sicut
640 1955 766 1992 praelati,
788 1955 815 1983 in
830 1955 933 1992 quibus

91 2002 212 2039 acceptio
239 2001 439 2038 stipendiorum
460 2010 515 2030 non
543 2004 585 2030 est
605 2001 780 2035 mendicitas,
809 2002 856 2030 sed
884 2009 932 2038 po-

91 2051 191 2082 testas;
213 2048 258 2077 sed
281 2048 346 2076 iure
357 2048 419 2085 poli
438 2056 498 2077 eam
515 2048 627 2085 exigere
649 2050 764 2085 possunt
785 2050 812 2076 et
832 2047 932 2077 debent

92 2102 141 2132 per
161 2095 273 2123 modum
300 2095 476 2129 humilitatis,
505 2095 607 2124 scilicet
628 2103 679 2131 pro
705 2094 807 2123 Christi
835 2102 929 2122 amore

92 2141 176 2178 gratis
196 2141 325 2178 petendo,
346 2144 378 2169 ut
398 2141 443 2170 alii
465 2144 626 2170 mereantur
647 2141 749 2175 dando,
771 2144 798 2170 et
812 2140 863 2178 ipsi
879 2141 932 2169 hu-

91 2187 232 2217 milientur
251 2188 420 2225 accipiend0;
442 2190 469 2217 et
489 2188 527 2216 sic
542 2190 745 2221 sustententur,
768 2191 798 2216 ut
816 2195 932 2224 evange-

91 2234 186 2268 lizent,
207 2242 261 2263 non
279 2234 478 2271 evangelizent,
500 2237 532 2263 ut
552 2234 702 2263 comedant.
718 2234 794 2263 Unde
815 2234 931 2263 Bernar-

154 2393 161 2408 ¹
179 2394 245 2416 Num.
266 2394 299 2416 15.
316 2394 447 2422 Alleganiur
464 2394 511 2416 Gal.
529 2394 556 2421 6,
572 2394 606 2416 to.
623 2396 644 2416 et
661 2394 714 2416 Luc.
736 2394 774 2422 16,
793 2395 813 2416 9.

153 2431 162 2445 ²
179 2433 264 2455 Textus
280 2433 396 2460 originalis
407 2432 470 2455 addit
483 2432 557 2460 beati,·
574 2434 612 2454 cfr.
626 2433 701 2454 Matth.
714 2432 741 2459 5,
754 2433 778 2455 3:
791 2433 865 2461 Beati,
877 2439 931 2461 pau-

91 2477 158 2500 peres
173 2472 254 2500 spiritu
272 2474 314 2494 etc.
331 2484 361 2488 —
373 2471 480 2500 Sequitur
497 2472 531 2494 Ps,
551 2471 590 2500 40,
608 2472 630 2493 2.

153 2508 162 2522 ⁸
179 2510 306 2538 Respicitur
324 2511 339 2532 l.
356 2510 408 2533 Cor.
425 2510 452 2537 9,
473 2511 512 2532 ti:
530 2510 552 2532 Si
570 2516 611 2532 nos
634 2509 701 2532 vobis
723 2510 847 2538 spiritualia
864 2510 931 2532 semi-

91 2549 209 2576 navimus,
227 2555 337 2577 magnum
358 2552 405 2576 est,
427 2549 445 2571 si
468 2555 510 2571 nos
533 2549 629 2571 carnalia
653 2551 728 2571 vestra
750 2549 883 2571 metamus?
899 2561 931 2566 —

92 2587 202 2616 Superius
219 2590 270 2615 post
281 2587 308 2610 ln
320 2586 540 2616 vulyipauperibus
552 2587 604 2609 Vat.
621 2589 643 2609 et
659 2587 695 2609 ed.
713 2588 726 2608 2
739 2593 792 2609 cum
810 2589 871 2609 textu
888 2587 930 2609 ori·

91 2626 159 2654 ginali
172 2626 259 2649 addunt
274 2625 446 2654 sustentandis,
460 2632 502 2654 pro
514 2625 666 2655 intelltqentia
679 2628 752 2648 textus
763 2626 881 2654 originalis
897 2625 930 2648 in-

91 2664 194 2692 tellectu,
207 2665 247 2693 qui
258 2665 326 2687 etiam
338 2671 381 2693 pro
394 2664 484 2688 tribuas
497 2664 539 2693 (ita
552 2666 568 2687 Α
579 2665 596 2686 Β
605 2664 621 2687 C
632 2665 649 2686 D
658 2665 685 2694 G)
701 2664 817 2687 substituit
828 2664 928 2692 tribuat,

91 2703 144 2726 edd.
163 2702 291 2727 tribuatur.

152 2741 162 2754 ⁴
179 2742 240 2764 Libr.
257 2743 271 2764 i.
289 2748 308 2764 c.
327 2743 362 2764 43.
380 2749 402 2764 n.
420 2743 458 2764 39.
479 2742 529 2770 (cfr.
547 2748 616 2769 supra
634 2748 687 2770 pag.
711 2741 769 2768 294,
786 2744 838 2764 nota
856 2742 883 2769 5,
907 2742 929 2764 in

90 2781 156 2803 cuius
171 2781 217 2803 fine
233 2781 262 2803 de
278 2783 371 2804 auctore
389 2781 456 2803 huius
473 2783 580 2803 tractatus
597 2781 646 2803 sive
667 2780 793 2809 epistolae).
813 2780 929 2808 Ailegatur

91 2819 115 2841 ii.
131 2818 181 2842 Cor.
200 2820 224 2848 8,
242 2819 263 2841 9.
281 2820 323 2842 Pro
339 2821 490 2849 praeceptum
508 2820 549 2847 (ita
563 2820 630 2842 etiam
647 2822 721 2842 textus
737 2819 862 2847 originalis)
875 2819 928 2842 edd.

90 2857 233 2887 memphim.

152 2895 162 2908 ⁵
178 2896 248 2924 Epist.
267 2897 319 2919 ⁴30.
336 2896 402 2924 (alias
413 2897 444 2925 8.)
461 2903 485 2919 n.
498 2897 534 2919 ⁴4.
546 2897 592 2919 Csr.
603 2902 673 2925 supra
685 2902 738 2924 pag.
751 2897 809 2923 289,
826 2899 878 2919 nota
891 2897 928 2918 ¹12.

90 2934 206 2962 Allegatur
222 2935 288 2957 Rom.
307 2934 347 2962 it,
366 2935 387 2957 5.

152 2971 162 2985 ³
178 2972 223 2995 Ci'r.
239 2973 315 2995 Matth.
337 2973 379 3000 25,
397 2973 434 2995 35.
450 2979 510 3001 seq.,
532 2973 572 2995 ubi
589 2974 645 2996 haec
666 2979 736 3001 opera
759 2973 929 2996 misericordiae

183 3019 209 3042 S.
220 3019 309 3042 Bonav.
321 3031 351 3036 —-
363 3020 430 3042 Tom.
442 3020 498 3042 Viti.

1780 209 1835 239 329

994 285 1046 313 dus
1065 285 1099 313 ad
1120 286 1229 314 Fratres
1248 285 1282 314 de
1303 287 1392 314 Monte
1413 286 1499 314 Dei4:
1525 297 1540 311 a
1556 286 1628 315 Cum
1649 287 1728 315 dives
1749 290 1834 320 esset,

992 339 1108 368 pauper
1130 339 1185 368 pro
1212 332 1294 361 nobis
1321 331 1421 370 factus
1447 336 1505 366 est‚-
1532 336 1558 362 et
1586 333 1633 370 qui
1662 333 1834 361 voluntariae

995 379 1164 414 paupertatis
1185 379 1258 407 dedit
1272 383 1463 416 praeceptum,
1479 380 1536 416 ipse
1550 380 1672 409 eiusdem
1687 380 1714 408 in
1735 383 1835 408 semet-

995 424 1053 460 ipso
1084 424 1200 453 formam
1231 426 1359 462 dignatus
1390 430 1431 455 est
1464 427 1662 456 demonstrare.
1698 427 1731 455 Ut
1761 426 1833 455 enim

995 470 1082 498 sciant
1103 471 1250 507 evangelici
1273 480 1424 508 pauperes,
1452 473 1519 509 quid
1539 473 1579 501 eis
1599 473 1754 501 faciendum
1783 473 1832 506 sit;

994 515 1052 552 ipse
1073 517 1153 545 etiam
1175 525 1191 545 a
1212 517 1339 546 fidelibus
1360 519 1432 554 pasci
1458 519 1560 553 voluit,
1581 526 1779 556 nonnunquam
1808 522 1835 547 et

994 562 1028 590 ab
1043 562 1212 596 infidelibus,
1234 563 1280 592 sed
1302 567 1333 592 ut
1348 564 1441 593 fideles
1460 565 1574 599 faceret,
1591 566 1661 594 vitae
1682 566 1835 594 necessaria

994 608 1118 645 accipere
1140 617 1193 637 non
1215 610 1394 638 recusavit».
1416 611 1549 640 Constans
1569 614 1611 640 est
1631 615 1738 645 autem,
1759 611 1833 648 quod

994 662 1048 682 non
1070 654 1193 691 loquitur
1208 655 1252 684 hic
1273 655 1306 684 de
1321 656 1462 692 praelatis,
1484 657 1530 685 sed
1546 657 1579 685 de
1600 657 1770 693 pauperibus
1784 658 1834 685 Re-

994 700 1109 737 ligiosiS,
1131 710 1201 738 quos
1221 703 1352 739 exemplo
1379 703 1479 731 Christi
1501 703 1566 731 dicit
1593 703 1626 731 de
1655 703 1834 740 eleemosynis

993 747 1094 776 debere
1115 749 1280 782 sustentari,
1302 757 1355 777 nou
1371 749 1481 786 quidem
1503 749 1663 786 potestative
1678 750 1833 786 requisitis,

993 794 1041 823 sed
1061 794 1106 830 pie
1125 798 1153 823 et
1171 795 1313 823 humiliter
1328 796 1481 832 postulatis.

1071 841 1117 869 40.
1140 841 1299 870 Huiusmodi
1320 844 1413 870 autem
1435 850 1571 879 pauperes
1600 846 1755 872 sustentare
1783 852 1834 880 pro
1850 851 1979 893 ,ffifflfflg‘n‘gj

993 887 1101 915 Christo
1128 895 1181 915 non
1204 888 1317 916 minoris
1338 891 1379 916 est
1400 889 1490 917 meriti
1512 897 1596 926 quam
1617 890 1761 918 aedificare
1786 890 1833 918 ba-
1851 898 1913 916 nonis.

993 934 1094 967 silicas,
1116 937 1147 962 ut
1161 934 1226 963 dicit
1246 935 1427 971 Hieronymus
1442 935 1474 963 ad
1496 936 1734 965 Demetriadem-‘w
1755 948 1768 961 «
1783 937 1832 965 Alii

992 980 1135 1009 aedificent
1149 981 1289 1015 ccclesias,
1316 981 1431 1010 vestiant
1446 982 1564 1018 parietes
1578 990 1748 1011 marmorum
1768 991 1832 1011 cru-

993 1027 1057 1061 stis;
1080 1035 1133 1055 non
1159 1027 1344 1063 reprehendo,
1366 1036 1420 1056 non
1446 1028 1545 1056 abnuo.
1573 1029 1776 1067 Unusquisque
1801 1029 1831 1057 in

992 1081 1045 1101 suo
1065 1081 1151 1101 sensu
1167 1072 1309 1107 abundet,
1331 1074 1485 1111 meliusque
1506 1078 1547 1103 est
1568 1075 1619 1103 hoc
1637 1074 1727 1103 facere
1748 1083 1832 1112 quam

992 1119 1119 1155 repositis
1140 1119 1238 1156 opibus
1260 1120 1399 1149 incubare.
1422 1120 1472 1149 Sed
1495 1121 1542 1149 tibi
1564 1121 1638 1149 aliud
1659 1121 1831 1158 propositum

991 1168 1048 1194 est:
1069 1166 1209 1194 Cliristum
1228 1166 1329 1195 vestire
1350 1167 1377 1195 iu
1394 1167 1577 1203 pauperibus,
1599 1167 1709 1196 visitare
1732 1168 1758 1195 in
1774 1168 1832 1196 lan-

990 1212 1151 1249 guentibus,
1173 1220 1284 1249 pascere
1304 1213 1331 1241 in
1353 1213 1551 1248 esurientibus,
1572 1214 1712 1250 suscipere
1733 1214 1760 1242 in
1789 1214 1832 1243 his

991 1259 1038 1295 qui
1060 1261 1131 1287 tecto
1152 1259 1305 1296 infligent‘i,
1327 1263 1354 1288 et
1368 1260 1496 1289 maaeime
1517 1260 1546 1288 in
1565 1260 1727 1289 domesticis
1746 1260 1827 1297 fidei,

991 1305 1129 1342 virginum
1150 1306 1223 1334 alere
1245 1306 1424 1340 monasteria,
1446 1314 1589 1335 servorum
1612 1307 1659 1335 Dei
1681 1309 1708 1335 et
1728 1315 1831 1343 paupe-

991 1360 1054 1380 rum
1076 1352 1175 1388 spiritu
1196 1352 1298 1381 habere
1320 1360 1432 1386 curam,
1453 1352 1501 1389 qui
1523 1352 1622 1381 diebus
1643 1361 1678 1381 ac
1699 1353 1829 1381 noctibus

990 1399 1123 1427 serviunt
1144 1399 1265 1427 Domino
1281 1403 1343 1431 tuo;
1366 1399 1413 1436 qui
1434 1399 1461 1427 in
1485 1402 1558 1428 terra
1572 1400 1665 1436 positi,
1686 1400 1828 1428 imitantur

992 1446 1155 1482 Angelorum
1177 1446 1411 1474 conversationem
1439 1449 1466 1474 et
1490 1446 1558 1474 nihil
1586 1446 1754 1483 loquuntur,
1776 1446 1828 1474 nisi

990 1492 1064 1528 quod
1085 1492 1118 1520 ad
1140 1492 1233 1520 laudes
1254 1492 1300 1520 Dei
1323 1492 1456 1528 pertinet,
1478 1492 1664 1529 habentesque
1686 1493 1788 1521 victum
1803 1495 1830 1521 et

990 1538 1133 1572 vestitum,
1156 1538 1198 1567 his
1218 1538 1337 1575 gaudent
1351 1538 1490 1572 divitiis⁷;
1512 1539 1560 1575 qui
1581 1539 1643 1575 plus
1665 1539 1766 1567 habere
1781 1547 1829 1567 no-

990 1585 1066 1619 lunt,
1087 1585 1109 1613 si
1132 1588 1222 1613 tamen
1243 1588 1354 1613 servant
1368 1585 1555 1621 propositum;
1577 1585 1713 1622 alioquin,
1735 1585 1757 1614 si
1771 1593 1829 1614 am-

990 1631 1062 1668 plius
1083 1631 1251 1665 desiderant,
1273 1631 1316 1659 liis
1337 1639 1407 1667 quae
1428 1631 1582 1660 necessaria
1603 1634 1682 1665 sunt,
1710 1632 1828 1668 proban—

989 1680 1037 1706 tur
1057 1677 1160 1714 indigni
1173 1690 1198 1705 n.
1214 1693 1250 1698 —
1266 1678 1306 1705 Ex
1329 1677 1371 1706 his
1393 1677 1546 1714 Hieronymi
1569 1677 1660 1706 verbis
1681 1678 1827 1714 colligitur,

990 1723 1063 1760 quod
1078 1726 1232 1752 sustentare
1254 1723 1411 1752 huiusmodi
1425 1723 1595 1760 evangelicos
1610 1732 1745 1760 pauperes
1759 1732 1829 1760 opus

989 1772 1031 1798 est
1061 1769 1169 1806 pietatis
1199 1769 1403 1806 permaximae,
1434 1777 1465 1797 ac
1492 1777 1542 1806 per
1564 1769 1615 1798 hoc
1636 1769 1709 1806 ipsos
1736 1778 1829 1806 perse-

989 1816 1098 1853 quendo
1119 1816 1281 1845 calumniari
1307 1816 1396 1844 scelus
1417 1818 1458 1844 est
1485 1824 1539 1844 non
1560 1824 1660 1852 parvae
1688 1816 1827 1852 perfidiae.

988 1863 1046 1891 Non
1067 1862 1140 1891 enim
1162 1862 1252 1899 inopia
1274 1862 1441 1896 voluntaria,
1463 1865 1494 1890 ut
1514 1862 1559 1890 hic
1579 1862 1658 1896 dicit,
1680 1865 1721 1891 est
1745 1870 1828 1891 causa

989 1909 1125 1937 malorum
1151 1911 1177 1937 et
1205 1908 1397 1945 multiplicium
1426 1908 1588 1942 criminum,
1620 1908 1683 1942 sed,
1704 1912 1736 1937 ut
1763 1909 1828 1937 dicit

988 1955 1200 1992 chrysostomus
1221 1958 1247 1983 et
1272 1954 1379 1991 supra²3
1400 1954 1525 1983 habitum
1546 1958 1602 1988 est,
1628 1955 1827 1984 «infinitorum

988 2009 1070 2030 causa
1091 2001 1227 2030 bonorum
1243 2012 1269 2029 υ.
1291 2001 1367 2029 Sicut
1384 2000 1456 2029 enim
1478 2001 1568 2029 radix
1585 2001 1716 2030 omnium
1737 2001 1827 2029 malo-

987 2056 1056 2077 rum
1076 2051 1117 2076 est
1137 2047 1301 2084 cupiditas,
1323 2055 1394 2084 quae
1421 2050 1462 2075 est
1482 2055 1559 2075 amor
1586 2047 1760 2081 divitiarum;
1789 2047 1827 2076 sic

988 2097 1136 2131 paupertas
1163 2097 1327 2122 cunctorum
1355 2097 1396 2122 est
1423 2094 1500 2130 origo
1530 2094 1666 2123 bonorum
1697 2094 1827 2131 spiritua-

987 2142 1071 2175 lium,
1093 2149 1163 2177 quae
1184 2143 1226 2169 est
1252 2143 1425 2177 contemptus
1445 2141 1601 2169 affluentiae
1622 2144 1648 2169 et
1676 2148 1753 2169 amor
1780 2148 1827 2177 pe-

987 2187 1142 2216 nuriarum.
1165 2187 1220 2215 Non
1236 2195 1301 2223 ergo
1322 2186 1407 2215 mula
1426 2186 1608 2225 deliquerunt
1622 2190 1742 2224 propter
1765 2187 1827 2215 ino-

983 2234 1069 2271 piam
1090 2233 1111 2268 9,
1142 2241 1225 2270 quam
1257 2233 1435 2267 dilexerunt,
1467 2233 1514 2262 sed
1543 2237 1657 2270 propter
1687 2233 1825 2270 inopiam,

988 2394 1137 2416 insinuantur.
1155 2406 1185 2409 —-
1202 2394 1333 2422 Sequuntur
1354 2393 1401 2414 Gal.
1424 2393 1450 2420 6,
1476 2393 1514 2414 10:
1538 2392 1665 2420 Operemur
1686 2391 1773 2414 bonum
1796 2393 1825 2415 ad

987 2439 1079 2460 omnes,
1098 2432 1195 2454 maxime
1212 2434 1288 2454 antem
1305 2431 1333 2453 ad
1358 2431 1496 2453 domesticos
1512 2431 1669 2459 fidei;»Apoc.
1692 2431 1719 2459 7,
1738 2431 1781 2453 45:
1800 2432 1826 2453 Et

986 2471 1089 2493 serviunt
1105 2471 1125 2493 ei
1143 2470 1180 2492 die
1196 2476 1223 2492 ac
1240 2472 1306 2491 nocte
1324 2469 1345 2491 in
1362 2470 1447 2497 templo
1464 2469 1521 2491 eius.

1049 2508 1057 2521 ⁷
1076 2509 1144 2537 Epist.
1162 2510 1176 2531 1.
1194 2509 1254 2530 Tim.
1271 2509 1297 2536 6,
1314 2509 1338 2529 8:
1358 2507 1471 2530 Habentes
1487 2511 1564 2530 autem
1581 2508 1686 2530 alimenta
1704 2510 1726 2530 et
1740 2508 1825 2536 quibus

986 2551 1103 2576 tegamur,
1121 2548 1156 2570 his
1167 2547 1266 2569 contenti
1283 2547 1364 2569 simus.
1375 2558 1405 2563 —
1418 2547 1528 2574 Superius
1542 2546 1639 2569 vocibus
1653 2546 1712 2570 nihil
1728 2546 1825 2576 loquan-

986 2588 1026 2610 tur
1043 2589 1116 2608 textus
1132 2586 1248 2613 originalis
1265 2585 1378 2608 interserit
1394 2584 1468 2608 aliud.

1047 2624 1057 2637 ⁸
1073 2624 1128 2652 Cap.
1146 2625 1168 2647 9.
1186 2630 1206 2646 n.
1226 2624 1262 2646 18.
1279 2636 1309 2640 -
1327 2623 1429 2646 Subinde
1445 2624 1554 2652 allegatur
1571 2625 1584 2646 Ι.
1603 2624 1662 2646 Tim.
1681 2625 1708 2651 6,
1727 2625 1764 2646 io.
1780 2624 1824 2647 Csr.

985 2670 1054 2692 supra
1072 2669 1126 2691 pag.
1143 2663 1201 2690 272,
1219 2664 1271 2684 nota
1290 2662 1310 2684 4.

1047 2701 1057 2714 ⁹
1074 2702 1139 2724 Eccii.
1157 2701 1199 2729 27,
1213 2701 1232 2723 4.
1244 2700 1290 2724 Cir.
1302 2707 1372 2729 supra
1389 2707 1442 2729 pag.
1460 2701 1518 2728 328,
1535 2704 1587 2724 nota
1606 2702 1643 2723 12.
1659 2701 1736 2724 Glossa
1754 2701 1824 2724 inter-

986 2740 1082 2764 linearis
1099 2740 1162 2768 apud
1183 2741 1314 2768 Lyranuru:
1331 2740 1429 2769 Propter
1451 2739 1568 2769 inopiam,
1589 2740 1665 2762 cordis
1687 2740 1723 2762 vel
1745 2746 1824 2768 corpo-

985 2779 1025 2807 ris,
1043 2779 1098 2801 alias
1113 2779 1201 2806 operis,
1218 2778 1288 2802 multi
1304 2777 1460 2808 deliquerunt.
1476 2778 1520 2801 Cir.
1538 2778 1656 2806 Rubentis,
1673 2778 1696 2800 in
1718 2780 1778 2801 hunc
1794 2779 1824 2801 lo-

985 2824 1054 2841 cum:
1072 2818 1132 2840 Multi
1150 2823 1206 2845 ergo
1223 2823 1264 2845 per
1282 2817 1381 2845 inopiam
1401 2817 1551 2846 delinquunt,
1574 2817 1615 2840 sed
1638 2817 1712 2845 magis
1729 2820 1823 2845 propter

985 2857 1084 2885 inopiam
1103 2856 1179 2879 cordis
1195 2862 1265 2884 quam
1282 2856 1398 2884 corporis,
1410 2856 1464 2884 quia
1481 2856 1564 2878 multos
1582 2856 1643 2878 viros
1660 2859 1750 2879 sanctos
1767 2862 1822 2884 pau-

985 2901 1051 2923 peres
1068 2894 1137 2918 rebus
1154 2895 1176 2917 in
1193 2896 1236 2917 hoc
1253 2895 1340 2917 mundo
1356 2901 1407 2917 esse
1418 2895 1529 2923 legimus,
1548 2895 1631 2917 divites
1648 2899 1723 2918 autem
1742 2895 1763 2917 in
1777 2895 1822 2918 fide

985 2937 1007 2957 et
1023 2933 1158 2961 virtutibus,
1174 2933 1213 2962 qui
1230 2933 1327 2956 eandem
1346 2933 1413 2956 fldem
1431 2933 1514 2956 Christi
1530 2936 1553 2956 et
1574 2933 1681 2956 iustitiam
1698 2934 1748 2957 eius
1765 2934 1822 2956 inter

985 2973 1082 2995 adversa
1100 2972 1164 2995 istius
1180 2973 1264 2995 saeculi
1281 2978 1355 3001 usque
1372 2973 1393 2995 in
1414 2973 1483 2995 finem
1500 2973 1560 2995 vitae
1577 2975 1727 2995 servaverunt
1742 2973 1822 3001 sicque

1700 3019 1728 3042 42

1847 1685 1959 1705 Notandum.
