2133 3317
132 440 221 463 Quaestio
229 441 252 460 de

125 464 199 482 viuculo
206 469 257 483 men-

137 489 176 506 tem
186 488 246 511 impe-

156 511 227 530 diente.

140 581 251 604 Responsio.

113 1566 182 1585 Contra
193 1572 243 1585 amo-

126 1595 165 1608 rem
189 1595 244 1614 prae-

125 1614 208 1632 lationis.

272 212 309 241 [16
830 208 1027 238 OPUSCULUM
1048 208 1077 236 11.
1100 207 1331 244 SOLILOQUIUM.
1354 208 1422 236 CAP.
1445 208 1474 236 ll.

272 299 345 328 quae
358 290 530 324 immittitur,
552 292 579 318 et
600 289 639 317 act
653 287 793 326 futuram
806 286 949 325 qim-tam,
971 294 1043 324 quae
1058 294 1122 323 pro-

271 338 392 367 mittitur
407 350 433 366 ».
456 338 525 366 Haec
546 335 735 365 Bernardus1.

350 386 377 414 [ι.
400 385 499 413 Annia.
516 384 569 411 lam
591 382 738 411 falsitatem
753 384 781 410 et
800 381 1007 410 instabilitatem
1023 380 1121 409 mundi

271 439 402 469 agnosco,
417 430 463 460 sed
479 433 571 458 tamen
588 428 693 463 neseio,
705 436 761 465 quo
773 428 884 457 vinculo
898 428 1017 463 detenta,
1029 428 1121 457 adhuc

269 480 396 508 avertere
416 480 536 506 mentem
558 483 674 513 nequeo.

349 525 434 554 Houo.
456 524 548 557 Certe,
570 523 592 551 si
611 522 771 559 diligenter,
793 530 809 550 0
823 522 928 557 anima,
950 525 977 551 et
998 522 1121 559 pruden-

269 574 311 600 ter
332 570 489 607 periculum
510 572 605 603 tuum,
627 568 701 606 quod
732 568 766 597 de
791 568 896 597 mundo
916 568 1051 603 incurris,
1073 569 1120 598 ad-

268 620 411 651 verteres3
434 616 532 653 procul
547 616 632 644 dubio
653 616 777 644 animum
793 618 873 644 tuum
888 624 904 644 a
919 616 1022 645 saeculi
1044 616 1120 644 vani-

269 664 371 692 tatibus
386 663 539 692 cohiberes.
555 663 652 691 Gravis
670 663 742 691 enim
765 666 792 692 et
806 663 889 692 nimis
907 663 1064 700 periculosa
1079 666 1120 692 est

267 710 406 738 mundana
422 709 611 743 conversatio,
633 709 712 746 quia,
734 709 888 738 secundum
910 709 1082 738 Bernardum
1099 710 1119 744 ²,

272 757 470 794 «periclitatur
487 756 597 785 castitas
612 756 639 784 in
661 756 779 790 deliciis,
795 756 939 785 humilitas
960 756 987 785 in
1002 756 1119 792 divitiis,

266 804 353 841 pietas
374 804 402 832 in
423 804 556 841 negotiis,
578 803 681 832 veritas
702 803 729 832 in
751 803 942 840 multiloquio,
969 804 1070 833 caritas
1090 804 1118 833 in

266 851 318 880 hoe
338 859 464 889 nequam
484 850 600 879 saecuto
616 863 643 879 ».
665 850 688 879 Ο
713 850 804 879 anima
824 850 923 880 debilis
943 853 971 880 et
991 851 1118 886 infirma,

265 906 336 936 quae
358 901 413 927 tam
434 898 523 927 facilis
543 906 573 927 es
593 898 627 926 ad
649 898 858 934 decipiendum,
889 901 942 926 tam
972 906 1060 935 prona
1084 898 1118 927 ad

265 945 432 979 cadendum,
448 948 502 974 tam
518 945 638 974 difficilis
653 945 686 974 ad
702 945 873 983 surgendum
886 945 913 980 8;
935 953 969 974 an
984 945 1118 983 ignoras,

264 993 337 1030 quod
364 1004 377 1018 «
393 992 464 1021 sicut
486 992 596 1021 difficile
617 995 659 1021 est
686 993 816 1022 arborem
838 992 919 1021 iuxta
946 992 1019 1021 viam
1045 992 1118 1030 posi-

264 1043 319 1068 tam
340 1039 450 1068 fructus
464 1039 671 1076 pulcherrimos
692 1047 782 1076 usque
796 1039 831 1068 ad
846 1039 1037 1068 maturitatem
1059 1047 1118 1068 ser—

264 1095 342 1121 vare,
358 1086 396 1115 sic
411 1086 523 1115 difficile
544 1089 586 1115 est
601 1086 741 1115 hominem
763 1086 844 1115 iuxta
858 1087 1001 1115 saeculum
1023 1087 1118 1115 viven-

263 1137 318 1163 tem
340 1133 474 1162 iustitiam
502 1134 708 1162 immaculatam
731 1141 822 1171 usque
843 1134 871 1162 in
894 1133 976 1163 finem
1006 1141 1118 1162 conser-

263 1189 329 1210 vare
343 1184 380 1209 »¹2
412 1181 481 1209 Haec
512 1181 727 1217 Clirysostomus
738 1181 758 1209 4.
792 1181 858 1210 Item
890 1181 1061 1218 Augustinus
1089 1181 1115 1209 in

263 1228 376 1265 epistola
392 1228 527 1265 quadam:
548 1239 562 1253 «
576 1228 693 1257 Vincula
708 1228 793 1257 huius
807 1228 904 1262 mundi
919 1228 1023 1257 habent
1037 1236 1116 1265 aspe-

263 1275 372 1304 ritatem
402 1283 510 1309 veram,
539 1275 741 1304 iucunditatem
769 1275 883 1309 falsam,
909 1278 1017 1304 certum
1039 1275 1117 1304 dolo-

262 1330 335 1356 rem,
357 1322 491 1351 incertam
507 1322 692 1359 voluptatem,
711 1322 815 1351 durum
831 1322 967 1356 laborem,
990 1322 1113 1351 timidam

261 1369 400 1406 quietem,
424 1369 533 1406 plenam
560 1369 688 1398 miseriae
713 1377 786 1403 rem,
802 1369 981 1398 beatitudinis
1006 1369 1116 1399 inanem

261 1423 380 1452 spem».
403 1415 426 1444 Ο
447 1416 554 1450 anima,
577 1416 599 1444 si
622 1416 689 1444 haec
711 1416 739 1444 in
761 1419 853 1445 mente
867 1420 1011 1453 portares,
1034 1425 1115 1445 mun-

261 1463 328 1491 dum
351 1466 377 1492 et
399 1471 430 1492 ea
451 1463 565 1500 quaein
584 1463 689 1492 mundo
710 1466 791 1497 sunt,
814 1466 1014 1492 contemneres.
1030 1480 1068 1483 —
1083 1464 1115 1492 Et

261 1510 328 1548 quid
350 1514 403 1545 est,
419 1511 574 1545 carissima,
590 1511 665 1548 quod
680 1511 791 1548 diligis?
813 1511 884 1547 Quid
899 1514 956 1545 est,
978 1511 1052 1548 quod
1067 1520 1115 1548 ap-

261 1558 356 1595 petis?
377 1558 448 1594 Quid
469 1561 527 1592 est,
549 1558 623 1595 quod
646 1558 672 1586 in
694 1558 799 1586 mundo
820 1558 956 1595 quaeris?
981 1558 1006 1587 Si
1025 1567 1115 1595 prote-

261 1604 397 1633 lationem
418 1604 524 1642 diligis,
546 1604 613 1642 quid
641 1604 717 1633 aliud
745 1604 828 1639 facis,
850 1605 902 1633 nisi
925 1604 998 1642 quod
1027 1605 1113 1633 vitam

260 1654 337 1680 tuam
353 1652 523 1681 confundis?
544 1652 582 1680 An
604 1652 731 1689 ignoras,
753 1652 828 1689 quod
848 1663 861 1677 «
877 1655 1055 1681 monstruosa
1070 1660 1115 1681 res

259 1701 301 1728 est
315 1699 418 1736 gradus
433 1707 560 1728 summus
574 1702 601 1728 et
615 1699 725 1728 animus
740 1699 869 1734 infimus,
885 1699 964 1728 sedes
982 1699 1073 1736 prima
1087 1702 1115 1728 et

259 1746 315 1774 rita
329 1746 400 1780 ima,
422 1746 517 1783 lingua
532 1746 709 1783 magniloqua
731 1749 759 1775 et
780 1754 880 1775 manus
901 1746 1003 1781 otiosa,
1022 1754 1114 1775 sermo

260 1793 366 1822 multus
380 1796 407 1822 et
421 1793 531 1822 fructus
545 1794 656 1828 nullus,
673 1794 768 1822 vultus
782 1793 876 1831 gravis
891 1796 918 1822 et
938 1796 1017 1822 actus
1032 1793 1113 1828 levis,

257 1839 354 1877 iugens
376 1841 527 1869 auctoritas
542 1843 569 1869 et
590 1843 692 1869 nutans
707 1840 843 1870 stabilitas
856 1843 890 1868 »t
912 1841 982 1869 Haec
997 1840 1115 1869 Bernar-

258 1887 310 1916 dus
322 1888 342 1915 ⁵.
375 1887 527 1924 Gregorius
555 1887 582 1916 in
614 1888 688 1916 Cura
719 1888 866 1925 pastorali:
894 1899 907 1914 «
922 1888 1013 1917 Sciant
1046 1888 1113 1917 haec

257 1935 390 1972 praelati,
412 1935 487 1972 quod
519 1935 541 1964 si
567 1943 699 1972 perverse
730 1935 835 1972 aliquid
866 1938 1044 1972 perpetrant,
1073 1938 1113 1964 tot

1179 286 1317 315 mortibus
1344 286 1420 324 digni
1451 290 1532 321 sunt,
1554 290 1623 324 quot
1647 287 1775 324 exempla
1806 287 1967 324 perditionis
1994 288 2027 317 ad

1178 333 1304 363 subditos
1324 334 1556 363 transmittunt».
1571 351 1610 355 —
1625 334 1676 363 Sed
1691 334 1762 364 forte
1780 335 1862 369 dicis,
1884 335 2029 372 praelatio·
2042 341 2132 370 Obiepthu

1178 387 1241 408 nem
1263 380 1375 417 quidem
1397 383 1513 418 appeto,
1535 381 1582 410 sed
1603 381 1631 409 in
1652 381 1712 418 ipsa
1732 381 1802 410 bene
1823 385 1850 410 et
1874 384 1967 411 sancte
1988 382 2029 410 vi-
2076 368 2116 386 Μ’

1178 435 1244 456 vere
1254 427 1376 456 intendo.
1393 445 1431 449 —-
1442 428 1544 463 Laudo,
1560 428 1606 457 sed
1621 436 1687 457 raro
1702 428 1775 466 quod
1792 429 1906 458 laudare
1921 429 2027 458 valeam

1177 473 1296 502 invenio.
1319 474 1394 503 Unde
1416 482 1525 512 semper
1540 475 1639 509 time0,
1655 475 1742 512 quod,
1758 475 1912 504 secundum
1927 476 2029 513 Grego-

1177 521 1251 549 rium
1274 521 1301 549 in
1330 521 1487 559 Registrofl,
1513 533 1527 547 c<
1542 522 1580 550 ita
1599 522 1651 551 sibi
1672 522 1828 559 regentium
1850 525 1877 551 et
1905 523 2029 552 subdito-

1178 576 1242 596 rum
1264 568 1364 597 merita
1385 571 1599 603 connectuntur,
1618 572 1651 598 ut
1681 577 1762 606 saepe
1783 577 1820 598 ex
1846 570 1928 607 eulpa
1948 578 2029 607 prae-

1176 615 1325 644 sidentium
1347 615 1396 644 fiat
1415 615 1537 644 deterior
1558 616 1614 645 vita
1635 616 1826 650 subditorum,
1848 619 1876 646 et
1897 624 1978 654 saepe
1992 624 2028 646 ex

1176 663 1276 691 merito
1297 662 1420 699 plebium
1441 662 1585 700 delinquat
1605 663 1662 692 vita
1682 666 1826 700 pastorum
1843 675 1869 692 >›.

1256 710 1281 737 5.
1305 709 1331 738 Si
1352 709 1530 746 sapientiam
1543 710 1650 739 mundi
1663 710 1791 747 quaeris,
1806 719 1822 739 0
1837 714 1941 748 quanto
1955 711 2029 748 peri·
2047 716 2132 740 eontra-0

1175 756 1238 785 culo
1255 759 1280 785 te
1295 757 1458 785 committis!
1481 757 1639 786 Bernardus
1651 757 1677 786 ⁷:
1703 768 1717 784 «
1729 758 1801 792 Heu,
1817 760 1885 795 quot
1899 761 1926 787 et
1941 767 2028 795 quan-
2040 745 2080 782 ἷῗέἑ
2094 746 2132 786 ἶῖῗιῖἓ

1176 805 1218 832 tos
1240 803 1335 832 mundi
1357 803 1503 832 maledicta
1523 803 1658 841 sapientia
1679 804 1868 841 supplantavit
1889 807 1916 833 et
1931 813 2028 834 conce-
2041 792 2083 806 ‘m'

1175 853 1254 886 ptum
1277 849 1303 878 in
1319 850 1359 879 eis
1372 850 1497 879 divinum
1520 851 1658 879 exstinxit
1678 851 1822 888 spiritum,
1844 859 1929 888 quem
1949 851 2028 881 velze-

1175 900 1285 925 menter
1306 897 1440 926 Dominus
1461 898 1583 926 accendi
1604 898 1711 926 votuit!
1732 899 1771 926 An
1803 898 1930 936 ignoras,
1952 899 2027 936 quod
2121 907 2123 922 ⁴

1174 943 1309 980 sapientia
1332 944 1428 972 mundi
1451 948 1568 973 terrena
1589 949 1647 979 est,
1663 944 1806 974 animatis
1827 949 1854 974 et
1867 945 2024 980 diabolica,

1174 990 1286 1019 inimica
1307 991 1421 1025 salutis,
1443 991 1608 1020 suffocatrix
1639 991 1711 1021 vitae
1732 995 1760 1021 et
1780 995 1870 1021 mater
1891 992 2026 1030 cupidita-

1175 1038 1209 1067 tis
1225 1041 1254 1066 »2
1274 1038 1345 1067 Haec
1366 1039 1532 1068 Bernardus.
1555 1039 1764 1076 AugustinusS:
1785 1051 1799 1065 «
1814 1040 1866 1076 Qui
1889 1040 1948 1069 sine
1969 1040 2026 1069 Sal·
2057 1073 2058 1076 Ἰ

1174 1088 1269 1115 vatore
1291 1086 1407 1115 salutem
1430 1087 1490 1115 vult
1511 1095 1661 1124 quaerere,
1677 1089 1704 1116 et
1725 1087 1784 1116 sine
1805 1095 1872 1116 vera
1894 1087 2027 1124 sapientia

1173 1133 1300 1162 aestimat
1321 1141 1350 1162 se
1382 1133 1549 1170 prudentem
1570 1134 1631 1163 fieri
1660 1142 1757 1171 posse,
1779 1142 1833 1163 non
1857 1142 1957 1169 sanus,
1979 1135 2027 1164 sed

1173 1188 1255 1217 aeger
1276 1183 1333 1215 est,
1354 1189 1410 1209 non
1431 1181 1571 1217 prudens,
1593 1181 1640 1210 sed
1656 1182 1759 1210 stultus
1780 1184 1822 1210 est
1843 1184 1871 1210 et
1891 1181 1918 1210 in
1938 1181 2027 1219 aegri-

1172 1227 1269 1256 tudine
1283 1228 1391 1256 laborat
1404 1228 1514 1257 assidue
1525 1240 1552 1256 ».
1573 1240 1586 1254 «
1598 1228 1650 1265 Qui
1666 1229 1739 1257 enim
1754 1229 1853 1258 erescit
1866 1228 1895 1257 in
1914 1229 2027 1258 scientia

1173 1276 1200 1303 et
1215 1283 1269 1303 non
1291 1275 1390 1303 crescit
1411 1275 1438 1303 in
1460 1275 1533 1304 bona
1553 1275 1610 1304 vita
1630 1275 1776 1312 elongatur
1797 1284 1814 1304 a
1834 1276 1890 1304 Deo
1905 1287 1933 1310 ι»,
1955 1276 2027 1305 sicut

1171 1321 1237 1350 dicit
1259 1322 1397 1359 Algaze19.
1420 1323 1461 1351 Tu
1484 1330 1567 1359 ergo,
1589 1322 1611 1351 si
1640 1323 1749 1360 sapiens
1780 1330 1840 1351 esse
1870 1323 2025 1358 desideras,

1177 1380 1190 1393 «
1205 1368 1294 1397 discas
1316 1369 1343 1397 in
1366 1369 1449 1398 terris
1469 1369 1648 1406 sapientiam,
1664 1377 1735 1406 quae
1751 1371 1844 1398 tecum
1866 1373 2026 1407 perseveret

1172 1415 1199 1444 111
1222 1416 1304 1444 caelis
1319 1427 1346 1444 n.
1369 1416 1439 1445 Haec
1460 1416 1643 1453 Hieronymus
1655 1417 1687 1445 10.
1705 1417 1750 1446 Hic
1766 1417 1890 1452 studeas,
1906 1417 2026 1455 qualiter

1171 1463 1205 1491 ad
1227 1463 1319 1500 ipsum
1341 1463 1503 1500 pervenias,
1525 1471 1608 1501 quem
1630 1464 1715 1493 semel
1744 1464 1845 1493 vidisse
1867 1467 1909 1493 est
1934 1465 2026 1493 omnia

1171 1510 1307 1539 didicisse.
1331 1510 1400 1539 Haec
1421 1514 1463 1539 est
1490 1511 1537 1539 illa
1564 1516 1679 1540 aeterna
1706 1511 1824 1546 veritas,
1856 1512 1943 1541 «sine
1970 1519 2026 1549 qua

1171 1566 1254 1586 omne
1274 1566 1371 1595 sapere
1392 1558 1518 1595 desipere
1550 1561 1606 1593 est,
1628 1567 1712 1596 quam
1742 1559 1828 1588 solam
1860 1566 2026 1597 cognoscere

1171 1604 1326 1641 perfectum
1348 1605 1419 1634 scire
1440 1606 1515 1634 est1¹
1528 1617 1555 1634 ι).

1253 1653 1278 1680 6.
1302 1652 1353 1681 Sed
1369 1652 1390 1681 si
1406 1652 1477 1681 forte
1492 1652 1613 1681 divitias
1631 1653 1809 1688 mundiales,
1822 1662 1948 1691 pompos
1962 1662 2026 1682 sae-
2038 1656 2133 1699 {ffirgiji

1172 1698 1289 1727 colare-s*
1310 1702 1336 1727 et
1356 1698 1477 1727 delicias
1498 1699 1652 1734 carnales,
1668 1708 1684 1728 o
1698 1700 1790 1728 anima
1804 1708 1878 1735 mea,
1893 1700 1984 1738 diligis
1999 1704 2026 1730 et
2046 1709 2111 1746 rfflm
2118 1709 2133 1743 1η

1172 1749 1286 1783 propter
1315 1746 1383 1775 haec
1415 1746 1553 1775 mundum
1584 1747 1669 1776 invite
1690 1747 1878 1785 derelinquis;
1901 1748 1969 1777 haec
1986 1751 2026 1777 at-
2046 1733 2122 1770 licant.

1172 1793 1268 1827 tende;
1283 1804 1296 1818 «
1309 1801 1392 1830 quam
1406 1793 1510 1822 caduca
1521 1802 1663 1831 quamque
1674 1794 1783 1831 fragilia
1794 1797 1860 1823 sunt
1871 1795 1954 1824 haec!
1968 1795 2026 1830 Dic,

1171 1841 1219 1870 ubi
1243 1849 1338 1878 reges,
1360 1841 1408 1869 ubi
1430 1841 1585 1878 principes,
1607 1841 1656 1870 ubi
1677 1841 1802 1870 omnium
1817 1842 2025 1879 praedictorum

1171 1887 1317 1916 dilectores
1330 1888 1354 1904 12
1368 1891 1399 1916 »t
1420 1888 1528 1923 Timeo,
1550 1888 1625 1925 quod
1646 1889 1725 1918 multi
1748 1897 1785 1918 ex
1803 1889 1883 1926 ipsis,
1899 1889 1964 1924 heu,
1979 1898 2028 1918 ex-

1173 1935 1325 1963 terminati
1345 1938 1416 1964 sunt
1436 1938 1462 1963 et
1476 1935 1516 1964 ad
1531 1935 1643 1973 inferos
1658 1936 1875 1965 descenderunt.
1894 1937 1972 1973 Quid
1986 1938 2027 1973 0ῖὸ-

323 2154 328 2167 ¹
348 2153 422 2175 Serm.
442 2153 471 2175 de
489 2153 646 2176 conversione
663 2153 693 2176 ad
710 2154 817 2180 clericos,
841 2160 860 2176 c.
879 2154 915 2176 at.
935 2160 956 2176 n.
975 2155 1012 2176 37.
1030 2154 1111 2182 Respi-

258 2193 317 2215 citur
335 2194 403 2215 Rom.
421 2193 447 2219 5,
466 2193 507 2215 20:
526 2192 568 2215 Ubi
587 2195 664 2215 autem
683 2193 812 2216 abundavit
829 2193 950 2221 dellotum,
968 2194 1111 2222 superabun-

258 2232 322 2255 davit
339 2232 419 2260 gratia.
446 2233 562 2260 Allegatur
588 2233 654 2254 Rom.
674 2233 699 2259 8,
729 2233 762 2254 18.
780 2233 823 2255 Pro
848 2232 947 2263 felicit-‘er
961 2233 1112 2263 praestolari

257 2275 331 2294 textus
348 2271 466 2300 originalis
482 2271 626 2301 fiducialiter
640 2271 795 2301 praestolari.

321 2309 330 2322 2
348 2311 400 2332 Loc.
419 2310 457 2332 cit.
475 2311 497 2332 ln
516 2310 560 2332 fine
577 2311 699 2338 respicitur
716 2311 765 2333 Gal.
784 2311 808 2339 1,
827 2311 848 2333 4.

322 2348 331 2361 3
348 2349 394 2372 Csr.
414 2356 483 2377 supra
497 2355 516 2371 c.
534 2350 550 2371 1.
563 2356 584 2371 11.
598 2350 635 2372 20.
649 2350 670 2372 in
683 2350 740 2377 line,
753 2353 775 2372 et
787 2350 844 2372 infra
857 2356 877 2373 c.
894 2351 916 2373 3.
933 2357 955 2373 n.
974 2351 996 2373 3.
1012 2351 1036 2373 111
1054 2351 1108 2373 fine.

322 2388 330 2400 ⁴
348 2389 432 2411 Homil.
451 2389 488 2411 39.
507 2389 527 2411 in
540 2390 616 2411 lllattli.
634 2390 676 2416 21,
695 2390 731 2411 to.
751 2389 804 2418 (Op.
816 2390 963 2419 imperfect).
975 2402 1006 2407 —-
1018 2391 1111 2413 Senten-

257 2429 286 2450 tia
305 2429 403 2457 August.
420 2428 518 2451 habetur
535 2429 606 2456 Epist.
625 2429 661 2451 26.
680 2428 745 2457 (alias
763 2429 810 2458 39.)
828 2436 850 2451 n.
869 2430 891 2452 2.

320 2467 329 2480 ⁵
345 2468 407 2490 Libr.
426 2469 449 2490 11.
466 2468 496 2490 sle
514 2468 656 2491 Considerat.
674 2474 694 2490 c.
711 2468 734 2490 7.
751 2475 773 2490 n.
792 2469 799 2490 .1
807 2469 829 2491 4.
847 2469 890 2491 Pro
907 2470 996 2492 mitons
1022 2469 1110 2492 stabili-

258 2508 294 2530 tris
312 2507 354 2536 (ita
373 2507 442 2529 etiam
460 2510 535 2530 textus
552 2507 679 2537 originalis)
699 2508 751 2530 Vat.
773 2514 826 2531 cum
844 2509 960 2531 nonnullis
979 2509 1047 2531 codd.
1065 2515 1111 2532 nu-

257 2548 310 2570 trois
329 2546 478 2570 instabilitas.
496 2560 526 2562 —
545 2547 599 2569 Fide
617 2547 633 2569 A
644 2547 660 2570 C
671 2547 689 2569 D
699 2548 714 2569 E
724 2548 739 2569 F
749 2548 765 2569 L
783 2548 944 2576 supplevimus
960 2554 1009 2577 seq.
1022 2551 1108 2571 senten-

256 2587 311 2609 tiam
329 2586 447 2615 Gregorii,
466 2587 547 2614 Regni.
565 2587 672 2615 pastoral.
690 2593 714 2615 p.
734 2588 767 2609 111.
784 2593 804 2609 c.
822 2587 844 2610 4.

320 2624 329 2637 '³
347 2624 408 2647 Libr.
426 2625 470 2647 vll.
490 2626 560 2653 Epist.
578 2625 643 2654 epist.
661 2625 683 2647 7.
701 2625 746 2648 Csr.
764 2626 838 2648 XXV.
852 2626 931 2648 llloral.
948 2632 967 2649 c.
981 2627 1018 2649 116.
1035 2633 1057 2649 n.
1072 2627 1110 2649 35.

321 2663 328 2676 ⁷
346 2664 509 2687 Declamation.
529 2665 577 2693 (etr.
599 2671 669 2693 supra
687 2671 741 2693 pag.
768 2665 810 2692 45,
835 2668 889 2688 nota
916 2665 946 2693 8.)
969 2666 1061 2688 XXVll.
1087 2672 1109 2688 n.

257 2703 295 2725 3-2.
317 2709 364 2732 seq.
383 2704 512 2731 Respicitur
530 2705 584 2726 Luc.
606 2705 645 2731 12,
665 2704 706 2731 49,
724 2704 836 2732 allegatur
851 2705 893 2726 lac.
921 2705 946 2731 3,
973 2704 1014 2731 sl5,
1040 2707 1062 2727 et
1086 2704 1108 2727 in

257 2742 302 2764 tlne
321 2748 362 2770 pro
380 2744 457 2765 mater
475 2742 611 2772 cupiditatis
635 2746 708 2766 textus
731 2743 850 2771 originalis
873 2745 951 2767 mater
974 2743 1108 2773 tepiditatis.

256 2793 287 2798 —-
305 2781 416 2808 Superius
439 2785 490 2809 post
508 2782 604 2811 quaeris
621 2782 662 2805 CF
680 2783 769 2805 addunt
783 2782 841 2812 ptus
859 2789 932 2812 quom
949 2785 1041 2813 oportet
1059 2784 1108 2812 (cfr.

257 2821 324 2842 Rom.
346 2821 382 2847 12,
401 2820 440 2845 3.).

320 2858 328 2871 s
346 2859 458 2888 Gratiam,
476 2866 496 2882 c.
516 2859 562 2887 Oui
585 2860 636 2883 sine
653 2860 779 2884 Salvatore.
805 2861 833 2889 (c.
851 2861 904 2889 7.).,
922 2861 947 2884 C.
976 2862 1013 2884 26.
1039 2868 1062 2890 q.
1080 2863 1107 2890 2,

258 2900 315 2921 liano
333 2899 468 2921 sententiam
486 2899 566 2921 tribuit
582 2902 697 2929 sillaim„
716 2900 743 2923 tle
761 2900 809 2923 Cir.
830 2900 890 2929 Dei;
909 2901 958 2929 ipsa
980 2904 1056 2923 tamen
1074 2904 1108 2923 est

257 2937 361 2965 eribant,
379 2938 408 2960 de
425 2939 544 2966 Magorum
563 2939 705 2967 praestigiis,
723 2942 745 2961 ot
762 2940 875 2962 omittitur
892 2940 922 2962 ab
939 2940 1071 2963 ACDEF.

321 2976 330 2988 ‘³
347 2977 409 2999 Libr.
427 2978 450 2999 ll.
464 2978 595 3005 philosoph.
608 2979 654 3007 (ed.
672 2979 753 3001 Venot.
767 2979 845 3007 taos.)
858 2982 885 3001 tr.
898 2979 919 3001 5.
938 2980 980 3005 (De
992 2986 1031 3006 eo,
1044 2979 1106 3008 quod

257 3016 308 3038 tluit
325 3017 401 3038 anima
419 3016 448 3039 al)
466 3017 613 3045 intelligentia
632 3018 722 3046 agente>
735 3024 755 3040 c.
773 3018 795 3040 5
816 3018 857 3046 (De
870 3019 1000 3041 infelicitate
1017 3019 1108 3041 animae

1170 2154 1303 2183 damnatae)
1322 2154 1344 2176 in
1362 2154 1422 2176 tine:
1440 2154 1564 2182 Propterea
1583 2155 1617 2177 lex
1635 2154 1702 2181 dicit,
1719 2155 1783 2184 quod
1805 2155 1880 2177 maior
1906 2161 1981 2184 poena
1999 2156 2022 2178 in

1169 2193 1207 2216 die
1225 2193 1303 2215 iudicii
1316 2193 1407 2216 illorum
1420 2193 1540 2216 hominum
1552 2196 1599 2222 est,
1612 2194 1660 2222 qui,
1673 2200 1726 2216 cum
1739 2194 1854 2222 sapientes
1867 2197 1950 2221 essent,
1963 2195 2023 2217 male

1169 2233 1283 2255 vixerunt.
1297 2233 1355 2255 Dicit
1372 2233 1455 2260 etiam,
1467 2233 1530 2261 quod
1548 2233 1588 2262 qui
1601 2233 1682 2256 crescit
1695 2234 1716 2255 in
1729 2234 1823 2256 scientia
1841 2236 1863 2256 et
1875 2240 1920 2257 non
1938 2234 2020 2257 crescit

1169 2272 1192 2294 in
1210 2271 1269 2294 bona
1288 2272 1333 2294 vita
1352 2271 1498 2300 elongabitur
1516 2279 1528 2294 a
1546 2273 1601 2295 Deo.

1233 2311 1253 2324 ¹0
1270 2313 1341 2340 Epist.
1359 2312 1396 2335 53.
1416 2312 1480 2339 (alias
1502 2312 1561 2341 103.)
1579 2319 1602 2335 n.
1616 2312 1641 2335 9:
1655 2312 1776 2335 Discamus
1790 2313 1813 2335 in
1826 2313 1904 2340 terris,
1922 2320 2023 2342 quorum

1168 2351 1236 2374 nobis
1253 2352 1347 2374 scientia
1371 2354 1506 2380 perseveret
1531 2352 1554 2373 in
1575 2352 1647 2374 caelo.
1672 2352 1745 2375 Codd.
1767 2352 1888 2375 CDEFL
1914 2353 2024 2376 omittunt

1169 2391 1232 2414 Haec
1249 2390 1418 2421 Hieronymus,
1431 2397 1474 2419 pro
1490 2397 1538 2420 quo
1556 2391 1574 2414 A
1591 2392 1666 2414 solum
1687 2391 1857 2422 Hieronymus,
1877 2393 1971 2415 tortasse
1987 2399 2022 2415 re-

1169 2432 1244 2453 serens
1262 2431 1291 2453 ad
1309 2437 1357 2459 seq.
1375 2431 1566 2459 propositionem.
1585 2443 1616 2448 —
1634 2431 1665 2453 De
1682 2437 1732 2460 seq.
1749 2431 1908 2459 propositione
1926 2432 1957 2460 (in
1975 2439 2021 2461 qua

1169 2476 1211 2498 pro
1228 2469 1260 2492 att
1277 2469 1355 2499 ipsum
1371 2470 1509 2499 pervenias,
1528 2476 1597 2500 quem
1614 2470 1630 2492 F
1645 2469 1677 2493 cul
1688 2469 1756 2493 ittam
1769 2470 1930 2500 [Sapientiam]
1940 2477 2021 2501 perve-

1168 2508 1235 2537 nias,
1254 2510 1339 2538 quom)
1354 2510 1393 2531 cfr.
1411 2509 1518 2537 Gregor.,
1537 2509 1575 2532 IV.
1587 2510 1676 2537 Dialog.
1689 2516 1708 2532 0.
1727 2510 1769 2532 33:
1783 2510 1843 2538 Quid
1856 2512 1901 2537 est,
1914 2511 1977 2539 quod
1990 2510 2021 2533 ibi

1154 2547 1205 2577 ’[111
1222 2549 1312 2571 visione
1330 2548 1447 2578 beatifica]
1466 2549 1578 2575 nesciant,
1597 2548 1636 2571 ubi
1657 2549 1766 2571 scientem
1784 2549 1861 2572 omnia
1880 2549 1971 2572 sciunt?
1988 2550 2021 2572 Si-

1168 2588 1222 2610 mile
1239 2588 1294 2610 dicit
1313 2588 1336 2610 ll.
1354 2588 1432 2610 llloral.
1450 2594 1469 2611 0.
1488 2588 1509 2610 3.
1527 2595 1549 2610 n.
1568 2589 1589 2610 3.
1612 2591 1634 2610 et
1651 2589 1675 2611 ll.
1692 2589 1776 2611 Homil.
1794 2589 1816 2610 111
1834 2589 1922 2617 Evang.
1941 2590 2021 2612 homil.

1168 2627 1206 2650 34..
1223 2634 1246 2649 n.
1265 2627 1301 2649 14.

1231 2665 1249 2679 ¹¹
1268 2667 1415 2689 Praecedenti
1442 2667 1608 2695 propositioni,
1627 2673 1699 2696 quam
1716 2667 1840 2690 ACDEF
1861 2668 1981 2695 omittunt,
2003 2668 2020 2690 L

1167 2706 1274 2734 praefigit
1292 2705 1453 2735 Auqusttnus,
1471 2706 1490 2728 111
1509 2705 1568 2728 bene
1585 2705 1713 2729 Ausetmus
1731 2706 1803 2735 [Orat.
1822 2706 1868 2736 2.],
1886 2707 1939 2729 Vat.
1960 2713 2017 2730 vero

1166 2751 1220 2768 cum
1234 2752 1280 2768 11110
1292 2746 1411 2774 alteroque
1428 2746 1479 2768 cod.
1498 2746 1534 2768 1110
1551 2746 1626 2768 addit:
1643 2746 1785 2774 Augustinus
1798 2745 1835 2775 [V.
1848 2746 1950 2769 Confess.
1962 2752 1982 2769 c.
1995 2746 2018 2769 4.

1166 2791 1188 2806 11.
1205 2784 1253 2814 7.];
1273 2785 1347 2807 infelix
1366 2786 1447 2812 bomo,
1465 2785 1504 2814 qui
1522 2785 1564 2807 scit
1576 2785 1654 2808 omnia
1672 2785 1726 2812 alia,
1739 2788 1760 2808 te
1777 2788 1854 2808 autem
1870 2786 1949 2808 nescit.
1966 2786 2019 2808 Bea-

1166 2826 1202 2845 tus
1220 2827 1310 2851 autem,
1327 2824 1366 2853 qui
1385 2827 1407 2846 te
1423 2825 1476 2850 scit,
1495 2824 1563 2846 etiam
1581 2824 1600 2846 si
1617 2824 1690 2846 aliena
1707 2825 1801 2847 nesciat.
1819 2825 1842 2847 Si
1864 2827 1940 2847 autem
1959 2827 1980 2847 te
1997 2827 2019 2847 et

1165 2863 1209 2885 alia
1221 2863 1297 2890 novit,
1310 2869 1355 2885 non
1367 2866 1462 2891 propter
1474 2864 1509 2886 illa
1527 2863 1628 2892 beatior,
1645 2864 1686 2886 sed
1699 2866 1793 2892 propter
1806 2867 1827 2886 te
1841 2864 1917 2886 solum
1929 2863 2018 2886 beatus.

1229 2901 1248 2914 ¹²
1258 2903 1366 2930 Anselm..
1376 2902 1424 2925 Lib.
1436 2903 1584 2925 exhortation.
1595 2903 1624 2925 ad
1633 2905 1791 2930 contemptum
1803 2902 1964 2930 temporalium
1975 2904 2017 2924 etc.

1167 2941 1235 2969 (circa
1255 2942 1343 2970 tinem).
1361 2942 1405 2964 Ct'r.
1422 2948 1493 2970 supra
1510 2948 1564 2970 pag.
1584 2941 1625 2969 45,
1642 2944 1695 2964 nota
1713 2942 1734 2964 5.
1752 2955 1783 2958 —
1801 2941 1904 2964 Subinde
1921 2942 2018 2969 allegan-

1165 2983 1201 3003 tur
1219 2981 1308 3003 Baruch
1327 2982 1352 3007 3,
1376 2981 1414 3003 19.
1437 2984 1459 3003 et
1482 2982 1535 3009 Sap.
1554 2982 1579 3008 5,
1603 2982 1624 3003 8.
1647 2981 1700 3004 Vnt.
1717 2987 1769 3004 cum
1793 2981 1909 3003 nonnullis
1931 2981 2016 3003 codd:

1168 3019 1230 3047 Quid
1247 3025 1310 3042 nvnc
1328 3019 1359 3042 eis
1373 3019 1473 3049 prodest
1488 3020 1615 3050 superbia,
1635 3019 1693 3050 quid
1709 3019 1848 3043 divitiarum
1866 3019 2000 3043 iactantia?
