2133 3317
91 557 169 576 Fructus
182 557 214 583 [lq-

82 586 124 599 rum
142 585 214 604 praeci—

83 609 131 627 puus
141 603 213 622 redem-

82 627 129 651 ptio.

82 895 168 922 Obiectio
179 897 215 915 sol·

118 921 173 938 vitur.

105 1371 200 1395 Exemplis

104 1395 202 1419 probatur.

100 1898 171 1925 Horum
184 1903 212 1917 ra-

139 1924 172 1941 210.

228 213 286 242 224

228 298 419 323 speraveramus
437 296 573 315 sermonem
586 289 719 313 habuimus
732 287 761 312 de
774 287 877 311 floribus
890 286 950 311 vitis
962 286 1077 316 nostrae;

228 342 307 364 nunc,
327 334 410 360 eodem
428 340 474 358 nos
492 332 640 361 adiuvante,
660 331 703 362 qui
721 337 799 361 usque
819 330 845 354 in
863 329 939 354 finem
958 328 1041 360 diligit
1054 328 1079 354 et

228 378 315 409 dirigit
333 376 418 406 50051,
437 377 466 400 in
485 375 554 400 cuius
572 381 653 399 memmi
673 380 759 398 sumus
784 374 808 397 et
830 380 879 397 nos
902 373 926 397 ei
949 379 1079 397 sermones

227 421 325 450 nostri,-
343 420 375 445 ad
394 418 503 444 fructum
522 417 630 442 eiusdem
648 416 709 441 vitis
728 416 839 441 animum
857 415 1020 445 acclinemus,
1034 414 1079 440 flo-

228 471 283 489 rum
302 462 457 494 dispendium
475 460 603 485 fructuum
621 459 764 491 compendio
782 458 944 490 redempturi.
971 457 1080 488 Confor-

230 507 287 531 tata
305 506 370 530 enim
388 505 425 530 est
441 504 550 529 seientia
561 502 570 515 2
588 503 686 528 fructus
703 502 763 528 vitis
775 502 876 528 nostrae
889 502 977 531 huius,
991 501 1016 527 et
1028 508 1079 527 non

230 549 314 581 potest
331 548 363 573 ad
381 555 435 572 eam
453 547 573 578 ingenioli
590 546 672 571 nostri
695 545 804 571 tarditas
832 545 932 570 elevari.
957 544 993 569 Ut
1020 551 1078 576 ergo

230 599 314 618 omnes
332 591 507 616 abscindamus
525 590 657 621 ambages,
675 588 772 614 fructus
785 589 895 614 omnium
908 588 997 613 florum
1010 595 1078 619 prae-

228 636 299 666 cipue
317 634 453 665 redemptio
471 633 579 658 hominis
598 633 644 658 est.
665 632 787 657 Plantata
805 632 844 657 est
862 632 888 656 in
912 631 981 656 terra
1005 631 1080 656 bene-

228 678 307 707 dicta,
326 678 353 702 in
372 677 476 708 Virgine
495 677 622 708 virginum
640 676 721 700 Maria
745 675 790 700 illa
808 674 875 700 Vitis
900 682 973 704 vera,
999 674 1078 699 dulcis

227 721 313 751 Iesus;
332 720 452 752 apparuit
470 720 496 744 in
518 719 667 749 nativitate,
694 719 806 750 praecisa
829 719 855 743 in
880 718 1077 747 circumcisione,

227 763 387 789 circumfossa
405 764 431 788 in
450 762 560 792 insidiis,
574 761 686 794 perfossa
699 762 791 791 9131715,
805 761 885 792 ligata
898 761 1005 786 vinculis
1018 761 1079 785 mul-

227 807 368 838 tiplicibus,
388 805 499 831 fronduit
519 806 545 830 in
564 805 660 835 verbis,
680 804 766 830 floruit
784 805 811 829 in
829 804 981 833 virtutibus,
995 803 1080 828 fructi-

227 850 313 875 ficavit
331 850 356 874 in
376 850 505 881 passione,
525 848 630 874 redemit
648 848 786 877 hominem,
806 855 878 879 quem
898 848 947 873 alio
960 847 1031 872 modo
1044 854 1080 872 19-

227 894 287 919 dimi
305 901 355 919 non
373 891 516 918 convenit³.
535 907 571 910 -—
589 892 636 917 Sed
652 892 725 917 dicis:
739 891 859 923 quomodo
872 890 963 916 dicitur
979 891 1006 915 iu
1025 897 1080 922 pas-

228 937 296 962 sione
306 936 470 962 fructificasse
482 936 525 967 qui
538 936 612 967 paulo
632 935 690 960 ante
704 934 785 959 dictus
798 934 837 959 est
849 935 875 959 in
888 934 1022 959 nativitate
1035 933 1081 959 fio-

228 980 327 1005 ruisse?
344 979 465 1010 Nunquid
483 979 546 1004 idem
566 978 626 1003 sunt
645 978 719 1003 flores
738 978 763 1002 et
782 977 898 1002 fructus?
916 977 957 1002 An
982 977 1018 1002 ita
1041 984 1080 1001 su-

228 1023 281 1048 bito
300 1023 353 1048 sine
370 1022 505 1048 intervallo
525 1022 645 1053 temporis
663 1021 761 1046 fructus
781 1028 853 1045 snum
871 1020 957 1045 florem
980 1019 1080 1045 secutus

229 1066 286 1091 est?
304 1066 363 1091 Non
375 1065 411 1090 ita
422 1065 534 1090 videmus
547 1065 602 1090 fieri
613 1065 639 1089 in
653 1072 735 1089 rerum
749 1064 863 1093 naturis,
877 1062 1002 1095 praecedit
1015 1063 1083 1090 enim

228 1108 274 1134 flos
293 1109 319 1134 et
338 1109 450 1141 sequitur
468 1108 543 1133 multi
562 1108 681 1139 temporis
700 1107 876 1136 intervallum,
890 1106 920 1131 ut
932 1106 1030 1131 fructus
1049 1105 1081 1130 ad

228 1152 403 1178 maturitatem
421 1151 581 1184 perducatur.
595 1151 664 1181 Quod
676 1158 722 1176 nos
735 1158 821 1175 verum
834 1150 932 1181 quidem
952 1157 1004 1174 esse
1017 1149 1081 1174 fate-

228 1203 298 1226 111111·;
313 1196 354 1221 sed
368 1203 396 1221 ea
415 1203 477 1227 quae
490 1195 611 1219 habemus
624 1201 684 1225 prae
702 1193 831 1223 manibus,
851 1200 902 1218 non
919 1192 1020 1217 tantum
1036 1192 1081 1217 hu-

228 1247 315 1269 mana,
330 1239 373 1264 sed
385 1239 470 1264 divina
483 1238 555 1268 sunt,
570 1238 634 1263 unde
647 1245 698 1263 non
714 1236 854 1268 sequuntur
872 1244 956 1261 rernm
975 1236 1081 1261 naturas

227 1283 255 1307 in
267 1283 394 1312 omnibus,
415 1282 458 1307 sed
476 1281 583 1306 naturae
596 1282 676 1313 magis
696 1288 769 1305 suum
788 1280 928 1311 sequuntur
945 1279 1081 1304 auctorem.

301 1324 361 1350 161.
381 1325 451 1355 Quod
469 1325 563 1350 videbis
582 1324 708 1355 apertius,
728 1325 750 1349 si
766 1323 912 1355 diligentius
925 1323 1081 1348 110Ιο911510-

229 1369 303 1394 tueri.
322 1369 411 1398 Vides,
431 1369 457 1393 in
476 1365 562 1394 omni*
581 1368 699 1393 arborum
726 1374 816 1399 genere
844 1367 870 1391 in
898 1366 956 1391 ortu
983 1365 1081 1390 fructus

229 1412 316 1437 florem
335 1412 444 1437 decidere
463 1411 488 1436 91
507 1412 602 1443 1)91119;
622 1412 647 1435 in
666 1410 808 1435 hominibus
827 1417 923 1441 qnoque
943 1409 968 1434 et
986 1409 1036 1434 fere
1055 1409 1081 1433 in

229 1455 325 1481 cunctis
344 1455 515 1480 animantibus
542 1454 640 1479 fructus
668 1454 784 1479 foliorum
811 1453 897 1478 florem
925 1452 1081 1484 virginitatis

229 1499 360 1524 abscindit.
380 1499 438 1524 Non
457 1499 492 1523 sic
511 1498 566 1523 erat
584 1498 610 1522 in
628 1497 763 1522 nativitate
781 1496 848 1522 Vitis
861 1496 970 1521 nostrae.
983 1496 1082 1521 Beatis-

229 1543 292 1567 sima
311 1542 375 1567 enim
395 1542 463 1566 illius
486 1541 568 1566 Mater
593 1540 702 1566 fructum
727 1540 826 1572 quidem
851 1539 958 1571 protulit
982 1539 1081 1564 benedi-

229 1585 311 1615 ctum,
330 1593 380 1610 non
399 1586 490 1610 amisso
509 1584 665 1616 virginitatis
683 1583 757 1613 flore,
777 1584 851 1608 immo
871 1583 952 1614 magis
965 1590 1009 1613 per
1022 1589 1081 1613 par-

228 1629 283 1654 tum
302 1628 440 1654 mirabilem
459 1628 484 1653 et
503 1628 694 1653 mundissimum
711 1626 826 1652 decorato
837 1624 854 1656 ⁵,
879 1626 922 1651 ubi
946 1633 1004 1657 ergo
1026 1626 1081 1655 lex,

228 1672 272 1697 ubi
289 1672 344 1697 11113
362 1671 469 1696 naturae
487 1671 598 1696 abscissa
617 1670 685 1695 sunt.
705 1669 763 1695 Non
782 1669 821 1694 est
845 1668 924 1700 igitur
946 1676 1080 1700 magnum,

229 1715 251 1740 si
269 1716 322 1740 sine
340 1714 474 1739 intervallo
493 1714 613 1745 temporis
631 1713 705 1738 fiores
718 1712 784 1738 Vitis
797 1712 899 1737 nostrae
912 1719 963 1737 non
976 1719 1081 1743 pereun-

228 1758 267 1784 tes
285 1758 383 1783 fi‘uctus
401 1757 581 1782 saluberrimus
600 1755 746 1782 consecutus
765 1755 811 1780 est.
831 1754 943 1780 Protulit
962 1762 1017 1779 eum
1030 1754 1081 1778 Ma-

229 1802 269 1827 ter
287 1801 469 1833 pulcherrima,
489 1801 549 1826 flore
568 1800 687 1832 virginali
711 1806 762 1825 non
787 1798 898 1830 perdito,
924 1796 1032 1829 protulit
1056 1796 1082 1822 et

228 1846 282 1877 ipse
301 1844 411 1870 fructum
430 1844 607 1876 redemptionis
625 1843 740 1873 nostrae,
760 1842 863 1867 floribus
882 1841 1007 1866 virtutum
1031 1848 1081 1866 non

228 1888 446 1914 marcescentibus.
456 1902 491 1906 -—
500 1888 553 1913 Nec
562 1887 647 1912 tamen
657 1886 726 1912 caret
732 1886 829 1912 ratione
838 1884 974 1910 maturitas
984 1884 1081 1910 fructus

229 1931 375 1958 accelerata.
394 1931 469 1956 Patet
487 1932 565 1960 enim,
585 1931 644 1962 quia
662 1930 797 1955 secundum
815 1928 978 1961 augmentum
995 1928 1035 1953 vel
1048 1927 1082 1952 di-

229 1975 391 2000 minutionem
411 1975 501 2000 caloris
518 1973 654 1999 maturitas
672 1973 770 1998 fructus
789 1973 829 1998 vel
842 1972 964 1997 accelerat
976 1972 1017 1996 vel
1029 1970 1083 1996 tar-

231 2018 283 2043 dat.
301 2018 363 2044 Vide
382 2026 440 2049 ergo
459 2017 657 2049 magnitudinem
675 2017 779 2047 caloris,
798 2017 872 2041 immo
885 2016 991 2041 fervoris
1002 2016 1029 2040 in
1041 2022 1083 2046 pa-

231 2061 309 2087 tiente
327 2062 399 2091 Iesu,
419 2061 445 2086 et
463 2068 513 2086 non
531 2061 662 2085 miraberis
684 2060 781 2085 tructus
807 2060 845 2084 501
870 2059 1082 2084 accelerationem.

231 2104 344 2130 Ardebat
358 2104 591 2136 ¹incomparabiliter
609 2103 724 2129 caritatis
742 2103 893 2127 intrinsecus
912 2102 937 2127 et
960 2102 1083 2133 passionis

232 2148 386 2173 extrinsecus
404 2148 474 2179 igne,
503 2147 532 2172 ut
558 2146 668 2171 fructum
696 2145 798 2171 nostrae
825 2145 1003 2176 redemptionis
1031 2145 1083 2169 sine

232 2198 302 2216 mora
321 2190 475 2222 produceret.
494 2190 635 2215 Productus
653 2189 692 2214 est
710 2196 769 2220 ergo
782 2188 870 2214 botrus
882 2188 924 2213 ille
938 2187 1056 2219 optabilis
1066 2188 1083 2217 S,

233 2234 388 2259 desideratus
407 2233 503 2259 cunctis
521 2232 677 2258 Patriarchis
690 2232 715 2257 et
728 2231 862 2263 Prophetis
878 2231 983 2262 aliisque
995 2230 1083 2259 iustis,

236 2512 250 2530 q
298 2479 306 2492 1
324 2479 455 2507 Respicitur
473 2480 534 2502 ioan.
556 2480 594 2507 13,
617 2479 639 2501 l:
657 2479 680 2501 ln
699 2479 768 2501 finem
785 2478 863 2501 dilexit
874 2484 921 2500 eos.
933 2491 964 2494 —
977 2477 1085 2507 Sequitur

237 2517 290 2540 bap,
299 2511 407 2565 ²7i>siii31im
426 2543 484 2569 1138,
502 2542 528 2564 6;
545 2541 677 2564 Conl'ortala
695 2544 729 2564 est
747 2540 874 2570 [scie-ntia],
892 2543 914 2563 et
935 2547 981 2563 non
1004 2543 1084 2568 potero

235 2574 265 2597 ad
282 2580 340 2596 eam.
358 2587 389 2590 —
406 2574 501 2596 luserIus
519 2576 571 2601 post
592 2572 704 2602 umbayes
728 2573 784 2595 Bon.
807 2579 860 2595 cum
884 2573 921 2595 ed.
943 2573 947 2594 1
970 2574 1049 2595 contra
1067 2572 1085 2594 Α

236 2606 397 2634 prosequitur:
414 2605 432 2628 si
451 2606 537 2628 tructus
554 2605 730 2634 perquiramus,
751 2604 876 2632 praecipue
898 2603 1029 2632 redemptio
1052 2606 1086 2625 est

236 2638 336 2665 plantata
353 2638 376 2659 in
394 2639 453 2659 terra
471 2636 604 2663 benedicta,
622 2637 644 2658 in
662 2636 758 2664 Virgine
776 2636 894 2663 virginum
911 2636 988 2658 Maria.
1006 2635 1041 2657 1113
1054 2635 1087 2657 vi-

237 2669 265 2691 tis
281 2674 350 2695 vera,
367 2668 440 2691 dulcis
457 2669 531 2696 lesus,
548 2668 656 2696 apparuit
672 2670 716 2690 etc.

300 2699 308 2712 Β
326 2699 371 2723 Csr.
388 2700 485 2727 Bonav.‚
503 2700 535 2722 111.
553 2700 615 2722 Sent.
633 2700 656 2722 d.
673 2700 712 2721 20.
728 2705 751 2728 q.
769 2699 790 2721 6.
802 2711 833 2714 ——
845 2698 878 2720 De
893 2697 1087 2726 praecedentibus

237 2731 292 2754 vide
308 2737 378 2759 supra
396 2737 416 2754 c.
438 2732 455 2753 1.
472 2737 538 2760 seqq.

300 2762 309 2775 4
328 2763 357 2785 ita
375 2763 406 2790 Α;
423 2763 479 2785 Bon.
496 2768 550 2785 cum
568 2762 604 2785 ed.
628 2762 632 2783 Ι
653 2761 758 2785 volueris
776 2760 865 2785 intueri
881 2760 906 2783 in
923 2759 997 2784 omni·

302 2793 311 2806 ⁵
328 2794 384 2816 Bon.
400 2800 454 2816 cum
472 2794 509 2816 ed.
527 2794 535 2815 11
557 2796 635 2816 contra
653 2794 671 2816 A
688 2795 723 2816 esi*
738 2792 857 2816 decorata.

301 2824 311 2838 θ
328 2825 393 2848 Cant.
410 2826 418 2846 i
429 2843 436 2853 ‚
454 2826 496 2847 113:
513 2826 596 2847 Botrus
613 2824 682 2853 Cypri
700 2825 798 2847 dilectus
815 2830 882 2846 meus
899 2823 956 2846 mihi
972 2826 1016 2845 etc.

302 2855 317 2890 ⁷·
328 2856 383 2884 Cap.
401 2857 428 2884 2,
445 2857 466 2879 3.
484 2857 527 2891 Pro
545 2855 610 2891 illins
628 2857 646 2878 A
662 2855 740 2879 dilecti
756 2855 815 2883 mei,
835 2856 876 2884 qui
893 2856 961 2877 etiam
979 2854 1087 2883 superius

474 2895 483 2905 ,
565 2897 567 2899 .

239 2887 643 2946 postgzzlsdrleC1aciu1t73iv—eptzlzffihus
668 2922 720 2946 post
742 2917 862 2941 custodiae
884 2918 902 2940 A
925 2917 1086 2946 prosequitur:

240 2951 390 2978 deputatum,
407 2951 457 2973 luce
475 2951 553 2973 divina
570 2950 742 2978 praefulgidum
759 2950 781 2972 in
793 2949 921 2972 libertatem
934 2949 1034 2971 filiorum
1047 2948 1087 2970 Dei

240 2985 303 3004 tanto
325 2985 430 3010 tempore
451 2984 606 3009 exspectatam
630 2982 685 3009 ipsis
710 2980 895 3009 exspectantibus
920 2980 994 3003 duleis
1019 2981 1087 3002 erat?

241 3014 313 3036 Immo
331 3016 352 3035 et
365 3016 427 3036 tanto
440 3014 515 3041 magis
525 3013 671 3042 requieturos
683 3013 733 3040 ipsa
744 3013 836 3041 requies
847 3011 988 3039 delectabat,
1000 3013 1088 3039 quanto

666 209 864 238 OPUSCULUM
886 208 917 237 X.
940 208 1027 236 VITIS
1046 207 1197 236 MYSTICA.
1219 207 1483 236 ADDITAMENTUM
1503 207 1546 236 Vl.

1135 285 1228 310 scilicet
1246 285 1382 316 redemptio
1401 285 1502 316 nostra,
1522 293 1594 317 quem
1614 285 1724 311 fructum
1742 286 1852 310 Ecclesia
1876 293 1927 311 non
1950 293 1986 312 so-

1134 329 1187 354 lum
1206 336 1235 354 ex
1252 329 1292 353 his
1311 329 1354 360 qui
1373 328 1433 353 sunt
1452 329 1498 354 sub
1522 329 1634 360 tempore
1661 328 1773 360 gratiae,
1799 328 1842 353 sed
1870 328 1946 353 etiam
1970 336 1985 354 3

1134 372 1221 397 mundi
1240 372 1361 403 principio
1380 372 1445 397 iuste
1464 372 1617 404 congregata
1642 372 1738 397 dulcem
1766 371 1813 396 sibi
1831 371 1883 397 fore
1901 372 1986 403 gratu-

1134 416 1215 445 latur,
1241 415 1323 440 dicens
1348 415 1377 439 de
1400 415 1495 446 sponso
1513 415 1540 440 in
1559 415 1661 440 Cantico
1680 413 1805 440 amoris⁷:
1827 414 1879 440 Stib
1893 415 1987 440 umbra

1134 458 1209 483 illias
1227 465 1301 489 quem
1320 457 1512 489 desiderabam,
1530 457 1599 488 sedi}
1617 459 1641 483 et
1652 456 1755 487 fractus
1768 457 1822 483 eius
1836 457 1918 482 cltileis
1930 458 1987 489 qai-

1136 501 1189 526 111νὶ
1207 508 1270 526 meo.

1206 544 1266 569 162.
1281 543 1344 573 Quid
1357 544 1456 573 mirum,
1470 544 1491 568 si
1504 543 1640 574 redemptio
1653 543 1777 569 iustorum
1787 551 1801 568 a
1814 543 1935 568 diabolica
1947 543 1988 575 ty-

1135 587 1252 617 rannide,
1272 594 1287 611 a
1307 586 1416 611 tenebris
1434 587 1459 611 et
1476 586 1569 611 ‘imizbra
1586 587 1678 612 mortis
1688 585 1706 618 ⁸,
1720 594 1735 611 a
1747 594 1844 612 carcere
1856 586 1986 617 infernali,

1135 638 1183 662 quo
1201 630 1291 655 inclusi
1310 629 1472 659 tenebantur,
1492 629 1517 654 et
1535 629 1645 655 reductio
1664 630 1691 654 in
1710 630 1854 661 paradisum
1878 629 1988 661 Angelo-

1136 682 1191 699 rum
1210 673 1361 705 optimorum
1380 673 1506 698 custodiae
1524 672 1680 704 deputatur?
1699 672 1762 703 Quid
1786 674 1892 702 mirum,
1918 680 1987 704 11139-

1135 717 1242 742 sentiam
1262 716 1356 742 Christi
1375 716 1451 741 fuisse
1470 716 1640 741 delectabilem
1663 716 1738 747 atque
1763 717 1889 746 votivam,
1915 716 1988 743 tanto

1134 760 1246 792 tempore
1265 760 1402 791 exspectati
1420 759 1495 790 atque
1514 759 1666 784 desiderati?
1679 759 1716 784 'In
1735 759 1835 784 afflictis
1861 760 1926 784 enim
1951 767 1988 785 re-

1135 803 1182 828 bus
1201 802 1346 828 constitutis
1364 801 1436 826 131110
1456 801 1520 826 solet
1538 808 1591 826 esse
1609 802 1706 833 gratior
1730 801 1874 827 liberatoris
1899 802 1989 827 adven-

1135 846 1191 875 tus,
1211 845 1305 877 quanto
1323 845 1400 869 fuerit
1419 844 1560 869 diuturnior
1580 844 1690 869 afflictio.
1713 844 1812 874 Quanto
1837 844 1902 869 enim
1928 844 1989 870 tem-

1136 896 1195 920 pore
1214 889 1310 920 primus
1329 888 1392 913 Abel
1410 887 1507 917 iustus,
1527 887 1623 918 primus
1635 887 1741 919 Martyr,
1756 888 1798 919 qui
1811 895 1856 912 503
1872 888 1988 919 passione

1137 933 1233 964 primus
1251 931 1411 957 liberatorem
1430 939 1502 956 500111
1522 931 1547 956 91
1565 931 1681 956 nostrum
1705 931 1876 956 dulcissimum
1902 931 1989 962 praefi-

1136 975 1239 1008 guravit
1248 974 1265 1005 9,
1286 974 1493 1006 exspectaverat?
1511 974 1633 1004 Quamdiu
1652 974 1701 1005 ipsi
1720 973 1801 998 Adam
1820 974 1845 999 et
1864 974 1933 1004 Eva,
1947 981 1989 1005 pa-

1137 1018 1220 1043 rentes
1238 1018 1334 1048 nostri,
1353 1018 1434 1042 adhuc
1453 1017 1529 1042 etiam
1547 1017 1573 1042 in
1591 1017 1688 1042 inferno
1708 1017 1818 1048 paradisi
1837 1017 1929 1049 gaudia
1942 1024 1990 1042 me-

1136 1062 1277 1091 morantes,
1296 1061 1373 1086 istam
1391 1061 1586 1092 redemptionem
1606 1060 1740 1085 sitiverant
1753 1067 1807 1085 cum
1821 1060 1878 1085 aliis
1891 1060 1989 1086 Sanctis

1137 1104 1162 1129 et
1180 1104 1268 1134 iustis,
1283 1105 1360 1136 quise
1373 1104 1515 1129 liberandos
1529 1103 1666 1135 sperabant
1676 1101 1714 1127 ¹⁰?
1730 1103 1836 1133 Quanto,
1851 1102 1935 1134 putas,
1949 1110 1990 1129 eos

1137 1147 1276 1172 exsultasse
1295 1147 1418 1179 tripudio,
1438 1154 1494 1172 cum
1512 1147 1555 1171 ille
1580 1146 1690 1171 Crucifer
1714 1146 1857 1176 adveniret,
1884 1146 1989 1178 Angelis

1137 1190 1342 1222 praecedentibus
1361 1190 1386 1215 et
1398 1190 1565 1215 clamantibus
1575 1187 1609 1214 ¹¹:
1625 1189 1719 1214 Tollite
1727 1190 1835 1220 portas,
1845 1189 1990 1222 principes,

1137 1236 1249 1266 vestras,
1269 1235 1292 1259 ei
1310 1234 1444 1259 elevamini
1458 1234 1553 1264 portae
1572 1233 1727 1264 aeternales,
1747 1234 1772 1258 ei
1796 1232 1916 1258 introibit
1933 1233 1991 1258 Rex

1136 1278 1258 1309 olm-iae?
1277 1277 1384 1307 Quanta,
1399 1277 1483 1308 putas,
1497 1284 1537 1301 905
1550 1276 1682 1301 alacritate
1695 1276 1848 1301 concinuisse
1858 1275 1891 1300 ¹²:
1916 1285 1929 1297 <z
1939 1275 1991 1300 Ad-

1138 1321 1242 1350 venisti,
1262 1320 1446 1349 desiderabilis,
1467 1327 1539 1351 quein
1558 1318 1764 1350 exspectabamus
1783 1319 1809 1343 in
1822 1319 1946 1349 tenebris,
1960 1319 1990 1344 ut

1138 1364 1252 1388 educeres
1271 1363 1412 1388 vinculatos
1430 1363 1459 1387 de
1478 1362 1605 1387 claustris.
1625 1362 1658 1386 Te
1674 1362 1763 1387 nostra
1775 1362 1900 1387 vocabant
1913 1363 1991 1394 suspi-

1138 1407 1190 1436 ria,
1209 1407 1233 1431 te
1252 1407 1325 1438 larga
1344 1406 1504 1437 requirebant
1522 1406 1642 1430 lamenta.
1662 1406 1700 1430 Tu
1718 1405 1800 1430 factus
1821 1412 1847 1430 es
1871 1412 1928 1436 spes
1951 1405 1990 1430 de-

1138 1450 1260 1481 speratis,
1280 1457 1372 1481 magna
1390 1449 1527 1474 consolatio
1546 1449 1572 1473 in
1591 1449 1723 1474 tormentis
1736 1449 1765 1472 »?
1784 1448 1804 1474 O
1823 1456 1898 1480 quam
1911 1448 1990 1474 dulcis

1138 1493 1235 1519 fructus
1253 1493 1431 1524 redemptionis
1450 1492 1489 1517 his
1509 1493 1551 1523 qui
1569 1492 1595 1517 in
1615 1492 1689 1517 tanta
1708 1491 1733 1516 et
1752 1492 1804 1516 tam
1829 1499 1916 1517 amara
1941 1499 1990 1517 ser-

1137 1537 1218 1562 vitute
1237 1536 1338 1561 fuerant
1356 1535 1500 1561 constituti!
1521 1535 1569 1560 Hic
1587 1535 1626 1560 est
1644 1535 1754 1565 fructus,
1768 1535 1797 1560 de
1810 1542 1859 1567 (1110
1881 1535 1993 1566 Sponsus

1137 1581 1249 1612 loquitur
1268 1580 1293 1604 in
1313 1579 1416 1604 Cantico
1434 1579 1527 1604 amoris
1538 1577 1571 1603 ¹³:
1591 1579 1657 1603 Diaei
1665 1598 1672 1610 ,
1685 1579 1822 1604 ascendam
1835 1579 1864 1603 in
1872 1578 1993 1609 palmam

1138 1625 1162 1648 et
1174 1622 1366 1655 apprehendam
1378 1621 1480 1652 fruetus
1493 1622 1556 1647 cius.
1570 1621 1634 1652 Quid
1652 1621 1690 1647 est
1702 1622 1731 1646 in
1738 1621 1858 1653 palmam
1866 1622 1879 1646 .9
1897 1622 1929 1647 In
1942 1628 1994 1647 cru-

1138 1675 1203 1696 cem,
1223 1667 1293 1692 cuius
1311 1673 1362 1691 una
1382 1672 1441 1697 pars
1460 1665 1489 1690 de
1508 1665 1596 1690 arbore
1609 1665 1707 1696 palmae
1720 1664 1811 1690 dicitur
1828 1664 1895 1690 facta
1908 1664 1993 1690 fuisse.

2003 550 2040 569 Alii
2051 551 2093 572 fruel

1210 1709 1270 1734 163.
1289 1709 1325 1734 De
1344 1708 1452 1741 quatuor
1471 1709 1536 1733 enim
1554 1708 1688 1740 generibus
1705 1708 1824 1733 arborum
1837 1708 1904 1733 facta
1916 1708 1993 1733 fuisse
2006 1718 2055 1736 Crux
2063 1717 2098 1736 ‹101
2109 1724 2131 1736 ,μ

1138 1752 1246 1778 refertur
1257 1751 1290 1778 ¹¹¹:
1310 1753 1339 1777 de
1359 1759 1489 1784 cypresso,
1508 1752 1537 1777 de
1555 1751 1641 1781 cedro,
1660 1751 1689 1776 de
1708 1751 1788 1781 oliva,
1801 1751 1830 1776 de
1843 1750 1994 1783 1131111301-

1138 1804 1241 1828 pressus
1259 1797 1285 1821 in
1304 1796 1440 1827 profundo,
1461 1795 1548 1820 cedrus
1567 1795 1593 1820 in
1608 1795 1696 1827 longo,
1712 1795 1778 1820 oliva
1790 1795 1816 1819 in
1828 1794 1895 1825 lato,
1909 1795 1994 1826 palma

1138 1841 1165 1865 in
1182 1840 1243 1865 alto.
1256 1839 1326 1865 Unde
1346 1839 1405 1864 dicit
1418 1839 1556 1870 Apostolus
1568 1837 1601 1863 ¹⁵:
1620 1838 1655 1864 Ut
1661 1838 1771 1869 possitis
1784 1838 1995 1870 comprehendere

1138 1891 1196 1909 eam
1214 1883 1333 1909 omnibns
1352 1882 1470 1914 Sanctis,
1491 1889 1556 1914 qaae
1574 1882 1609 1907 sit
1628 1881 1762 1913 longitudo
1785 1882 1809 1906 ei
1834 1881 1946 1906 latitudo
1971 1882 1996 1907 ei

1138 1927 1285 1952 sublimiias
1304 1927 1329 1951 et
1345 1925 1514 1957 profundum.
1533 1924 1703 1955 Profundum
1721 1932 1780 1956 ergo
1798 1925 1825 1949 in
1842 1932 1913 1949 cruce
1925 1931 1995 1950 voca-

1140 1970 1182 1995 tur
1201 1969 1265 1995 illud
1282 1969 1395 2001 lignum,
1416 1968 1481 2000 quod
1500 1968 1605 1993 infixum
1623 1967 1679 1992 erat
1697 1967 1794 1998 terrae,
1807 1968 1834 1992 in
1847 1974 1895 1999 quo
1909 1966 1995 1992 stabat

1138 2014 1236 2045 lignum
1255 2012 1378 2042 erectum,
1398 2012 1423 2037 et
1442 2012 1481 2037 cui
1499 2011 1601 2036 dorsum
1619 2010 1730 2036 crucifixi
1748 2011 1807 2036 boni
1830 2011 1890 2036 Iesu
1915 2011 1994 2043 appli-

1139 2057 1223 2082 catum
1242 2055 1304 2085 fuit,
1324 2055 1389 2087 quod
1407 2055 1447 2080 est
1464 2055 1544 2079 crucis
1574 2054 1715 2086 lonyitndo.
1743 2054 1852 2085 Lignum
1880 2061 1938 2079 vero
1966 2061 1995 2079 ex

1140 2100 1285 2125 transverso
1310 2099 1348 2123 illi
1372 2097 1531 2129 appositum,
1555 2098 1594 2122 cui
1612 2105 1703 2122 manus
1722 2097 1795 2122 erant
1813 2097 1916 2128 affixae,
1938 2097 1995 2122 lati-

1141 2143 1202 2168 tudo
1221 2142 1301 2167 crucis
1319 2141 1473 2167 nominatur.
1492 2140 1561 2166 Illud
1579 2140 1676 2170 autem,
1705 2140 1770 2172 quod
1795 2148 1810 2165 a
1834 2140 1918 2166 Pilato
1945 2140 1995 2166 fuit

1140 2186 1298 2217 appositum,
1318 2186 1344 2210 in
1363 2192 1411 2216 quo
1430 2184 1521 2209 titulus
1541 2184 1703 2215 triumphalis
1722 2184 1777 2209 erat
1796 2184 1919 2215 scriptus,
1934 2183 1996 2209 alti-

1142 2230 1203 2255 tztdo
1222 2228 1392 2260 nuncupatur.
1411 2227 1513 2253 Habent
1531 2227 1616 2252 autem
1634 2227 1724 2253 horum
1742 2227 1869 2259 lignorum
1895 2227 1995 2259 singula

1142 2476 1218 2504 magis
1235 2476 1344 2498 diuturno
1361 2480 1455 2497 carcere
1473 2475 1562 2496 fuerant
1579 2473 1668 2500 afflicti,
1681 2476 1767 2502 quanto
1779 2472 1876 2500 longiori
1891 2475 1995 2500 tempore

1142 2507 1351 2535 transmigrationis
1368 2507 1437 2529 huius
1449 2506 1615 2528 beatitudinem
1628 2507 1823 2533 exspectaverant.
1837 2504 1928 2533 Quanto
1941 2508 1995 2526 tem-

1143 2546 1200 2568 pore
1217 2539 1307 2567 primus
1325 2538 1380 2560 Abel
1398 2541 1442 2560 etc,

1206 2569 1215 2582 ⁹
1232 2570 1277 2593 Cir.
1295 2570 1393 2595 Bonav.,
1411 2569 1489 2592 Collat.
1507 2568 1528 2590 in
1547 2567 1654 2590 Hexaein.
1670 2567 1741 2590 collat.
1759 2566 1793 2589 14.
1804 2573 1826 2589 n.
1840 2567 1876 2589 Ἰ18.
1893 2569 1914 2589 et
1931 2566 1997 2589 Com-

1143 2605 1214 2625 ment.
1232 2603 1254 2624 iu
1271 2602 1325 2623 Luc.
1344 2601 1385 2629 211,
1404 2601 1441 2623 27.
1458 2607 1480 2622 0.
1498 2599 1536 2622 34.

1207 2633 1226 2646 ¹⁰
1244 2633 1304 2655 Vide
1320 2633 1429 2661 August„
1447 2632 1484 2654 Vl.
1506 2631 1549 2659 Op.
1572 2631 1699 2658 imperfect.
1716 2633 1794 2652 contra
1817 2629 1896 2652 [111130.
1917 2635 1941 2652 n.
1963 2629 1996 2651 12.

1144 2672 1167 2688 0.
1184 2666 1222 2687 22.
1239 2668 1261 2687 et
1278 2665 1320 2692 30;
1339 2665 1362 2686 11.
1380 2664 1409 2686 (19
1427 2664 1543 2685 Peccator.
1560 2662 1648 2684 meritis
1665 2665 1707 2684 etc.
1726 2667 1746 2684 c.
1763 2661 1801 2683 34.
1819 2667 1841 2683 n.
1858 2661 1896 2682 55.

1207 2695 1226 2709 ¹¹
1245 2697 1326 2718 Psaim.
1345 2696 1387 2721 23,
1404 2695 1426 2717 7.
1445 2698 1467 2717 et
1483 2695 1505 2717 9.
1521 2707 1552 2711 —
1570 2694 1612 2716 Pro
1636 2692 1743 2722 Crueifer
1762 2693 1801 2722 (ita
1818 2692 1845 2720 A)
1868 2693 1925 2715 Bon.
1942 2697 1996 2714 cum

1144 2728 1181 2751 ed.
1200 2729 1208 2749 ι1
1231 2727 1378 2757 Crucifiarus.

1207 2758 1227 2771 ¹2
1245 2759 1379 2781 Secundum
1397 2757 1434 2780 ed.
1453 2758 1460 2779 Ἰ1
1483 2760 1505 2779 et
1521 2757 1577 2779 Bon.
1594 2757 1651 2778 11399
1667 2756 1777 2778 sententia
1793 2754 1891 2777 habetur
1903 2754 1927 2776 in
1939 2754 1996 2777 anti-

1144 2797 1191 2819 quo
1209 2791 1294 2813 Eccles.
1312 2790 1372 2812 offic.
1389 2789 1504 2817 Pascuali,
1522 2794 1533 2810 a
1552 2787 1639 2817 quibus
1656 2794 1698 2815 pro
1719 2786 1865 2814 υίησιιίαίοε,
1889 2785 1996 2815 despera-

1145 2822 1173 2845 tis
1191 2825 1214 2844 et
1231 2821 1256 2844 in
1272 2820 1395 2845 tormentis
1414 2820 1453 2849 (ita
1470 2820 1498 2849 A)
1516 2819 1661 2842 substituitur
1680 2818 1783 2846 vinctos,
1807 2816 1995 2841 desiderantibus

1145 2856 1167 2876 et
1184 2853 1208 2875 in
1225 2854 1359 2876 aeiernmn.

1208 2883 1228 2897 ¹³
1245 2884 1302 2912 Cap.
1318 2884 1345 2911 7,
1363 2884 1384 2906 8.

1208 2915 1228 2928 ¹³
1247 2916 1305 2938 Vide
1322 2916 1380 2938 Pctr.
1398 2914 1510 2942 Comest.,
1528 2914 1583 2936 Hist.
1600 2913 1708 2936 scholast.
1720 2912 1742 2934 in
1758 2913 1844 2939 Evang.
1862 2917 1882 2934 c.
1901 2911 1954 2933 1172.
1967 2923 1996 2926 —

1146 2947 1241 2969 Inferius
1259 2954 1301 2975 pro
1318 2946 1381 2969 oliva
1399 2945 1424 2968 in
1442 2945 1502 2973 lato,
1520 2944 1602 2974 palma
1620 2943 1645 2967 ἰη
1661 2943 1710 2967 alto
1728 2944 1767 2972 (ita
1784 2944 1812 2972 Α)
1825 2943 1881 2965 Bon.
1892 2948 1945 2965 cum
1958 2941 1997 2964 ed.

1146 2979 1155 3001 4
1177 2984 1301 3022 pefperam
1318 2977 1353 3006 (ut
1369 2984 1396 3000 ex
1413 2976 1522 3000 subnexis
1539 2976 1611 3005 patet)
1623 2975 1687 2999 oliva
1698 2975 1723 2998 in
1734 2974 1796 3003 alto,
1805 2973 1891 3004 palma
1902 2973 1926 2996 in
1939 2972 1995 2996 lato.

1247 3010 1303 3038 epu.
1321 3010 1348 3036 3,
1366 3009 1404 3031 18,

2010 1743 2052 1760 tuor

2010 1765 2072 1783 husai·
2086 1770 2099 1784 οι
2129 1769 2131 1783 ε

2010 1789 2059 1808 sacta
2070 1790 2096 1808 est
2121 1795 2124 1798 ⁴

2078 1746 2131 1760 enin
