2133 3317
391 263 440 285 VlR

140 309 183 325 suo
199 308 330 325 sermonem
347 301 433 324 habere
452 301 494 324 446
519 300 532 323 4
548 312 579 317 —-
596 306 702 328 perseve-

140 341 226 363 rantiae
243 341 336 363 studere
352 339 438 363 debent
454 340 494 362 201
516 340 545 361 80
557 352 587 355 -
604 345 651 361 non
663 338 700 361 de-

140 379 195 402 hent
211 379 310 402 deficere
334 379 356 401 in
382 378 550 407 exspectatione
571 377 654 400 Christi
671 377 701 400 ib.

141 418 166 439 84
186 429 218 434 —
234 417 301 440 mites
317 423 368 439 esse
385 415 470 439 debent
488 415 531 438 497
549 415 578 437 67
597 428 627 432 -
645 415 700 438 nihil

140 459 257 478 terrenum
274 461 386 485 quaerere
402 454 488 478 debent
506 454 549 476 498
566 454 596 476 72
614 467 643 470 -
661 454 701 476 im·

139 495 264 523 pediuntur
278 501 291 517 a
307 495 356 517 solo
368 493 468 521 maligno
480 494 556 520 hoste,
568 499 596 515 ne
608 499 700 516 sursum

140 534 169 556 ad
187 534 276 556 caelum
293 532 417 555 ascendant
435 532 478 554 447
497 533 505 554 4
527 544 558 549 —
580 532 700 560 Quomodo

140 572 261 600 virginitas
285 574 390 594 servetur
414 574 436 593 et
458 571 568 599 perdatur
596 571 637 593 196
663 570 700 592 65.

140 611 185 633 207
202 611 240 633 96.
256 617 290 639 511.
307 622 339 627 -
356 610 397 632 tria
414 610 538 632 commoda
563 609 701 632 obtinebunt

140 650 163 672 in
180 650 243 672 caelo
261 649 301 671 211
333 649 384 671 108.
409 655 461 678 sqq.
487 649 594 671 212110
612 661 642 665 -—
659 649 701 671 lila-

141 694 186 716 gna
203 690 238 710 est
250 687 373 710 multitudo
385 688 503 716 virginum
520 688 568 710 Deo
585 693 702 710 consecra·

140 730 216 749 tarum
234 727 274 749 201
296 727 321 748 81
342 740 373 742 -
390 726 471 749 Anima
486 726 511 749 fit
523 726 566 748 filia
584 726 701 754 virginum

140 771 181 793 per
198 765 306 793 pietatem
324 769 346 788 et
370 765 532 788 continentiam
550 765 575 787 54
598 765 625 786 17
650 764 702 787 Vide

140 810 162 827 υ.
178 804 280 834 Sponsa.

188 844 238 866 Vini
254 855 286 860 —
301 843 432 871 spirituales
449 849 474 865 se
498 845 619 871 promptos
644 842 703 865 exhi-

140 881 195 904 bere
211 881 296 904 debent
312 882 342 904 ad
359 882 464 904 divinum
482 882 601 909 honorem,
618 882 703 903 anima-

139 927 190 943 rum
208 921 304 943 salutem
329 923 351 943 et
375 921 472 943 naturali
497 920 576 948 pietati
602 926 702 943 consona

140 960 286 988 procuranda
305 959 350 982 472
367 966 380 981 0

188 999 301 1021 Vindius
317 1011 346 1014 —
364 999 387 1021 ln
404 998 553 1021 similitudine
570 997 639 1020 debet
653 1004 703 1020 esse

139 1040 204 1060 actus
221 1037 332 1060 virilitatis
348 1037 468 1060 ordinatus
485 1037 515 1059 ad
527 1037 633 1059 interiora
648 1037 676 1058 16
689 1037 701 1058 9

139 1088 171 1091 —
187 1076 229 1098 Per
246 1079 322 1098 actum
340 1076 452 1098 virilitatis
468 1075 538 1098 debet
550 1081 600 1098 esse
617 1075 704 1098 exerci—

139 1115 194 1137 tatio
211 1115 269 1137 intra
285 1121 327 1137 nos
344 1121 386 1143 per
407 1120 545 1142 aggressum
568 1114 703 1141 difficilium,

142 1160 184 1181 per
211 1157 287 1176 actum
314 1153 476 1181 laudabilium,
504 1159 546 1181 per
572 1153 703 1181 amplexum

141 1193 262 1214 humilium
280 1191 333 1215 ibid.
351 1205 382 1209 —
399 1192 469 1214 Actus
493 1192 605 1214 virilitatis
626 1195 660 1214 est
680 1192 703 1214 in

140 1231 289 1253 similitudine
320 1234 410 1254 erectus
442 1231 470 1253 ad
498 1231 703 1258 commendabilia,

141 1273 248 1292 extensus
264 1270 293 1292 ad
311 1269 520 1296 communicabitia,
538 1270 664 1292 exinanitus
674 1270 704 1292 ad

142 1308 322 1336 contemptibilia
341 1307 369 1331 ib.
388 1309 416 1330 10

188 1347 271 1370 Vinius
287 1359 318 1363 —
335 1347 411 1370 omnis
427 1350 462 1369 est
478 1347 535 1370 ratio
553 1351 613 1369 recta
632 1347 677 1370 240
690 1347 702 1370 3

141 1398 172 1402 -
189 1387 289 1414 perfecta
306 1389 339 1408 est
357 1386 414 1408 ratio
432 1387 570 1414 perveniens
587 1393 661 1415 usque
674 1386 703 1409 ad

140 1424 222 1453 finem,
239 1431 308 1454 quem
326 1424 392 1447 beata
410 1425 455 1447 vita
468 1425 616 1454 consequitur
632 1425 677 1448 245
690 1426 703 1447 2

141 1475 172 1480 -
188 1464 291 1486 consistit
315 1464 375 1487 circa
400 1464 474 1492 magis
499 1464 590 1487 difficile
612 1464 656 1486 248
676 1464 704 1486 15

141 1514 172 1519 -
190 1502 307 1525 Virtutum
324 1506 389 1525 actus
405 1506 457 1525 sunt
474 1503 497 1525 in
518 1507 641 1531 praecepto
659 1503 704 1525 394

142 1541 156 1563 3
173 1553 204 1557 -
221 1547 293 1569 purae
311 1541 440 1569 procedunt
457 1548 469 1564 a
487 1543 538 1570 lege
554 1545 646 1564 aeterna
663 1542 704 1564 134

141 1579 156 1602 7
172 1591 203 1596 -
220 1580 274 1602 Sine
291 1580 326 1602 his
342 1581 417 1603 nullus
434 1581 517 1608 poterit
542 1581 625 1603 salvari
650 1580 705 1603 ibid.

141 1631 172 1634 —
184 1622 218 1641 est
230 1619 266 1641 vei
278 1619 387 1642 ordinans
398 1620 420 1641 in
435 1620 506 1642 Deum
519 1626 560 1647 per
570 1620 651 1642 mentis
663 1620 705 1642 ele-

143 1657 268 1685 vationem,
277 1658 313 1680 vei
322 1658 431 1681 ordinans
442 1659 465 1680 in
476 1659 607 1686 proximum
618 1665 658 1686 per
668 1665 705 1686 pa—

143 1696 231 1719 cificam
249 1697 449 1720 conversationem
468 1697 511 1720 439
524 1698 537 1720 7
549 1710 580 1714 —
595 1698 705 1720 ordinans

143 1735 165 1757 in
182 1735 257 1758 Deum
274 1739 308 1758 est
330 1736 423 1758 devotio
446 1735 499 1759 ibid.
516 1748 547 1752 —
564 1736 612 1758 Non
630 1736 705 1758 omnis

142 1774 215 1796 virtus
232 1777 265 1797 est
282 1776 396 1802 perfecta,
413 1781 488 1804 neque
505 1775 580 1797 omnis
597 1775 704 1797 virtutem

143 1812 231 1835 habens
248 1816 282 1836 est
298 1815 414 1841 perfectus
426 1814 471 1836 256
490 1814 517 1836 17
529 1826 561 1830 -
573 1814 704 1836 Secundum

143 1852 276 1874 exercitium
293 1853 407 1880 perfectae
429 1853 520 1875 virtutis
542 1853 577 1875 illa
597 1853 705 1880 perfectio

143 1893 177 1913 est
193 1891 341 1918 eminentior,
359 1891 380 1914 in
398 1898 444 1920 qua
467 1891 531 1914 radix
556 1892 655 1914 caritatis
672 1895 706 1913 est

143 1929 264 1957 pinguior,
286 1929 415 1953 sublimitas
436 1930 576 1958 operationis
598 1931 706 1953 excelsior

144 1971 166 1991 et
199 1969 313 1991 fraternae
341 1969 506 1992 aedificationis
537 1970 624 1991 fructus
651 1969 705 1991 ube-

144 2007 191 2030 rior
208 2007 251 2030 249
277 2008 304 2030 19
322 2020 353 2024 -
377 2008 489 2031 Aureolae
514 2008 643 2036 praemium
661 2015 705 2030 non

143 2046 241 2069 debetur
269 2046 358 2069 habitui
382 2047 473 2070 virtutis
501 2047 636 2075 intrinseco,
664 2048 705 2070 sed

144 2085 209 2113 operi
226 2085 371 2113 privilegiato
388 2086 433 2108 250
451 2086 479 2108 19
492 2098 522 2102 -
535 2086 649 2108 Virtutum
661 2086 707 2109 dei-

145 2124 253 2146 formium
270 2124 422 2152 approbanda
443 2127 478 2147 est
499 2125 611 2148 rectitudo
629 2126 673 2148 233
696 2126 701 2147 l

144 2174 175 2179 —
191 2162 250 2186 Cum
267 2169 359 2186 summa
371 2163 488 2191 diligentia
502 2164 670 2192 proficiendum
684 2164 706 2186 in

145 2201 268 2225 virtutibus
286 2201 298 2224 4
317 2202 330 2224 4

192 2253 222 2257 -
247 2241 302 2264 Veri
325 2241 426 2270 Apostoli
451 2242 612 2264 calceamentis
637 2242 707 2264 virtu-

146 2282 194 2302 tum
212 2280 308 2302 calceari
325 2279 410 2302 debent
435 2280 479 2302 388
496 2281 511 2302 7
529 2293 558 2296 -
575 2281 647 2308 pedes
663 2281 707 2309 spi-

145 2318 238 2341 rituales
263 2319 371 2341 muniunt
396 2319 441 2341 402
467 2319 495 2341 17
513 2319 582 2341 —in
599 2319 708 2341 sandaliis

147 2357 297 2385 designantur
322 2357 376 2380 ibid.
401 2370 430 2373 —-
458 2358 591 2386 insipientes
618 2358 708 2386 fugiunt

146 2397 242 2419 virtutes
259 2397 304 2419 302
322 2397 351 2419 24
368 2409 399 2413 -
417 2397 544 2424 imperfecti
567 2397 667 2424 segniter
683 2403 708 2419 se

146 2435 168 2457 in
181 2436 290 2458 virtutum
308 2436 389 2458 studiis
406 2439 510 2458 exercent
531 2436 572 2458 132
585 2436 599 2458 2
611 2449 641 2451 -
653 2436 708 2458 11118·

147 2474 194 2497 rior
218 2475 357 2503 negligentia
380 2475 440 2497 circa
465 2475 648 2497 exercitationem
665 2475 708 2497 vir-

147 2515 220 2536 tutum
236 2514 335 2536 exterius
352 2514 456 2542 procedit
474 2514 495 2536 in
512 2513 644 2536 scandalum
658 2513 709 2536 0110-

147 2558 200 2574 rum
212 2558 253 2580 per
265 2556 382 2581 patentem
393 2546 483 2575 ruinam
497 2552 541 2575 470
555 2553 567 2574 3
579 2564 609 2568 —
622 2553 651 2575 Ex
665 2558 710 2574 ma-

147 2591 174 2613 lis
191 2591 252 2613 iuxta
268 2598 293 2614 se
310 2591 390 2619 positis
411 2591 507 2614 virtutes
529 2592 642 2614 iustorum
667 2592 709 2613 cla-

148 2629 195 2652 rius
212 2630 301 2652 elucent
317 2630 363 2653 350
381 2629 396 2652 b
412 2642 443 2647 —
460 2630 524 2658 Opus
541 2630 631 2653 virtutis
645 2630 710 2652 inter-

148 2668 206 2691 mitti
224 2671 311 2696 potest,
327 2669 411 2691 virtute
433 2669 495 2691 saiva
518 2669 563 2691 268
581 2670 594 2691 8
611 2681 642 2685 -
659 2669 710 2697 Qui-

148 2707 202 2729 dam
220 2710 284 2730 actus
300 2707 391 2730 virtutis
407 2710 460 2730 sunt
471 2708 586 2730 intrinseci
598 2710 620 2730 et
636 2713 710 2730 essen-

148 2745 218 2774 tiales,
235 2746 330 2775 quidam
347 2746 470 2769 exteriores
486 2749 508 2769 et
525 2746 554 2769 ad
565 2746 711 2774 perfectionis

149 2784 344 2813 complementum
362 2785 553 2808 adminiculantes
568 2788 591 2807 et
607 2785 711 2807 exercita-

149 2823 189 2845 tivi
207 2822 261 2846 ibid.
277 2835 308 2840 —
325 2824 444 2852 Quaedam
461 2824 557 2846 virtutes
574 2829 666 2852 semper
682 2826 712 2846 te-

149 2862 249 2891 nendae,
261 2862 376 2890 quaedam
390 2865 493 2890 tempore
505 2863 602 2891 locoque
613 2862 711 2890 provida

150 2901 286 2923 discretione
304 2901 428 2923 mutandae
444 2903 498 2923 sunt
515 2901 560 2923 285
577 2901 606 2922 39
619 2913 649 2917 -
661 2901 711 2923 Pro-

150 2942 201 2968 pter
217 2939 313 2962 saiutem
338 2939 442 2968 corporis
467 2945 513 2961 non
538 2938 607 2962 debet
623 2939 672 2961 fieri
690 2939 710 2961 in

150 2978 227 3001 animo
244 2978 356 3001 damnum
374 2978 464 3001 virtutis
481 2978 525 3001 268
543 2978 556 3000 8
572 2990 603 2995 -·
621 2978 711 3006 politica

832 222 930 250 INDEX
953 221 1200 251 ALPHABETICUS.

735 301 796 322 tenet
812 299 916 322 medium
933 302 956 322 et
972 300 1030 327 fugit
1047 302 1146 323 extrema
1165 300 1209 322 322
1228 300 1256 321 19
1268 312 1299 316 -

737 338 837 360 Medium
854 338 945 361 virtutis
961 344 1006 361 non
1023 338 1106 361 eodem
1119 338 1189 361 modo
1205 344 1299 361 sumen-

735 377 792 399 dum
811 381 845 399 est
870 377 916 399 323
941 377 966 399 21
992 377 1182 405 —theologicae
1206 383 1299 405 semper

734 418 788 438 sunt
805 416 946 438 exercendae
972 415 1016 438 497
1038 415 1053 438 b
1070 428 1101 432 —
1119 416 1228 438 Exercitia
1254 416 1299 438 vir-

735 457 810 477 tutum
823 455 1039 482 supererogantium
1052 454 1110 477 fiunt
1122 454 1239 482 tripliciter
1253 454 1298 477 247

737 493 760 515 tt
782 505 813 510 —
830 493 886 515 Octo
903 496 956 516 sunt
973 493 1078 516 exercitia
1104 493 1214 516 virtutum
1232 494 1299 522 quasi

734 533 850 561 quaedam
868 534 943 555 scalae
959 533 1038 555 salutis
1051 532 1095 555 493
1108 539 1121 555 a
1135 545 1163 548 —
1175 536 1199 555 ut
1211 539 1299 561 marga-

733 572 790 594 ritae
801 572 914 599 fulgentes
926 577 1081 600 possessorem
1092 577 1161 594 suum
1171 572 1218 594 Deo
1227 574 1250 594 et
1258 572 1299 594 An-

734 610 792 638 gelis
808 613 830 632 et
848 609 980 632 hominibus
997 610 1124 639 gratiosum
1145 610 1229 633 faciunt
1245 609 1299 633 ibid.

783 661 812 664 —-
838 648 944 671 Verbum
967 649 1110 671 incarnatum
1136 652 1170 671 est
1194 649 1298 671 omnium

735 688 847 710 virtutum
865 689 982 716 exemplar
994 691 1016 710 81
1026 689 1147 716 speculum
1165 688 1210 710 243
1229 688 1256 710 12
1269 700 1299 704 -

735 726 857 749 laudabilis
884 727 1026 749 manifestata
1059 729 1093 750 est
1123 733 1164 755 per
1193 732 1298 754 crucem,

736 768 848 794 quantum
865 766 893 788 sit
911 766 1023 794 pretiosa,
1048 766 1165 794 speciosa,
1183 767 1299 788 fructuosa

737 804 765 826 44
783 804 796 826 4
815 817 844 820 -
862 807 896 827 est
913 805 1035 832 pretiosior
1051 811 1122 833 quani
1140 805 1186 827 vita
1202 804 1255 827 ibid.
1268 818 1299 821 —

736 843 757 864 in
776 843 831 871 ipsis
848 843 992 866 contumeliis
1012 843 1096 866 Christi
1112 843 1227 866 relucebat
1245 843 1299 866 ibid.

736 894 767 898 —-
784 883 843 905 Usus
861 883 975 910 perfectus
998 883 1088 905 virtutis
1114 883 1136 904 in
1153 882 1242 906 Christo
1260 883 1300 905 fuit

737 921 932 943 fructuosissimus
959 920 1014 943 ibid.
1040 933 1071 938 —
1098 921 1156 944 Cum
1188 922 1298 944 virtutum

737 960 862 987 triumphis
878 959 982 982 Christus
999 960 1145 982 comitandus
1161 963 1195 982 est
1206 960 1236 982 74
1259 960 1284 982 15

783 1010 814 1015 -
831 999 898 1021 Varia
916 1001 968 1021 50111
985 998 1060 1020 media
1072 999 1101 1021 ad
1115 998 1243 1021 felicitatem
1256 999 1300 1020 vir-

737 1040 810 1059 tutum
828 1037 967 1059 servandam
985 1037 1030 1059 485
1049 1038 1056 1059 4
1079 1049 1109 1053 —
1122 1037 1237 1060 Virtutum
1250 1043 1300 1065 per-

737 1075 803 1098 fectio
828 1082 872 1097 non
899 1075 981 1098 meiius
1006 1076 1116 1104 consequi
1138 1078 1213 1104 potest
1228 1082 1299 1105 qnam

737 1120 778 1142 per
794 1114 911 1136 caritatem
933 1114 973 1136 124
996 1115 1001 1136 1
1022 1126 1052 1131 -
1070 1114 1134 1142 00115
1159 1115 1249 1137 virtutis
1273 1121 1299 1137 ex

736 1153 836 1175 caritatis
853 1153 930 1175 radice
948 1153 1051 1180 procedit
1077 1154 1121 1175 238
1138 1153 1151 1175 7
1170 1166 1200 1170 —-
1226 1154 1300 1176 Virtu-

737 1194 784 1214 tum
803 1192 908 1214 omnium
926 1192 1065 1219 principium
1083 1195 1117 1214 est
1135 1192 1217 1214 caritas
1233 1193 1273 1215 125
1290 1194 1294 1214 1

737 1243 764 1246 -
793 1230 909 1252 Virtutum
931 1231 1036 1253 omnium
1061 1231 1241 1253 consummatrix
1266 1234 1300 1254 est

737 1269 909 1296 perseverantia
927 1268 981 1292 ibid.
1001 1282 1031 1285 —
1048 1270 1150 1292 Exterior
1167 1276 1244 1292 rerum
1263 1276 1299 1298 pe-

737 1308 802 1330 nuria
820 1308 879 1330 valet
896 1308 926 1330 ad
944 1308 1078 1331 exercitium
1101 1309 1215 1336 perfectae
1232 1309 1301 1331 virtu-

738 1347 765 1369 tis
790 1347 835 1369 299
863 1347 890 1369 17
916 1359 947 1363 -
971 1347 1067 1370 Penuria
1092 1348 1165 1370 virtus
1190 1348 1300 1376 acquisita

737 1385 849 1414 probatur
866 1389 888 1408 et
905 1386 1000 1414 probata
1019 1387 1147 1409 custoditur
1159 1386 1212 1409 ibid.
1223 1399 1254 1403 —
1265 1387 1299 1409 Ad

737 1425 921 1447 exercitationem
936 1425 1026 1447 virtutis
1043 1426 1140 1447 1110110111
1157 1426 1217 1448 valet
1234 1425 1301 1448 absti-

737 1464 812 1486 nentia
830 1464 875 1486 265
901 1465 929 1486 26
947 1476 977 1481 -
995 1465 1036 1486 Per
1053 1465 1164 1487 ieiunium
1185 1464 1300 1487 obtinetur

737 1503 862 1525 constantia
880 1505 996 1531 perfectae
1012 1504 1103 1526 virtutis
1119 1504 1216 1526 faciendi
1228 1504 1299 1526 ardua

738 1545 760 1564 et
776 1543 901 1570 superandi
919 1542 1016 1564 adversa
1042 1542 1083 1564 271
1118 1543 1150 1564 18.
1176 1549 1210 1571 sq.
1231 1555 1262 1559 —
1279 1547 1300 1565 et

738 1581 786 1608 ipsa
804 1581 914 1608 perfectio
931 1581 1021 1603 virtutis
1038 1580 1067 1604 ib.
1085 1582 1114 1603 20
1131 1594 1162 1598 -
1180 1582 1301 1604 ilumilitas

737 1623 771 1642 est
788 1619 893 1642 omnium
911 1620 1022 1642 virtutum
1040 1623 1117 1642 0115105
1134 1623 1156 1643 81
1173 1620 1242 1643 decor
1254 1621 1299 1643 519

739 1659 746 1680 4
768 1671 799 1675 —
817 1659 913 1681 Devotio
930 1659 1031 1681 actiones
1052 1659 1142 1681 ordinat
1159 1660 1188 1682 ad
1204 1660 1301 1682 virtutes

739 1697 782 1719 147
802 1698 814 1719 2
837 1710 868 1714 -
891 1697 1004 1720 Omnibus
1025 1698 1149 1720 virtutibus
1171 1699 1300 1721 necessario

739 1736 858 1764 prudentia
871 1739 904 1758 est
916 1742 1002 1759 annexa
1016 1737 1060 1759 256
1078 1737 1105 1759 17
1122 1749 1153 1753 -
1170 1737 1301 1765 irrigandae

738 1778 791 1797 sunt
810 1781 851 1803 per
868 1775 1005 1798 documenta
1032 1776 1202 1803 scripturarum
1224 1777 1269 1798 317
1287 1777 1300 1799 3

738 1826 768 1830 —-
786 1814 819 1836 Ad
838 1816 951 1842 perfectae
968 1815 1059 1837 rii-tntis
1076 1815 1216 1843 exercitium,
1228 1819 1301 1838 custo·

738 1853 848 1875 ditionem
866 1856 888 1875 et
913 1853 1107 1881 complementum
1125 1854 1301 1876 adminiculatur

739 1895 818 1914 votum
832 1892 956 1920 Religionis
969 1892 1013 1914 248
1028 1892 1056 1914 14
1068 1905 1099 1909 -
1111 1893 1220 1915 Perse-ctio
1232 1899 1302 1915 evan-

739 1931 811 1959 gelica
838 1937 884 1953 non
911 1931 959 1954 sine
992 1931 1147 1954 virtuosorum
1180 1932 1300 1954 habituum

739 1970 898 1992 exercitatione
916 1970 1047 1998 possidetur
1065 1970 1110 1992 247
1129 1971 1152 1993 11
1174 1983 1203 1987 -—
1221 1970 1301 1993 debili-

740 2012 771 2031 tat
788 2009 868 2031 vitium
887 2009 1018 2037 oppositum
1048 2010 1089 2031 132
1107 2011 1120 2031 2
1137 2022 1168 2026 -
1186 2010 1301 2032 Virtutum

740 2048 925 2076 praerogativas,
942 2048 1028 2076 quibus
1046 2049 1115 2071 homo
1128 2052 1196 2075 caret,
1215 2049 1236 2071 in
1253 2049 1302 2071 aliis

740 2087 818 2109 mirari
834 2090 856 2109 et
873 2087 1008 2115 praedicare
1025 2087 1091 2110 debet
1111 2088 1155 2110 277
1177 2088 1201 2110 17
1219 2100 1250 2104 -
1261 2089 1302 2110 im·

740 2126 791 2154 piae
808 2126 985 2154 praesumtionis
1002 2130 1036 2148 est
1052 2126 1160 2149 virtutem
1177 2133 1221 2149 11011
1239 2126 1302 2149 habi-

740 2168 785 2187 tam
802 2171 912 2193 spernere
929 2165 973 2187 278
993 2166 1020 2187 19
1038 2178 1069 2182 -
1086 2165 1186 2188 Virtuosi
1203 2165 1303 2193 benigne

739 2206 876 2232 supportant
887 2204 990 2227 defectus
1002 2204 1099 2226 aliorum
1113 2204 1156 2226 137
1170 2205 1183 2226 9
1195 2217 1224 2221 -
1238 2210 1302 2227 111811-

740 2243 767 2265 tis
784 2249 828 2265 non
846 2247 959 2271 apparent
984 2243 1083 2266 exterius
1107 2243 1150 2266 nisi
1168 2243 1259 2266 modice
1276 2250 1303 2266 ex

740 2282 881 2310 quibusdam
899 2282 971 2310 signis
989 2282 1033 2304 359
1050 2282 1066 2304 b
1083 2294 1114 2299 —-
1125 2282 1256 2310 spirituales
1267 2288 1303 2305 oc-

740 2321 799 2343 culte
817 2321 929 2343 tenendae
946 2324 998 2343 sunt
1016 2321 1060 2343 495
1078 2321 1092 2343 b

789 2371 818 2375 —
835 2359 934 2387 Magistri
953 2359 1078 2387 discipulos
1094 2366 1148 2382 suos
1166 2360 1187 2382 in
1205 2360 1303 2382 diversis

741 2398 851 2420 virtutum
869 2398 981 2420 exercitiis
997 2404 1112 2426 occupare
1129 2398 1201 2420 solent
1228 2399 1271 2420 132
1290 2399 1303 2420 2

786 2449 817 2453 -
836 2437 951 2459 Virtutum
969 2440 1002 2459 est
1019 2437 1080 2459 zelus
1097 2440 1119 2459 et
1131 2437 1255 2460 aemulatio
1276 2438 1302 2459 18

743 2476 771 2498 14
787 2488 819 2492 -
835 2475 936 2498 virtutes
953 2478 1035 2498 ornant
1051 2476 1148 2498 caeleste
1170 2476 1303 2498 convivium

741 2514 771 2536 de
788 2517 899 2542 potestate
917 2514 1025 2537 miracula
1043 2514 1139 2537 faciendi
1157 2515 1181 2536 61
1205 2515 1233 2537 17

789 2553 850 2575 Visio
867 2565 898 2569 —
915 2553 1007 2581 Triplex
1024 2555 1058 2575 est
1075 2553 1170 2576 visionis
1186 2553 1305 2576 beatificae

742 2591 859 2614 obiectum
878 2591 907 2614 65
924 2591 962 2614 24.
979 2598 1031 2620 sqq.
1048 2604 1077 2607 —
1100 2592 1219 2614 manifesta
1244 2598 1305 2614 sum-

743 2636 794 2653 mae
811 2631 913 2653 veritatis
929 2634 963 2653 est
980 2630 1035 2658 dos,
1047 2630 1071 2652 in
1082 2636 1128 2659 qua
1140 2631 1242 2653 consistit
1253 2637 1305 2659 per-

743 2669 809 2691 fectio
830 2669 927 2697 praemii
955 2669 976 2690 11
1007 2669 1015 2690 1
1045 2681 1075 2686 -
1100 2669 1196 2691 Divinae
1211 2669 1306 2692 visionis

744 2707 829 2735 fulgida
847 2707 938 2730 claritas
955 2710 988 2730 est
1005 2708 1104 2735 perfecta
1121 2707 1171 2730 dies
1188 2707 1232 2730 245
1250 2709 1263 2730 2
1274 2721 1305 2724 -

743 2747 796 2769 Ε105
813 2747 907 2769 effectus
923 2746 946 2768 in
962 2746 1038 2768 anima
1064 2746 1189 2774 glorificata
1213 2746 1243 2769 65
1267 2746 1304 2769 24.

743 2791 779 2814 511.
795 2798 825 2802 -
842 2785 950 2807 claritatis
966 2784 1049 2808 Christi
1066 2784 1159 2808 beatum
1173 2786 1225 2808 facit
1236 2786 1261 2808 84
1275 2786 1305 2808 35

745 2836 772 2839 -
791 2824 939 2846 humanitatis
955 2823 1037 2846 Christi
1054 2826 1077 2846 et
1093 2824 1143 2847 eius
1159 2824 1234 2846 Matris
1251 2825 1306 2847 Bea-

744 2862 771 2884 tis
787 2863 852 2884 affert
868 2862 980 2890 gaudium
998 2863 1092 2890 pienum
1109 2863 1172 2885 omni
1193 2863 1306 2886 suavitate

743 2901 773 2923 65
791 2901 828 2923 26,
846 2901 875 2923 66
893 2901 921 2923 27

791 2940 903 2962 visnmo
919 2952 949 2956 —
966 2940 1089 2968 Quomodo
1106 2940 1242 2962 visitationis
1259 2947 1306 2963 mu·

745 2984 787 3001 nus
804 2979 832 3001 sit
854 2979 1026 3007 exsequendum
1053 2979 1097 3002 458
1123 2978 1146 3002 b.
1171 2979 1215 3002 459
1241 2986 1266 3007 a,
1291 2979 1306 3001 b

1595 262 1645 284 VtT

1333 300 1377 322 472
1394 306 1406 322 0
1424 313 1454 316 -
1471 300 1565 329 Quoties
1581 301 1710 323 visitatores
1727 301 1771 323 sint
1793 301 1896 324 mittendi

1333 339 1377 361 458
1394 338 1409 361 b
1426 351 1456 356 —
1475 339 1623 362 Visitatorum
1647 340 1741 362 facultas
1759 340 1803 362 459
1829 346 1854 369 a,
1881 340 1896 362 b

1332 390 1362 394 —
1379 378 1514 400 Visitatores
1526 379 1662 401 munuscula
1675 379 1778 406 recipere
1789 385 1836 401 non
1845 385 1896 407 pos-

1333 419 1385 439 sunt
1402 416 1446 439 460
1464 423 1477 439 0

1379 455 1446 478 Visus
1464 468 1493 472 —
1510 456 1646 484 perspicuus
1671 459 1758 484 spectat
1779 456 1809 479 ad
1836 463 1896 479 com-

1332 494 1475 522 plementum
1493 497 1588 517 naturae
1605 501 1631 518 ex
1649 498 1714 523 parte
1730 501 1812 518 sensus
1829 496 1842 518 6
1866 497 1890 518 11

1332 544 1363 549 -
1374 533 1488 561 decipitur
1500 539 1541 561 per
1553 534 1631 556 falsam
1644 534 1823 562 pulcritudinem
1835 541 1896 557 crea-

1333 574 1436 594 turarum
1454 572 1483 594 33
1501 573 1529 594 12

1380 611 1435 633 νιτΑ
1453 623 1484 627 -—
1501 614 1578 633 nostra
1596 611 1673 634 brevis
1685 614 1719 634 est
1735 612 1779 634 497
1792 618 1804 634 a
1820 625 1850 628 —-
1862 615 1896 635 est

1333 648 1411 671 brevis
1422 652 1445 671 et
1461 650 1525 672 fallax
1542 650 1571 672 52
1589 650 1610 672 3.
1627 657 1662 679 511.
1680 663 1709 666 -
1721 657 1830 678 praesens
1841 657 1896 673 nun·

1333 694 1403 716 quam
1421 691 1483 710 caret
1505 688 1704 716 persecutionibus
1728 692 1750 712 et
1772 689 1895 712 tribulatio-

1333 726 1401 749 nibus
1418 727 1462 749 443
1481 728 1510 749 22
1528 740 1557 744 -
1569 728 1672 750 1111581108
1689 728 1756 751 110105
1772 729 1833 751 vitae
1844 735 1896 752 con-

1333 769 1450 788 vertentur
1467 767 1488 788 in
1500 767 1612 794 gaudium
1624 767 1720 790 caeleste
1732 768 1760 789 58
1773 768 1786 789 7
1799 780 1830 784 —
1841 771 1895 790 18111-

1333 805 1426 832 0010115,
1443 811 1484 827 cur
1505 808 1552 827 tam
1578 806 1686 833 diligatur
1703 806 1732 828 52
1750 807 1763 828 2
1786 819 1816 823 —-
1842 807 1895 829 Tria

1334 843 1437 866 facienda
1453 846 1507 866 sunt
1522 850 1564 872 per
1581 847 1650 866 totam
1672 845 1742 867 vitam
1766 844 1810 867 484
1835 846 1848 867 2
1865 857 1896 862 -

1334 883 1357 904 111
1374 883 1420 904 vita
1437 883 1551 910 praesenti
1562 883 1609 905 vita
1621 884 1724 906 caelestis
1738 884 1895 912 comparanda

1333 924 1368 943 est
1383 922 1412 943 53
1431 921 1443 943 4
1461 933 1492 938 —-
1509 922 1541 944 De
1557 922 1617 944 vitae
1641 923 1776 950 praeteritae
1798 923 1894 951 dissipa-

1334 960 1394 982 tione
1411 960 1535 982 d01endum
1554 961 1583 982 12
1601 961 1614 983 2

1380 1012 1410 1014 -
1422 999 1552 1021 mortalium
1565 1002 1639 1027 potest
1650 1006 1728 1022 carere
1745 1001 1896 1029 proprietate,

1334 1037 1478 1065 possessione
1496 1040 1518 1060 et
1535 1038 1653 1060 usufructu
1665 1045 1754 1065 reruni,
1772 1043 1824 1067 eget
1840 1046 1895 1062 vero

1334 1078 1443 1105 tanquam
1453 1077 1581 1099 necessario
1589 1077 1689 1105 simplici
1695 1084 1738 1100 usu
1745 1084 1821 1100 rerum
1830 1079 1854 1100 34
1862 1079 1874 1100 2
1882 1078 1896 1101 5

1380 1127 1410 1131 —
1427 1118 1461 1137 est
1478 1115 1512 1137 vei
1525 1115 1598 1138 activa
1611 1116 1646 1138 vel
1658 1117 1835 1144 contemplativa
1851 1117 1896 1140 245

1334 1154 1347 1175 6
1364 1166 1396 1170 -
1407 1154 1480 1176 activa
1492 1154 1561 1177 debet
1571 1154 1690 1178 deservire
1705 1156 1896 1183 contemplativae

1334 1192 1379 1215 334
1396 1193 1409 1215 9
1435 1192 1490 1215 Vicla
1513 1200 1534 1216 υ.
1560 1193 1648 1216 Αοιίυα.
1674 1206 1705 1210 -
1730 1195 1859 1217 communis
1883 1201 1895 1217 a

1334 1231 1436 1259 praelato
1453 1238 1544 1260 semper
1561 1233 1649 1255 servari
1666 1233 1735 1255 debet
1760 1233 1804 1255 140
1828 1234 1841 1255 2
1867 1246 1896 1249 -—

1334 1271 1464 1293 communis
1481 1274 1526 1293 tam
1544 1277 1556 1293 a
1574 1271 1681 1299 praelatis
1697 1278 1767 1300 quam
1790 1279 1802 1294 a
1819 1271 1896 1294 subdi-

1335 1309 1362 1331 tis
1379 1310 1493 1332 servanda
1511 1313 1545 1332 est
1563 1310 1602 1332 461
1625 1317 1636 1332 0
1654 1322 1685 1327 ·—
1697 1311 1741 1339 Qui
1757 1317 1803 1333 non
1820 1314 1897 1333 servat

1335 1348 1405 1370 vitam
1422 1354 1571 1371 communen]
1588 1355 1634 1371 nou
1653 1352 1727 1377 potest
1748 1350 1801 1378 eligi
1824 1351 1898 1378 Supe—

1334 1387 1379 1410 rior
1398 1387 1437 1410 461
1459 1394 1471 1410 0
1489 1400 1519 1404 -
1536 1389 1684 1416 exemplaris,
1702 1389 1781 1417 quales
1803 1389 1896 1411 01180105

1334 1427 1447 1454 producat
1464 1426 1486 1448 in
1504 1427 1606 1454 praelato
1628 1427 1669 1449 150
1695 1427 1723 1449 15
1745 1440 1776 1444 -
1800 1428 1897 1456 irrepre-

1334 1464 1451 1487 hensibilis
1468 1466 1566 1488 maxime
1583 1465 1675 1488 sibimet
1692 1466 1786 1494 prodest
1802 1470 1825 1489 et
1841 1467 1896 1489 alios

1334 1504 1439 1527 aedificat
1456 1504 1500 1526 337
1518 1510 1530 1526 0
1547 1516 1578 1521 —
1589 1505 1606 1527 Α
1625 1505 1772 1532 professionis
1788 1506 1897 1528 excellen—

1334 1543 1362 1565 tia
1381 1543 1427 1565 vita
1445 1543 1578 1566 discordare
1595 1550 1641 1566 non
1664 1543 1733 1566 debet
1759 1545 1798 1567 47i
1828 1544 1841 1567 4

1334 1581 1459 1604 Caelestem
1476 1582 1547 1604 vitam
1565 1582 1650 1605 ducere
1666 1586 1701 1605 est
1716 1583 1821 1605 caelestia
1846 1589 1897 1606 con-

1336 1620 1440 1648 templari
1458 1624 1479 1643 et
1496 1621 1592 1649 diligere
1611 1621 1639 1643 49
1659 1622 1686 1643 12
1712 1634 1741 1637 -—
1764 1622 1896 1644 Secundum

1335 1662 1438 1681 naturam
1457 1659 1536 1681 vivere
1554 1662 1588 1682 est
1604 1660 1626 1682 in
1644 1661 1708 1682 terris
1725 1661 1845 1683 caelestem
1864 1661 1898 1682 vi-

1336 1701 1381 1720 tam
1399 1698 1484 1721 ducere
1502 1698 1530 1721 ib.
1550 1699 1573 1720 11
1597 1711 1625 1714 -
1649 1699 1748 1721 solitaria
1765 1699 1897 1728 quaerenda

1335 1739 1369 1759 est
1386 1743 1397 1759 a
1416 1737 1530 1765 Religioso
1550 1738 1593 1760 116
1607 1738 1619 1759 3
1632 1750 1662 1754 -
1673 1738 1771 1760 solitaria
1784 1738 1898 1760 invenitur

1335 1776 1449 1798 consortia
1467 1776 1586 1798 hominum
1604 1777 1714 1804 fugiendo
1732 1780 1753 1799 et
1770 1777 1799 1799 de
1824 1778 1897 1800 caele-

1334 1815 1408 1837 stibus
1425 1815 1557 1838 meditando
1575 1815 1628 1838 ibid.

1382 1866 1412 1871 -—
1429 1855 1512 1883 Quales
1528 1855 1573 1877 sint
1589 1861 1673 1877 corona
1691 1859 1712 1877 et
1730 1861 1818 1878 merces
1835 1856 1895 1878 vitae

1335 1896 1441 1915 aeternae
1458 1893 1502 1915 125
1520 1894 1533 1916 2
1551 1906 1581 1910 -
1602 1893 1636 1916 Ad
1663 1894 1721 1916 hauc
1738 1894 1808 1916 vitam
1826 1895 1896 1923 perci·

1336 1932 1444 1960 piendam
1461 1933 1586 1955 invitamur
1602 1939 1615 1954 a
1628 1932 1717 1955 Christo
1729 1932 1783 1956 ibid.
1794 1946 1825 1950 —
1836 1933 1897 1956 Chri·

1335 1974 1383 1993 stus
1400 1974 1452 1994 ante
1468 1971 1532 1994 dedit
1556 1972 1641 1999 vitam,
1658 1978 1729 2000 quam
1746 1972 1824 1995 virtuti
1845 1978 1897 1995 0011-

1336 2011 1413 2033 trairet
1430 2010 1459 2033 44
1477 2010 1490 2033 4

1384 2050 1506 2072 Vtrenniun
1525 2062 1553 2066 —
1571 2050 1615 2072 558
1634 2050 1647 2072 4

1383 2088 1446 2111 Vrrts
1461 2101 1492 2104 —
1509 2089 1613 2111 deforme
1629 2095 1714 2117 corpus
1731 2088 1799 2112 habet
1822 2089 1864 2111 168
1884 2090 1892 2111 1

1335 2140 1366 2144 -
1382 2130 1416 2150 851
1433 2127 1507 2155 figura
1524 2127 1606 2150 Christi
1624 2127 1677 2151 ibid.
1688 2140 1719 2144 —
1730 2128 1792 2150 lesus
1802 2131 1897 2151 vocatur

1335 2166 1389 2189 vitis
1406 2166 1505 2194 benigna
1524 2166 1567 2188 159
1585 2172 1597 2188 0
1614 2179 1645 2183 -
1661 2166 1729 2189 Varia
1741 2170 1793 2189 sunt
1804 2167 1897 2189 nomina

1337 2205 1404 2227 huius
1421 2205 1473 2228 vitis
1490 2206 1535 2227 219
1554 2205 1593 2227 141
1614 2217 1646 2222 -
1669 2205 1753 2233 duplex
1774 2209 1808 2228 est
1824 2212 1898 2234 genus

1336 2244 1503 2272 proprietatum
1520 2244 1573 2266 vitis
1591 2244 1635 2266 159
1653 2245 1673 2267 1,
1690 2251 1726 2273 sq.
1743 2245 1787 2267 160
1806 2245 1827 2267 4.
1846 2251 1897 2274 sqq.

1336 2295 1367 2299 —
1383 2283 1440 2305 solet
1456 2283 1552 2311 plantari
1569 2285 1591 2305 et
1612 2289 1659 2305 non
1683 2283 1790 2305 seminari
1814 2284 1857 2306 459
1883 2284 1896 2306 2

1336 2334 1367 2338 -
1384 2321 1460 2349 primo
1478 2325 1529 2343 nata
1546 2321 1575 2343 de
1592 2322 1638 2343 vite
1662 2324 1696 2343 est
1721 2322 1782 2344 Deus
1807 2322 1897 2349 genitus

1337 2360 1366 2382 de
1384 2360 1443 2386 neo,
1460 2362 1482 2381 et
1498 2360 1567 2382 Filius
1583 2359 1612 2382 de
1630 2360 1704 2387 Patre,
1724 2363 1859 2383 coaeternus
1875 2364 1897 2383 et

1337 2397 1536 2421 consubstantialis
1552 2398 1584 2425 ei,
1601 2399 1631 2421 de
1647 2404 1694 2427 quo
1711 2402 1745 2421 est
1763 2399 1807 2420 160
1825 2400 1837 2421 2

1385 2449 1413 2452 —
1431 2437 1544 2459 fructifera
1562 2437 1617 2459 solet
1639 2437 1740 2465 praecidi
1766 2438 1809 2459 160
1836 2438 1844 2459 1
1866 2450 1897 2455 -

1338 2476 1370 2498 De
1387 2476 1530 2503 praecisione
1547 2476 1660 2504 corporali
1678 2478 1699 2498 et
1716 2476 1827 2504 spirituaii
1844 2477 1896 2499 vitis

1338 2514 1440 2536 caelestis
1456 2513 1518 2542 ibid„
1543 2521 1578 2543 sq.
1601 2527 1631 2530 —
1656 2515 1778 2542 minuitur,
1802 2516 1896 2544 quando

1338 2553 1466 2576 conciditur
1485 2553 1523 2575 161
1546 2554 1560 2576 2
1578 2566 1607 2570 -
1632 2554 1734 2576 caelestis
1751 2554 1808 2576 infra
1825 2555 1898 2583 Ange-

1338 2593 1372 2614 los
1388 2595 1411 2614 et
1421 2598 1501 2614 omnes
1513 2592 1618 2615 homines
1629 2593 1762 2615 humiliatus
1778 2593 1818 2615 fuit
1833 2592 1893 2621 ibid„

1338 2637 1373 2659 sq.
1390 2643 1419 2647 —-
1437 2631 1640 2659 incomparabilem
1658 2632 1822 2659 praecisionem
1846 2633 1898 2655 vitis

1339 2670 1440 2692 caelestis
1455 2670 1540 2692 multus
1556 2671 1642 2692 fructus
1657 2670 1795 2693 subsecutus
1818 2674 1851 2693 est
1868 2670 1897 2694 ib.

1340 2709 1352 2731 4
1369 2721 1400 2724 —
1425 2709 1478 2731 Eius
1495 2710 1582 2731 fructus
1599 2708 1777 2737 incorruptibilis
1794 2713 1827 2732 est
1843 2709 1897 2733 ibid.

1340 2747 1410 2769 1651
1432 2760 1462 2763 -
1480 2747 1541 2769 Varii
1566 2751 1620 2770 sunt
1644 2748 1730 2770 fructus
1754 2748 1822 2771 huius
1845 2749 1897 2772 vitis

1339 2785 1383 2808 224
1402 2786 1452 2808 160.
1470 2792 1522 2815 sqq.
1538 2798 1569 2802 —
1585 2786 1758 2809 circumfoditur
1776 2787 1819 2809 162
1839 2788 1846 2809 1
1868 2800 1898 2804 —

1340 2824 1447 2847 Diversae
1462 2827 1516 2847 sunt
1540 2824 1652 2847 fossiones
1668 2825 1721 2847 vitis
1742 2831 1811 2848 verae
1833 2825 1897 2854 ibid,

1339 2869 1390 2892 sqq.
1408 2876 1437 2879 -—
1455 2863 1529 2885 Vitem
1546 2863 1666 2886 caelestem
1679 2864 1773 2892 maligni
1785 2865 1898 2892 agricolae

1340 2908 1385 2924 non
1402 2904 1489 2924 tantum
1500 2902 1680 2930 circumfodere,
1692 2903 1733 2925 5811
1745 2905 1766 2925 81
1778 2904 1898 2931 perfodere

1339 2940 1473 2963 laborabant
1489 2940 1518 2963 ib.
1536 2942 1549 2963 2
1566 2953 1596 2957 -
1613 2940 1775 2964 Circumfossio
1787 2942 1839 2964 vitis
1850 2948 1899 2965 cac-

1340 2979 1401 3002 testis
1417 2979 1573 3002 insidiantium
1595 2980 1657 3002 fraus
1680 2979 1810 3008 intelligitur
1832 2980 1861 3004 ib.
1887 2982 1893 3003 1
