2133 3317
141 441 195 465 Quod
208 441 271 465 prohi-

147 465 195 483 bitio
215 470 272 488 quae-

148 488 191 506 dam
210 489 235 506 sit
247 488 271 506 ir-

146 512 189 533 rita,
198 512 245 530 ratio
253 512 270 530 1.

185 737 239 756 Ratio
251 737 269 755 ⁶2.

185 995 240 1014 Ratio
253 995 270 1013 3.

164 1559 271 1578 Necessitas

145 1583 270 1605 contritionis,

149 1606 272 1626 confessionis

148 1633 167 1650 et
193 1630 272 1653 legitimi

147 1653 267 1674 confessoris.

289 224 345 253 382

290 303 423 333 statuitur,
443 303 479 328 ita
503 303 626 328 laxandus
645 302 697 331 est,
723 303 766 327 ubi
784 302 844 327 talis
863 302 964 328 effectus
991 310 1041 328 non
1060 303 1137 334 sequi-

288 346 344 376 tur,
365 346 407 371 sed
428 346 510 377 potius
530 345 671 370 contrarius
690 345 776 377 aperte
796 345 913 370 sentitur.

361 388 384 413 1.
405 389 497 418 Quodsi
512 388 603 419 aliquis
617 388 739 419 plebanus
758 388 874 420 prohibet
886 396 984 420 quoquo
1003 389 1089 419 modo,
1108 396 1138 414 ne

288 431 381 457 subditi
400 432 439 456 sui
458 431 625 456 confiteantur
639 431 745 461 131111113,
765 432 807 463 (1111
826 431 857 456 ab
870 432 996 463 episcopo,
1016 432 1056 457 vel
1072 440 1087 457 a
1100 432 1139 457 (10-

288 476 354 499 mino
373 474 443 505 Papa
469 474 589 503 mediate,
613 481 656 499 seu
680 474 821 499 immediate
844 474 938 500 habent
963 475 1139 500 auctoritatem

287 517 427 549 generalem
447 517 612 542 confessiones
632 517 763 548 audiendi3
784 518 843 542 talis
862 518 996 549 prohibitio
1021 526 1071 543 non
1096 526 1139 543 va-

287 560 337 590 let,
356 567 401 585 nec
420 567 499 591 poena
523 560 549 585 in
569 560 734 591 prohibitione
760 561 877 592 apposita
901 561 940 586 est
964 561 1088 591 timenda,
1114 561 1140 586 et

287 604 333 629 hoc
352 603 486 634 multiplici
514 603 624 633 ratione,
644 611 751 635 quarum
774 604 826 629 tres
845 603 945 629 tantum
970 604 1011 629 hic
1031 611 1138 635 ponam:

288 647 383 678 prima,
408 647 466 678 quia
485 654 534 671 non
554 646 638 678 potest
662 646 765 672 inferior
784 647 822 671 sui
842 647 978 678 superioris
1003 647 1139 672 auctorita-

287 690 337 715 tem
357 697 470 719 cassare,
499 690 528 714 ut
547 689 612 721 quod
637 690 679 714 1110
706 689 841 719 concessit,
866 690 914 715 iste
942 690 1080 721 prohibeat.
1107 704 1139 709 —

288 733 413 762 Secunda,
433 733 506 765 quia,
532 733 553 757 si
572 733 663 764 aliquis
689 733 890 764 supradictorum
909 733 1048 758 defectuum
1073 733 1139 759 inest

287 777 335 808 ipsi
355 776 472 807 plebano,
493 776 587 801 scilicet
611 776 765 808 imperitiae,
785 777 969 808 suspensionis,
993 777 1140 808 irregulari-

287 819 363 849 tatis,
384 820 508 849 criminis,
528 819 710 851 negligentiae,
730 819 770 844 vel
789 818 894 844 alterius
907 819 1081 850 impotentiae,
1095 827 1139 850 per

286 870 359 894 quem
378 862 471 887 subditi
490 863 521 887 ab
541 870 568 888 eo
587 863 669 888 debito
689 862 760 888 modo
779 870 827 887 non
854 862 1019 894 expediuntur
1038 863 1064 887 in
1082 870 1140 888 con-

286 906 409 936 fessione,
429 906 520 931 debent
538 906 628 936 etiam,
648 913 675 931 eo
694 906 786 935 invito,
805 906 837 930 ad
856 906 919 931 alios
938 906 1037 931 idoneos
1056 913 1140 931 recur-

287 956 354 979 rere,
374 949 395 974 si
413 956 463 974 non
481 949 543 974 velit
562 949 651 980 sponte
670 949 815 979 concedere3
835 956 879 974 1100
898 956 943 980 pro
963 949 1015 974 eius
1034 949 1140 974 malevo-

287 992 366 1017 lentia
385 1000 410 1017 se
435 993 503 1023 ipsos
527 993 617 1017 salutis
637 992 743 1017 remedio
763 992 871 1024 privare.
890 1007 926 1010 —
944 992 1040 1022 Tertia,
1066 993 1138 1024 (11113,

288 1035 335 1060 etsi
354 1036 476 1067 plebanus
496 1036 558 1060 satis
577 1036 611 1060 sit
633 1036 749 1065 idoneus,
769 1035 853 1060 tamen
872 1035 979 1065 subditi,
1007 1035 1139 1067 postquam

286 1080 326 1104 ius
346 1086 418 1104 suum
438 1079 459 1104 ei
485 1079 645 1104 reddiderunt
663 1079 802 1104 confitendo
828 1079 853 1104 et
872 1079 922 1104 alia
946 1079 1030 1104 debita
1048 1079 1140 1110 persol-

288 1122 378 1152 vendo,
399 1123 420 1146 si
439 1122 528 1147 volunt
547 1122 572 1146 et
590 1122 652 1147 alios
669 1122 698 1146 de
718 1121 808 1146 salutis
822 1129 881 1146 suae
901 1120 1034 1146 remediis¹
1054 1129 1140 1147 consu-

287 1166 353 1195 lere,
372 1173 423 1190 non
441 1165 514 1190 debet
538 1172 583 1189 nec
602 1165 686 1196 potest
711 1172 752 1189 eos
772 1164 911 1196 prohibere.
936 1164 970 1189 Et
995 1165 1016 1189 si
1034 1171 1139 1195 poenam

288 1209 397 1239 aliquam
418 1208 521 1239 propter
545 1208 591 1233 hoc
616 1209 651 1233 eis
670 1208 808 1239 infligeret,
829 1207 880 1232 tale
905 1207 984 1237 esset,
1009 1207 1074 1232 sicut
1098 1208 1140 1239 qui

288 1251 362 1283 punit
375 1252 473 1277 omnino
492 1251 648 1277 innocentem
661 1251 686 1276 et
702 1251 805 1276 damnat
818 1251 883 1276 recte
902 1251 1062 1282 operantem3
1076 1251 1140 1282 quod

288 1295 327 1320 est
345 1302 415 1320 error
443 1295 609 1320 intolerabilis
628 1295 653 1319 et
672 1295 721 1319 iuri
749 1295 832 1319 divino
857 1294 1012 1324 contrarius,
1042 1294 1067 1319 et
1086 1294 1139 1319 ideo

288 1346 338 1364 non
357 1338 487 1368 ferendus,
507 1338 582 1363 immo
600 1338 714 1369 graviter
734 1338 891 1369 puniendus3
911 1338 936 1362 et
954 1337 1055 1362 tenetur
1073 1338 1141 1363 laeso

288 1382 317 1407 de
333 1381 405 1406 illata
424 1381 567 1406 satisfacere
586 1382 692 1411 iniuria,
712 1381 737 1406 et
757 1381 900 1412 propalavit
920 1381 1047 1412 propriam
1066 1381 1141 1412 impe-

287 1425 384 1455 ritiam,
404 1425 527 1454 nesciens,
553 1424 612 1456 quid
637 1424 725 1448 debeat
745 1424 770 1448 et
794 1423 854 1455 quid
879 1423 973 1455 possit,
993 1431 1021 1448 ac
1048 1423 1140 1448 limites

288 1475 347 1493 suae
365 1467 500 1499 potestatis
515 1467 676 1493 confundens.

359 1511 384 1535 2.
404 1511 465 1536 Cum
484 1511 618 1540 contritio,
639 1509 763 1540 confessio
788 1510 814 1535 et
837 1509 983 1540 satisfactio
1003 1510 1055 1535 siut
1079 1510 1141 1535 inte-

287 1555 371 1587 grales
390 1554 476 1586 partes
495 1553 662 1585 poenitentiae
682 1554 706 1579 et
724 1554 878 1579 necessariae
897 1553 929 1578 ad
948 1554 1055 1578 salutem
1074 1554 1140 1579 omni

289 1597 426 1628 poenitenti
438 1595 462 1627 ²3
482 1596 546 1621 sicut
564 1603 614 1621 nou
633 1596 741 1621 contrito
760 1604 810 1621 non
829 1596 904 1621 datur
923 1597 1035 1621 remissio
1058 1604 1140 1627 pecca-

288 1641 384 1670 torum,
404 1641 440 1665 ita
458 1648 503 1665 nec
521 1647 571 1665 non
594 1640 723 1665 confitenti
742 1640 843 1671 peccata
869 1647 926 1669 3113,
946 1641 967 1665 31
990 1639 1074 1671 potest
1098 1639 1140 1664 ha-

288 1685 345 1709 bere
364 1684 513 1709 catholicum
532 1683 698 1713 sacerdotem,
719 1683 784 1708 sicut
802 1683 890 1708 sancta
908 1682 1040 1708 constituit
1058 1683 1141 1708 Eccle-

289 1729 326 1753 sia
338 1727 447 1759 Spiritus
467 1727 547 1752 sancti
559 1727 710 1752 auctoritate
723 1727 793 1752 iuxta
806 1727 974 1759 evangelicam
988 1726 1138 1756 doctrinam,

288 1779 343 1796 cum
364 1771 480 1796 Christus
499 1771 581 1795 claves
601 1771 671 1802 regni
691 1770 817 1795 caelorum
840 1778 884 1801 per
902 1769 1038 1801 Apostolos
1058 1777 1139 1794 sacer-

288 1814 387 1840 dotibus
406 1814 539 1839 tradiderit
557 1814 588 1838 ad
607 1813 704 1838 animas
722 1813 839 1845 ligandas
858 1813 883 1838 et
902 1813 1034 1838 solvendas
1044 1811 1062 1838 ³.
1077 1812 1137 1837 Cum

288 1865 346 1889 ergo
364 1865 463 1882 necesse
482 1857 516 1882 sit
534 1856 661 1886 confiteri,
683 1864 782 1882 necesse
795 1856 834 1881 est
852 1856 941 1886 etiam,
961 1856 1058 1887 aliquos
1072 1863 1137 1886 esse,

288 1901 329 1932 qui
349 1900 496 1925 confitentes
509 1899 614 1924 audiant
632 1899 657 1924 et
675 1899 809 1924 absolvant
827 1900 879 1924 vIce
893 1898 995 1924 Christi.
1014 1898 1067 1924 Aut
1080 1906 1138 1931 ergo

287 1943 473 1969 confitebuntur
491 1943 612 1975 praelatis
632 1943 683 1967 suis
702 1942 816 1972 tantum,
837 1942 882 1967 aut
894 1942 969 1967 etiam
989 1942 1045 1967 aliis
1061 1949 1139 1967 sacer-

287 1987 394 2012 dotibus.
414 1986 461 2011 Sed
480 1987 501 2011 si
520 1986 649 2017 praelatus
668 1986 773 2011 alicuius
791 1985 830 2010 est
849 1993 985 2017 suspensus
1008 1985 1040 2010 ab
1060 1985 1139 2010 officio

288 2038 332 2055 3110
352 2037 505 2062 quacumque
531 2037 560 2054 ex
578 2037 653 2054 031133
678 2037 722 2060 per
747 2029 897 2058 Ecclesiam,
921 2029 961 2053 vel
985 2028 1138 2053 insufficiens

288 2073 327 2098 est
345 2073 377 2098 ad
396 2072 524 2098 scientiam
546 2073 726 2103 necessariam,
746 2072 787 2097 vel
812 2071 886 2096 aliter
910 2071 1053 2103 negligens,
1073 2071 1139 2103 quod

288 2123 338 2142 non
356 2115 478 2147 impendit
497 2115 681 2147 poenitentibus
700 2114 810 2139 debitam
835 2114 1003 2146 diligentiam,
1023 2114 1062 2139 vel
1081 2121 1138 2145 quo-

288 2166 391 2190 cumque
410 2159 459 2183 alio
483 2158 554 2183 modo
582 2158 696 2189 praestat
721 2157 938 2189 impedimentum,
965 2157 1030 2188 quod
1054 2157 1086 2181 ab
1111 2164 1138 2182 eo

289 2202 394 2228 subditis
414 2209 463 2227 non
482 2201 597 2227 convenit
615 2201 739 2232 requirere
762 2200 927 2226 absolutionis
949 2200 1073 2232 gratiam,
1099 2208 1139 2225 ne-

288 2253 354 2271 cesse
373 2245 425 2275 est,
445 2245 507 2270 alios
532 2244 645 2274 institui,
665 2244 708 2275 qui
730 2244 808 2268 vicem
825 2244 926 2269 illorum
952 2243 1088 2275 suppleant
1112 2244 1138 2268 in

288 2289 335 2314 hac
362 2288 443 2320 parte.
472 2288 589 2319 Alioquin
617 2287 662 2312 3111
689 2286 877 2311 Sacramentum
902 2286 1069 2317 poenitentiae
1095 2293 1139 2317 per

289 2331 484 2357 subtractionem
509 2330 606 2355 debitae
625 2329 785 2355 confessionis
809 2329 834 2354 et
852 2329 1016 2355 absolutionis
1034 2336 1139 2354 evacua-

288 2374 345 2404 tur,
364 2374 389 2399 et
407 2374 489 2399 claves
508 2373 631 2398 Ecclesiae
651 2373 743 2398 otiosae
760 2371 910 2402 manebunt,
929 2372 974 2397 aut
992 2373 1047 2397 iura
1066 2379 1139 2397 03110-

287 2418 343 2443 11103
361 2418 457 2442 1111111113
476 2417 570 2449 vigoris
588 2416 663 2441 erunt
682 2416 707 2441 et
726 2415 897 2445 auctoritatis,
918 2422 980 2447 quae
999 2415 1138 2440 sententias

289 2460 459 2492 suspensionis
478 2460 503 2485 et
515 2459 712 2491 irregularitatis
731 2458 756 2484 et
768 2458 1026 2484 excommunicationis
1041 2458 1138 2483 frustra

289 2503 377 2529 contra
389 2504 486 2535 aliquos
498 2503 629 2528 ediderunt
647 2502 673 2527 et
688 2502 852 2527 absolutionis
871 2501 1016 2527 beneficium
1029 2502 1139 2533 impendi

289 2546 505 2576 contradixerunt,
526 2547 547 2571 si
565 2546 597 2570 ab
615 2546 677 2577 ipsis
697 2545 797 2570 tantum
815 2545 940 2576 coguntur
959 2545 1051 2569 subditi
1070 2544 1139 2569 istud

290 2591 414 2622 requirere
433 2590 458 2615 et
476 2590 511 2614 eis
530 2589 590 2614 solis
602 2589 704 2620 peccata
723 2596 769 2613 sua
787 2588 812 2613 et
830 2595 879 2613 non
898 2588 955 2613 aliis
973 2587 1093 2613 confiteri.

354 2841 361 2854 ¹
381 2842 436 2864 Cod.
454 2843 471 2865 B
487 2842 597 2865 remedio.
615 2842 719 2865 Subinde
736 2849 777 2871 pro
794 2848 837 2865 nec
851 2843 928 2872 potest
945 2842 985 2871 (ita
1001 2842 1039 2865 ed.
1054 2843 1067 2864 2
1084 2848 1138 2865 cum

292 2873 318 2901 Β)
337 2873 388 2895 Vat.
406 2879 459 2895 cum
477 2874 514 2896 ed.
535 2875 539 2895 1
561 2879 603 2897 nec
617 2873 712 2903 poterit.

354 2903 363 2916 ²
380 2903 424 2927 Csr.
441 2905 478 2927 iv.
497 2906 557 2927 sent.
575 2905 598 2927 (1.
616 2905 674 2927 XVI.
693 2905 723 2927 lit.
741 2905 853 2933 Magistri,
871 2911 890 2928 c.
911 2906 929 2927 1.

355 2934 364 2947 ³
381 2936 458 2957 naun.
476 2936 515 2963 16,
534 2936 574 2963 19;
592 2937 652 2958 ioan.
668 2937 705 2964 20,
723 2936 760 2958 23.

354 2965 364 2978 ⁴²
382 2966 440 2988 Vide
457 2973 527 2995 supra
544 2973 604 2996 quae
621 2968 651 2990 de
663 2969 706 2990 1100
724 2967 773 2989 loco
791 2967 891 2990 diximus
902 2973 957 2995 pag.
974 2967 1032 2995 357,
1049 2969 1103 2989 nota
1115 2966 1137 2989 7.

291 3009 322 3013 -
339 2998 433 3020 inferius
450 2997 611 3020 substituimus
625 2998 711 3021 eisdem
728 2998 835 3028 confiteri
852 3005 894 3026 pro
906 2997 990 3021 ibidem
1007 2997 1121 3028 confiteri.

354 3028 364 3040 ⁵
380 3029 509 3056 Respicitur
526 3029 631 3056 Hieron„
643 3030 713 3057 Epist.
735 3030 783 3051 130.
797 3030 862 3057 (alias
879 3030 911 3058 8.)
928 3036 951 3051 n.
963 3030 984 3051 9.
1002 3032 1024 3052 et
1037 3030 1061 3052 ΙΙ.
1072 3029 1138 3052 Com-

470 225 667 254 OPUSCULUM
690 225 755 253 XlV.
778 224 886 261 QUARE
907 224 1053 253 FRATRES
1074 225 1141 253 MiN.
1163 224 1367 255 PRAEDICENT
1390 226 1431 255 ET
1453 226 1693 255 CONFESSIONES
1714 227 1865 256 AUDIANT.

1265 304 1290 329 3.
1310 304 1379 329 Licet
1398 305 1463 330 enim
1483 305 1645 330 communiter
1663 305 1745 330 clerici
1763 306 1789 330 in
1808 306 1955 337 quibusdam
1968 306 2043 332 terris
2062 310 2133 335 Notauu

1194 347 1250 372 istis
1270 347 1405 373 defectibus
1424 355 1474 373 non
1492 348 1565 373 valde
1584 348 1636 373 sint
1654 348 1785 381 impliciti,
1804 349 1834 373 ut
1851 349 1878 374 in
1891 349 1984 381 Anglia
2003 351 2043 375 vel

1194 390 1300 415 Francia
1314 391 1353 415 vel
1371 391 1442 421 alibi,
1457 391 1500 415 ubi
1512 391 1594 416 clerici
1614 392 1674 416 sunt
1691 391 1800 416 litterati
1813 392 1838 416 et
1851 392 1998 417 clericaliter
2011 393 2044 417 vi-

1194 433 1258 458 vunt
1277 433 1302 458 et
1315 433 1427 458 subditos
1444 441 1501 458 suos
1514 434 1575 459 bene
1588 434 1680 465 regunt
1690 433 1712 464 ⁴3
1726 434 1810 459 tamen
1823 435 1848 459 in
1862 435 1976 466 pluribus
1988 435 2044 461 31113
2060 442 2098 484 12⁰⁰
2109 444 2133 486 dli:

2060 471 2133 513 11Σέεῶιὲ

1195 475 1271 500 101113
1289 475 1356 500 131111
1374 475 1484 500 defectus
1502 476 1528 500 in
1551 476 1616 501 clero
1636 476 1809 507 reperiuntur,
1830 484 1874 508 per
1896 485 1957 508 quos
1976 477 2044 503 111113-

1195 519 1257 543 biles
1276 519 1301 543 et
1320 520 1402 544 minus
1420 519 1500 544 idonei
1525 519 1577 544 sint
1596 519 1628 544 ad
1646 520 1743 544 animas
1768 520 1948 551 poenitentium
1966 521 2044 546 absol-

1195 562 1303 592 vendas,
1323 563 1388 594 quod
1407 563 1449 594 qui
1467 562 1601 587 Fratribus
1625 563 1763 588 Minoribus
1782 564 1807 588 et
1829 563 2045 589 Praedicatoribus

1196 605 1325 636 prohibet,
1344 605 1430 630 fideles
1449 605 1540 630 eisdem
1559 605 1671 630 confiteri
1690 606 1791 638 peccata
1811 614 1867 636 sua,
1888 607 1987 632 videtur
2002 607 2046 632 aut

1195 648 1311 679 ignorare
1331 648 1479 679 periculum,
1499 648 1544 673 aut
1563 649 1704 673 animarum
1722 649 1832 674 invidere
1851 650 1928 674 saluti
1953 650 1978 674 et
2000 650 2045 675 Dei

1195 691 1378 722 beneplacitum
1397 691 1523 722 impedire.
1538 691 1563 716 Si
1577 691 1668 723 aliquis
1681 691 1809 717 teneretur
1828 692 1902 717 alicui
1917 693 2045 724 providere

1195 735 1221 758 111
1239 734 1386 759 110003331113
1405 734 1430 759 01
1445 734 1585 766 negligeret
1603 734 1643 759 vel
1655 741 1705 759 non
1724 734 1822 766 posset,
1843 735 1868 760 et
1885 735 1950 760 311113
1969 735 2045 761 vellet

1196 777 1279 808 egenti
1297 785 1326 802 ex
1345 778 1514 809 compassione
1534 777 1665 802 subvenire
1684 777 1709 802 et
1728 778 1797 802 illius
1815 778 1893 803 vicem
1912 779 2042 810 supplere,

1196 820 1238 851 qui
1256 820 1369 850 deberet,
1388 827 1419 845 ne
1436 820 1484 845 1310
1501 820 1608 851 periret;
1628 821 1741 851 nunquid
1759 821 1791 845 ab
1816 821 1898 853 aliquo
1918 821 2047 853 prohiben-

1196 862 1242 887 dus
1262 863 1340 894 esset,
1354 871 1384 888 ne
1404 863 1553 894 111-0111111013
1572 863 1720 888 necessitate
1740 864 1903 889 subveniret?
1920 864 1954 889 Et
1967 865 1988 889 si
2000 864 2046 890 hoc

1196 906 1262 931 esset
1280 906 1457 931 inconveniens
1476 906 1621 937 prohibere,
1642 914 1672 931 ne
1691 906 1810 932 liberaret
1829 908 1968 938 proximum
1981 915 1996 932 a
2009 915 2047 939 pe-

1196 949 1273 974 riculo
1292 950 1416 981 corporis,
1437 949 1531 981 quanto
1550 950 1631 981 magis
1649 950 1813 981 incongruum
1832 950 1870 975 est
1889 950 1914 975 et
1931 949 2047 975 illicitum

1196 992 1327 1023 prohibere
1345 993 1452 1024 aliquem
1471 1000 1486 1017 a
1504 992 1651 1018 liberatione
1670 993 1767 1018 animae
1793 993 1880 1018 fratris
1899 1001 1914 1018 a
1938 994 2047 1025 periculo

1196 1035 1377 1066 damnationis;
1391 1036 1465 1060 immo
1478 1036 1577 1060 videtur
1596 1043 1666 1061 error
1679 1037 1777 1061 omnino
1796 1044 1846 1062 non
1862 1036 1977 1062 ferendus
1990 1044 2048 1068 pro-

1195 1079 1291 1109 hibere,
1305 1079 1412 1110 aliquem
1424 1078 1527 1103 liberari
1540 1086 1555 1103 a
1567 1079 1693 1111 naufragii
1712 1080 1835 1111 periculo,
1855 1080 1880 1104 et
1898 1079 1982 1111 potius
1995 1087 2048 1111 per-

1196 1122 1309 1152 mittere,
1330 1130 1385 1147 eum
1399 1123 1493 1154 perire,
1511 1130 1585 1155 quam
1599 1122 1765 1154 poenitentem
1785 1130 1800 1147 a
1819 1123 1937 1155 voragine
1955 1123 2049 1154 peccati

1196 1172 1241 1196 per
1259 1165 1419 1190 confessionis
1439 1166 1552 1191 tabulam
1563 1165 1572 1178 ⁵
1591 1166 1730 1191 extrahere.
1749 1165 1828 1191 Nulla
1846 1166 1886 1191 lex
1911 1166 2047 1196 servanda,

1195 1208 1260 1232 nulli
1278 1208 1411 1240 praecepto
1430 1209 1591 1234 obediendum
1616 1209 1733 1239 humano,
1753 1209 1818 1240 quod
1843 1208 1931 1234 contra
1950 1216 2049 1240 praece-

1196 1250 1295 1282 ceptum
1314 1251 1429 1276 caritatis
1456 1251 1501 1276 Dei
1524 1252 1549 1276 et
1575 1252 1663 1277 contra
1691 1252 1799 1277 salutem
1828 1252 1933 1284 proximi
1961 1252 2047 1283 aperte

1196 1302 1270 1326 agere
1288 1294 1425 1319 invenitur.
1444 1295 1572 1320 Adversus
1591 1295 1722 1320 caritatem
1741 1296 1807 1320 enim
1825 1296 1865 1320 vel
1883 1295 1979 1320 ceteras
1997 1295 2049 1320 vir-

1197 1337 1265 1362 tutes
1288 1337 1313 1362 et
1338 1337 1435 1363 fructus
1458 1338 1580 1369 Spiritus,
1600 1338 1665 1363 teste
1689 1336 1840 1370 Apostoloss,
1868 1345 1921 1363 non
1944 1339 1982 1364 est
2001 1338 2048 1363 lew.

1197 1380 1259 1405 Cum
1278 1388 1336 1412 ergo
1357 1381 1444 1412 pastor
1467 1382 1547 1413 plebis
1570 1381 1675 1407 alicuius
1699 1381 1822 1413 praecipit
1848 1381 1954 1407 subditis
1982 1382 2048 1412 suis,

1196 1431 1227 1449 ne
1245 1424 1320 1449 alicui
1339 1424 1506 1449 confiteantur
1525 1425 1569 1449 3111
1585 1432 1660 1456 quam
1674 1424 1732 1454 sibi,
1746 1424 1983 1457 subintelligendum
1995 1425 2046 1450 est:

1196 1467 1223 1492 in
1242 1467 1421 1498 praeiudicium
1434 1475 1519 1497 suum,
1539 1468 1576 1492 ita
1595 1468 1672 1499 quod,
1692 1468 1713 1492 si
1725 1467 1800 1493 alteri
1818 1468 1923 1493 confessi
1942 1468 2047 1499 fuerint,

1196 1509 1359 1535 nihilominus
1378 1510 1546 1535 confiteantur
1565 1510 1590 1535 et
1609 1510 1664 1535 sibi.
1683 1510 1761 1540 Nam,
1782 1509 1823 1535 si⁷
1843 1517 1893 1536 non
1911 1510 1995 1542 potest
2007 1518 2048 1536 eos

1197 1553 1340 1584 prohibere,
1360 1554 1419 1585 quin
1439 1553 1467 1578 de
1487 1553 1620 1585 temporali
1638 1553 1750 1578 utilitate
1768 1553 1905 1585 loquantur
1923 1561 1979 1579 cum
1992 1561 2048 1585 quo-

1196 1604 1300 1628 cumque
1318 1596 1458 1627 voluerint3
1485 1596 1579 1628 quanto
1598 1597 1678 1628 magis
1703 1596 1732 1622 de
1752 1596 1892 1628 spirituali,
1915 1596 1940 1622 et
1958 1596 2048 1622 salutis

1196 1640 1327 1665 consilium
1352 1640 1489 1671 requirere,
1508 1639 1551 1664 ubi
1569 1639 1673 1671 sperant
1697 1640 1825 1665 invenire!
1851 1639 1928 1665 Verbi
1951 1639 2046 1671 gratia,

1195 1683 1239 1708 ubi
1257 1683 1364 1708 decimae
1383 1683 1504 1708 debentur
1524 1682 1646 1708 sacerdoti
1659 1682 1772 1713 tantum,
1792 1683 1813 1707 si
1832 1683 1966 1714 praecipit,
1984 1683 2049 1714 quod

1196 1726 1260 1750 nulli
1279 1725 1370 1751 dentur
1390 1726 1496 1750 decimae
1521 1726 1570 1750 nisi
1590 1725 1648 1755 sibi,
1673 1725 1866 1757 intelligendum
1885 1725 1924 1751 est
1947 1726 1993 1751 hoc
2018 1726 2047 1751 de

1195 1769 1309 1799 decimis,
1330 1776 1393 1800 quae
1412 1769 1459 1794 sibi
1484 1769 1614 1794 debentur.
1633 1769 1680 1794 Sed
1699 1769 1720 1793 si
1738 1769 1829 1801 aliquis
1854 1769 1949 1794 dederit
1967 1770 1988 1794 ei
2006 1769 2048 1794 (10-

1196 1812 1262 1837 bitas
1281 1812 1388 1837 decimas
1406 1812 1431 1837 et
1451 1812 1480 1837 de
1505 1812 1615 1842 residuo,
1636 1812 1702 1844 quod
1727 1819 1800 1837 suum
1822 1812 1871 1842 est,
1892 1812 1949 1837 vult
1973 1811 2048 1838 etiam

1195 1856 1269 1881 alteri
1298 1856 1441 1888 cuicumque
1467 1856 1526 1881 dare
1551 1856 1627 1881 aliam
1654 1855 1772 1881 decimam
1795 1855 1892 1881 ratione
1916 1856 2049 1888 eleemosy-

1195 1906 1255 1929 nae,
1281 1906 1409 1930 nunquam
1435 1898 1519 1930 potest
1544 1899 1658 1924 sacerdos
1686 1906 1746 1923 suus
1769 1906 1825 1923 eum
1851 1898 1992 1930 prohibere,
2018 1906 2049 1924 ne

1194 1941 1241 1967 hoc
1259 1941 1344 1967 faciat.

1266 1985 1291 2010 4.
1311 1985 1388 2010 Aliud
1407 1992 1465 2010 vero
1485 1985 1523 2010 est
1536 1985 1565 2010 de
1581 1985 1739 2017 regularibus
1751 1985 1896 2017 Religiosis,
1915 1986 1969 2017 qui,
1983 1985 2048 2011 sicut
2060 1981 2133 2015 41118111

1194 2035 1209 2053 3
1223 2028 1275 2053 suis
1295 2028 1465 2060 superioribus
1484 2027 1610 2059 prohiberi
1629 2027 1747 2059 possunt,
1766 2035 1797 2052 ne
1810 2027 1905 2052 vadant
1923 2035 2047 2060 quoquam
2063 2011 2133 2054 {iffi}

1194 2071 1235 2096 vel
1253 2071 1391 2103 loquantur
1409 2071 1524 2103 cuiquam
1543 2071 1595 2096 sine
1614 2071 1725 2102 ipsorum
1744 2070 1859 2101 licentia,
1885 2071 1922 2096 ita
1939 2071 2047 2103 possunt

1194 2114 1269 2139 etiam
1289 2114 1427 2145 prohiberi,
1447 2121 1478 2138 ne
1498 2113 1666 2138 confiteantur
1684 2113 1758 2138 alicui
1777 2114 1826 2138 nisi
1850 2121 1895 2145 per
1918 2113 2045 2139 licentiam

1194 2164 1293 2186 eorum,
1313 2156 1444 2182 dummodo
1463 2156 1527 2181 tales
1546 2157 1581 2181 eis
1593 2156 1745 2181 confessores
1764 2156 1908 2188 assignent,
1928 2164 1972 2188 per
1984 2164 2046 2188 quos

1194 2207 1243 2225 nou
1268 2199 1431 2231 negligantur
1449 2200 1475 2224 in
1499 2199 1539 2224 his
1558 2207 1620 2230 quae
1640 2199 1768 2231 pertinent
1786 2199 1819 2224 ad
1844 2199 1959 2224 salutem.
1979 2200 2045 2225 Alio-

1194 2243 1266 2275 quin,
1286 2244 1307 2268 si
1326 2243 1456 2274 praelatus
1469 2243 1588 2274 Religiosi
1607 2242 1728 2274 praecipit
1741 2243 1775 2272 ei,
1794 2250 1825 2267 ne
1841 2242 1991 2268 confiteatur
2002 2243 2045 2267 311-

1194 2286 1234 2311 0111
1252 2286 1352 2317 praeter
1373 2293 1444 2311 suam
1461 2286 1602 2315 licentiam,
1628 2285 1654 2310 et
1672 2293 1722 2310 non
1745 2285 1860 2317 assignat
1884 2286 1906 2310 ei
1923 2285 2042 2311 confesso-

1194 2337 1247 2354 rem
1266 2329 1395 2359 idoneum,
1415 2329 1440 2354 et
1464 2329 1507 2354 ille
1525 2328 1621 2360 indiget
1639 2328 1805 2358 confessione,
1829 2328 1912 2360 potest
1931 2328 1956 2354 et
1974 2328 2046 2354 debet

1195 2373 1272 2397 alium
1286 2380 1403 2404 quaerere
1422 2372 1587 2397 confessorem
1600 2371 1697 2403 potius,
1711 2379 1785 2403 quam
1799 2371 1906 2397 salutem
1919 2372 2046 2403 propriam

1194 2414 1320 2446 negligat,
1340 2415 1398 2446 quia
1424 2414 1585 2446 praeceptum
1610 2422 1660 2440 non
1682 2414 1752 2439 tenet
1775 2414 1899 2440 inferioris
1923 2413 2044 2446 praelati,

1195 2458 1260 2490 quod
1278 2457 1433 2489 praeiudicat
1452 2457 1584 2489 praecepto
1603 2458 1747 2489 superioris.
1766 2457 1852 2483 Omnis
1870 2457 1954 2482 autem
1977 2464 2045 2489 prae-

1193 2501 1263 2526 latus
1281 2502 1307 2526 in
1325 2501 1437 2526 Ecclesia
1450 2500 1488 2525 est
1506 2500 1608 2526 inferior
1627 2500 1726 2526 Summo
1743 2500 1878 2530 Pontifice,
1894 2500 1964 2525 cuius
1976 2507 2045 2531 prae-

1194 2544 1293 2576 ceptum
1312 2544 1351 2569 est
1370 2544 1422 2569 vice
1442 2543 1501 2574 Dei,
1520 2543 1550 2568 ut
1574 2543 1620 2568 fiat
1638 2543 1758 2569 confessio
1778 2542 1935 2575 peccatorum
1958 2542 2045 2568 idoneo

1195 2587 1329 2613 confessori
1349 2594 1393 2613 suo
1412 2587 1535 2618 tempore,
1554 2594 1611 2612 cum
1629 2586 1713 2618 potest
1731 2586 1826 2611 haberi.

1194 2844 1264 2864 ment.
1282 2842 1304 2864 in
1322 2841 1371 2864 lsai.
1389 2841 1415 2869 3,
1434 2841 1459 2868 9,
1477 2840 1517 2863 ubi
1540 2840 1678 2868 poenitentia
1696 2839 1829 2862 nominatur
1849 2839 1949 2862 secunda
1966 2838 2043 2861 tabula

1195 2876 1248 2901 post
1264 2873 1420 2901 naufragium.
1437 2872 1483 2895 Csr.
1500 2875 1556 2895 tom.
1574 2872 1610 2894 IV.
1628 2878 1683 2900 pag.
1701 2870 1758 2899 314,
1775 2873 1827 2893 nota
1844 2871 1863 2893 1.
1876 2870 1907 2892 ad
1923 2870 1962 2892 lib.
1981 2871 2043 2892 Sent.

1195 2907 1217 2926 et
1234 2910 1288 2932 pag.
1307 2904 1364 2930 584,
1382 2906 1435 2926 nota
1455 2904 1476 2925 2.

1258 2934 1267 2947 ⁸
1284 2936 1332 2957 Gal.
1351 2935 1377 2962 5,
1395 2935 1432 2957 22.
1445 2941 1506 2963 seq.:
1524 2934 1620 2956 Fructus
1632 2936 1709 2956 autern
1728 2933 1826 2961 Spiritus
1837 2935 1872 2956 est
1882 2932 1975 2959 caritas,
1988 2938 2043 2960 gau-

1194 2966 1284 2989 dium...
1301 2967 1420 2989 Adversus
1437 2965 1571 2988 huiusmodi
1587 2971 1634 2987 non
1651 2967 1685 2987 est
1702 2965 1744 2987 lex.

1257 2997 1266 3010 ⁷
1284 2998 1335 3020 Sola
1355 2998 1405 3019 Vat.
1417 2997 1480 3020 Nam
1497 2996 1569 3025 sicut,
1587 3002 1647 3025 quae
1658 2996 1726 3019 etiam
1744 2995 1839 3018 inferius
1853 3001 1906 3018 curn
1924 2994 1960 3017 ed.
1974 2995 1982 3016 l
1998 3000 2042 3022 pro

1194 3030 1292 3058 sperant
1308 3028 1426 3051 substituit
1441 3029 1528 3057 sperat.
