2133 3317
12 814 49 834 iialo
59 813 91 832 de-

12 840 90 881 ”affl

0 817 16 922 ψ

0 1185 90 1251 quma.

283 219 478 248 OPUSCULUM
499 218 565 246 XIV.
587 217 694 254 QUARE
716 217 861 246 FRATRES
882 217 948 246 MlN.
972 217 1174 246 PRAEDICENT
1197 217 1237 246 ET
1258 217 1498 247 CONFESSIONES
1518 217 1669 246 AUDIANT.
1794 218 1849 247 385

108 298 171 324 sicut
189 298 215 323 in
234 297 380 329 qmbusdam
405 296 513 321 ecclesiis
531 295 672 324 consuevit,
691 295 723 319 ab
741 294 920 320 archidiaconis
931 294 948 325 ¹,

107 341 136 367 ut
159 340 252 370 sciant,
278 340 364 371 quales
383 338 447 368 sint,
467 338 557 370 quibus
575 338 672 362 animas
689 337 866 369 gubernandas
884 345 950 362 com-

106 382 219 412 mittunt,
238 382 263 407 et
281 382 319 407 illi
337 382 379 413 qui
403 382 454 406 iam
479 380 596 405 videntur
623 380 750 412 pastores,
778 381 805 405 in
833 380 949 412 pluribus

106 427 180 452 terris
205 432 249 457 per
274 432 299 450 se
326 424 484 449 constituunt
512 431 557 455 pro
586 431 611 448 se
639 424 744 448 vicarios
771 424 797 448 111
826 424 948 453 ecclesiis,

107 469 148 501 qui
166 475 210 493 nec
227 467 259 492 ab
285 467 407 498 episcopis
434 466 474 491 vel
498 466 555 491 aliis
582 465 732 491 auctoritate
759 466 839 497 ipsius
863 473 948 490 curam

106 510 227 542 recipiunt
254 510 414 539 animarum3
443 509 507 534 tales
535 508 606 540 patet
633 509 739 534 vicarios
763 509 802 533 ius
829 515 880 533 non
906 508 950 533 ha-

105 555 169 580 bere.
196 553 262 578 Nam
287 560 342 578 cum
370 553 396 577 in
422 559 482 577 cura
509 553 648 577 animarum
672 552 706 577 sit
733 551 880 583 requirenda
909 559 950 582 pa-

106 597 179 623 storis
197 596 332 625 idoneitas,
351 602 401 621 non
420 595 492 620 debet
510 595 575 620 hanc
593 602 677 620 curam
697 602 741 626 per
768 595 845 619 alium
864 602 950 626 gerere

105 640 152 665 nisi
170 646 215 670 pro
234 646 309 664 causa
327 638 445 663 rationali
464 638 490 663 et
508 638 537 662 de
564 637 665 663 licentia
686 637 802 669 speciali,
821 644 877 662 cum
897 638 949 668 ipse

105 682 134 707 de
151 681 282 707 animabus
301 681 347 706 sibi
375 681 512 706 commissis
541 680 574 705 sit
601 680 723 706 rationem
746 680 797 705 Deo
816 681 842 705 in
861 680 949 705 iudicio

104 724 254 750 redditurus.

175 766 217 792 12.
235 767 300 792 Item
309 786 315 797 ,
328 774 383 792 cum
399 767 513 792 dominus
526 766 552 791 C.
564 765 582 796 ⁹,
596 766 742 791 Portuensis
755 766 885 797 episcopus
898 773 950 791 car-

105 811 208 840 dinalis,
232 810 354 842 quondam
374 810 484 842 Legatus
503 809 670 839 Theutoniae,
692 809 834 840 generalem
862 809 951 834 tulerit

105 853 253 879 sententiam
271 853 445 884 suspensionis
462 852 495 877 ab
516 852 595 877 officio
614 852 639 877 et
657 852 773 877 beneficio
797 852 885 877 contra
904 852 949 877 cle-

103 897 166 922 ricos
184 896 348 922 sollicitantes
366 896 485 921 moniales
504 896 677 927 cuiuscumque
689 895 803 925 habitus,
816 895 841 920 et
854 902 947 920 exeom—

102 939 285 965 mmicationis
303 939 390 964 contra
417 945 501 964 omnes
528 938 663 963 carnaliter
681 945 723 963 eas
741 938 916 969 cognoscentes
929 937 947 968 ³,

102 982 128 1008 et
145 982 259 1008 dominus
277 982 348 1013 Papa
367 981 501 1013 Gregorius
519 988 599 1006 nonus
623 981 693 1005 illam
719 980 904 1006 confirmaverit
922 981 947 1006 et

103 1026 187 1058 paucis
205 1024 380 1050 auctoritatem
398 1024 543 1050 absolvendi
555 1024 620 1049 tales
632 1024 794 1054 concesserit3
808 1024 944 1049 timendum

102 1068 155 1098 est,
173 1068 266 1093 multos
284 1067 425 1092 huiusmodi
444 1067 575 1092 sententiis
592 1067 681 1098 ligari,
701 1067 743 1098 qui
760 1074 805 1092 nec
832 1067 945 1098 cogitant

103 1118 178 1143 super
197 1118 222 1136 se
240 1110 404 1136 absolutionis
431 1110 471 1135 vel
495 1109 688 1141 dispensationis
714 1109 798 1141 gratia
820 1109 945 1141 indigere,

102 1153 128 1179 et
145 1153 229 1179 tamen
253 1154 288 1179 sic
314 1153 461 1178 ministrant
488 1153 513 1178 et
537 1153 623 1178 tenent
650 1160 735 1178 curam
762 1153 903 1178 animarum
921 1152 947 1177 et

102 1196 242 1229 percipiunt
260 1196 378 1221 beneficia
390 1196 555 1221 ecclesiastica
568 1196 603 1221 sic
615 1196 696 1227 ligati.
709 1210 745 1213 —
756 1195 820 1220 Item
829 1214 835 1225 ‚
855 1195 947 1220 archie-

101 1240 196 1272 piscopi
213 1240 239 1264 in
258 1240 309 1264 suis
327 1239 437 1265 conciliis
455 1239 480 1264 et
498 1239 606 1270 episcopi
624 1239 650 1263 in
663 1238 763 1270 synodis
777 1246 849 1270 saepe
862 1237 947 1263 ferunt

103 1282 240 1308 sententias
258 1282 346 1307 contra
364 1282 475 1307 diversos
493 1289 618 1311 excessus,
637 1289 653 1306 a
671 1281 760 1313 quibus
779 1281 840 1306 suut
861 1281 947 1312 plures

102 1326 183 1351 clerici
200 1332 251 1351 non
268 1326 399 1350 immunes.

1078 295 1119 320 13.
1139 296 1230 321 Forma
1257 303 1316 328 ergo
1344 296 1443 327 petendi
1471 296 1646 321 auctoritatem
1671 296 1703 321 ab
1728 296 1849 328 episcopis
1867 302 1994 329 Formica-pe,-

1005 338 1120 363 audiendi
1139 338 1303 364 confessiones
1321 339 1472 370 generaliter
1490 339 1540 364 ista
1559 339 1642 370 potest
1660 346 1726 369 esse,
1740 339 1780 364 vel
1798 339 1848 364 alia
1863 325 1997 376 lssfflkfflfflffi‘

1005 381 1188 412 aequipollens:
1209 382 1320 411 Domine,
1340 389 1384 407 vos
1402 382 1463 407 estis
1482 382 1569 414 pastor
1596 383 1678 408 ovium
1702 382 1796 407 Christi
1823 383 1849 407 111
1867 373 1993 414 ὒξέἇῗξζᾟξῗ

1005 423 1052 448 hac
1070 424 1186 453 dioecesi⁷
1205 425 1231 449 et
1249 424 1319 449 vobis
1343 425 1463 450 incumbit
1488 425 1615 456 providere
1634 425 1765 450 animabus
1788 432 1850 450 com-

1006 466 1089 490 missis
1109 467 1207 491 vestrae
1225 467 1399 498 sollicitudini,
1418 475 1449 493 ne
1466 468 1492 493 in
1511 469 1593 500 aliquo
1606 469 1777 500 negligantur.
1791 468 1851 493 Cum

1006 508 1084 540 igitur
1102 509 1205 541 propter
1223 510 1408 535 multitudinem
1428 511 1535 542 plebium
1556 511 1581 536 et
1599 511 1751 536 incrementa
1770 518 1852 543 pecca-

1005 551 1088 576 torum
1108 552 1133 577 et
1152 553 1341 583 perplexitatem
1369 561 1472 579 casuum
1500 554 1599 585 plebani
1617 561 1667 580 non
1696 554 1793 585 possint
1820 554 1852 579 ad

1006 595 1107 625 plenum
1135 595 1249 620 omnibus
1276 596 1432 627 expediendis
1451 596 1576 627 sufficere,
1602 597 1700 628 placeat
1725 597 1802 627 vobis,
1822 597 1851 622 ut

1006 637 1122 667 Fratres,
1143 639 1184 669 qui
1212 638 1305 663 habent
1329 640 1395 664 inter
1422 647 1468 665 nos
1495 640 1655 665 confessionis
1678 640 1792 669 officium,
1811 647 1852 665 au-

1006 680 1122 706 ctoritate
1150 681 1235 706 vestra
1260 682 1311 706 sint
1339 682 1465 708 adiutores
1489 690 1573 708 eorum
1597 683 1622 708 et
1642 683 1806 713 subveniant,
1825 683 1851 707 in

1006 724 1096 755 quibus
1115 725 1234 755 possunt,
1259 732 1343 750 eorum
1369 725 1557 751 insufficientiae
1584 726 1669 757 populi
1694 726 1719 751 et
1746 726 1851 751 aliorum

1006 767 1184 798 requirentium
1203 768 1228 792 in
1247 768 1440 793 confessionibus
1459 769 1595 799 audiendis,
1616 769 1685 794 salvo
1708 770 1761 794 iure
1789 770 1851 801 ipso·

1005 817 1061 834 rum
1081 810 1120 835 vel
1139 811 1306 841 quorumlibet
1325 811 1507 842 praelatorum,
1527 819 1582 836 cum
1602 812 1743 843 specialiter
1761 813 1793 837 ad
1805 812 1851 838 hoc

1004 852 1070 878 Ordo
1088 854 1174 878 noster
1192 853 1226 878 sit
1244 861 1259 878 a
1277 854 1337 879 Sede
1364 854 1501 885 apostolica
1528 855 1677 880 destinatus.
1697 855 1721 879 Si
1740 863 1798 881 vero
1817 856 1850 880 di-

1003 897 1115 927 gnamini
1128 896 1199 922 nobis
1212 897 1305 928 aliquid
1325 897 1458 928 potestatis
1472 898 1571 928 praeter
1584 905 1737 923 communem
1750 905 1849 923 cursum

1003 938 1032 963 de
1050 939 1175 970 aliquibus
1194 939 1328 964 maioribus
1347 940 1378 964 ad
1397 947 1441 965 vos
1461 940 1601 971 specialiter
1621 940 1792 972 spectantibus
1811 948 1851 965 su-

1002 981 1159 1012 peraddendo
1179 983 1343 1012 committere,
1364 983 1466 1014 propter
1485 983 1541 1008 illos
1560 984 1679 1013 maxime,
1698 984 1787 1015 quibus
1800 991 1850 1009 non

1002 1024 1082 1049 facilis
1102 1025 1133 1049 ad
1152 1032 1196 1049 vos
1215 1025 1286 1056 patet
1304 1025 1447 1057 frequenter
1472 1033 1598 1055 accessus,
1620 1027 1659 1051 vel
1678 1026 1767 1058 quibus
1796 1034 1849 1057 pro-

1002 1067 1059 1099 pter
1077 1068 1127 1092 alia
1145 1069 1245 1099 negotia
1263 1069 1427 1100 personaliter
1452 1069 1579 1095 intendere
1602 1077 1652 1095 non
1671 1070 1773 1099 valetis,
1793 1077 1836 1101 spe

1002 1117 1094 1140 ramus,
1114 1110 1165 1135 Deo
1184 1118 1237 1135 esse
1257 1111 1375 1142 placitum
1389 1111 1414 1136 et
1427 1112 1563 1143 proficuum
1582 1112 1726 1142 animabus3
1740 1113 1842 1143 insuper

1001 1152 1050 1177 erit
1067 1153 1145 1178 vestri
1164 1154 1245 1178 oneris
1263 1154 1430 1179 sublevamen.
1449 1168 1485 1173 —
1502 1155 1556 1180 Hoc
1574 1155 1687 1180 videlicet
1705 1155 1730 1180 et
1748 1155 1793 1180 hoc
1806 1163 1843 1180 ex-

1002 1196 1095 1227 pressis
1114 1196 1228 1221 articulis
1247 1197 1272 1221 in
1291 1197 1396 1228 scripto,
1415 1197 1440 1222 et
1454 1198 1474 1222 si
1488 1198 1571 1229 potest
1589 1198 1654 1227 fieri,
1675 1198 1720 1223 sub
1739 1198 1846 1223 eiusdem

1002 1239 1110 1270 episcopi
1130 1239 1213 1271 sigillo
1232 1241 1327 1270 omnia,
1347 1248 1409 1271 quae
1427 1240 1583 1271 concesserit,
1597 1240 1756 1266 reserventur
1767 1239 1784 1265 ⁴.

1248 1324 1368 1350 Exrmcrr
1386 1325 1601 1351 Ammfflmmu.

165 1489 174 1502 ¹
191 1490 224 1512 De
241 1490 316 1513 officio
339 1489 494 1512 archidiaconi
520 1490 560 1512 cfr.
587 1489 695 1517 Gratian.v
721 1496 740 1512 0.
762 1489 873 1513 Perlectis
892 1490 947 1519 (1.),

104 1522 155 1545 dist.
172 1521 209 1543 25.
227 1524 249 1544 et
274 1522 289 1543 Ι.
314 1521 402 1543 Decret.
428 1521 524 1549 Gregor.
547 1521 585 1543 lX.
609 1521 641 1543 tit.
660 1521 696 1549 23,
714 1520 754 1543 ubi
771 1527 791 1543 0.
809 1521 868 1544 Cum
888 1521 947 1544 satis

102 1552 134 1576 sit
148 1551 282 1576 absurdum
299 1552 340 1581 (4.)
357 1552 478 1580 statuitur,
503 1552 567 1581 quod
592 1552 768 1575 archidiaconus
788 1553 837 1575 sine
858 1552 946 1575 licentia

103 1587 125 1606 et
140 1584 249 1606 mandato
267 1583 369 1612 episcopi
394 1589 474 1606 curam
501 1583 630 1605 animarum
652 1583 796 1606 committere
812 1584 878 1606 alicui
900 1590 947 1606 non

102 1617 242 1644 praesumat.
258 1627 290 1631 —
307 1615 418 1643 Superius
435 1621 477 1642 pro
494 1613 576 1637 debeat
591 1615 628 1637 ed.
646 1615 659 1637 2
677 1614 769 1638 habeat.

165 1645 174 1659 ²
192 1647 214 1668 ln
231 1646 267 1669 ed.
285 1647 299 1668 2
316 1649 418 1668 notatur:
437 1645 557 1669 Conradus
574 1646 672 1674 scilicet,
683 1646 712 1669 de
729 1652 776 1675 quo
787 1646 946 1669 Ferdinandus

102 1677 220 1706 Ughellius
231 1676 256 1700 in
267 1676 380 1707 episcopis
392 1676 561 1700 Portuensz'bus
573 1683 602 1700 ac
613 1676 637 1700 S.
650 1677 760 1708 Rufinae,
772 1684 795 1700 n.
808 1677 844 1700 42.
861 1679 916 1700 tom.
931 1678 945 1699 l.

102 1709 149 1731 ital.
167 1709 228 1732 Saer.
246 1709 282 1731 ed.
299 1709 380 1731 Venet.
398 1715 436 1731 an.
453 1708 521 1731 47⁴7.
538 1708 581 1731 col.
599 1708 644 1730 1127
662 1714 727 1738 seqq.

195 3048 222 3073 S.
232 3048 323 3072 Bonav.
334 3061 365 3066 —
376 3049 444 3072 Tom.
456 3049 512 3071 Vlll.

1068 1488 1077 1502 ³
1095 1490 1116 1512 ln
1133 1490 1170 1512 ed.
1188 1491 1201 1511 2
1219 1490 1310 1512 additur
1328 1491 1384 1512 haec
1401 1493 1465 1512 nota:
1484 1491 1507 1513 ln
1530 1491 1625 1513 concilio
1645 1491 1782 1513 Germanico
1803 1491 1847 1513 sub

1003 1521 1119 1549 praesidio
1137 1520 1234 1543 Conradi
1251 1521 1353 1549 episcopi
1380 1522 1501 1544 cardinalis
1525 1522 1656 1544 Portuensis
1672 1525 1695 1544 et
1712 1523 1733 1544 S.
1751 1522 1847 1544 Rufinae

1004 1552 1116 1581 sedisque
1132 1553 1270 1580 apostolicae
1287 1553 1364 1580 Legati
1383 1556 1461 1575 contra
1477 1553 1615 1575 simoniacos
1632 1556 1655 1575 et
1671 1553 1847 1576 concubinarios

1003 1584 1098 1606 clericos
1115 1583 1229 1606 celebrato
1247 1590 1306 1606 anno
1323 1584 1413 1606 Domini
1432 1584 1505 1611 4225,
1523 1584 1544 1606 4.
1562 1584 1614 1607 idus
1631 1584 1775 1613 Decembris,
1793 1587 1847 1607 tern-

1003 1621 1059 1643 pore
1077 1615 1170 1637 flonorii
1189 1615 1263 1643 Papae
1281 1615 1317 1642 111,
1335 1622 1354 1637 c.
1375 1616 1407 1637 13.
1426 1619 1481 1637 tom.
1500 1616 1535 1637 43.
1553 1615 1632 1638 concil.
1649 1616 1691 1638 col.
1713 1616 1769 1637 1093
1787 1622 1836 1644 seq.

1064 1645 1074 1658 4
1091 1646 1146 1669 Cod.
1164 1647 1181 1668 B
1198 1649 1220 1668 et
1236 1646 1273 1668 ed.
1294 1647 1299 1668 1
1321 1646 1421 1669 addunt:
1439 1647 1534 1674 Explicit
1551 1649 1661 1669 tractatus
1678 1647 1845 1675 determinans,

1002 1683 1074 1706 quare
1091 1678 1180 1700 Fratres
1197 1678 1295 1700 Minores
1312 1678 1445 1706 praedicent
1461 1681 1483 1700 et
1499 1678 1655 1700 consessiones
1671 1678 1774 1700 audiant.

1717 3050 1745 3074 49
