2133 3317
137 447 262 465 loramentum

152 470 252 497 promisso·

171 499 227 512 num

157 1001 250 1023 Secundo,

161 1025 248 1044 emendo.

146 1130 231 1157 Pecu-utu.
238 1130 264 1148 lo-

161 1156 249 1172 eutiouis.

145 1436 198 1457 ltem,
214 1435 264 1454 circa

151 1459 256 1482 spiritualia

149 1483 257 1507 dupliciter.

173 1565 263 1584 Simonia.

145 2083 174 2102 Fit
187 2082 265 2106 triplici·

135 2298 194 2324 Aliae*
201 2297 212 2316 2
225 2302 266 2321 spe-

278 233 334 262 634

279 312 305 336 in
323 318 420 337 vanum
431 309 456 341 ¹,·
474 310 519 335 hoc
536 309 620 335 autem
633 310 668 334 sic
680 308 871 340 intelligendum
884 308 991 338 videtur,
1005 316 1060 333 66111
1073 308 1128 340 quis

279 362 307 379 ex
325 354 502 379 deliberatione
521 352 589 378 iurat
607 345 678 377 et'se
696 353 806 383 peierare
826 352 944 377 advertit.

350 396 391 421 19.
411 396 482 421 Circa
500 396 667 421 iuramentum
683 396 886 427 promissorium
898 395 1049 424 notandum,
1064 395 1129 426 quod

279 449 334 466 eum
353 441 408 472 quis
428 440 554 471 promittit
572 447 616 471 per
634 439 814 468 iuramentum,
834 439 928 470 aliquid
947 446 972 463 se
991 438 1127 468 facturum,

279 484 304 509 (t
323 483 497 512 deliberative,
517 483 618 508 tenetur
636 482 699 507 illud
717 482 866 513 adimplere;
886 482 959 506 aliter
984 482 1022 506 est
1047 481 1129 506 traus-

278 534 379 558 gressor
398 526 539 557 praecepti,
558 526 608 550 11131
626 525 690 550 forte
715 525 747 550 ad
772 525 925 556 implendum
948 525 1068 550 reddatur
1085 526 1129 550 im-

280 570 381 601 potens,
401 569 441 594 vel
460 569 508 594 nisi
527 568 696 594 iuramentum
714 568 804 600 vergat
832 568 914 599 aliquo
942 568 1013 593 modo
1042 569 1129 594 contra

278 613 323 637 Dei
342 613 382 637 vel
401 612 506 643 proximi
525 611 664 636 caritatem.
684 610 751 635 Dicit
768 611 833 635 enim
846 609 991 635 Isidorus²:
1010 620 1023 632 <c
1035 611 1067 635 In
1079 618 1129 635 ma-

279 656 310 681 lis
330 655 460 687 promissis
488 655 598 679 rescinde
624 654 711 684 fidem,
731 654 757 678 in
782 654 852 684 turpi
880 653 937 679 voto
956 654 1027 678 muta
1046 654 1129 679 decre-

281 700 334 724 tum
347 709 372 722 >›.
390 713 426 716 —
445 698 481 723 De
500 698 633 722 verborum
660 697 745 722 autem
773 696 924 727 duplicitate
952 698 977 721 et
998 696 1128 728 falsitate,

282 742 380 773 quando
397 742 428 766 fit
445 742 472 766 in
491 741 596 772 proximi
615 740 783 772 deceptionem
807 740 832 764 et
850 740 1041 769 nocumentum,
1065 740 1129 765 316111

280 786 309 810 (16
337 785 463 810 mendacio
491 784 649 809 iudicandum
678 783 787 809 videtur.
815 783 885 807 Unde
914 783 974 808 dicit
1002 783 1128 808 Isidorus:

284 838 295 850 «
310 828 467 859 Quacumque
487 828 541 852 arte
560 827 616 858 quis
635 826 770 855 iuraverit,
791 826 872 855 Deus,
896 826 937 857 qui
965 826 1129 851 conscientiae

279 871 352 896 testis
383 871 435 900 est,
463 870 526 895 illud
554 870 658 901 accipit,
688 870 752 894 sicut
779 869 821 894 ille
848 869 887 894 6111
913 869 1030 898 iuratur,
1058 869 1129 893 intel-

278 915 336 946 ligit
348 925 360 937 »
368 934 372 938 .

350 958 392 982 20.
412 957 483 982 Circa
501 956 622 988 fraudes,
643 964 705 987 quae
723 957 749 981 in
768 955 870 980 emendo
889 955 962 985 fiunt,
982 956 1128 986 notandum,

280 1001 344 1032 quod
363 1001 510 1032 quandoque
529 1001 554 1025 in
573 1000 704 1025 venditore
723 999 761 1024 est
787 999 948 1030 simplicitaS,
969 999 1008 1024 vel
1027 1000 1129 1024 necessi-

280 1045 334 1073 tas,
354 1044 379 1069 et
397 1044 443 1069 1106
461 1044 532 1069 modo
551 1043 675 1074 contingit
693 1042 763 1068 fraus
782 1043 808 1067 in
827 1044 947 1074 emptore,
968 1043 1061 1068 scilicet
1074 1050 1129 1068 cnm

281 1095 320 1113 res
339 1088 399 1112 emit
418 1088 492 1112 vilius
517 1087 556 1111 vel
585 1087 681 1111 ratione
710 1086 879 1117 simplicitatis
904 1086 973 1111 illius
992 1085 1054 1117 (1111Β
1074 1094 1130 1111 ven-

281 1131 330 1160 dit,
350 1130 521 1159 necessitatis,
541 1130 580 1154 vel
608 1129 774 1161 ignorantiae.
792 1143 827 1146 ——
846 1129 920 1159 Item,
940 1129 1041 1160 peccata
1062 1129 1130 1154 locu-

281 1174 359 1199 tionis
377 1174 407 1198 in
426 1173 584 1204 emptoribus
602 1172 745 1204 frequenter
762 1172 939 1202 inveniuntur,
958 1180 1014 1197 cum
1037 1172 1130 1197 scilieet

280 1225 320 1242 res
330 1217 482 1242 mendaciter
492 1216 690 1247 vilipenduutur.
701 1230 735 1233 -—
745 1216 779 1240 Et
789 1216 906 1245 rationes,
921 1223 983 1247 quae
993 1217 1058 1240 circa
1071 1223 1130 1240 ven-

280 1261 372 1286 ditores
391 1260 451 1285 sunt
469 1260 562 1289 dictae,
583 1259 608 1284 et
627 1267 653 1284 eo
672 1259 758 1289 modo,
778 1266 826 1290 quo
854 1259 946 1284 dictum
966 1259 1005 1284 est
1023 1259 1052 1284 de
1071 1266 1131 1284 ven-

280 1304 374 1333 ditore,
394 1305 428 1328 sic
447 1303 522 1328 etiam
541 1303 570 1327 de
589 1303 676 1327 fraude
698 1303 725 1327 111
746 1302 989 1327 commutationibus
1008 1302 1047 1327 est
1066 1303 1130 1327 simi-

280 1347 339 1372 liter
357 1346 523 1371 iudicandum.

352 1389 393 1415 21.
413 1390 491 1419 Item,
510 1389 540 1414 ut
558 1389 653 1414 dietum
672 1389 710 1414 est
721 1388 739 1418 ⁴,
758 1396 808 1413 non
828 1388 909 1414 50111111
934 1388 1050 1414 consistit
1068 1389 1130 1413 iuiu-

281 1433 352 1458 stitia
370 1433 395 1458 et
414 1433 484 1458 fraus
503 1433 529 1458 in
547 1432 679 1457 contractu
697 1432 872 1463 temporalium
892 1439 987 1461 rerum,
1000 1432 1043 1456 sed
1055 1432 1130 1457 etiam

280 1476 468 1508 spiritualium.
483 1475 517 1500 Et
535 1476 581 1501 hoc
600 1475 699 1507 quidem
718 1475 801 1506 potest
820 1475 874 1499 fieri
890 1475 929 1499 vel
942 1475 1007 1500 circa
1019 1475 1130 1507 iudicia,

269 1521 306 1545 vet
325 1521 359 1545 sic
378 1520 417 1545 est
434 1519 537 1549 fructus
554 1520 660 1550 iniquae
677 1519 832 1550 sententiae,
851 1519 890 1543 vel
911 1519 976 1543 circa
995 1518 1130 1550 beneficia,

282 1564 306 1589 et
320 1565 354 1589 316
367 1564 406 1589 651
424 1563 545 1588 simonia.
558 1577 592 1580 —
606 1562 653 1587 Est
666 1562 750 1587 6616111
768 1562 894 1593 simonia,
915 1562 1049 1587 seeundum
1067 1562 1132 1593 quod

281 1606 445 1632 communiter
464 1605 596 1635 definitur,
616 1605 728 1630 studiosa
756 1604 876 1630 voluntas
901 1604 998 1629 emendi
1016 1605 1056 1629 vel
1075 1612 1132 1629 veu-

283 1649 355 1674 dendi
375 1649 475 1680 aliquod
494 1649 639 1679 spirituale,
660 1649 699 1673 vel
719 1648 847 1679 spirituali
865 1655 997 1677 annexum,
1017 1648 1042 1672 et
1055 1647 1132 1672 habet

282 1693 403 1718 rationem
423 1692 550 1721 mortalis,
571 1692 629 1723 quia
648 1691 779 1716 manifeste
799 1691 837 1717 est
854 1692 888 1716 ibi
907 1691 1032 1716 iniustitia
1044 1691 1132 1716 6011116

282 1736 373 1765 Deum,
393 1742 449 1760 cum
469 1735 612 1766 spiritualia
630 1742 681 1760 non
700 1735 798 1766 possint
816 1735 903 1760 cadere
916 1735 962 1759 sub
976 1734 1056 1765 pretio
1069 1735 1132 1759 tein-

282 1779 375 1810 porali,
395 1778 420 1803 et
438 1779 496 1809 quia
515 1785 564 1803 non
584 1778 668 1809 potest
686 1779 741 1809 quis
761 1778 866 1803 vendere
879 1778 919 1802 vel
932 1785 1012 1802 emere
1024 1777 1049 1802 id
1062 1778 1132 1802 6111113

284 1829 333 1848 non
352 1821 437 1853 potest
455 1821 546 1846 habere
565 1821 714 1851 dominium3
735 1821 905 1852 spiritualium
924 1821 1007 1845 autem
1027 1828 1077 1846 non
1091 1828 1132 1845 su-

287 1873 341 1890 mus
359 1865 465 1894 domini,
487 1864 529 1889 sed
548 1865 671 1895 ministri,
691 1865 786 1896 primae
799 1864 830 1889 ad
845 1864 987 1890 Corinthios
1006 1864 1096 1896 quarto
1107 1863 1130 1888 ⁵:

281 1908 325 1934 Sic
344 1916 391 1934 nos
410 1908 537 1933 existimet
555 1908 631 1933 homo
650 1908 712 1938 etc.;
731 1908 805 1937 item,
824 1908 882 1939 quia
908 1908 990 1939 gratis
1010 1908 1132 1938 accipiun-

282 1952 338 1981 tur,
358 1952 440 1983 gratis
453 1950 560 1976 conferri
579 1951 683 1980 debent,
706 1951 776 1976 iuxta
798 1951 860 1975 illud
879 1950 1015 1975 Matthaei:
1040 1949 1132 1976 Gratis

281 1995 413 2025 accepistis
432 1994 479 2019 etc.

352 2038 395 2062 22.
416 2037 533 2063 Simonia
552 2038 636 2063 autem
654 2037 736 2062 tribus
754 2037 833 2063 modis
855 2037 1034 2066 committitur,
1054 2037 1079 2062 et
1098 2044 1133 2062 se-

281 2081 389 2106 cundum
401 2081 447 2106 1106
459 2081 511 2106 tres
523 2080 624 2111 fruetus
636 2080 713 2106 habet
728 2081 754 2106 in
772 2081 868 2106 arbore.
883 2080 1055 2106 Committitur
1067 2081 1132 2105 enim

281 2123 406 2149 mwnere⁶
425 2131 442 2149 a
460 2131 557 2155 manu,
574 2124 604 2149 ut
622 2131 726 2149 munera
753 2124 892 2155 corporalia
919 2123 1065 2149 conferendo
1088 2130 1133 2155 pro

283 2166 457 2197 spiritualibus
476 2166 632 2196 obtinendis,
651 2166 724 2196 item,
743 2173 846 2191 munere
865 2174 882 2191 a
902 2166 1005 2198 linqua,
1020 2174 1064 2198 per
1077 2173 1134 2197 pre-

283 2216 322 2234 ces
340 2209 454 2234 carnales
473 2209 498 2234 et
516 2209 624 2234 iniustas
649 2208 793 2240 spiritualia
820 2209 967 2239 obtinend0;
986 2209 1061 2239 item,
1080 2215 1133 2233 mu-

282 2259 341 2277 nere
354 2252 386 2277 ab
402 2252 530 2284 obsequio,
543 2252 572 2277 ut
585 2259 640 2277 cum
653 2253 708 2284 quis
722 2259 766 2283 per
779 2252 910 2277 servitium
922 2251 1059 2277 humanum
1072 2252 1133 2277 iniu-

284 2295 351 2320 stum
365 2296 405 2320 vel
416 2295 576 2320 inhonestum
590 2295 733 2326 spiritualia
746 2294 849 2320 obtinet.
862 2309 898 2312 ——
910 2294 984 2325 Item,
997 2294 1058 2320 nota
1070 2294 1133 2319 alias

284 2339 377 2370 species
396 2339 527 2368 simoniae,
555 2339 614 2370 quia
636 2339 812 2369 permutando
832 2338 857 2363 et
876 2338 1044 2369 trccnsiyenclo
1063 2338 1134 2369 spiri-

283 2381 362 2406 tualia
381 2381 499 2406 beneficia
517 2381 612 2412 absque
637 2381 773 2412 superioris
800 2380 950 2406 auctoritate
975 2380 1134 2405 contrahitur

282 2425 387 2450 simonia
406 2425 541 2450 secundum
569 2425 633 2450 iura.
661 2424 814 2456 Appellatur
833 2424 1009 2455 permutatio,
1028 2431 1084 2449 cum
1102 2423 1133 2448 fit

281 2467 388 2493 mutatio
407 2468 559 2499 dignitatum
578 2468 618 2493 vel
637 2474 847 2499 quorumcumque
866 2461 1040 2493 beneficiorum
1059 2467 1135 2493 66616-

282 2511 453 2541 siasticorum;
474 2512 614 2536 transactio
632 2511 716 2536 autem
736 2511 774 2536 est
793 2511 822 2536 de
842 2518 996 2543 quacumque
1017 2519 1043 2536 re
1063 2511 1134 2542 spiri-

282 2554 345 2579 tuali
358 2561 407 2579 non
419 2554 534 2586 gratuita
547 2554 636 2585 pactio.
656 2554 703 2579 Hic
721 2554 805 2579 autem
824 2555 889 2579 circa
907 2554 983 2578 istam
1003 2554 1134 2578 materiam

282 2598 433 2628 generaliter
452 2598 491 2622 est
509 2597 703 2626 advertendum,
718 2597 782 2629 quod
796 2597 927 2628 spirituale
944 2597 1003 2622 dare
1017 2597 1056 2622 vel
1075 2597 1135 2622 acci-

730 229 926 259 OPUSCULUM
948 230 976 258 11.
999 229 1170 258 SPECULUM
1191 229 1434 259 CONSCIENTIAE.
1457 230 1525 259 CAP.
1549 231 1577 259 ΙΙ,

1185 316 1243 340 pere
1262 316 1307 340 pro
1326 308 1471 340 temporali,
1491 309 1528 334 ita
1546 310 1611 341 quod
1630 310 1762 341 spirituale
1780 310 1854 335 cadat
1873 310 1919 335 sub
1938 310 2031 341 pretio,

1185 351 1224 376 est
1242 352 1331 376 vitium
1350 353 1482 382 simoniae;
1500 352 1559 377 licet
1577 352 1661 377 autem
1690 360 1734 384 pro
1762 352 1846 378 labore
1865 353 1890 377 et
1908 353 2032 378 sustenta-

1186 394 1252 420 tione
1272 395 1406 420 secundum
1424 395 1503 420 bonas
1521 395 1712 420 consuetudines
1730 396 1840 427 accipere
1859 404 1901 430 seu
1920 396 1986 421 dare

1256 438 1300 462 23.
1319 438 1396 468 Item,
1417 439 1446 463 ut
1464 439 1557 464 dictum
1576 439 1628 468 est,
1648 439 1713 464 alius
1725 438 1826 469 fructus
1838 439 1976 464 iniustitiae
1989 446 2032 464 seu
2053 442 2123 463 Iniusta

1185 480 1281 506 fraudis
1300 481 1339 505 est
1357 481 1393 506 ad
1409 482 1571 513 prozimum,
1601 482 1694 507 scilicet
1721 482 1820 507 iniusta
1847 482 1987 513 sententia,
2008 466 2132 510 611ἷιῗὲἷῗὴὲἓ

1187 524 1281 549 multos
1301 524 1398 549 fructus
1423 524 1566 550 mortiferos
1585 525 1671 555 habet,
1692 526 1734 557 qui
1754 526 1825 550 sunt:
1844 525 1961 550 iustitiae
1975 532 2034 556 per-

1185 568 1267 593 versio
1296 568 1348 592 sive
1367 567 1468 597 dilatio,
1488 567 1589 592 ordinis
1613 568 1680 593 iuris
1706 569 1830 599 mutatio,
1850 568 1948 598 falsum
1968 568 2032 593 testi-

1185 611 1315 642 monium,
1344 611 1444 635 iniusta
1478 611 1626 642 aduocatio,
1656 611 1806 636 litterarum
1834 611 1944 641 abusio,·
1971 618 2033 642 quae

1186 655 1268 679 omnia
1287 654 1382 679 habent
1400 654 1520 678 rationem
1541 654 1668 684 mortaliS,
1688 654 1821 679 secundum
1841 655 1905 686 quod
1924 653 2033 679 cedunt⁷

1188 697 1217 722 in
1231 697 1348 728 proximi
1375 698 1555 721 nocumentum
1578 697 1603 722 et
1632 705 1660 722 ex
1685 698 1771 722 radice
1799 698 1925 722 avaritiae
1953 705 2033 729 proce-

1187 740 1258 770 dunt,
1277 740 1307 765 ut
1326 741 1430 771 pecunia
1449 740 1600 771 emergatur.

1258 783 1300 808 24.
1320 783 1391 808 Circa
1410 783 1541 814 quartum,
1562 783 1655 808 scilicet
1682 783 1711 808 de
1738 783 1837 808 iniusta
1860 784 2034 816 advocatione,
2053 781 2081 801 De
2093 787 2131 806 quaz

1188 826 1249 851 nota
1277 826 1391 857 peccata,
1420 834 1484 857 quae
1512 826 1545 851 ibi
1573 826 1736 851 inveniuntur
1763 826 1917 858 frequenter,
1941 826 2035 852 scilicet

1186 869 1313 893 iniustum
1327 869 1519 900 patrocinium,
1540 869 1594 894 litis
1610 869 1790 900 prolonyatio,
1809 869 1876 894 iuris
1894 869 2036 900 sophistica

1187 911 1318 943 ccllcyutio,
1339 912 1465 936 iniustum
1493 912 1643 944 consilium,
1673 912 1766 937 scilieet
1794 912 1823 937 de
1847 912 1973 938 mendacio
1995 912 2035 937 vel

1187 955 1295 986 periurio
1314 955 1340 979 in
1359 955 1448 979 iudicio
1466 955 1584 985 faciendo,
1603 963 1665 987 quae
1684 955 1814 980 manifeste
1833 956 1955 980 rationem
1973 963 2036 981 mor-

1186 998 1246 1022 talis
1264 997 1371 1027 habent,
1391 1005 1446 1023 cum
1466 997 1551 1023 1111111Β
1569 999 1595 1023 111
1615 999 1720 1030 proximi
1738 999 1922 1024 nocumentum.
2130 1012 2131 1026 1

1259 1041 1302 1065 25.
1322 1041 1392 1066 Circa
1417 1041 1547 1073 quintum,
1576 1042 1669 1066 scilicet
1698 1042 1845 1067 litterarum
1873 1042 2034 1074 abusionem,
2067 1043 2095 1063 De
2107 1049 2128 1068 [111

1186 1084 1247 1109 nota
1266 1084 1341 1109 eti-tm
1360 1084 1441 1109 multa
1460 1085 1574 1116 peccata,
1595 1092 1656 1116 quae
1682 1085 1873 1110 committuntur
1891 1085 1936 1110 1106
1955 1084 2034 1115 sacto,
2047 1067 2131 1110 {liguribus

1187 1127 1281 1152 scilicet
1301 1128 1400 1152 iniusta
1419 1128 1581 1159 impetratio,
1611 1128 1726 1158 61611111,
1746 1128 1852 1153 veritate
1880 1128 1970 1158 tacita,
1996 1128 2036 1153 vel
2129 1132 2130 1153 i

1187 1171 1299 1196 falsitate
1319 1172 1452 1203 suggesta,
1470 1171 1570 1196 litterae
1589 1171 1621 1196 ad
1649 1172 1802 1197 vexationem
1831 1172 1935 1203 proximi
1962 1172 2036 1202 impe-

1187 1214 1303 1244 trantur;
1323 1215 1420 1239 iniusta
1439 1215 1564 1245 extensio,
1584 1214 1613 1239 ut
1626 1222 1692 1244 cum,
1707 1215 1762 1246 quis
1780 1214 1857 1239 habet
1874 1214 1987 1239 litteram
2005 1214 2037 1239 ad

1186 1258 1284 1289 aliquas
1304 1265 1424 1288 personas
1443 1258 1598 1289 specialiter,
1618 1258 1658 1282 vel
1676 1258 1708 1282 ad
1726 1258 1822 1282 certum
1834 1265 1965 1283 numerum
1984 1265 2037 1289 per-

1188 1309 1319 1331 sonarum,
1339 1302 1378 1326 vel
1397 1301 1429 1326 ad
1456 1301 1552 1326 certum
1576 1301 1718 1333 negotium,
1737 1301 1762 1326 et
1780 1301 1849 1326 ultra
1867 1301 1967 1326 litterae
1985 1301 2037 1326 vir-

1187 1344 1268 1369 tutem
1296 1352 1339 1369 seu
1358 1345 1467 1369 tenorem
1488 1344 1631 1369 extenditur
1655 1344 1686 1369 ad
1711 1344 1811 1376 negotia
1838 1345 1878 1369 vel
1908 1351 2035 1375 personas.

1187 1387 1264 1417 Item,
1286 1387 1385 1412 culclitio
1405 1387 1444 1411 vel
1458 1387 1595 1412 diminutio
1615 1395 1659 1418 per
1678 1394 1806 1417 rasuram,
1827 1388 1866 1413 vel
1885 1388 1968 1420 fictio,
1981 1397 2037 1414 eum

1188 1431 1244 1462 quis
1262 1431 1358 1455 bullam
1378 1430 1504 1455 subtiliter
1523 1430 1628 1459 raserit,
1648 1430 1688 1455 vel
1707 1430 1801 1455 bullam
1822 1430 1911 1456 falsam
1930 1431 1997 1462 facit,
2011 1433 2036 1457 111

1188 1482 1236 1505 quo
1254 1474 1343 1499 ultimo
1362 1481 1435 1503 casu,
1454 1474 1508 1505 ipso
1531 1474 1583 1498 iure
1603 1472 1740 1499 maiorem‘¹
1762 1475 2037 1500 excommunicationem

1187 1518 1302 1542 incurrit.

1260 1560 1303 1585 26.
1323 1560 1449 1585 Secundus
1468 1567 1558 1584 ramus
1573 1560 1740 1591 principalis,
1760 1561 1802 1592 qui
1822 1568 1850 1585 ex
1863 1561 1970 1586 avaritia
1983 1557 2133 1604 1110-Βέᾞῇξῇ

1188 1604 1267 1634 cedit,
1287 1603 1326 1628 est
1346 1603 1511 1628 inordinatus
1531 1610 1604 1627 amor
1623 1603 1739 1628 habiti¹⁰
1745 1612 1754 1634 ,·
1766 1603 1791 1628 et
1810 1611 1838 1628 ex
1856 1604 1902 1629 hoc
1920 1612 1989 1630 lamo
2011 1605 2038 1631 hi
2074 1604 2127 1629 eund

1188 1646 1291 1677 fruetus
1317 1646 1466 1678 procedunt:
1491 1647 1588 1671 iniit-sta
1616 1647 1793 1678 conffleyatio,
1822 1648 2037 1674 immisericordia
2050 1637 2133 1685 Qmssffl

1189 1696 1232 1715 seu
1251 1690 1431 1721 incompassio,
1458 1690 1631 1714 restitutionis
1661 1689 1767 1721 dilatio,
1796 1690 2036 1723 irrecompensatio,

1189 1734 1367 1765 illiberalitas,
1397 1733 1425 1758 de
1453 1733 1544 1764 quibus
1572 1733 1611 1758 est
1638 1733 1785 1764 videndum,
1805 1734 1924 1765 quomodo
1943 1734 2037 1760 habent
2125 1731 2127 1750 ¹

1188 1778 1310 1802 rationem
1316 1777 1434 1813 peccati.
2125 1773 2126 1780 ¹

1260 1819 1303 1844 27.
1324 1819 1396 1844 Circa
1415 1819 1537 1850 primum,
1558 1819 1651 1844 scilicet
1669 1819 1697 1844 de
1715 1820 1815 1845 iniusta
1833 1821 2036 1853 conyrcyatione,
2054 1817 2082 1836 De
2094 1821 2133 1841 1³¹

1189 1864 1228 1888 est
1246 1863 1398 1893 notandum,
1429 1862 1495 1894 quod
1521 1862 1616 1887 iniusta
1643 1863 1803 1895 congregatio
1831 1863 1883 1893 est,
1902 1871 1957 1888 cum
1982 1864 2037 1895 quis

1189 1907 1254 1932 bona
1273 1914 1318 1931 sua
1343 1914 1386 1931 seu
1413 1906 1510 1931 fructus
1524 1906 1606 1931 terrae
1622 1913 1680 1931 suae
1692 1905 1711 1918 ¹¹
1725 1907 1862 1938 congregat
1880 1907 1931 1932 5010
1951 1907 2038 1932 ardore

1188 1950 1309 1980 habendi,
1328 1950 1369 1975 vel
1387 1949 1416 1974 ut
1434 1949 1536 1974 caristia
1555 1949 1716 1981 procuretur,
1735 1950 1760 1974 et
1778 1957 1817 1975 res
1836 1950 1950 1975 servatae
1969 1950 2039 1981 post-

1189 1994 1289 2019 modum
1314 1993 1396 2018 carius
1423 1992 1580 2023 vendantur,
1608 1993 1634 2018 et
1656 1993 1747 2018 iterum
1767 1993 1875 2024 pretinm
1893 1993 2038 2025 reponatur.

1189 2038 1223 2062 Et
1250 2037 1296 2063 hoc
1325 2037 1422 2068 quidem
1450 2036 1572 2061 rationem
1601 2036 1715 2061 mortalis
1742 2036 1833 2062 habere
1861 2036 1957 2068 potest,
1980 2036 2039 2062 dum

1189 2081 1223 2106 ibi
1250 2080 1356 2105 intentio
1384 2079 1424 2105 est
1442 2079 1492 2105 ista
1510 2079 1678 2111 congregandi
1700 2087 1745 2105 nec
1767 2080 1925 2112 dispergendi
1942 2080 1995 2105 loco
2013 2080 2039 2105 et

1189 2123 1315 2155 tempore,
1345 2123 1388 2147 sed
1416 2123 1468 2148 3010
1486 2122 1574 2148 ardore
1599 2122 1706 2147 habendi
1731 2122 1756 2147 et
1774 2123 1918 2148 luxuriandi
1944 2123 1971 2148 in
1994 2123 2037 2148 eis.

1189 2166 1223 2191 Et
1242 2166 1288 2191 1106
1306 2166 1445 2197 exemplum
1465 2165 1536 2196 patet
1553 2166 1580 2190 iu
1598 2165 1642 2190 illo
1660 2165 1749 2196 divite,
1762 2165 1791 2190 de
1810 2173 1858 2197 quo
1883 2165 1973 2191 dicitur
1991 2166 2038 2191 Lu-

1189 2216 1232 2234 cae
1250 2209 1391 2234 duodecimo
1403 2207 1432 2238 ¹²,
1446 2208 1511 2240 quod
1528 2208 1637 2233 dicebat:
1657 2207 1757 2234 Anima
1769 2216 1839 2240 mea,
1859 2208 1937 2234 habes
1954 2208 2039 2234 multa

1190 2253 1256 2277 bona
1275 2252 1336 2282 etc.;
1356 2252 1395 2276 cui
1413 2259 1563 2283 responsum
1579 2251 1635 2276 est:
1656 2250 1754 2283 Stulte,
1771 2251 1821 2276 hae
1838 2253 1909 2277 noete
1926 2253 2040 2283 repetent
2121 2258 2122 2270 ¹

1190 2295 1308 2319 animam
1338 2296 1418 2326 tuam,
1447 2294 1541 2319 scilicet
1567 2294 1698 2320 daemones
1717 2294 1780 2319 ete:
1800 2302 1859 2326 ergo
1878 2294 2038 2320 manifestum

1190 2338 1237 2369 est,
1256 2338 1322 2369 quod
1340 2338 1374 2363 ibi
1392 2338 1498 2363 faciebat
1517 2337 1646 2369 peccatum
1658 2338 1773 2364 mortale.

1262 2381 1304 2407 28.
1325 2381 1451 2406 Secundus
1476 2380 1578 2411 fruetus
1596 2380 1635 2406 est
1654 2380 1869 2406 immisericordia
1886 2381 1915 2406 in
1934 2381 2038 2413 effectu,

1191 2432 1248 2450 eum
1266 2424 1359 2450 scilieet
1378 2425 1504 2456 proximus
1522 2425 1549 2449 in
1562 2424 1633 2449 arcta
1651 2424 1799 2449 necessitate
1817 2424 1933 2455 videtur,
1949 2425 1974 2449 et
1993 2425 2039 2450 sci-

1191 2467 1234 2492 tur
1252 2467 1311 2497 1106,
1331 2467 1356 2492 61
1368 2474 1418 2493 non
1432 2467 1579 2492 subvenitur
1597 2467 1627 2498 ei,
1641 2474 1696 2492 cum
1710 2466 1795 2492 tamen
1812 2467 1895 2492 omnia
1911 2467 1938 2492 iu
1955 2474 2039 2493 116663-

1191 2510 1267 2536 sitate
1285 2510 1391 2535 debeant
1409 2517 1462 2535 esse
1475 2510 1627 2540 communia3
1641 2509 1667 2535 et
1679 2510 1740 2535 tunc
1758 2510 1842 2542 potest
1855 2517 1908 2536 esse
1925 2510 2038 2542 mortale,
2118 2536 2119 2541 ,

1191 2553 1216 2578 et
1235 2553 1369 2578 secundum
1388 2553 1434 2578 hoc
1446 2553 1506 2578 mali
1525 2553 1554 2578 de
1573 2553 1669 2578 defectu
1693 2553 1874 2578 misericordiae
1898 2553 2039 2579 iudicabun-
2117 2562 2119 2578 ι

1191 2597 1241 2627 tur,
1252 2596 1317 2622 sicut
1329 2596 1400 2628 patet
1409 2597 1434 2621 in
1445 2596 1573 2622 Matthaeo
1584 2595 1613 2621 ¹¹³.
1627 2596 1697 2621 Unde
1707 2597 1742 2621 sic
1753 2597 1873 2628 intelligit
1882 2596 2037 2627 Ambrosius,

2051 2377 2078 2396 De
2092 2381 2115 2396 se«
2124 2375 2133 2394 d

348 2758 354 2772 ¹
373 2758 443 2781 Exod.
462 2759 499 2785 20,
517 2759 539 2780 7.
552 2758 597 2781 Cl'r.
610 2759 708 2785 Bonan,
726 2759 757 2781 lli.
771 2759 832 2781 Sent.
849 2758 873 2781 d.
890 2759 928 2780 39.
947 2765 970 2781 a.
987 2759 1008 2780 ¹l.
1023 2766 1047 2787 q.
1068 2760 1086 2781 1.
1102 2771 1134 2775 -

284 2789 340 2811 lusra
359 2789 410 2811 Vnt.
429 2795 471 2817 pro
484 2789 549 2812 iurat
566 2789 636 2812 habet
650 2791 744 2819 peccat,
762 2792 784 2812 61.
798 2795 899 2819 peccare
916 2796 958 2817 pro
972 2790 1088 2819 peierare.

346 2819 354 2832 ²
374 2820 434 2843 Libr.
454 2821 477 2842 ll.
495 2822 625 2849 synonymi.
640 2828 662 2843 n.
681 2821 725 2848 58;
741 2825 820 2849 postea
837 2822 893 2843 ulter
910 2821 977 2844 locus
988 2825 1023 2844 est
1035 2823 1058 2844 ll.
1071 2823 1133 2844 Sem.

283 2857 302 2874 6.
321 2852 359 2873 31.
376 2858 398 2873 n.
417 2853 443 2878 8,
461 2853 483 2874 iu
501 2859 548 2881 quo
565 2855 628 2875 textu
645 2853 690 2875 lide
707 2852 839 2880 originalis,
855 2853 906 2875 cod.
924 2857 946 2875 et
965 2853 1002 2875 ed.
1016 2853 1023 2875 l
1043 2853 1133 2881 supple-

286 2882 361 2904 vimus
379 2882 495 2912 iutelliqit.

347 2913 355 2925 ¹¹
374 2915 399 2936 ln
417 2914 469 2936 Vat.
485 2914 570 2937 excidit
587 2914 635 2944 qui,
653 2915 692 2937 ed.
709 2916 716 2937 l
739 2921 781 2943 pro
803 2914 869 2938 viltius
894 2915 936 2945 qui
959 2915 1039 2939 vendit
1064 2915 1133 2938 habet

285 2951 408 2972 perperam
428 2945 497 2968 vilius
514 2945 602 2969 'rendit

346 2976 355 2988 4
374 2976 448 3004 Supra
466 2983 488 2998 n.
507 2977 545 2999 15.
563 2989 594 2994 —
612 2977 654 2999 Pro
666 2977 830 3007 spiritualium
843 2978 893 3000 Vnt.
906 2977 970 3001 circa
982 2977 1132 3007 spiritualia,

284 3013 344 3035 quae
362 3007 494 3030 immediate
512 3011 565 3035 pust
582 3008 666 3030 omittit
681 3008 732 3032 hoc.

347 3036 355 3049 ⁵
375 3038 440 3060 Vers.
464 3039 486 3060 ¹:
503 3039 540 3061 Sic
558 3045 602 3061 1103
620 3040 733 3062 existimet
750 3041 820 3062 homo
838 3042 862 3062 ut
880 3040 997 3063 ministros
1008 3040 1094 3063 Christi
1111 3044 1133 3063 et

1190 2759 1363 2787 dispensatores
1379 2758 1545 2786 mysteriorum
1561 2758 1608 2780 Dei.
1627 2758 1682 2787 Seq.
1692 2758 1758 2780 locus
1767 2758 1899 2785 scripturae
1911 2761 1945 2780 est
1961 2758 2037 2780 Metili.

1191 2791 1228 2817 110,
1246 2791 1268 2813 8.
1609 2788 1619 2801 ὃ
1636 2790 1666 2812 Ex
1683 2789 1735 2812 cod.
1754 2789 1915 2817 supplevimus
1931 2795 2037 2812 munere.
2114 2778 2116 2808 ,¹

1254 2820 1262 2833 ⁷
1281 2822 1324 2844 Pro
1350 2820 1436 2844 cedunt
1457 2821 1510 2844 cod.
1532 2820 1678 2850 procedunt,
1706 2821 1747 2849 qui
1771 2820 1856 2843 deinde
1878 2820 1962 2843 omittit
1981 2826 2037 2850 pro·

1190 2852 1283 2876 cedunt.
1840 2850 1849 2863 ⁸
1866 2851 1923 2874 Cod.
1939 2851 2036 2880 facerint.

1253 2883 1263 2896 ⁹
1281 2885 1305 2907 ln
1321 2884 1372 2906 cod.
1390 2884 1456 2906 deest
1471 2883 1594 2906 maiorem.

1255 2914 1273 2929 ¹⁰
1294 2915 1351 2937 Vide
1369 2921 1439 2943 supra
1456 2921 1478 2937 n.
1499 2915 1516 2937 1.
1534 2915 1557 2936 111
1575 2915 1627 2937 tine.

1253 2946 1271 2958 ¹¹
1290 2947 1344 2969 Fide
1361 2947 1414 2969 cod.
1430 2951 1453 2968 et
1469 2946 1506 2968 ed.
1524 2947 1532 2968 l
1554 2945 1716 2974 supplevimus
1732 2951 1798 2969 suae.

1253 2976 1273 2990 ¹2
1291 2978 1357 3000 Vers.
1378 2978 1411 2999 19.
1428 2984 1494 3006 seqq.

1253 3007 1274 3020 ¹³
1290 3009 1330 3031 llic
1347 3011 1368 3031 et
1386 3009 1442 3031 infra
1459 3015 1512 3036 cap.
1528 3008 1570 3037 25,
1584 3008 1621 3031 42.
1635 3015 1700 3037 seqq.
1718 3008 1771 3037 Seq.
1789 3009 1854 3031 locus
1870 3007 1986 3030 Ambrosii
2002 3014 2035 3030 re-

1192 3041 1261 3062 fertur
1278 3046 1290 3062 a
1308 3040 1429 3069 Gratiano,
1445 3040 1470 3063 d.
1489 3040 1527 3062 86.
1543 3039 1568 3062 C.
1585 3040 1658 3063 Pasce
1674 3041 1705 3068 (c.
1723 3040 1781 3068 st).
