2133 3317
128 749 156 768 De
170 749 246 768 ferculis

121 773 201 791 aliorum
214 778 246 792 sex

124 797 210 815 filiorum.

149 1644 244 1668 Epilogus.

263 196 298 224 62

261 282 346 303 unam
369 274 481 308 micam,
504 282 578 312 quae
606 273 685 301 eadit
707 272 740 301 de
761 281 863 300 mensa
887 272 1075 301 dominorum
1092 274 1112 306 ¹,

261 321 289 349 in
311 321 363 350 hoc
384 320 509 350 convivio
537 323 633 357 aperto
655 319 754 348 mentis
775 327 824 348 ore
849 319 1010 353 sumsisses,
1029 322 1111 356 puto,

262 368 335 405 quod
357 368 428 396 hanc
450 367 699 404 peregrinationem
722 369 749 395 et
770 374 880 395 omnem
906 366 1112 395 tribulationem

261 423 297 443 ex
320 418 386 443 tunc
408 414 543 451 patienter
565 414 708 442 tolerares.
725 413 808 448 Puto,
823 413 898 450 quod
913 413 935 442 si
951 421 1033 441 unam
1049 416 1112 450 gut-

262 465 316 490 tam
338 462 372 490 de
394 462 456 489 vino
478 464 560 498 potus
589 461 649 490 eius
680 461 868 498 degustasses,
896 469 1005 490 omnem
1028 461 1113 489 huius

262 508 364 537 saeculi
385 507 559 536 dulcedinem
590 507 737 536 fastidires.
769 507 919 545 Gregorius
951 508 977 536 in
1004 508 1112 536 Morali—

261 556 352 584 bus2:
379 555 429 583 «Si
452 563 500 583 cor
522 555 606 584 semel
634 555 660 583 in
684 555 849 584 caelestibus
863 567 890 589 »,
913 563 962 591 per
983 555 1113 592 degusta-

262 603 363 631 tionem
387 602 521 636 subaudi,
548 602 687 639 «figitur,
710 610 793 639 quam
822 602 928 631 abiecta
959 602 1013 631 sint
1046 610 1112 631 mox

262 650 387 678 cernitur
408 657 480 686 quae
501 649 580 686 prius
602 649 657 677 alta
678 649 882 677 videbantur».

345 698 388 725 18.
411 697 433 725 Ο
454 697 547 725 anima
567 705 628 725 mea
648 696 763 730 dilecta,
785 697 819 725 de
847 697 972 725 convivio
994 697 1112 725 Patriar-

263 743 396 778 charum,
412 744 628 780 Prophetarum,
644 743 850 780 Apostolorum,
865 744 1029 780 Martyrum,
1044 743 1113 771 Con-

263 790 400 819 fessorum
422 794 449 819 et
470 790 632 828 Virginum,
654 790 701 827 qui
724 798 774 827 per
795 790 863 819 alios
884 798 935 819 sex
960 790 1030 819 filios
1058 798 1112 818 non

263 837 401 866 immerito
422 837 666 874 praefigurantur,
698 837 764 874 quid
786 837 895 866 dicam?
917 837 1113 874 Unusquisque

263 883 335 912 enim
358 884 458 912 horum
481 887 521 912 tot
542 884 568 912 in
592 884 717 913 convivio
749 892 800 912 suo
833 887 967 921 proponet
991 884 1112 918 fercula,

263 933 332 967 quot
360 930 459 959 habuit
484 931 513 959 in
544 931 595 959 hac
627 931 683 959 vita
714 931 852 959 virtutum
883 938 975 967 opera.
998 930 1030 958 Et
1050 929 1113 967 quis

263 984 395 1006 enarrare
416 977 547 1011 sufficiat,
563 980 697 1014 quantum
720 977 852 1014 gaudium
869 977 1008 1014 quaelibet
1022 976 1113 1005 anima

263 1024 395 1061 suscipiat
415 1024 449 1053 de
471 1027 630 1053 sanctorum
662 1024 887 1053 Patriarcharum
909 1024 1065 1052 humilitate
1086 1026 1114 1052 et

263 1072 437 1109 simplicitate
458 1072 672 1109 perfectissima,
701 1072 735 1101 de
764 1072 964 1108 Prophetarum
994 1070 1114 1099 creduli-

263 1122 318 1148 tate
340 1123 367 1148 et
387 1119 518 1148 fidelitate
539 1119 708 1153 certissima,
730 1119 763 1147 de
786 1119 977 1155 Apostolorum
999 1118 1113 1146 caritate

263 1170 290 1195 et
312 1174 410 1203 magna
431 1166 586 1203 diligentia,
607 1166 641 1194 de
670 1166 822 1202 Martyrum
849 1165 997 1193 stabilitate
1018 1168 1045 1193 et
1066 1172 1114 1201 pa-

263 1213 372 1247 tientia,
394 1213 427 1241 de
449 1213 643 1242 Consessorum
664 1213 765 1249 pietate
786 1216 813 1241 et
834 1212 988 1246 clementia,
1003 1211 1037 1240 de
1051 1211 1113 1239 Vir-

263 1261 357 1297 ginum
390 1259 514 1288 castitate
542 1262 569 1288 et
600 1259 786 1288 continentia?
813 1259 945 1287 «Revera
968 1258 1061 1295 lingua
1087 1260 1114 1286 et

263 1316 319 1336 vox
333 1307 437 1341 deficit,
453 1307 519 1344 quia
536 1307 693 1335 intellectus
708 1314 807 1343 capere
822 1314 876 1334 non
892 1305 1010 1339 sufficit,
1025 1313 1114 1342 quan-

263 1357 322 1383 tum
345 1354 379 1382 sit
400 1354 533 1391 gaudium
555 1354 721 1390 Angelorum
751 1353 844 1381 choris
877 1352 1027 1386 interesse,
1049 1360 1113 1380 cum

262 1401 427 1430 beatissimis
459 1400 603 1437 spiritibus
636 1400 739 1437 gloriae
777 1399 932 1428 Conditoris
967 1399 1112 1433 assistere,

262 1451 434 1485 praesentem
467 1448 515 1476 Dei
547 1448 656 1476 vultum
686 1455 816 1481 cernere,
839 1446 1111 1483 incircumscriptum

263 1495 356 1524 lumen
378 1496 487 1530 videre,
510 1495 586 1524 nullo
608 1498 683 1523 metu
705 1494 803 1523 mortis
823 1493 911 1527 affici,
927 1493 1113 1530 incorruptio-

262 1543 305 1571 nis
326 1546 477 1580 perpetuae
498 1550 615 1571 munere
637 1542 774 1571 laetari».
798 1542 867 1570 Haec
889 1541 1039 1578 Gregorius
1051 1541 1070 1569 ³.

347 1591 387 1618 19.
415 1590 437 1618 O
469 1598 552 1626 quam
580 1589 648 1618 felix
680 1588 728 1617 tibi
760 1588 814 1617 erit
845 1588 913 1616 haec
942 1588 1015 1622 dies,
1048 1595 1112 1616 cum

262 1637 349 1666 fueris
380 1636 413 1665 ad
444 1636 624 1665 hereditatem
652 1639 764 1672 patrum
796 1638 910 1663 tuorum
939 1642 1051 1663 reversa
1086 1637 1112 1663 et

263 1692 326 1713 cuni
356 1684 485 1712 omnibus
517 1683 561 1712 his
589 1682 781 1712 inaestimabili
817 1681 917 1719 gaudio
951 1681 1038 1710 fueris
1069 1689 1112 1710 as-

812 194 1009 224 OPUSCULUM
1031 194 1059 222 11.
1082 193 1313 230 SOLILOQUIUM.
1336 194 1404 222 CAP.
1428 194 1470 222 IV.

1170 274 1261 300 sumta
1292 276 1319 301 et
1349 272 1383 301 ad
1412 272 1565 300 thalamum
1597 272 1698 300 summi
1721 272 1800 309 Regis
1831 271 1946 301 feliciter
1978 273 2019 301 in-

1170 319 1315 348 troducta!
1338 320 1392 348 lam
1414 327 1488 348 nunc
1510 319 1721 356 expergiscere,
1743 327 1759 347 o
1784 319 1875 348 anima
1897 328 1970 354 mea,
1992 323 2019 349 et

1169 374 1233 395 cum
1265 367 1311 395 illa
1339 367 1443 395 famosa
1471 367 1566 404 regina
1578 367 1598 400 4,
1631 374 1694 395 cum
1728 366 1899 395 aromatibus
1931 367 2019 395 virtu-

1171 417 1247 448 tum,
1276 422 1339 442 cum
1368 413 1508 442 thesauris
1539 413 1677 442 bonorum
1709 421 1844 450 operum,
1873 421 1936 442 cum
1961 422 2019 442 ma-

1169 469 1223 497 gno
1250 464 1386 497 apparatu
1418 460 1577 489 caelestium
1609 460 1811 489 desideriorum
1842 460 1959 489 ascende
1990 460 2017 489 in

1170 507 1244 535 illam
1267 507 1415 536 Ierusalem
1438 514 1587 543 supernam
1616 509 1643 534 et
1664 506 1852 542 contemplare
1873 506 2019 543 diligenter

1170 554 1278 590 singula
1299 557 1326 582 et
1347 553 1422 587 vide,
1444 552 1519 590 quod
1546 552 1648 581 veritas
1680 552 1765 581 vincit
1792 552 1911 587 famam,
1932 553 2020 589 gloria

1170 603 1322 637 exsuperat
1342 608 1452 629 omnem
1474 600 1628 637 loquelam;
1650 603 1677 628 et
1706 603 1772 628 tunc
1794 599 1908 636 incipies
1928 600 2020 629 dicere

1170 655 1233 675 cum
1255 647 1334 676 beato
1365 647 1444 675 Petro
1472 646 1499 675 in
1530 655 1630 683 magno
1651 646 1742 675 cordis
1763 646 1864 675 iubilo:
1889 647 2018 681 Domine,

1170 694 1277 723 bonum
1299 698 1339 723 est
1359 703 1412 722 nos
1434 693 1480 722 hie
1502 694 1602 727 esse⁵;
1624 694 1669 722 hic
1690 697 1785 731 pater,
1801 694 1846 723 hic
1862 697 1958 729 mater,
1975 694 2020 723 hic

1170 750 1264 776 soror,
1287 742 1331 770 hic
1352 741 1452 775 frater,
1481 741 1526 769 1110
1554 741 1658 778 patria!
1682 740 1704 769 Ο
1736 741 1867 776 Domine,
1890 741 2020 778 permitte

1169 797 1220 817 nos
1241 789 1285 817 hic
1306 796 1365 817 esse
1387 791 1414 817 et
1434 788 1535 817 abhinc
1556 796 1700 825 nunquam
1723 788 1882 817 discedere!
1908 789 2020 817 Ambro-

2116 792 2119 804 1

1170 836 1228 864 sius
1238 836 1265 863 ⁶:
1292 847 1304 860 α
1320 835 1483 872 Fugiamus,
1499 843 1514 863 0
1529 835 1634 869 anima,
1656 835 1684 863 in
1699 835 1817 871 patriam
1831 835 2018 869 verissimam,
2034 838 2117 859 Exhortat

1169 883 1235 920 quia
1255 883 1311 911 illic
1332 886 1373 911 est
1394 882 1500 919 patria,
1522 882 1555 910 ad
1577 890 1662 918 quam
1677 881 1777 910 conditi
1800 889 1906 916 sumus,
1930 882 2018 916 Pater,

1169 937 1185 957 a
1206 937 1262 966 quo
1284 929 1368 958 creati
1390 936 1505 963 sumus,
1527 929 1633 957 mansio
1654 936 1766 963 secura,
1788 928 1950 957 Ierusalem
1970 937 2020 957 su—

1166 984 1278 1013 perna,
1300 984 1375 1014 quae
1395 979 1436 1004 esc
1466 978 1560 1004 utctter
1587 979 1691 1004 'nostra
1705 987 1732 1003 ».
1762 976 1942 1004 Anselmus⁷:
1968 987 1981 1000 «
1997 975 2020 1004 Ο

1170 1023 1273 1057 anima,
1299 1026 1392 1051 tantus
1416 1022 1497 1051 debet
1522 1030 1581 1051 esse
1605 1022 1633 1051 in
1658 1022 1710 1051 hac
1731 1022 1787 1050 vita
1808 1022 1918 1050 mortali
1942 1030 2020 1051 amor

1170 1073 1197 1098 et
1217 1070 1385 1099 desiderium
1417 1070 1595 1107 perveniendi
1623 1069 1657 1098 ad
1688 1069 1773 1103 illud,
1795 1069 1827 1098 ad
1854 1069 1928 1106 quod
1949 1069 2021 1098 sacta

1170 1124 1214 1150 es,
1237 1120 1263 1145 et
1284 1116 1378 1151 dolor,
1400 1117 1466 1153 quia
1488 1117 1611 1145 nondum
1626 1116 1662 1145 ibi
1679 1124 1723 1150 es,
1746 1119 1773 1145 et
1788 1116 1884 1150 timor,
1900 1124 1934 1145 ne
1948 1116 2019 1145 forte

1170 1171 1224 1191 non
1236 1163 1390 1200 pervenias,
1407 1167 1437 1192 ut
1451 1164 1556 1192 nullam
1573 1163 1703 1192 laetitiam
1718 1163 1821 1192 sentire
1838 1163 1943 1196 valeas,
1965 1163 2017 1191 nisi

1169 1210 1203 1239 de
1226 1210 1268 1239 his
1289 1218 1360 1247 quae
1389 1210 1438 1239 tibi
1469 1210 1608 1239 auxilium
1637 1213 1669 1239 et
1685 1218 1761 1247 spem
1783 1209 1930 1238 conserunt
1951 1217 2014 1246 per-

1171 1257 1296 1286 veniendi
1312 1270 1338 1286 ».

1564 1359 1629 1395 §a

1186 1461 1277 1492 Tertio,
1294 1461 1362 1485 Beati
1379 1461 1517 1485 convertunt
1534 1460 1625 1485 radium
1642 1461 1841 1492 contemplationis
1858 1461 1887 1484 ad
1905 1467 1931 1484 ea
1948 1468 2005 1492 quae

1343 1500 1408 1524 intra
1425 1508 1448 1524 se
1466 1501 1535 1531 sunt,
1552 1501 1576 1524 et
1592 1500 1720 1531 tripliciter
1737 1500 1847 1530 gaudenti.

1248 1589 1294 1616 20.
1319 1588 1432 1625 Corpus
1453 1588 1535 1616 etiam
1566 1590 1707 1622 nostrum,
1730 1587 1804 1624 quod
1829 1595 1866 1616 ex
1898 1589 2019 1624 quatuor

1169 1634 1311 1663 elementis
1332 1637 1374 1663 est
1394 1634 1593 1671 compositum,
1616 1637 1737 1672 quatuor
1765 1634 1876 1663 dotibus
1898 1633 1951 1662 erit
1975 1641 2019 1662 re-

1169 1680 1375 1710 munerandum
1386 1681 1405 1709 8.
1428 1682 1515 1710 Terra
1535 1681 1608 1710 enim
1640 1684 1707 1710 tunc
1735 1680 1848 1709 habebit
1879 1683 2018 1709 aeternam

325 1821 332 1833 ¹
352 1822 428 1843 Manu.
450 1821 488 1849 15,
507 1822 543 1843 27.
557 1822 599 1843 Pro
616 1820 781 1848 (laminarum,
797 1821 859 1850 quod
879 1822 894 1843 Α
906 1820 973 1843 CFL
992 1821 1111 1848 omittunt,

262 1861 306 1883 DE
325 1860 426 1884 Domini.
443 1873 473 1877 —
491 1861 602 1888 Superius
620 1861 713 1883 ΑΠΕΡΙ.
731 1860 838 1883 omittunt
855 1859 935 1883 it'l'llml
955 1861 977 1883 el
993 1859 1112 1889 famelica.

261 1901 356 1922 Inferius
369 1906 411 1928 pro
423 1900 538 1929 [1011111101-
551 1900 666 1923 tolet-ures
681 1900 723 1925 (ita
741 1901 758 1922 A
768 1899 784 1922 C
796 1900 813 1922 D
823 1900 838 1922 Ε
848 1900 863 1921 F
873 1900 879 1921 l
889 1900 914 1928 L)
930 1900 978 1921 Vat.
993 1899 1112 1928 t'nipnlien-

261 1941 296 1962 tri·
315 1939 437 1967 tolerares,
455 1943 477 1961 et
494 1946 536 1967 pro
555 1939 582 1962 cle
600 1939 652 1962 rino
666 1941 739 1969 polus
758 1939 775 1961 D
786 1939 801 1961 E
818 1938 893 1961 <livini
905 1940 985 1968 potus.

324 1979 333 1992 ²
351 1980 395 2002 Csr.
414 1980 442 2002 V.
460 1985 479 2001 0.
500 1980 518 2001 1,
535 1986 558 2001 n.
580 1979 585 2001 l
600 1987 606 2001 ι
623 1979 720 2001 Pensant
732 1982 809 2001 autem
823 1978 876 2008 [viri
889 1978 982 2007 sanctfl,
995 1984 1056 2007 quae
1069 1978 1113 2000 sint

262 2023 354 2041 aeterna
371 2018 430 2041 bona
439 2036 444 2046 ‚
457 2025 517 2048 quae
529 2018 635 2046 cupiunt,
648 2021 670 2040 et
681 2020 833 2046 cognoscunt,
846 2024 916 2046 quam
929 2018 983 2040 nihil
995 2017 1023 2039 sit
1035 2023 1112 2045 omne,

261 2059 324 2087 qnod
351 2058 463 2081 blandum
489 2058 646 2086 temporaliter
663 2058 749 2080 arridet
766 2061 822 2084 etc.;
845 2058 898 2079 thl.
921 2063 941 2079 e.
964 2057 1001 2079 27.
1024 2064 1047 2079 n.
1070 2057 1112 2079 46:

262 2098 337 2121 Sancti
355 2098 411 2125 riri,
429 2104 475 2127 quo
499 2098 577 2120 verius
599 2104 689 2120 summa
709 2100 864 2125 cognoscunt,
882 2103 910 2119 eo
927 2096 1050 2119 sublimius
1070 2099 1112 2118 ter-

262 2144 316 2160 rena
340 2137 478 2165 despiciunt.
502 2137 562 2159 Vide
579 2136 636 2159 ibid.
655 2142 674 2158 0.
697 2137 730 2158 13.
748 2143 770 2158 11.
788 2136 824 2158 28.
843 2135 904 2158 Libr.
923 2136 1014 2158 xxwl.
1034 2142 1054 2157 0.
1079 2135 1112 2157 16.

261 2184 282 2199 u⁴
301 2177 341 2198 3-2:
360 2177 483 2205 Postquam
496 2182 556 2204 quae
568 2178 643 2198 essent
655 2178 744 2197 aeterna
759 2175 869 2203 cognovit
886 2174 1023 2204 [animus]...
1041 2175 1113 2197 admi-

262 2216 349 2238 ratione
366 2222 512 2238 sunimorum
531 2221 581 2238 sese
599 2214 628 2237 ab
646 2215 730 2237 infimis
748 2215 871 2237 suscitatus
888 2214 999 2242 elevavit,
1015 2217 1039 2236 ut
1053 2214 1112 2236 nulla

262 2255 307 2277 10111
325 2255 357 2283 ei,
376 2255 418 2277 nisi
436 2260 496 2283 quae
514 2257 605 2276 aeterna
623 2256 687 2281 sunt,
706 2253 791 2276 libeant
809 2256 831 2275 et
847 2254 962 2281 despectis
979 2253 1112 2275 transeunti-

262 2294 318 2319 bus,
336 2294 384 2316 sola
402 2300 461 2322 quae
479 2297 616 2322 permanent
641 2294 750 2322 requirat.
775 2293 835 2315 Vide
858 2293 926 2315 etiam
945 2293 959 2314 l.
984 2293 1068 2315 Homil.
1090 2293 1112 2314 in

261 2334 342 2355 Ezerh.
360 2333 438 2362 homil.
462 2333 494 2354 lo.
512 2339 533 2354 n.
553 2332 594 2359 433
612 2333 626 2354 1.
645 2333 728 2354 Homil.
744 2333 768 2354 in
785 2333 873 2360 Evang.
892 2332 970 2354 homil.
991 2333 1025 2353 ll.
1044 2338 1066 2353 n.
1084 2332 1111 2353 2:

262 2373 306 2401 Qui
323 2372 426 2394 caelestis
444 2372 504 2394 11100
522 2372 681 2399 dulcedinem,
700 2371 721 2394 111
739 2374 851 2400 quantum
875 2371 1014 2399 possibilitas
1032 2371 1112 2393 admit-

263 2412 298 2439 tit,
317 2413 416 2439 perfecte
440 2410 588 2439 cognoverit,
606 2417 631 2432 ea
655 2417 715 2439 quae
732 2411 753 2432 111
772 2411 837 2432 torris
863 2414 995 2437 amaverat,
1013 2410 1112 2432 libenter

262 2454 342 2473 cunt-ta
361 2450 511 2479 derelinquit,
531 2450 554 2472 in
571 2450 744 2477 comparatione
762 2450 811 2472 eius
827 2450 942 2471 vilescunt
964 2449 1057 2477 omnia,
1075 2449 1112 2471 de-

262 2490 316 2512 serit
334 2489 424 2513 habitu.
442 2492 583 2517 congregata
602 2489 727 2516 dispergit,
745 2489 869 2511 inardescit
881 2488 902 2510 in
916 2488 1052 2511 caelestibus
1064 2488 1109 2510 ani-

262 2535 325 2554 mus,
343 2529 371 2550 nil
390 2529 412 2550 111
431 2529 526 2550 terrenis
543 2528 613 2555 libet,
630 2528 735 2550 deforme
747 2528 890 2555 conspicitur
901 2528 1015 2556 quidquid
1030 2528 1058 2549 110
1072 2533 1112 2549 [er-

261 2574 330 2590 renae
347 2568 379 2589 rei
398 2568 504 2595 placebat
529 2567 613 2595 specie.
638 2567 717 2590 Simile
738 2567 822 2589 dicitur
845 2567 902 2589 ibid.
930 2567 952 2589 11.
979 2568 1056 2589 homil.
1075 2567 1113 2589 25.

261 2614 283 2629 11.
302 2608 322 2629 Ξ.
340 2607 361 2629 111
381 2607 432 2629 tino.
451 2608 493 2629 Pro
511 2606 616 2629 subaudi
631 2608 646 2629 L
664 2613 773 2630 smnmae
789 2606 915 2636 felicitatis.

352 2646 412 2668 Libr.
432 2647 454 2668 ll.
473 2646 555 2668 llomil.
573 2647 596 2668 in
615 2647 701 2674 Evang.
720 2646 798 2668 homil.
816 2646 853 2668 37.
873 2652 895 2668 n.
918 2647 936 2667 1.

324 2686 332 2697 ⁴
351 2686 382 2707 De
400 2692 444 2714 qua
465 2686 495 2707 lll.
514 2686 571 2713 Ileg.
593 2686 626 2712 10,
649 2686 667 2707 l.
683 2692 748 2714 seqq.
766 2688 788 2707 et
805 2686 828 2707 ll.
847 2685 944 2712 paralip.
963 2685 989 2711 9,
1012 2685 1029 2706 l.
1047 2690 1112 2713 seqq.

261 2737 292 2740 —
310 2724 421 2752 Superius
438 2730 480 2752 pro
503 2730 558 2747 cum
580 2724 689 2747 ominbus
711 2724 747 2747 his
773 2723 943 2747 inaestimabili
966 2723 1054 2753 91111ιίῐο
1073 2724 1112 2751 (110

262 2763 394 2792 ΛΕΒΙΞι)
421 2764 472 2786 Vnt.
496 2762 591 2793 quaudo
617 2762 647 2785 ab
673 2763 708 2786 his
735 2762 844 2786 ommibus
868 2769 922 2786 cum
946 2761 1115 2785 inaestimabili

262 2803 358 2832 glaudio.

325 2841 334 2853 ⁶
351 2842 428 2864 Tilattli.
450 2842 487 2869 17,
506 2842 527 2864 i.
546 2855 575 2858 -—
593 2842 704 2870 Superius
721 2845 773 2870 post
790 2842 910 2871 loquelam
923 2843 981 2869 Vnt.y
995 2843 1112 2869 refragan-

262 2881 322 2904 tibus
340 2881 383 2904 AC
395 2882 411 2903 D
422 2882 462 2903 EF
473 2882 499 2907 L,
518 2882 677 2910 prosequitur:
695 2882 713 2903 si
732 2883 789 2904 sorte
806 2888 887 2909 posses
904 2888 930 2904 ex
954 2881 1112 2904 admirationis

263 2921 421 2949 magnitudine
447 2924 507 2943 extra
536 2922 664 2943 humanum
690 2921 794 2949 spiritum
821 2921 870 2949 rapi
893 2924 915 2943 et
933 2921 991 2943 miro
1009 2921 1111 2950 quodam

262 2960 494 2983 111011011111111110111
523 2961 629 2988 spiritum
657 2961 824 2986 transformari,
849 2963 872 2982 ut
897 2960 974 2983 dicere
999 2960 1113 2988 inciperes

261 3007 314 3023 cum
334 3000 399 3022 Petro
417 3003 458 3022 ete.

1233 1819 1242 1832 ⁰
1261 1821 1291 1842 De
1311 1821 1371 1842 isaac
1389 1822 1411 1842 et
1427 1820 1515 1847 anima,
1533 1826 1552 1842 0.
1572 1820 1592 1842 8.
1610 1826 1632 1841 n.
1650 1819 1692 1841 78:
1714 1819 1863 1847 «Fugiamus
1874 1825 1930 1847 ergo
1948 1819 1969 1841 in
1982 1825 2020 1847 pa-

1170 1860 1236 1882 trIam
1254 1860 1411 1882 verissimam.
1429 1859 1473 1882 11110
1490 1859 1564 1887 patria
1583 1858 1649 1881 nobis
1667 1862 1689 1880 et
1707 1858 1749 1881 illie
1766 1859 1839 1885 Pater,
1857 1865 1869 1880 a
1887 1864 1934 1887 quo
1951 1858 2020 1881 creati

1170 1905 1259 1925 sumus,
1277 1899 1315 1921 ubi
1333 1902 1367 1921 est
1393 1899 1515 1921 Ierusalem
1541 1898 1635 1925 0111105,
1653 1904 1714 1926 quae
1737 1901 1771 1920 est
1793 1900 1866 1919 mater
1883 1897 2020 1919 omnium».

1171 1939 1192 1960 ln
1211 1939 1255 1960 fine
1272 1939 1383 1966 allegatur
1400 1939 1448 1960 Gal.
1467 1938 1487 1965 4,
1506 1938 1543 1960 25.
1561 1944 1609 1967 seq.

1233 1975 1241 1988 ⁷
1260 1977 1322 1999 Libr.
1341 1978 1354 1999 l.
1371 1977 1417 1999 Cur
1434 1977 1496 1999 Deus
1513 1978 1591 2003 homo,
1609 1983 1629 1999 c.
1647 1977 1684 1998 20.

1234 2015 1242 2028 Β
1260 2017 1336 2039 Secuti
1353 2022 1434 2039 sumus
1451 2016 1520 2039 codd.
1532 2015 1577 2039 AC
1587 2016 1605 2038 D
1615 2016 1690 2042 EFL,
1702 2015 1832 2038 omittentes
1849 2021 1875 2038 ea
1893 2021 1953 2044 quae
1969 2015 2021 2037 Vat.

1170 2056 1289 2083 praemisit
1315 2056 1367 2078 huic
1391 2055 1555 2084 propositioni:
1573 2056 1668 2078 Anima.
1686 2054 1703 2077 O
1730 2055 1814 2082 1101110,
1831 2055 1888 2077 dum
1907 2055 1964 2076 11000
1982 2054 2019 2076 011-

1169 2095 1264 2123 qnando
1282 2095 1371 2123 cogito,
1390 2095 1446 2117 dum
1465 2095 1521 2116 11000
1539 2094 1605 2117 tacita
1624 2096 1699 2116 mente
1718 2100 1809 2116 mecum
1827 2096 1950 2122 pertracto,
1964 2093 2020 2122 quid

1170 2138 1217 2161 est,
1234 2134 1296 2163 quod
1316 2137 1369 2156 tunc
1387 2134 1505 2156 interlucet
1531 2133 1586 2155 mihi
1604 2136 1626 2155 et
1644 2133 1742 2161 percutit
1758 2139 1798 2155 cor
1815 2139 1893 2155 meum
1911 2133 1960 2155 sine
1977 2133 2020 2155 lae·

1170 2174 1246 2201 sione,
1265 2176 1286 2196 et
1304 2174 1437 2195 inhorresco
1454 2176 1477 2195 et
1493 2173 1605 2195 ardesco?
1624 2173 1766 2200 Augustinus
1779 2172 1820 2202 [X.
1832 2171 1936 2195 Confess.
1948 2178 1968 2195 0.
1982 2172 2020 2194 40.

1170 2220 1191 2235 n.
1210 2212 1271 2242 65.];
1291 2222 1302 2233 ιι
1315 2212 1454 2235 lutromittor
1472 2212 1597 2241 aliquando
1615 2212 1742 2234 mentaliter
1760 2212 1784 2233 in
1801 2212 1907 2234 affectum
1921 2211 2019 2234 multum

1169 2252 1316 2279 inusitatum,
1341 2252 1417 2274 nescio
1439 2258 1509 2280 quam
1533 2251 1692 2278 dnlcedinem,
1710 2257 1770 2279 quae
1795 2251 1813 2272 si
1832 2250 1981 2278 perficeretur
1997 2250 2020 2272 in

1171 2297 1215 2318 me,
1234 2291 1322 2318 nescio,
1348 2291 1405 2320 quid
1423 2291 1477 2319 erit,
1495 2291 1559 2319 quod
1584 2291 1631 2312 vita
1656 2290 1695 2312 ista
1719 2296 1763 2312 non
1782 2290 1831 2312 erit.
1850 2290 1895 2312 Sed
1917 2290 2021 2312 recidivo

1170 2330 1246 2352 oneris
1262 2329 1406 2358 ponderibus
1423 2333 1445 2352 et
1461 2329 1583 2352 resorbeor
1601 2329 1672 2352 solitis
1689 2330 1758 2352 euris.
1776 2329 1816 2351 Hic
1829 2335 1879 2351 esse
1892 2329 1966 2356 valeo,
1979 2335 2020 2351 nec

1170 2370 1235 2396 1-010,
1253 2370 1297 2392 illie
1315 2376 1366 2392 osse
1383 2370 1449 2396 volo,
1466 2375 1508 2391 nec
1526 2369 1604 2396 valeo,
1628 2369 1697 2391 miser
1723 2368 1846 2397 utrobique
1859 2377 1881 2390 n.
1898 2369 1959 2391 Haec
1976 2368 2020 2390 Au-

1170 2409 1284 2437 gustinus.
1303 2409 1384 2432 Homo.
1403 2409 1420 2431 O
1438 2409 1526 2435 anima,
1544 2412 1613 2437 puto,
1631 2408 1694 2437 quod
1708 2409 1764 2430 haec
1776 2408 1880 2430 caelestia
1894 2407 1942 2430 sine
1954 2413 2020 2435 prae-

1171 2448 1279 2471 libatione
1302 2449 1432 2471 dulcedinis
1461 2454 1507 2470 non
1533 2450 1630 2476 possunt
1652 2448 1756 2475 cogitari.
1782 2447 1827 2469 Sed
1849 2447 1936 2475 1105010,
1962 2446 2020 2475 quid

1140 2496 1141 2500 ¹
1171 2492 1225 2510 tune
1243 2488 1296 2515 erit,
1314 2494 1367 2510 011111
1387 2489 1487 2515 perfecte
1504 2488 1527 2509 in
1545 2494 1569 2509 re
1592 2487 1641 2509 sine
1662 2487 1792 2514 aenigmate
1818 2488 1925 2514 poterunt
1948 2486 2019 2514 degu-

1169 2527 1231 2549 stari.
1248 2527 1313 2549 Unde
1331 2533 1375 2549 non
1393 2530 1427 2549 ost
1445 2527 1588 2553 mirandum,
1606 2527 1625 2549 si
1648 2526 1784 2554 praelibatio
1803 2526 1882 2548 talium
1901 2525 1941 2548 tibi
1959 2526 2020 2548 incu-

1170 2566 1195 2588 tit
1213 2566 1280 2588 liuius
1298 2566 1368 2588 exsilii
1387 2566 1502 2594 taedium,
1520 2566 1573 2594 quia
1592 2566 1646 2588 nihil
1660 2568 1694 2588 est
1707 2565 1781 2593 magis
1798 2571 1917 2593 amarum,
1935 2571 2019 2594 quam,

1169 2608 1293 2633 postquam
1312 2605 1389 2627 anima
1414 2604 1536 2627 consuevit
1560 2604 1638 2627 talium
1659 2603 1847 2631 praegustatione
1864 2603 1983 2632 consolari,
2000 2603 2020 2626 si

1168 2650 1262 2666 rursum
1281 2644 1393 2672 inceperit
1410 2643 1568 2666 mundialibus
1581 2646 1602 2666 et
1620 2643 1755 2665 transitoriis
1768 2643 1887 2671 implicari.
1900 2643 1956 2665 Hinc
1973 2645 2018 2669 est,

1169 2683 1233 2712 quod
1251 2684 1325 2705 anima
1345 2683 1444 2710 laborat,
1462 2684 1559 2705 luctatur
1577 2686 1599 2705 et
1615 2683 1726 2705 anxiatur.
1745 2682 1789 2704 lllic
1800 2688 1893 2710 semper
1911 2688 1961 2705 esse
1979 2688 2018 2704 cu-

1169 2723 1214 2751 pit,
1232 2729 1274 2745 nec
1291 2723 1386 2751 sufficit;
1405 2723 1441 2745 liic
1459 2729 1509 2745 esse
1526 2722 1684 2750 compellitur,
1702 2721 1743 2744 sed
1761 2721 1805 2743 illie
1823 2725 1875 2749 post
1892 2722 1935 2743 1100
1955 2721 2019 2750 quod

1169 2765 1344 2790 praegustatum
1363 2765 1407 2790 est,
1428 2762 1553 2784 ascendere
1570 2764 1673 2784 conatur.
1686 2761 1732 2783 Iam
1750 2761 1824 2787 0111111,
1846 2769 1857 2781 c<
1869 2764 1960 2789 gustato
1975 2761 2020 2788 spi-

1169 2802 1226 2828 ritu,
1242 2802 1326 2829 desipit
1343 2802 1418 2824 omnis
1435 2807 1488 2824 earo
1506 2800 1637 2831 [Bernard.,
1655 2801 1725 2828 Epist.
1747 2800 1796 2822 lll.
1814 2807 1836 2822 n.
1854 2799 1884 2829 3.]
1897 2809 1918 2822 n.
1936 2799 2019 2822 Vidisti

1170 2841 1282 2869 gaudium
1302 2841 1423 2863 Beatornm
1442 2841 1471 2863 de
1489 2841 1523 2863 his
1540 2847 1600 2869 quae
1617 2843 1670 2862 sunt
1687 2840 1744 2862 infra
1770 2842 1803 2866 te,
1821 2843 1843 2862 et
1861 2839 1889 2861 de
1907 2839 1942 2862 his
1958 2845 2019 2868 quae

1170 2883 1223 2903 sunt
1240 2881 1301 2902 iuxta
1321 2885 1351 2909 te;
1370 2881 1424 2903 vide
1442 2880 1524 2908 modo,
1542 2880 1561 2902 si
1587 2882 1664 2908 potes,
1682 2880 1749 2908 quale
1776 2879 1888 2907 gaudium
1915 2880 2017 2901 futurum

1170 2920 1197 2942 sit
1215 2920 1243 2942 de
1262 2920 1296 2942 his
1313 2926 1373 2948 quae
1396 2923 1449 2942 sunt
1474 2919 1539 2942 intra
1556 2921 1584 2942 te.
1609 2920 1684 2942 Homo
1707 2919 1768 2941 enim
1793 2918 1979 2941 remunerabitur
1996 2918 2018 2940 in

1170 2965 1269 2988 corpore
1285 2962 1307 2981 et
1325 2959 1347 2981 in
1365 2960 1440 2982 mente
1457 2961 1479 2981 et
1495 2959 1592 2981 istorum
1611 2962 1702 2981 aeterna
1720 2961 1743 2980 et
1760 2956 1907 2986 inseparabili
1925 2956 2018 2979 unione.

1170 2998 1259 3026 Corpus
1277 2999 1337 3020 0111111
1354 3001 1460 3020 nostrum
1478 3001 1521 3020 etc.

2037 1596 2122 1616 Gau-iiim
2131 1601 2133 1617 11

2042 1623 2123 1644 quatuor*
2129 1630 2133 1636 «1

2041 1644 2091 1663 tibus
2101 1649 2121 1664 co
2132 1654 2133 1658 =

2041 1668 2074 1686 ris.
