2133 3317
3 0 8 158 Ι
65 6 69 9 ,

648 211 844 241 OPUSCULUM
866 211 894 239 11.
917 210 1148 248 SOLILOQUIUM.
1171 212 1239 241 CAP.
1262 212 1290 240 ΙΙ.

10 309 44 324 m
59 300 135 322 estex
165 291 261 325 dictis,
292 290 340 319 sed
371 290 453 319 etiam
487 297 524 318 ex
554 289 647 323 factis,
679 297 764 326 quam
798 288 944 317 instabilis

9 329 24 348 li
42 332 86 351 opu-

7 357 23 375 a,
29 350 87 370 ucel-

8 380 25 398 1,
51 373 88 398 glo-

7 1187 81 1216 aquita-

0 1216 80 1231 luminum

0 1235 47 1255 salio.

0 1374 82 1400 musio.

99 341 138 368 cst
158 337 313 366 mundana
335 336 496 374 opulentia,
518 343 603 373 quam
623 335 774 364 mutabilis
794 339 834 364 est
858 344 944 363 ntun-

99 385 180 414 dana
210 383 389 417 excellentia,
421 391 506 420 quam
536 381 618 420 falsa
644 385 669 410 et
698 381 876 410 miserabilis
903 385 944 409 est

98 431 254 461 mundana
279 430 387 468 ylorz‘a.
413 441 427 455 ιι
441 429 528 459 Omne
555 429 642 463 enim,
664 428 739 466 quod
760 428 805 457 hic
826 428 942 461 eminet,

97 478 185 507 multo
215 477 279 514 plus
309 484 436 505 moerore
460 476 596 510 afficitur,
627 483 712 513 quam
743 475 849 504 honore
875 482 943 511 gau-

97 525 160 554 deat
174 536 200 552 ».
223 524 293 552 Haec
318 523 468 560 Gregorius
480 524 499 551 1.
522 522 695 551 Bernardus:
721 534 735 547 α
754 523 837 556 Ecce,
859 522 944 550 huius

97 571 193 600 mundi
211 574 349 599 amatores
362 569 500 599 nundinas
514 570 600 598 buius
617 569 719 598 saeculi
734 569 942 606 perambulant,

97 617 142 647 alii
163 617 284 651 divitias,
299 617 345 645 alii
360 617 491 650 honores,
505 616 550 645 alii
569 616 684 653 gloriam
699 619 873 653 quaerentes.
892 615 943 644 Sed

98 663 164 701 quid
178 663 212 692 de
226 663 338 692 divitiis
352 663 460 692 dicam?
475 662 544 691 Cum
559 662 653 691 labore
667 662 863 699 acquiruntur,
879 669 943 691 cum

97 710 196 739 timore
216 710 402 747 possidentur,
423 717 487 738 cum
505 709 600 738 dolore
620 709 796 738 amittuntur.
819 708 890 745 Quid
910 708 944 737 de

97 756 205 786 honore
222 756 362 785 referam?
377 756 405 785 ln
426 756 486 785 loco
500 756 612 785 sublimi
633 755 739 792 positus
753 763 796 790 es,
817 755 944 792 uunquid

96 811 153 832 non
166 803 222 832 eris
243 803 406 832 iudicandus
420 803 455 831 ab
473 803 615 836 omnibus,
630 802 793 831 lacerandus
807 802 842 831 ab
856 802 944 830 omni-

97 849 170 879 bus?
197 850 328 887 Nunquid
342 850 370 878 111
393 850 498 878 11011οΓ6
519 849 578 878 sine
598 849 705 883 dolore,
727 849 755 877 in
776 849 944 885 praelatione

97 897 156 926 sine
187 897 378 931 tribulatione,
404 897 431 925 in
457 896 626 926 sublimitate
654 896 713 925 sine
733 896 854 925 vanitate
884 904 944 925 esse

97 944 160 981 quis
181 943 306 981 poterit?
330 943 402 980 Quid
422 943 456 972 de
481 942 601 981 gloria?
622 943 695 971 Nihil
722 943 797 971 aliud
822 945 864 972 est
891 942 943 971 nisi

97 990 231 1028 quaedam
252 998 323 1019 vana
342 990 454 1019 aurium
476 989 589 1018 inflatio.
611 989 741 1026 Nunquid
766 992 793 1018 et
818 989 877 1026 ipsa
903 991 945 1018 est

96 1036 155 1065 sine
169 1036 291 1065 iudicio?
307 1036 431 1072 Respice,
452 1044 523 1073 quos
543 1036 694 1070 antecedis,
716 1039 743 1064 et
760 1035 864 1072 cogita,
879 1035 945 1072 quia

96 1083 226 1112 omnibus
237 1083 354 1112 invidiae
367 1083 472 1112 semina
483 1083 634 1120 praebuisti
644 1083 655 1100 ²
664 1094 690 1111 n.
700 1083 769 1111 Haec
778 1083 942 1111 Bernardus.

175 1130 202 1159 3.
223 1131 324 1158 Annia.
346 1130 368 1158 Ο
391 1130 486 1164 homo,
508 1130 530 1159 si
552 1130 619 1159 haec
635 1130 673 1158 ita
693 1138 722 1158 se
744 1129 859 1164 liabent,
876 1129 944 1167 quid

98 1180 139 1206 est
160 1177 234 1214 quod
255 1177 349 1206 miseri
371 1177 497 1206 homines
517 1180 670 1214 quaerunt,
691 1177 759 1205 dum
780 1177 876 1205 mundi
897 1185 944 1205 va-

96 1224 210 1253 nitatem
238 1226 391 1261 appetunt?
419 1224 441 1252 O
469 1226 605 1261 quantum
634 1224 774 1253 excaecati
803 1227 869 1253 sunt
895 1224 943 1261 qui

96 1270 192 1300 mundi
212 1271 327 1308 gloriam
349 1274 506 1308 quaerunt!

175 1318 261 1347 Homo.
282 1318 449 1352 «Nonnulli,
470 1318 536 1346 dum
559 1318 734 1355 quorundam
754 1318 868 1355 gloriam
884 1326 945 1347 cer-

97 1368 181 1399 nunt,
202 1373 334 1402 magnum
349 1365 454 1401 aliquid
475 1364 636 1393 existimant
650 1372 736 1402 seque
756 1368 788 1393 ut
809 1365 874 1393 talia
888 1373 944 1393 me-

97 1415 226 1447 reantur,
241 1415 383 1449 exoptant.
398 1412 467 1441 Cum
482 1419 549 1441 vero
563 1419 610 1441 eos
624 1411 773 1441 morientes
794 1412 943 1449 aspiciunt,

97 1466 195 1488 eorum
216 1466 301 1496 quam
321 1466 391 1487 vana
405 1458 440 1487 sit
454 1458 554 1495 gloria,
569 1466 633 1487 cum
654 1458 759 1495 gemitu
781 1459 903 1487 fatentur
917 1461 945 1488 et

97 1505 208 1534 dicunt:
232 1505 311 1539 Ecce,
340 1513 424 1542 quam
445 1505 515 1533 nihil
542 1508 584 1534 est
604 1505 687 1534 bomo
701 1517 728 1533 ».
752 1506 821 1534 Haec
842 1505 946 1542 Grego-

97 1552 158 1581 rius
168 1552 188 1580 3.
210 1552 233 1580 O
254 1552 346 1581 anima
360 1552 514 1586 carissima,
533 1552 599 1589 quid
614 1555 679 1581 sunt
699 1552 839 1581 mundana
852 1553 945 1581 omnia

97 1598 149 1628 nisi
171 1599 306 1636 quaedam
328 1607 398 1627 vana
419 1599 546 1627 somnia?
571 1599 649 1635 Quid
667 1598 784 1636 profuit
804 1599 944 1636 superbia

98 1649 152 1674 aut
171 1645 347 1674 divitiarum
362 1645 507 1674 iactantia
520 1646 691 1675 amatoribus
708 1646 788 1675 suis?
809 1646 944 1675 Transie-

97 1695 169 1721 runt
199 1693 277 1721 enim
304 1692 405 1721 omnia
437 1696 579 1731 tanquam
610 1692 718 1721 umbra
747 1696 773 1721 et
802 1697 944 1731 tanquam

97 1740 198 1774 navis,
218 1748 295 1778 quae
312 1739 477 1777 pertransit
496 1739 687 1776 fluctuantem
708 1749 836 1778 aquam,
858 1740 945 1769 cuius

98 1795 156 1815 non
171 1790 212 1815 est
226 1786 356 1815 invenire
370 1786 533 1824 vestigium.
548 1787 586 1815 In
599 1787 783 1824 maliynitate
797 1787 873 1815 enim
886 1796 945 1816 sua

98 1833 244 1862 consumti
256 1837 325 1862 sunt
335 1834 356 1862 ⁴¹.
372 1833 404 1862 Et
418 1833 564 1868 virtutum,
579 1833 644 1868 heu,
659 1841 743 1871 quam
755 1834 867 1871 plurimi
882 1834 945 1863 nul-

100 2027 193 2056 Soliloq.
209 2027 300 2052 animae
317 2027 346 2049 ad
359 2027 433 2049 Deum
451 2027 522 2055 (inter
538 2033 609 2055 opera
621 2028 728 2056 August.)
746 2034 765 2051 c.
779 2029 819 2051 22:
840 2037 851 2048 α
863 2028 944 2051 01111113

100 2066 155 2089 1111111
173 2069 227 2094 peto
245 2069 269 2088 ut
285 2070 440 2093 amarescant,
462 2068 487 2089 ut
505 2069 528 2089 tu
545 2067 607 2089 solus
628 2067 702 2089 dulcis
719 2073 832 2095 appareas
855 2068 945 2090 animae

100 2111 196 2128 meae».
209 2105 252 2128 Csr.
267 2105 365 2127 llleditat.
378 2106 445 2133 (inter
457 2112 528 2134 opera
540 2106 647 2135 August.)
661 2112 680 2129 c.
692 2106 714 2128 7.
724 2113 752 2129 ex
760 2106 872 2134 Anselm.,
883 2107 945 2130 Orat.

101 2145 124 2167 2.
140 2145 183 2167 Pro
200 2144 262 2168 Haec
279 2144 428 2174 Auyustinus
447 2145 489 2173 (lta
501 2145 529 2173 A)
549 2145 598 2167 Vat.
615 2151 669 2168 cum
686 2145 735 2168 aliis
752 2145 821 2168 codd.
835 2145 947 2175 ,4119113ιί-

100 2189 147 2207 nus
164 2183 268 2212 (torsitan
285 2185 387 2206 reserens
404 2184 432 2207 ad
451 2190 500 2213 seq.
517 2185 719 2214 propositionem).

163 2222 171 2235 ¹
189 2222 250 2245 Libr.
268 2223 360 2245 XXXll.
378 2223 456 2245 illoral.
473 2229 493 2246 6.
511 2223 548 2246 20.
560 2229 583 2246 11.
600 2224 638 2246 33.
655 2235 687 2240 —
703 2224 818 2246 Sententia
835 2224 947 2247 Bernardi

102 2261 199 2284 babetur
216 2263 288 2284 Serm.
312 2262 348 2284 42.
367 2262 397 2284 de
419 2262 533 2291 Diversis,
554 2269 576 2285 n.
599 2263 620 2285 3.
644 2263 729 2286 Textus
754 2263 872 2292 originalis
894 2264 947 2286 hinc

101 2301 154 2324 inde
171 2301 236 2329 plura
253 2301 375 2323 interserit.

164 2338 173 2352 2
191 2340 273 2362 Ultima
290 2339 417 2368 propositio
436 2339 528 2369 Respice
545 2343 588 2363 etc.
604 2340 627 2363 in
644 2340 766 2363 ACDEF
787 2341 947 2370 desideratur:

101 2382 195 2401 econtra
212 2379 262 2401 Vat.
280 2379 398 2406 adiungit:
415 2379 493 2401 Toties
505 2380 588 2407 angelo
601 2382 718 2407 apostatae
729 2380 810 2402 similis
821 2386 871 2403 esse
883 2380 947 2408 volo,

101 2418 193 2447 quoties
209 2424 317 2446 praeesse
334 2418 442 2440 desidero
460 2418 510 2446 (cfr.
528 2418 649 2445 Bernard.,
667 2419 751 2441 Homil.
769 2419 790 2441 1.
807 2425 878 2447 super
894 2418 948 2443 Mis-

102 2463 144 2480 sus
161 2458 206 2484 est,
222 2463 246 2479 n.
264 2457 290 2484 8;
307 2457 415 2485 Gregor.,
433 2457 514 2485 Regul.
531 2457 637 2485 pastoral.
656 2463 680 2485 p.
698 2458 722 2480 ll.
740 2463 760 2480 c.
778 2458 799 2480 6.
817 2461 840 2480 61
861 2458 946 2481 XXlV.

103 2496 180 2518 llloral.
197 2502 218 2518 6.
234 2495 272 2518 25.
288 2502 312 2518 n.
333 2496 390 2525 52).
407 2496 460 2518 Post
476 2496 538 2519 Haec
561 2495 698 2519 Bernartius
722 2496 773 2519 Vat.
796 2503 849 2519 cum
867 2497 948 2525 paucis

103 2534 180 2563 codd.,
192 2537 216 2557 ut
228 2535 244 2557 Β
254 2536 260 2557 Ι
270 2535 297 2563 M,
310 2535 470 2564 prosequitur:
482 2535 637 2563 Hieronymus
649 2534 690 2564 [ΙΙΙ.
703 2534 832 2558 Comment.
843 2536 866 2558 in
878 2537 949 2558 Amos

104 2574 131 2601 6,
147 2575 169 2596 2.
194 2574 285 2604 seqq.]:
305 2583 317 2594 α
329 2574 386 2596 Nihil
411 2580 514 2603 namque
532 2574 582 2603 [1111
599 2573 688 2604 itaque]
714 2575 806 2597 saeculo
831 2574 949 2603 rebusque

104 2613 188 2636 saeculi
210 2613 314 2641 fugacius
336 2616 381 2640 est,
398 2620 464 2642 quas,
481 2619 534 2636 cum
553 2616 631 2635 tenere
653 2613 768 2641 cupimus,
790 2614 949 2636 amittimus».

107 2660 120 2673 α
130 2651 213 2675 Vidisti
225 2652 386 2680 imperatores,
402 2651 478 2674 vidisti
492 2653 631 2680 praefectos,
648 2651 726 2674 vidisti
743 2652 868 2679 exercitus,
880 2652 949 2674 victo·

104 2691 151 2714 rias
167 2694 189 2713 et
201 2691 343 2719 triumphos:
360 2691 408 2713 beri
420 2692 525 2718 suerunt,
542 2691 611 2713 hodie
623 2697 669 2713 non
685 2693 749 2718 sunt3
763 2691 811 2713 heri
828 2691 895 2720 quasi
907 2692 949 2714 llos

104 2732 274 2757 apparuerunt,
292 2729 361 2752 bodie
372 2730 438 2758 quasi
456 2731 549 2752 foenum
561 2733 678 2752 aruerunt.
696 2730 754 2752 Niliil
766 2730 844 2758 itaque
860 2729 948 2752 honum

105 2771 150 2796 est,
161 2769 204 2791 nisi
221 2769 285 2797 quod
297 2772 436 2797 perpetuum
448 2772 483 2791 est
500 2768 611 2798 [Breviar.
628 2769 650 2791 in
662 2769 698 2791 Ps.
715 2769 740 2791 91
751 2786 756 2796 ,
769 2769 791 2791 8.
808 2769 867 2791 inter
877 2775 950 2797 opera

105 2807 207 2836 Hieron]
220 2815 242 2830 n.

168 2845 177 2859 ³
194 2846 256 2869 Lihr.
273 2846 310 2869 vl.
328 2847 405 2869 Moral.
422 2853 443 2869 c.
459 2847 481 2869 6.
498 2853 521 2869 n.
538 2847 561 2870 8.
576 2847 654 2869 Finem
672 2847 751 2875 plures
767 2846 848 2874 codd.,
865 2849 890 2869 ut
906 2846 950 2869 AC

106 2885 208 2913 DEFL,
226 2887 286 2908 textu
304 2885 409 2913 originali
433 2888 589 2913 repugnante,
606 2885 639 2908 sic
655 2885 776 2908 exhibent:
794 2884 860 2913 Ecce,
877 2891 950 2914 quam

105 2930 169 2947 vana
187 2923 215 2953 [D
225 2925 241 2946 Ε
253 2924 341 2946 addunt
352 2926 374 2947 et
386 2924 539 2954 transitoria]
549 2925 606 2948 sunt
622 2930 710 2952 omma,
723 2925 745 2947 et
756 2930 829 2954 quam
845 2923 905 2947 nihil
917 2925 951 2947 est

106 2962 176 2987 hamo
194 2963 220 2992 [C
229 2964 244 2986 F
261 2963 391 2991 adiungunt
402 2965 423 2986 et
435 2963 537 2987 hominis
548 2963 646 2993 qloria].
654 2977 685 2980 -
696 2963 809 2992 Superius
820 2969 863 2991 pro
875 2963 950 2986 Homo

108 3002 151 3032 (ita
168 3003 228 3030 ΑΚ,
244 3002 330 3033 quibus
342 3003 481 3031 suffragatur
497 3003 526 3030 C,
542 3003 631 3032 quinio
647 3003 706 3026 sicut
719 3009 811 3031 semper
829 3002 895 3026 Ratio
908 3008 951 3030 pro

1808 213 1845 242 45

1001 289 1058 318 lum
1081 290 1192 326 signum
1220 291 1410 328 reIIquerunt!
1438 290 1490 319 Ubi
1516 294 1585 319 sunt
1603 291 1752 328 principes
1779 299 1846 327 yen-
1861 297 1986 316 Confirmant

1001 336 1089 370 tium,
1110 340 1136 365 et
1160 337 1212 375 qui
1238 337 1382 366 dominati
1411 342 1480 366 sunt
1500 346 1590 374 super
1621 337 1741 371 bestias,
1773 346 1848 375 quae

999 387 1070 411 sunt
1098 387 1335 420 superterram,
1363 384 1415 422 qui
1441 388 1599 422 argentum
1628 383 1848 413 thesaurizave-

1000 432 1072 457 runt
1099 433 1125 457 ct
1162 438 1275 458 aurum
1295 435 1563 468 conyreyaverunt,
1592 431 1640 468 qui
1669 431 1793 459 civitates
1821 433 1848 459 et

1000 478 1090 504 castra
1111 480 1333 511 exstruxerunt,
1355 485 1434 514 reges
1448 481 1475 506 et
1490 485 1575 514 regna
1595 477 1722 506 bellando
1741 477 1849 506 device-

1001 525 1092 550 runt?
1125 522 1179 551 Ubi
1201 524 1336 560 sapiens,
1363 524 1415 552 ubi
1443 524 1560 560 scriba,
1591 524 1645 553 ubi
1669 524 1848 562 conquisitor

1000 567 1091 597 liuius
1110 569 1265 598 saccum?
1296 571 1345 599 L'bi
1368 571 1495 600 Salomon
1527 571 1769 609 sapientissimus?
1800 571 1849 600 ubi

1001 614 1156 644 Alexander
1183 617 1413 652 potentissimus?
1442 618 1491 646 Ubi
1520 619 1633 646 Samson
1658 618 1848 646 fortissimus?

1000 661 1047 689 ubi
1069 661 1195 690 Absalom
1217 663 1457 699 speciosissimus?
1478 664 1528 693 Ubi
1550 666 1685 693 Assuerus
1710 664 1849 701 gloriosis-

1000 707 1104 737 simus?
1124 709 1174 737 Ubi
1196 717 1322 738 caesares
1342 710 1545 746 potentissimi?
1566 711 1615 740 Ubi
1638 719 1716 748 reges
1731 714 1758 740 et
1772 711 1848 748 prin-

1000 754 1075 792 cipes
1096 755 1210 792 inclyti?
1229 767 1242 781 «
1254 756 1325 792 Quid
1341 757 1446 793 profuit
1463 757 1516 785 illis
1531 757 1620 786 inanis
1640 757 1740 794 gloria,
1755 757 1848 786 brevis

1001 802 1118 836 laetitia,
1150 802 1291 831 mundana
1320 803 1455 840 potentia,
1487 812 1586 841 magna
1611 804 1726 838 familia,
1758 804 1849 834 carnis

1001 849 1138 886 voluptas,
1150 849 1311 878 divitiarum
1322 850 1437 884 falsitas,
1456 851 1692 888 concupiscentiae
1708 852 1849 880 suavitas?

1000 896 1049 925 Ubi
1072 896 1160 930 risus,
1182 896 1230 925 ubi
1253 896 1370 930 laetitia,
1399 897 1447 925 ubi
1468 897 1612 932 iactantia,
1640 898 1687 926 ubi
1716 906 1848 935 arrogan-

1000 943 1059 972 tia6
1075 955 1106 977 »,
1122 943 1170 972 ubi
1185 944 1354 980 generositas
1372 944 1522 980 sanguinis,
1537 944 1585 972 ubi
1610 944 1769 980 pulcritudo
1787 953 1848 973 cor-

1000 990 1088 1027 poris,
1103 990 1192 1018 forma
1213 990 1336 1027 elegans,
1352 990 1479 1019 iuvenilis
1493 990 1589 1025 decor,
1611 991 1722 1027 praedia
1736 999 1847 1027 magna,

1000 1036 1101 1073 palatia
1128 1037 1274 1071 immensa,
1296 1036 1392 1065 mundi
1420 1037 1572 1073 sapientia?
1594 1037 1632 1065 De
1653 1037 1756 1066 mundo
1784 1041 1850 1066 sunt

1001 1083 1070 1112 baec
1090 1083 1195 1118 omnia,
1214 1087 1240 1112 et
1259 1084 1390 1112 mumius
1411 1084 1488 1122 quod
1501 1092 1592 1112 suum
1612 1087 1654 1112 est
1673 1083 1769 1121 diliyit
1780 1084 1801 1118 ⁷,
1823 1088 1849 1112 et

1001 1133 1092 1159 tamen
1114 1130 1182 1159 haec
1203 1130 1295 1159 omnia
1320 1138 1384 1159 cum
1406 1131 1510 1159 mundo
1531 1139 1586 1159 non
1615 1130 1663 1159 diu
1684 1131 1847 1160 subsistunt.

1008 1177 1157 1205 Transibit
1178 1177 1251 1206 enim
1272 1177 1403 1206 mundus
1424 1182 1449 1206 et
1470 1178 1704 1214 concupiscentia
1724 1177 1795 1206 cius.
1813 1193 1849 1198 —

1006 1236 1019 1250 (ι
1035 1225 1076 1253 Tu
1107 1232 1186 1261 ergo,
1215 1224 1237 1253 si
1265 1227 1340 1253 recte
1368 1224 1454 1261 sapis,
1476 1225 1498 1253 si
1519 1228 1612 1253 tecum
1640 1225 1734 1253 lumen
1756 1225 1849 1254 oculo-

1001 1280 1065 1301 rum
1093 1275 1147 1305 est,
1169 1271 1263 1300 desine
1284 1271 1361 1308 sequi
1384 1279 1456 1308 quae
1477 1271 1609 1308 consequi
1637 1271 1770 1300 miserum
1792 1274 1849 1306 est,

1001 1326 1072 1356 quae
1087 1326 1212 1355 possessa
1232 1321 1363 1352 onerant,
1386 1321 1476 1346 amata
1490 1318 1653 1355 inquinant,
1668 1318 1768 1346 amissa
1785 1326 1849 1347 cru-

1001 1365 1074 1394 ciant
1088 1377 1114 1393 ».
1138 1376 1152 1389 «
1167 1365 1209 1393 Tu
1230 1372 1296 1401 ergo
1311 1364 1439 1401 relinque
1460 1364 1527 1393 haec
1542 1364 1634 1393 omnia
1654 1368 1768 1401 propter
1783 1372 1848 1393 eum

1001 1412 1049 1449 qui
1064 1415 1105 1441 est
1120 1419 1204 1448 super
1218 1411 1310 1440 omnia
1320 1423 1347 1440 ».
1364 1411 1433 1440 Haec
1447 1411 1605 1440 Bernardus
1614 1411 1634 1439 ⁸.
1655 1423 1668 1437 ει
1682 1412 1755 1448 Fuge
1769 1419 1848 1449 ergo,

1000 1462 1028 1488 et
1048 1458 1178 1495 confuge,
1199 1466 1216 1486 o
1236 1458 1343 1492 anima,
1364 1457 1399 1486 ad
1420 1458 1520 1486 urbem
1541 1458 1653 1495 refugii,
1676 1458 1728 1487 hoc
1750 1461 1791 1487 est
1815 1457 1849 1486 ad

1000 1506 1085 1535 vitam
1101 1505 1270 1542 religiosam,
1284 1505 1332 1534 ubi
1354 1505 1442 1542 possis
1462 1504 1496 1534 de
1511 1505 1668 1542 praeteritis
1688 1513 1770 1542 agere
1785 1512 1849 1542 poe-

1001 1553 1143 1582 nitentiam
1159 1556 1187 1581 et
1207 1552 1235 1580 in
1256 1552 1395 1589 praesenti
1409 1552 1535 1581 obtinere
1555 1552 1671 1589 gratiam
1693 1555 1720 1581 et
1733 1552 1849 1581 feliciter

1001 1599 1163 1636 praestolari
1184 1599 1309 1628 futuram
1329 1598 1454 1636 gloriam.
1476 1599 1534 1627 Non
1555 1601 1582 1627 te
1604 1598 1726 1627 retardet
1753 1606 1848 1635 pecca-

1001 1650 1094 1676 torum
1117 1646 1296 1680 conscientia,
1318 1646 1399 1683 quia,
1421 1645 1469 1674 ubi
1491 1645 1728 1683 superabundavit
1748 1645 1849 1682 iniqui-

1001 1697 1058 1728 tas,
1080 1693 1308 1730 superabundare
1336 1693 1479 1722 eonsuevit
1500 1696 1528 1721 et
1547 1692 1644 1730 gratia.
1673 1693 1731 1721 Non
1756 1693 1849 1730 poeni-

1001 1741 1103 1770 tentiae
1123 1740 1271 1769 austeritas
1292 1740 1351 1777 ipsa
1372 1742 1398 1768 te
1425 1739 1574 1768 deterreat.
1595 1739 1661 1768 Non
1689 1739 1762 1768 enim
1783 1747 1849 1768 con-

1001 1788 1108 1825 dignae
1127 1790 1198 1816 sunt
1219 1787 1372 1824 passiones
1393 1785 1483 1815 liuius
1503 1786 1641 1824 temporis
1661 1786 1695 1815 ad
1716 1787 1851 1823 praeteri-

1004 1837 1059 1863 tam
1075 1834 1198 1871 culpam,
1217 1841 1288 1871 quae
1302 1834 1468 1868 remittitur,
1482 1833 1517 1862 ad
1532 1837 1705 1870 praesentem
1719 1833 1849 1870 gratiam,

1002 2028 1077 2052 Homo
1089 2027 1195 2056 adhibet)
1214 2027 1336 2050 substituto
1350 2027 1494 2056 (iream-ius,
1510 2027 1559 2049 Vat.
1572 2033 1625 2049 611111
1643 2026 1757 2049 nonnullis
1768 2026 1849 2053 codd.,

1002 2070 1027 2090 ut
1043 2068 1060 2089 B
1071 2068 1076 2089 l
1087 2067 1115 2094 L,
1133 2067 1170 2089 1116
1187 2067 1346 2095 prosequitur:
1363 2066 1447 2089 Homo.
1466 2065 1485 2088 Ο
1496 2065 1579 2088 anima
1596 2064 1723 2088 carissima
1740 2067 1795 2092 etc.;
1813 2065 1850 2087 alii

1001 2106 1082 2133 codd.,
1099 2109 1124 2128 ut
1141 2105 1157 2129 C
1169 2106 1235 2128 DEF
1256 2112 1299 2133 pro
1316 2105 1379 2128 Haec
1398 2104 1529 2134 Gregorius
1551 2104 1693 2127 substituunt
1710 2104 1849 2133 Grcyorius,

1002 2149 1025 2168 et
1041 2146 1095 2168 dein
1112 2145 1220 2168 omittunt
1236 2145 1323 2172 Homo,
1341 2144 1405 2173 quod
1423 2145 1476 2166 Vat.
1492 2144 1583 2172 posuit;
1601 2144 1620 2166 M
1638 2143 1693 2172 legit
1708 2143 1771 2166 Haec
1793 2144 1851 2167 Gre-

1002 2184 1094 2215 yorius.
1112 2184 1196 2207 Homo.
1214 2183 1233 2207 0
1250 2183 1333 2206 anima
1355 2189 1415 2211 ntea,
1436 2182 1492 2206 dicit
1512 2182 1659 2211 Ber-nardus,
1676 2184 1699 2206 et
1717 2182 1775 2212 quid
1793 2184 1851 2206 sunt

1002 2223 1127 2247 mundana
1149 2226 1191 2247 etc.
1216 2223 1263 2246 Csr.
1289 2223 1399 2251 August„
1425 2223 1526 2245 Enarrat.
1552 2223 1575 2244 in
1600 2223 1636 2244 Ps.
1663 2222 1716 2244 131.
1733 2228 1755 2244 n.
1774 2222 1800 2244 8:
1825 2222 1851 2244 Et

1002 2269 1083 2286 omnes
1100 2263 1156 2285 istae
1177 2262 1295 2285 felicitates
1312 2268 1373 2290 quae
1394 2261 1502 2284 videntur
1518 2261 1604 2284 saeculi
1620 2261 1710 2284 somnia
1730 2264 1783 2283 suut
1800 2261 1851 2283 (lor-

1004 2302 1132 2324 mientium.

1068 2340 1076 2354 ⁴
1093 2341 1148 2368 Sap.
1165 2340 1191 2368 5,
1208 2340 1274 2362 8—10.
1289 2342 1312 2362 et
1329 2340 1369 2362 l13:
1386 2340 1415 2362 ln
1431 2338 1579 2368 maliynitate
1595 2342 1638 2361 etc.
1652 2352 1684 2355 —-
1701 2337 1804 2361 Subinde
1822 2339 1851 2360 al-

1004 2380 1110 2408 legantur
1127 2380 1218 2402 Baruch
1235 2380 1260 2408 3,
1279 2380 1316 2401 16.
1334 2382 1356 2401 61
1374 2379 1411 2401 18.

1067 2417 1077 2431 ⁵
1094 2419 1164 2446 Epist.
1182 2419 1196 2440 1.
1214 2418 1266 2441 Cor.
1285 2418 1293 2439 1
1304 2435 1310 2445 ,
1327 2418 1364 2440 20.
1382 2417 1427 2440 Csr.
1445 2418 1563 2445 Prosper.‚
1580 2416 1630 2439 Lib.
1641 2416 1806 2439 sententiarum
1823 2422 1851 2439 ex

1004 2456 1103 2484 August.
1121 2456 1192 2485 (inter
1209 2462 1279 2484 opera
1296 2456 1416 2485 August),
1433 2455 1544 2478 sententia
1561 2455 1652 2483 ultima:
1671 2455 1745 2476 Serm.
1766 2454 1804 2476 68.
1821 2454 1852 2476 ad

1005 2496 1095 2518 Fratres
1111 2496 1134 2517 in
1151 2501 1230 2518 eremo
1258 2495 1330 2523 (inter
1351 2501 1422 2523 opera
1448 2494 1572 2523 August.);
1594 2494 1686 2520 lsidor.,
1711 2494 1736 2516 ΙΙ.
1757 2493 1852 2521 synoni-

1005 2541 1063 2557 mor.
1073 2541 1095 2557 n.
1105 2535 1141 2556 91.
1152 2533 1217 2563 (alias
1228 2540 1247 2556 e.
1263 2535 1317 2562 l7.),
1327 2536 1349 2556 et
1360 2534 1469 2562 Anselm.,
1481 2532 1549 2556 Liber
1561 2533 1744 2556 exhortationum
1756 2532 1785 2554 ad
1799 2538 1851 2555 eon<

1005 2576 1119 2602 temptum
1137 2573 1298 2601 temporalium
1316 2576 1339 2595 et
1355 2573 1497 2595 desiderium
1514 2575 1661 2594 aeternorum
1679 2571 1748 2600 (circa
1764 2571 1851 2599 linem).

1068 2611 1078 2625 Β
1095 2612 1217 2640 Ee1·na1·d.‚
1235 2612 1374 2634 llleditation.
1391 2614 1434 2634 eto.
1455 2618 1475 2634 c.
1493 2612 1514 2633 3.
1532 2617 1555 2633 n.
1573 2611 1595 2633 9.
1612 2611 1654 2633 Pro
1670 2610 1764 2640 falsitas
1782 2611 1798 2633 C
1809 2611 1851 2633 DE

1005 2651 1118 2682 felicitas,
1135 2651 1154 2673 G
1170 2650 1274 2680 facultas
1291 2650 1328 2674 vel
1349 2650 1451 2680 falsitas,
1469 2653 1543 2673 textus
1560 2650 1677 2678 originalis
1699 2650 1754 2677 legit
1774 2649 1850 2679 salsae

1006 2690 1108 2714 divitiae.

1069 2729 1077 2742 ⁷
1095 2730 1156 2752 loan.
1174 2729 1214 2758 ⁴5,
1233 2729 1269 2751 19.
1287 2731 1310 2751 61
1325 2728 1425 2751 subinde
1442 2729 1456 2751 Ι.
1473 2728 1534 2751 loan.
1551 2729 1577 2756 2,
1595 2728 1631 2750 17.

1068 2768 1077 2781 ¹³
1094 2769 1165 2797 Epist.
1185 2768 1234 2790 103.
1251 2774 1274 2790 11.
1292 2768 1318 2796 2,
1335 2767 1374 2790 ubi
1392 2767 1466 2795 prima
1483 2767 1607 2795 sententia,
1630 2767 1732 2790 secunda
1752 2767 1852 2790 insinua-

1006 2811 1043 2831 tur
1060 2808 1083 2830 in
1100 2806 1311 2830 Declamationibus
1327 2813 1354 2829 ex
1372 2807 1394 2829 S.
1412 2806 1521 2829 Bernardi
1537 2805 1684 2829 sermonibus
1701 2805 1769 2836 [inter
1781 2812 1852 2834 opera

1007 2846 1131 2874 uernat-(14
1148 2846 1189 2869 sed
1201 2849 1254 2868 sunt
1270 2845 1387 2874 Gausridi)
1406 2845 1430 2868 ΙΙ.
1446 2851 1469 2868 n.
1487 2846 1514 2867 2:
1532 2845 1577 2868 Sed
1594 2851 1636 2868 nec
1648 2845 1733 2868 inutilis
1748 2851 1851 2868 commu-

1006 2886 1073 2914 tatiO,
1089 2891 1132 2914 pro
1145 2891 1172 2907 eo
1184 2885 1224 2914 qui
1235 2891 1306 2913 super
1317 2884 1394 2907 omnia
1411 2887 1458 2911 est,
1475 2884 1552 2907 omnia
1570 2884 1698 2913 reliquisse.
1717 2884 1774 2907 Nam
1792 2886 1814 2906 et
1825 2884 1853 2906 si-

1007 2925 1054 2947 mul
1071 2930 1125 2947 curn
1143 2930 1170 2946 eo
1187 2924 1304 2946 donantur
1320 2924 1409 2951 omnia,
1425 2926 1447 2946 et
1465 2923 1505 2946 ubi
1521 2923 1704 2952 apprehenderis
1725 2929 1792 2951 eum,
1810 2923 1852 2946 erit

1007 2969 1068 2985 unus
1085 2963 1134 2991 ipse
1151 2962 1232 2985 omnia
1252 2961 1277 2985 in
1294 2961 1404 2985 omnibus
1420 2961 1448 2991 [l.
1466 2961 1519 2985 Cor.
1542 2961 1581 2990 15,
1599 2960 1659 2991 28.],
1676 2961 1716 2990 qui
1739 2967 1781 2990 pro
1802 2961 1852 2989 ipso

1007 3002 1085 3024 omnia
1102 3002 1251 3030 reliquerunt.

1873 321 1970 345 exemplis.

1866 1234 1982 1253 Exhortatio.
