2133 3317
753 226 995 257 PROLEGOMENA
1016 228 1043 256 C.
1066 228 1106 257 ΙΙΙ.

62 309 190 333 Florentino
207 308 319 331 omittitur
335 307 423 336 quique
439 312 464 329 re
481 312 536 328 vera
553 306 642 328 alienus
658 305 688 327 ab
699 305 777 327 indole
790 305 904 327 Bonaven-

63 357 152 380 turiana
168 361 219 378 esse
235 357 340 383 apparet.
357 355 434 382 lpsum
452 359 512 381 opus
528 353 583 375 nihil
608 353 670 375 aliud
687 354 722 374 est
737 352 779 374 nisi
802 352 904 374 collectio

63 404 165 426 locorum
187 408 213 424 ex
236 401 379 429 Augustino,
400 399 532 427 Bernardo,
557 400 665 422 Anselmo
686 402 708 421 et
728 399 854 426 praecipue
878 404 904 420 ex

63 450 159 477 Hugone
175 454 188 470 a
209 448 232 470 S.
256 447 347 470 Victore
368 449 511 474 sumtorum,
533 452 560 468 ex
576 452 623 475 quo
641 446 662 468 in
686 445 732 467 tine
753 445 848 467 ultimae
864 450 905 472 pa-

64 497 131 525 ginae
147 494 296 522 transcriptae
316 497 377 516 sunt.
398 493 541 521 opusculum
564 493 640 521 primo
661 491 804 520 publicatum
826 493 860 514 est
883 491 905 513 in

64 543 99 566 ed.
116 542 239 570 Argentina
261 541 318 564 1495
336 544 357 563 et
375 540 458 563 deinde
480 540 502 562 in
524 540 580 562 aliis.
605 540 655 562 Non
678 540 786 561 inventus
807 541 841 561 est
862 538 905 560 nisi

63 594 126 613 umas
143 588 215 611 codex
233 593 293 610 saec.
310 587 362 609 XV.
383 585 485 609 exeuntis
502 585 610 613 Giessae,
627 584 765 607 bibliotheca
788 583 906 606 Universi-

64 636 126 663 tatis,
143 635 194 658 cod.
212 635 241 657 Μ.
260 634 282 656 S.
300 633 337 656 lV.
353 633 408 656 725.
423 633 495 655 chart.
512 632 567 654 Loci
584 632 671 655 collecti
689 632 722 654 Ss.
740 631 833 653 Patrum
845 633 906 653 certe

64 682 140 706 devoti
157 684 179 704 et
196 681 249 703 boni
266 683 331 708 sunt,
348 680 389 702 sed
406 680 551 702 collectorem
573 684 654 701 eorum
672 678 741 701 tuisse
762 678 905 700 Bonaventu-

63 735 124 758 ram,
141 735 187 751 non
203 730 238 751 est
254 727 385 750 verisimile.

126 776 163 798 to.
172 776 205 798 De
212 773 315 798 remedio
327 773 459 803 defectuum
468 772 579 802 Reliqiosi
587 772 648 801 (Vat.
658 774 714 794 tom.
723 772 768 794 Vll.
778 777 832 799 pag.
843 771 906 800 669).

126 823 216 851 incipit:
235 830 247 842 α
259 821 432 850 Simplicissimo
445 820 523 842 animo
532 829 554 847 ι,
566 822 589 842 et
600 822 634 842 est
645 819 724 842 brevis
735 819 830 847 epistola
838 837 843 847 ‚
854 824 906 841 con·

65 871 136 894 tinens
156 870 182 892 13
202 869 295 897 regulas
315 867 453 891 devotionis.
476 867 554 895 Opella
575 865 713 895 reprobatur
730 865 760 888 ab
777 866 868 889 Oudino
885 869 907 888 et

65 917 191 941 editoribus
206 916 312 942 Venetis;
329 921 341 937 a
360 914 467 937 Sbaralea
494 914 546 943 (loc.
563 914 601 937 cit.
623 919 678 942 pag.
703 913 757 942 ⁴54)
778 916 800 935 et
822 913 906 935 Bonelli

58 964 193 994 ·(l>rodrom.
210 963 253 986 col.
270 962 325 991 654)
343 961 472 984 defenditur
494 963 520 983 ut
541 960 567 984 S.
588 961 689 984 Doctore
711 960 820 990 dignam,
842 960 906 989 quod

64 1011 158 1035 concedi
175 1012 263 1038 potest,
279 1009 331 1032 licet
342 1014 385 1031 nec
396 1008 536 1036 principium
548 1013 592 1030 nee
605 1013 656 1035 cap.
673 1007 730 1030 Xlll.
746 1007 820 1035 sapiat
836 1007 907 1029 Bona-

64 1061 174 1082 venturae
190 1057 287 1080 modum
304 1055 428 1078 scribendi.
445 1055 491 1077 lam
508 1055 531 1076 in
548 1054 585 1077 ed.
600 1054 710 1076 Vaticana
731 1056 836 1076 notatum
860 1056 907 1081 est,

65 1105 162 1134 capitula
178 1104 225 1132 illa,
241 1105 336 1131 excepta
353 1102 507 1130 praefatione,
524 1101 605 1124 haberi
621 1101 690 1123 etiam
708 1100 730 1123 in
743 1100 823 1128 spurio
835 1106 907 1129 opere

66 1151 183 1176 Stimulus
204 1150 295 1174 amoris
319 1150 348 1176 (in
372 1149 450 1171 multis
470 1147 610 1171 editionibus
631 1154 678 1170 non
700 1153 747 1170 uno
764 1148 837 1176 loco),
855 1150 877 1170 et
894 1153 906 1169 a

64 1198 171 1222 Sbaralea
188 1197 282 1224 dicitur,
299 1202 326 1219 ea
343 1195 446 1218 exhiberi
462 1195 531 1218 etiam
548 1195 572 1217 in
588 1194 702 1223 principio
714 1194 818 1223 opusculi
837 1193 907 1218 Medi-

65 1246 181 1270 tationum
197 1244 238 1268 Fr.
255 1243 346 1271 lacobi,
364 1242 466 1266 Lector-is
483 1242 673 1266 Mediolanensi&
690 1242 738 1265 Hoc
756 1242 820 1265 facile
837 1241 907 1270 expli-

64 1295 140 1320 catur,
157 1292 211 1321 quia
228 1292 274 1314 rere
291 1292 380 1313 certum
397 1292 443 1317 est,
460 1289 529 1312 istum
542 1288 651 1312 iacobum
662 1295 713 1311 esse
724 1289 792 1311 etiam
805 1289 907 1316 primum

64 1339 236 1368 compilatorem
254 1336 352 1361 Stimuli
367 1336 470 1365 amoris,
491 1336 531 1365 qui
548 1336 578 1358 ab
590 1336 640 1359 aliis
652 1336 736 1358 deinde
751 1335 906 1364 multipliciter

64 1388 165 1409 mutatus
181 1387 222 1408 est.
245 1384 351 1407 Attamen
373 1383 427 1406 inde
443 1389 489 1406 non
512 1383 627 1412 sequitur,
649 1383 835 1405 Bonaventuram
857 1388 907 1404 esse

64 1433 132 1456 huius
149 1433 237 1461 opellae
253 1434 383 1458 auctorem,
401 1437 454 1453 cum
472 1432 575 1457 constet,
593 1436 639 1452 non
656 1436 738 1453 omnes
749 1433 826 1458 partes
843 1429 907 1452 istius

61 1478 162 1504 Stimuli
177 1484 227 1502 esse
243 1481 331 1501 sumtas
347 1484 374 1500 ex
391 1477 498 1505 genuinis
508 1477 572 1499 libris
583 1477 768 1504 Bomaventurae,
786 1477 827 1499 sed
839 1477 907 1499 etiam

65 1526 169 1553 aliunde,
185 1526 310 1554 omniaque
326 1531 338 1547 a
355 1525 475 1547 collectore
493 1523 562 1546 ruisse
579 1524 642 1546 varie
660 1526 754 1546 mutata.
779 1523 907 1546 Sententiae

65 1574 153 1602 opellae
169 1572 310 1596 conveniunt
326 1577 379 1594 cum
397 1571 463 1594 dictis
479 1571 502 1593 in
514 1570 589 1593 libello
605 1569 692 1600 Viyintz·
708 1569 811 1599 quinque
823 1570 907 1593 Memo-

64 1619 136 1643 riolia
148 1619 243 1648 aliisque
252 1619 427 1640 Bonaventurae
438 1616 508 1639 libris.
526 1615 646 1639 Probabile
655 1620 696 1644 est,
708 1617 766 1638 hanc
786 1616 907 1644 epistolam

65 1670 144 1695 postea
162 1672 188 1688 ex
205 1663 307 1689 seimulo
324 1663 416 1687 amoris
432 1668 532 1686 sumtam
545 1669 603 1691 esse,
615 1663 723 1686 adiuncto
735 1663 839 1691 prologo.
852 1662 907 1685 Con-

65 1713 168 1736 flrmatur
185 1714 241 1734 haec
256 1714 332 1734 nostra
344 1711 434 1739 opinio,
451 1710 505 1739 quia
517 1710 604 1732 nullum
617 1710 738 1738 antiquum
751 1709 906 1732 testimonium

65 1760 203 1788 suffragatur
227 1759 409 1781 Bonaventurae.
434 1757 508 1779 Unum
534 1759 622 1779 tantum
645 1756 749 1779 codicem
770 1762 830 1779 saec.
856 1756 907 1779 XV.

64 1807 167 1830 exeuntis
184 1805 310 1832 habemus,
326 1805 366 1833 qui
383 1804 441 1826 inter
457 1804 500 1826 alia
517 1804 595 1832 spuria
613 1810 683 1832 opera
694 1804 763 1826 etiam
775 1805 819 1827 hoc
831 1803 907 1831 habet,

65 1854 106 1877 sed
123 1853 209 1876 omisso
230 1852 327 1880 prologo
352 1854 374 1873 et
389 1851 458 1873 etiam
483 1850 564 1873 ultimo
589 1850 696 1879 capitulo.
721 1850 839 1879 Quaedam
865 1851 906 1873 alia

65 1900 200 1928 apographa
217 1898 299 1920 nullius
316 1897 456 1919 auctoritatis
472 1899 525 1919 sunt
541 1902 601 1919 saec.
618 1896 678 1919 XVl.
694 1899 716 1919 et
742 1896 809 1919 XVll.
833 1896 906 1918 Prima

65 1946 135 1968 editio
151 1947 186 1968 est
202 1944 325 1972 Argentina
344 1943 416 1970 t495;
435 1943 551 1965 invenitur
567 1943 636 1965 etiam
654 1943 675 1965 in
693 1943 797 1970 catalogo
814 1943 907 1965 Mariani

64 1992 199 2020 Florentini,
217 1997 286 2021 quem
304 1991 340 2013 hic
357 1994 408 2019 post
425 1990 509 2013 dictam
527 1989 652 2012 editionem
670 1989 769 2017 scripsit.
785 1989 906 2017 proprium

64 2029 133 2062 suum
151 2039 227 2061 locum
244 2037 419 2060 convenientius
436 2035 530 2058 habebit
547 2036 570 2058 in
593 2042 652 2058 nova
673 2035 774 2058 editione
796 2036 906 2064 praedicti

65 2084 164 2109 Stimuli
179 2083 278 2107 amoris.

128 2132 166 2154 Μ.
182 2131 300 2154 Phar-erra
316 2131 377 2157 (Vat.
394 2132 450 2152 tom.
468 2129 504 2152 Vl,
522 2135 577 2157 pag.
597 2129 717 2158 toa-208).

127 2179 207 2207 incipit
224 2179 349 2207 prologus:
370 2186 380 2198 α
394 2178 416 2200 ln
433 2176 591 2200 conversionis
612 2182 678 2199 meae
700 2176 836 2205 primordio,
853 2182 906 2199 cum

65 2226 96 2250 ob
113 2226 196 2249 mentis
211 2225 375 2248 recreationem
392 2223 545 2247 auctoritates
557 2223 703 2247 Sanctorum
719 2224 820 2251 legerem
837 2226 860 2245 et
877 2224 907 2246 le-

66 2280 123 2302 gens
138 2273 215 2296 varias
231 2272 391 2300 corruptiones
407 2271 565 2299 perciperem,
577 2271 662 2298 placuit
672 2270 741 2298 mihi,
753 2273 778 2293 ut
789 2271 817 2293 ad
829 2271 906 2299 ipsum

66 2320 152 2350 fontem
169 2319 325 2350 oriqinalium
346 2324 489 2341 recurrerem
510 2320 533 2340 et
553 2317 584 2340 ob
609 2317 720 2340 maiorem
747 2317 907 2340 certitudinem

65 2367 163 2396 ipsemet
187 2367 262 2396 aliqua
287 2366 444 2394 perciperem;
462 2370 522 2394 quae
539 2365 702 2393 postmodum,
720 2367 744 2387 ut
760 2365 827 2393 scivi,
845 2365 908 2387 ordi-

67 2415 143 2437 navi»
163 2417 206 2437 etc.
223 2413 275 2436 Loci
293 2413 328 2436 isti
345 2413 444 2440 excerpti
462 2414 515 2435 sunt
536 2412 663 2435 secundum
687 2412 770 2434 Bonelli
791 2414 907 2440 computa·

66 2461 149 2484 tionem
167 2467 192 2484 ex
211 2461 267 2483 ultra
285 2460 315 2482 20
332 2459 483 2488 scriptoribus
500 2462 522 2482 et
538 2458 653 2482 distributi
671 2459 692 2481 in
710 2459 738 2481 tv
755 2458 837 2487 libros,
852 2465 908 2487 quo-

65 2513 117 2531 rum
134 2507 229 2537 quilibet
245 2506 314 2530 habet
330 2507 399 2529 multa
417 2506 523 2534 capitula.
542 2505 647 2528 Sbaralea
665 2505 765 2535 (loc.cit.
777 2512 830 2534 pag.
853 2505 906 2535 ⁴47)

65 2557 89 2578 et
104 2555 187 2578 Bonelli
205 2554 332 2583 (Prodrom.
350 2554 394 2577 col.
411 2553 523 2582 505-514)
546 2554 590 2575 hoc
611 2559 671 2581 opus
692 2555 785 2576 censent
805 2559 855 2575 esse
872 2559 907 2582 qe-

67 2601 180 2629 huimtm,
197 2601 302 2624 Oudinus
318 2604 340 2624 et
356 2600 456 2623 editores
474 2600 554 2622 Veneti
571 2605 640 2627 vero,
660 2599 779 2629 spurium.
800 2599 907 2622 Oudinus

67 2648 125 2671 hanc
141 2648 205 2671 assert
220 2647 344 2675 rationem,
361 2647 438 2676 qnod,
456 2653 508 2669 cum
526 2647 637 2675 prologus
655 2646 735 2676 (quam
757 2652 839 2669 omnes
861 2648 908 2669 sere

67 2694 157 2717 codices
168 2697 190 2717 et
201 2694 314 2723 imprimis
326 2694 466 2723 antiquiores
482 2693 576 2722 habent)
593 2693 666 2720 dicat,
688 2702 698 2714 ιι
710 2693 733 2716 in
749 2694 907 2716 conversionis

68 2746 132 2764 meae
147 2741 272 2769 primordio
285 2749 294 2761 n
315 2741 461 2769 compilatam
478 2746 528 2762 esse
551 2740 695 2767 pharetram,
713 2739 853 2768 impossibile
875 2740 905 2762 vi-

68 2787 154 2816 deatur,
167 2794 179 2810 a
190 2787 272 2812 iuvene
284 2788 441 2810 Bonaventura
459 2788 502 2810 tale
520 2786 659 2809 laboriosum
677 2792 737 2814 opus
753 2787 837 2809 sactum
850 2793 908 2809 esse.

68 2833 127 2857 l-laec
139 2834 195 2857 ratio
212 2834 322 2857 maiorem
335 2834 382 2856 vim
395 2833 474 2861 habet,
492 2834 510 2856 si
522 2839 575 2855 cum
588 2833 695 2856 Sbaralea
713 2835 735 2856 et
751 2833 835 2856 Bonelli
846 2836 907 2856 recte

67 2882 182 2909 tenemus,
199 2881 222 2903 S.
239 2881 421 2904 Bonaventuram
441 2880 520 2903 aetatis
531 2886 586 2903 suae
603 2886 663 2902 anno
681 2880 717 2902 t7.
731 2879 797 2907 (non,
815 2883 839 2903 ut
855 2883 908 2903 ante

69 2927 117 2950 illos
132 2928 284 2950 communiter
301 2927 450 2954 credebatur,
467 2933 526 2950 anno
544 2927 590 2955 22.)
609 2927 712 2949 habitum
730 2926 821 2949 Ordinis
838 2927 907 2949 Mino-

69 2979 119 2996 rum
136 2974 257 3002 sumsisse,
274 2977 295 2997 et
312 2975 331 2997 si
348 2974 441 3002 insuper
458 2974 596 2996 reflectimus
613 2974 642 2997 ad
659 2980 728 3002 snpra
741 2974 809 2996 relata
822 2973 907 3002 vei-ha,

1738 229 1805 258 CXV

960 312 1020 335 quae
1037 306 1163 333 affirmant,
1180 309 1297 328 auctorem
1315 306 1337 328 in
1355 306 1459 334 legendis
1471 306 1559 329 vitiosis
1571 307 1620 329 aliis
1632 305 1806 330 collectionibus

960 352 1132 376 auctoritatum
1149 353 1177 375 ad
1196 353 1243 381 ipsa
1265 362 1275 373 α
1288 353 1407 381 originalia
1419 362 1431 373 n
1451 353 1576 376 recurrisse
1589 356 1611 376 et
1628 353 1746 376 meliorem
1763 353 1806 376 col-

960 399 1080 422 lectionem
1098 400 1185 422 fecisse.
1203 400 1321 429 Quidquid
1346 400 1407 423 dicat
1428 400 1525 427 Bonelli,
1547 406 1592 423 non
1613 403 1648 423 est
1669 400 1805 427 verisimile,

962 445 1069 468 iuvenem
1087 446 1271 468 Bonaventuram
1289 449 1341 469 ante
1358 446 1475 474 inceptum
1497 447 1599 469 studium
1617 447 1745 474 theologiae
1761 447 1806 469 tale

961 497 1020 519 opus
1037 492 1169 520 persecisse.
1185 493 1359 515 Recurrendum
1377 496 1452 515 tamen
1470 495 1504 515 est
1520 493 1550 515 ad
1567 493 1725 515 auctoritatem
1743 493 1806 515 codi-

961 544 1028 565 cum,
1044 539 1084 567 qui
1101 539 1160 561 hanc
1176 540 1371 568 controversiam,
1389 539 1411 562 ni
1430 540 1540 568 fallimur,
1557 542 1620 562 certo
1637 540 1734 562 solvunt.

1025 586 1047 607 ln
1065 586 1237 608 commentariis
1253 587 1277 609 Ρ.
1293 587 1377 609 Fidelis
1393 593 1406 609 a
1424 587 1497 609 Fanna
1515 587 1625 615 descripti
1640 589 1693 609 sunt
1704 586 1733 609 94
1746 586 1806 609 codi-

962 637 1012 660 ces,
1029 638 1129 660 quorum
1147 633 1245 655 sufficiat
1261 633 1298 656 hic
1315 634 1444 661 generalem
1461 637 1611 661 conspectum
1629 633 1749 661 praebere.
1763 632 1806 656 Co-

962 678 1025 701 dices
1043 680 1090 701 sere
1106 685 1187 702 omnes
1204 679 1299 709 antiqui
1313 682 1378 707 sunt,
1396 686 1449 702 cum
1467 683 1554 703 tantum
1573 680 1601 703 44
1615 683 1677 703 certo
1688 681 1734 703 sint
1744 686 1805 703 saec.

963 725 1017 752 XV,
1035 726 1107 748 immo
1125 726 1154 748 26
1171 726 1201 749 ad
1218 732 1277 749 saec.
1295 727 1351 749 Xlll.
1368 727 1497 755 pertineant
1519 728 1555 750 vel
1572 728 1652 750 saltem
1670 727 1724 750 illud
1741 728 1803 750 attin-

962 774 1028 800 gant,
1045 778 1146 801 quorum
1164 779 1224 795 unus
1241 772 1388 803 (Salisburyi
1404 774 1425 796 in
1444 773 1580 797 bibliotheca
1599 774 1738 801 lllonasterii,
1752 774 1804 796 cod.

963 819 999 841 lV.
1018 818 1065 847 34.)
1082 819 1182 847 scriptus
1199 822 1233 841 est
1250 820 1321 848 4264ς
1347 820 1451 843 eiusdem
1471 821 1551 844 aetatis
1576 821 1645 843 etiam
1671 821 1707 843 alii
1732 821 1803 850 aliqui

961 871 1013 887 esse
1029 865 1145 887 videntur.
1162 866 1232 888 Maior
1249 872 1303 894 pars
1319 866 1425 889 codicum
1441 870 1475 889 est
1491 873 1551 890 saec.
1569 867 1629 890 XlV.
1643 870 1695 890 ante
1707 868 1743 890 vel
1755 870 1807 895 post

962 912 1012 935 eius
1028 913 1183 935 medietatem.
1201 913 1224 935 ln
1241 912 1308 936 nullo
1321 914 1403 936 horum
1417 914 1445 935 80
1457 914 1563 936 codicum
1578 914 1725 942 antiquorum
1744 919 1807 942 prae-

963 960 1033 981 fertur
1055 965 1067 981 a
1090 959 1164 987 prima
1191 966 1260 982 mann
1285 966 1369 982 nomen
1394 961 1580 988 Bonaventurae,
1601 961 1624 983 in
1641 960 1709 983 valde
1726 960 1806 989 paucis

963 1006 1045 1028 horum
1064 1005 1161 1028 habetur
1177 1012 1190 1028 a
1208 1013 1276 1029 manu
1293 1007 1426 1035 posteriore.
1444 1008 1466 1030 ln
1484 1007 1593 1030 omnibus
1610 1007 1730 1030 codicibus
1745 1013 1804 1030 saec.

963 1053 1018 1075 xlll.
1030 1055 1052 1075 et
1064 1053 1123 1075 XlV.
1136 1058 1196 1081 opus
1207 1056 1241 1076 est
1252 1053 1344 1081 penitus
1356 1059 1506 1082 anonymumy
1518 1054 1618 1082 exceptis
1631 1053 1730 1076 duobus.
1742 1055 1806 1077 Unus

962 1105 1023 1122 saec.
1040 1100 1095 1122 Xlll.
1113 1106 1165 1122 cum
1183 1106 1225 1123 suo
1242 1102 1377 1129 apographo
1394 1107 1453 1123 saec.
1471 1101 1521 1123 XV.
1534 1103 1633 1129 praefert
1649 1107 1732 1124 nomen
1750 1100 1809 1125 Gillz'

964 1147 1014 1176 (sic)
1032 1146 1060 1170 de
1077 1147 1216 1176 Gloucetre;
1234 1148 1289 1170 alter
1306 1154 1373 1175 vero,
1386 1148 1425 1176 qui
1438 1150 1472 1170 est
1487 1154 1547 1171 saec.
1560 1148 1619 1176 XlV,
1637 1154 1721 1170 nomen
1738 1147 1807 1170 habet

963 1193 1058 1217 Fratris·
1076 1193 1199 1217 Guillelmi
1214 1193 1241 1217 de
1258 1194 1431 1218 Fttrmemerz'e.
1444 1196 1513 1217 Porro
1530 1198 1601 1217 exstat
1613 1195 1671 1217 alius
1683 1194 1735 1217 cod.
1747 1200 1807 1217 saec,

963 1240 1028 1269 XlV,
1045 1240 1085 1269 qui
1102 1243 1136 1263 est
1152 1239 1260 1263 diversus
1271 1240 1301 1263 ab
1312 1240 1390 1269 editis,
1403 1247 1456 1263 cum
1469 1241 1631 1269 inscriptione:
1652 1250 1663 1261 a
1675 1247 1717 1269 per
1734 1246 1807 1270 quen-

962 1287 1016 1310 dam
1035 1287 1118 1316 Dan(?)
1136 1287 1281 1310 Ludovicum
1299 1288 1391 1310 fratrem
1409 1290 1431 1310 et
1447 1289 1587 1310 monachum
1600 1287 1806 1310 Carthusianum».

963 1334 1004 1357 Alii
1021 1335 1091 1357 etiam
1108 1335 1155 1357 duo
1173 1334 1202 1357 ab
1219 1335 1286 1357 editis
1301 1341 1397 1363 prorsus
1410 1335 1509 1363 diversi,
1521 1335 1551 1358 de
1562 1335 1648 1364 quibus
1660 1335 1717 1357 infra
1730 1341 1806 1358 sermo

963 1382 1017 1409 erit,
1035 1388 1047 1404 a
1066 1382 1225 1404 Bonaventura
1242 1382 1363 1410 compositi
1381 1382 1495 1404 dicuntur.
1514 1382 1618 1411 Denique
1636 1382 1694 1404 inter
1713 1382 1760 1404 illos
1777 1381 1806 1404 44

962 1428 1055 1451 codices
1066 1434 1125 1451 saec.
1138 1429 1189 1451 XV.
1201 1428 1247 1451 duo
1260 1429 1330 1457 (unus
1342 1434 1378 1451 an.
1391 1428 1459 1456 4422,
1471 1428 1529 1451 alius
1539 1429 1644 1451 eiusdem
1658 1429 1704 1451 lere
1718 1428 1806 1457 aetatis)

963 1481 975 1498 a
993 1475 1068 1503 prima
1090 1481 1159 1498 manu
1183 1476 1314 1504 praeferunt
1336 1482 1421 1498 nomen
1442 1476 1630 1502 Bonaventurae,
1648 1475 1728 1497 tertius
1744 1475 1806 1498 idem

963 1522 1033 1545 habet
1049 1522 1071 1545 in
1089 1523 1190 1545 chartula
1203 1523 1257 1545 soris
1268 1523 1342 1545 affixa.
1353 1534 1384 1539 —
1396 1523 1452 1545 Hinc
1470 1528 1522 1545 cum
1535 1525 1581 1545 tres
1596 1525 1684 1544 tantum
1702 1521 1806 1545 iuniores

963 1569 1054 1592 codices
1071 1575 1113 1597 pro
1130 1569 1288 1591 Bonaventura
1307 1572 1429 1596 testentur,
1447 1570 1564 1597 praevalet
1580 1569 1695 1591 silentium
1713 1571 1745 1591 tot
1756 1569 1808 1591 alio-

962 1622 1014 1639 rum
1032 1619 1054 1638 et
1070 1616 1239 1645 antiquiorum,
1256 1616 1295 1645 qui
1312 1616 1366 1638 satis
1384 1616 1499 1638 insinuant
1516 1617 1647 1638 Pharetram
1659 1615 1708 1638 iam
1720 1615 1807 1638 editam

963 1662 992 1685 ab
1009 1663 1053 1685 alio
1070 1666 1163 1685 auctore
1180 1663 1332 1691 compositam
1350 1668 1407 1685 esse.

1025 1710 1072 1732 Alia
1090 1709 1195 1738 quaestio
1212 1711 1246 1732 est
1262 1709 1291 1731 de
1302 1709 1338 1731 illa
1352 1709 1457 1731 pharetra
1470 1708 1500 1731 ab
1512 1709 1572 1732 edita
1586 1709 1716 1737 differente,
1732 1715 1803 1738 quam

963 1757 1010 1780 duo
1022 1757 1114 1779 codices
1123 1756 1214 1779 habent.
1226 1756 1289 1778 Unus
1297 1756 1349 1779 cod.
1358 1758 1392 1779 est
1401 1756 1518 1785 Coloniae,
1528 1756 1549 1778 in
1559 1756 1695 1779 bibliotheca
1706 1756 1805 1779 Semina·

962 1803 996 1831 rii,
1008 1803 1060 1825 cod.
1073 1803 1126 1825 438.
1137 1804 1208 1825 chart.
1221 1803 1244 1825 in
1256 1803 1277 1825 8.
1289 1803 1384 1825 miscell.
1395 1809 1454 1825 saec.
1467 1803 1526 1825 XlV.
1539 1805 1561 1825 et
1572 1803 1624 1825 XV.
1633 1805 1685 1830 post
1695 1802 1806 1825 medium.

963 1851 987 1872 ln
998 1850 1117 1878 superiore
1128 1855 1203 1877 marg.
1215 1855 1226 1871 a
1239 1849 1314 1878 prima
1327 1855 1396 1871 manu
1409 1850 1520 1877 scriptum
1532 1852 1579 1872 est:
1594 1858 1605 1869 ιι
1614 1849 1655 1871 l-lic
1667 1848 1724 1871 liber
1735 1849 1806 1871 nomi-

963 1899 1031 1919 natur
1044 1896 1172 1924 Phar-ezra,
1185 1896 1322 1924 compilatus
1333 1902 1345 1918 a
1359 1897 1426 1918 fratre
1437 1896 1597 1919 Bonaventura
1614 1896 1670 1919 Ord.
1687 1896 1807 1923 Minorum,

963 1943 1051 1966 habens
1068 1943 1089 1966 in
1106 1949 1130 1966 se
1147 1943 1250 1972 quinque
1266 1943 1423 1966 distinctiones
1439 1949 1481 1971 per
1498 1944 1606 1971 capitula.
1618 1943 1729 1971 incipiunt
1745 1942 1806 1970 capi-

963 1991 1008 2012 tula
1026 1990 1094 2018 primi
1112 1989 1171 2012 libri.
1189 1990 1221 2012 De
1242 1990 1339 2012 essentia
1362 1990 1486 2012 eternitatis
1498 1998 1509 2010 n
1529 1992 1571 2012 etc.
1588 2002 1620 2006 —
1636 1990 1756 2012 Secundus
1774 1991 1808 2011 est

963 2035 1103 2065 Erforchae,
1126 2035 1263 2058 bibliotheca
1286 2036 1448 2064 Amploniana,
1471 2035 1522 2058 cod.
1545 2036 1571 2058 N.
1593 2035 1648 2057 l‘2l).
1670 2041 1729 2058 saec.
1748 2035 1808 2058 XlV.

963 2086 1015 2105 ante
1027 2083 1142 2110 medium,
1154 2083 1176 2105 in
1191 2089 1238 2111 quo
1249 2083 1314 2105 deest
1326 2088 1409 2105 nomen
1422 2083 1527 2105 auctoris.
1540 2083 1585 2105 Fol.
1601 2082 1652 2105 132.
1665 2089 1683 2104 r.
1696 2083 1807 2110 scriptum

964 2133 998 2152 est
1015 2136 1026 2152 a
1044 2130 1171 2158 posteriore
1193 2136 1262 2152 manu
1286 2129 1454 2159 Compendium
1472 2129 1609 2159 theoloqz'ae.
1628 2130 1739 2157 Prologus
1756 2129 1808 2152 inci-

963 2177 1008 2204 pit:
1023 2185 1034 2197 ιι
1044 2177 1162 2199 Desiderio
1175 2182 1226 2199 meo
1235 2177 1315 2199 volens
1327 2177 1456 2199 satisfacere
1466 2185 1476 2196 n
1486 2184 1491 2204 3
1503 2179 1525 2198 et
1537 2176 1631 2198 desinit:
1646 2184 1657 2196 (ι
1667 2176 1807 2204 sequentem

963 2224 1179 2252 contemplationem
1197 2224 1219 2246 in
1236 2224 1339 2253 quinque
1356 2225 1432 2251 partes
1454 2223 1555 2251 distinxi,
1578 2223 1600 2245 in
1622 2222 1696 2251 prima
1719 2228 1809 2250 ponens

963 2277 990 2294 ea
1007 2277 1053 2300 que
1070 2271 1177 2293 videntur
1194 2270 1224 2292 ad
1249 2271 1322 2292 Deum
1348 2273 1451 2298 spectare
1474 2269 1653 2297 principaliter...
1675 2268 1742 2291 Liber
1763 2269 1808 2297 pri-

964 2324 1024 2341 mus.
1043 2318 1075 2340 De
1091 2318 1187 2340 essentia
1205 2320 1228 2340 et
1244 2317 1344 2340 trinitate
1356 2326 1376 2339 n.

1027 2365 1127 2394 Utraque
1144 2364 1261 2387 Pltoretra
1278 2364 1348 2386 habet
1359 2363 1453 2386 eosdem
1465 2363 1568 2392 quinque
1585 2362 1656 2386 libros
1675 2362 1808 2391 (distinctio-

964 2413 1014 2441 nes)
1032 2414 1054 2434 et
1070 2411 1151 2434 eadem
1169 2410 1280 2440 capitula.
1299 2411 1343 2433 Sed
1360 2410 1476 2439 antiquior
1487 2410 1523 2432 illa
1535 2416 1649 2437 anonyma
1662 2410 1724 2432 locos
1739 2409 1808 2432 habet

965 2459 1036 2481 multo
1054 2459 1143 2486 plures,
1161 2464 1260 2487 quorum
1278 2460 1354 2480 tamen
1372 2457 1445 2479 maior
1463 2462 1516 2485 pars
1537 2459 1560 2479 et
1582 2462 1651 2484 saepe
1669 2456 1752 2479 eodem
1774 2462 1808 2479 or·

964 2506 1017 2529 dine
1034 2505 1131 2528 habetur
1147 2505 1215 2528 etiam
1234 2505 1257 2527 in
1274 2504 1403 2527 Coloniensi
1420 2504 1510 2532 codice,
1528 2504 1662 2532 praesertim
1682 2504 1704 2526 in
1722 2503 1807 2526 ultimis

965 2553 1040 2580 libris,
1058 2559 1103 2575 non
1120 2558 1172 2575 raro
1189 2555 1265 2574 tamen
1277 2552 1320 2574 loci
1333 2552 1461 2573 reseruntur
1472 2551 1578 2578 brevius,
1590 2553 1612 2573 et
1629 2551 1745 2573 adduntur
1762 2551 1807 2573 alii.

965 2599 1018 2621 Sine
1037 2598 1109 2621 dubio
1132 2601 1211 2621 auctor
1232 2597 1373 2621 Coloniensis
1395 2598 1515 2620 pharetrae
1535 2597 1652 2626 antiquius
1674 2603 1734 2624 opus
1755 2599 1808 2619 ante

964 2647 1043 2669 oculos
1060 2645 1141 2668 hahuit
1157 2647 1179 2668 et
1195 2646 1216 2667 in
1234 2644 1364 2667 breviorem
1388 2645 1483 2666 sormam
1506 2643 1603 2672 redegit.
1622 2643 1713 2666 Minime
1730 2646 1806 2666 autem

964 2692 1074 2716 credibile
1091 2694 1137 2720 est,
1155 2692 1177 2715 S.
1193 2693 1374 2714 Bonaventuram
1401 2692 1444 2713 hoc
1469 2691 1539 2714 modo
1564 2691 1664 2713 alienum
1686 2696 1746 2718 opus
1763 2689 1807 2712 sibi

964 2739 1140 2768 appropriasse,
1157 2744 1198 2761 nec
1215 2739 1283 2760 ullam
1301 2737 1414 2760 habemus
1426 2738 1537 2760 rationem
1553 2736 1691 2760 attribuendi
1707 2737 1739 2759 illi
1756 2737 1807 2759 alte·

964 2792 1013 2808 ram
1031 2791 1177 2813 anonymam.
1193 2797 1224 2801 --
1241 2784 1393 2807 Consideratis
1409 2784 1530 2811 omnibus,
1548 2784 1748 2810 concludendum,
1763 2789 1806 2806 nec

965 2834 1023 2855 hanc
1035 2839 1076 2855 nec
1088 2832 1172 2854 editam
1190 2831 1321 2854 pharetram
1338 2837 1389 2853 esse
1406 2830 1533 2859 legitimum
1551 2831 1724 2853 Bonaventurae
1736 2836 1803 2858 opus.

1031 2880 1065 2902 12.
1082 2880 1171 2907 Restat,
1188 2881 1213 2900 ut
1229 2878 1259 2900 de
1276 2877 1390 2900 nonnullis
1407 2878 1530 2906 illegitimis
1550 2877 1668 2906 opusculis
1689 2877 1806 2904 asceticis,

964 2933 1024 2956 quae
1041 2928 1128 2948 tantum
1146 2925 1168 2947 in
1186 2924 1353 2955 Supplemento
1367 2925 1452 2948 Bonelli
1470 2925 1595 2952 habentur,
1607 2930 1679 2953 pauca
1692 2925 1804 2947 dicamus.

965 2974 1051 2996 Horum
1077 2972 1202 3000 principale
1224 2975 1258 2995 est
1281 2971 1437 2995 ordinarium
1460 2972 1520 2995 vitae
1544 2971 1679 3001 reliqiosae,
1703 2971 1751 2993 sive
1777 2970 1804 2993 de
