2133 3317
258 211 362 240 XXVIII

259 289 300 319 qui
316 289 409 313 libellus
426 288 495 312 habet
508 288 641 319 pretiosum
659 288 799 310 thesaurum
820 287 844 309 in
861 293 894 310 se.
916 287 963 310 Hec
985 287 1019 309 est
1035 287 1106 309 mate--

258 337 297 360 ria
314 337 386 361 totius
404 336 472 360 libri:
493 336 571 366 primo
586 335 654 365 ponit
671 336 755 357 auctor
773 333 927 357 auctoritates
944 333 1103 361 Sanctorum,

258 386 286 407 ur
301 383 373 407 Pauli
393 385 415 407 et
436 382 586 410 huiusmodi,
603 383 686 411 postea
708 380 839 410 orientalia
860 381 1001 403 sanctorum
1023 380 1106 410 ,411911-

258 430 326 458 stin-i,
356 429 488 457 Ambrosii,
515 428 637 456 leronimi,
664 427 776 457 Greyorii
799 428 820 450 et
842 426 960 454 aliorum,
983 426 1016 449 ita
1043 425 1107 456 quod

259 477 400 508 quaudoque
419 476 565 506 Auqustinus
582 474 656 498 simul
676 476 697 497 et
719 473 790 497 ceteri
807 475 977 503 preponuntur
999 474 1022 496 et
1042 474 1105 502 post-

255 526 382 555 ponuntur
399 523 540 554 quandoque
557 520 715 551 originalibus
732 520 791 544 suis.
813 519 878 543 Unde
895 519 922 543 de
939 519 983 543 1100
998 518 1032 542 sis
1052 525 1107 542 cau-

259 572 305 594 tus.
323 571 353 594 Et
368 571 436 598 nota,
455 568 519 599 quod
536 567 593 591 liber
611 568 652 591 iste
669 569 703 591 est
719 566 841 596 dialoyus,
863 566 887 589 id
903 568 938 589 est
953 572 1032 589 sermo
1050 565 1105 589 duo-

259 624 316 641 rum
332 617 364 640 ad
381 616 492 643 invicem,
517 615 621 639 videlicet
642 615 721 638 anime
737 613 894 643 interroyatio
915 616 936 636 et
953 612 1055 636 hominis
1072 619 1107 636 re-

258 665 353 696 sponsio
370 671 425 688 cam
442 662 624 687 auctoritatibus
641 662 787 686 Sanctorum
800 660 977 691 pulcherrimis.
994 660 1043 683 Alia
1061 666 1108 682 ma-

259 720 302 736 nus
318 713 423 735 eiusdem
441 718 502 734 saec.
520 711 570 733 XV.
587 709 705 733 subiunxit
716 709 815 732 indicem
834 708 879 731 sub
897 709 940 731 hoc
960 708 1040 730 titulo:
1058 707 1108 731 Ma-

259 759 317 784 teria
336 759 407 783 totius
424 760 542 782 tractatus
560 757 726 780 Bonaventure
743 755 894 786 generaliter.

322 807 360 829 21.
377 805 475 834 Ibidem,
494 812 537 828 nis.
551 805 589 827 lat.
602 805 670 827 theol.
683 804 705 826 in
718 804 757 826 sol.
766 804 817 826 cod.
833 803 885 826 178.
900 804 972 825 chart.
984 808 1043 825 saec.
1056 803 1108 825 XV.

260 867 288 870 ——
300 854 348 876 Fol.
368 853 420 875 117.
438 859 461 875 v.
478 852 632 880 praemittitur
649 851 773 880 opusculo:
796 850 885 880 Ymaqo
898 849 949 873 vite.
967 849 1053 873 Desinit
1070 850 1108 872 t'ol.

260 902 312 924 133.
323 908 346 923 ν.
355 900 444 923 verbis:
457 899 489 923 Et
499 899 534 923 sic
545 898 628 929 finitur
641 898 699 921 liber
712 898 754 921 iste
762 897 923 927 dialoqorum,
932 896 1008 920 dictus
1019 903 1107 927 ymayo

258 948 312 972 vite.
329 948 376 970 Alia
395 953 478 970 manus
494 947 599 969 eiusdem
619 946 670 968 aevi
691 945 807 968 adiunxit:
824 944 908 968 Editus
926 945 947 967 et
964 943 1107 973 compositus

259 997 294 1019 est
308 1001 404 1025 presens
422 994 532 1024 dialoqus
546 1000 591 1023 per
608 993 710 1023 fratrem
727 993 819 1016 Bonam
832 993 967 1015 venturam.

324 1044 361 1065 22.
378 1041 479 1069 Ibidem,
496 1042 518 1064 in
536 1044 611 1070 quart.
628 1040 681 1063 cod.
698 1040 737 1062 61.
753 1041 825 1062 chart.
838 1045 897 1062 saec.
914 1039 965 1061 XV.
983 1051 1013 1055 —
1031 1038 1108 1061 Solilo·

260 1090 343 1119 quium
360 1089 440 1117 incipit
457 1089 492 1111 fol.
512 1089 532 1110 1.
550 1094 567 1110 r.
585 1088 634 1110 sine
652 1088 694 1110 ulla
718 1087 870 1113 indicatione,
893 1086 935 1108 sed
960 1085 1001 1108 alia
1025 1091 1108 1108 manus

260 1137 412 1165 praemiserat
429 1136 530 1158 indicem
548 1141 659 1163 operum,
672 1140 772 1163 quorum
787 1134 889 1161 primum
902 1133 934 1155 sic
946 1133 1042 1155 indIcat:
1056 1132 1109 1155 Dia-

261 1184 330 1214 loqus
348 1183 510 1206 Boueventure
527 1181 658 1205 cardinalis
677 1180 774 1204 Ordinis
796 1179 885 1208 nostri,
909 1179 1015 1203 videlicet
1035 1178 1108 1202 Mino-

260 1237 324 1253 runt.
345 1230 432 1252 Desinit
449 1230 485 1252 sol.
504 1229 542 1251 34.
559 1235 593 1255 v.,
613 1231 636 1251 ut
653 1229 676 1250 in
693 1228 767 1250 editis.

323 1279 360 1301 23.
387 1278 496 1305 Bonnae,
522 1276 660 1299 bibliotheca
683 1276 853 1303 UniversitatiS,
878 1275 930 1298 eod.
958 1275 1012 1298 325.
1037 1275 1109 1297 chart.

260 1332 321 1349 saec.
343 1326 394 1348 XV.
412 1328 464 1348 ante
482 1324 637 1347 medietatem.
654 1336 686 1340 —
702 1323 821 1352 Opusculo
834 1323 887 1345 huic
904 1322 1059 1351 praemittitur
1072 1323 1121 1345 sol.-

262 1374 284 1396 1.
306 1379 336 1395 r.:
360 1372 449 1402 Ymaqo
466 1371 518 1395 vite.
536 1371 623 1394 Desinit
640 1371 678 1393 iol.
695 1371 732 1393 26.
745 1377 769 1392 v.
786 1376 839 1392 cum
857 1369 986 1392 additione:
1005 1367 1109 1398 Eoeplicit

261 1420 332 1448 liber,
350 1419 392 1449 qui
408 1418 546 1442 intitulatur
562 1424 649 1448 ι11111090
666 1417 720 1441 vite.

324 1467 362 1490 24.
389 1466 488 1490 Bruttiae
519 1466 627 1495 (Brescia)
652 1466 673 1488 in
699 1465 772 1491 ltalia,
799 1464 937 1487 bibliotheca
963 1464 1107 1493 QuirinIana‚

262 1515 314 1538 cod.
332 1515 359 1536 H.
376 1514 414 1536 Vl.
432 1514 454 1535 6.
472 1512 571 1536 membr.
590 1513 611 1535 in
629 1513 651 1535 8.
668 1518 728 1535 5300.
747 1513 798 1535 XV.
814 1524 845 1528 —
863 1511 1013 1540 soliloquium
1031 1511 1110 1538 incipit

262 1562 299 1585 rol.
319 1561 372 1584 284.
385 1560 429 1583 sub
447 1561 521 1583 titulo:
539 1559 684 1589 seraphicus
697 1559 779 1583 doctor
792 1559 961 1582 Bonaventura
977 1557 1109 1582 cardinalis

262 1608 289 1631 de
307 1609 411 1638 quatuor
428 1606 570 1630 mentalibus
587 1605 714 1629 exercitiis.
727 1606 805 1629 Flecto
823 1611 901 1635 yenua
918 1611 971 1627 mea
988 1607 1031 1627 etc.
1049 1604 1110 1627 Desi-

262 1655 306 1678 nit:
325 1654 366 1684 qui
382 1656 416 1678 est
432 1653 511 1677 trinus
528 1655 550 1677 ct
566 1660 629 1676 unus
647 1652 780 1676 benedictus
798 1652 822 1675 in
838 1651 926 1675 secula.
944 1653 1026 1675 Amen.

325 1702 362 1724 25.
381 1701 481 1731 Brufis,
508 1700 645 1723 bibliotheca
671 1700 785 1727 Civitatis,
810 1699 861 1722 cod.
885 1699 922 1721 50.
948 1700 1020 1721 chart.
1043 1699 1064 1721 in
1089 1698 1110 1720 4.

261 1755 322 1771 saec.
339 1749 390 1771 XV.
407 1761 438 1765 —
455 1748 503 1770 Hoc
520 1747 657 1776 opusculum
678 1747 759 1775 incipit
776 1747 814 1769 101.
833 1747 869 1768 18.
888 1752 923 1773 v.,
940 1746 981 1768 sed
1004 1752 1048 1768 non
1066 1751 1111 1768 nu-

261 1799 357 1819 merato.
375 1796 460 1818 Desinit
478 1796 514 1818 101,
532 1795 569 1817 50,
587 1801 605 1817 r.
623 1801 676 1817 011111
695 1796 737 1817 1130
754 1794 887 1816 additione:
905 1792 1011 1823 Empticit
1027 1792 1110 1816 Solilo·

262 1843 346 1873 quium
363 1844 426 1866 Bone
443 1844 553 1871 venture,
571 1841 635 1872 quod
651 1841 739 1865 dicitur
756 1847 843 1872 ymago
861 1841 913 1864 vite.
932 1841 976 1864 Deo
995 1840 1058 1863 laus.

325 1891 362 1912 26.
376 1889 515 1920 Brunopoli,
528 1889 666 1912 bibliotheca
676 1888 786 1917 Civitatis,
795 1888 846 1911 cod.
860 1888 909 1910 105.
920 1889 992 1911 chart.
1004 1888 1025 1910 in
1035 1890 1110 1916 quart.

262 1943 323 1959 saec.
341 1937 400 1959 XIV.
414 1936 528 1964 exeuntis,
540 1935 580 1958 sed
594 1936 638 1958 1100
649 1935 789 1964 opusculum
807 1937 841 1957 est
852 1937 970 1957 exaratum
987 1940 1047 1957 saec.
1059 1934 1111 1956 XV.

263 1984 363 2006 ineunte.
379 1997 410 1999 —
427 1983 507 2011 Incipit
524 1983 562 2005 sol.
586 1989 631 2005 non
654 1985 775 2005 numerato
792 1982 841 2004 sine
867 1982 913 2004 ullo
936 1982 1014 2004 titulo:
1031 1980 1110 2004 Flecto

262 2036 341 2059 =benaa
358 2036 411 2052 mea
428 2032 484 2057 eto„
500 2034 523 2052 et
539 2029 622 2052 desinit
640 2030 676 2051 sol.
689 2029 816 2057 penultimo
832 2033 868 2050 xm:
886 2027 928 2057 qui
943 2029 978 2051 est
994 2026 1073 2050 trinus
1090 2030 1111 2050 et

262 2083 326 2100 unus
344 2076 476 2099 benedictus
494 2076 518 2099 in
534 2075 622 2099 secula.
640 2077 723 2099 Amen.

327 2123 365 2146 27.
382 2122 483 2151 Ibidem,
501 2123 553 2145 cod.
570 2123 608 2144 26.
626 2122 720 2144 miscell.
740 2122 761 2144 in
779 2122 816 2144 sol.
833 2127 894 2144 saec.
909 2121 961 2143 XV.
977 2133 1009 2137 —
1025 2121 1072 2143 Fol.
1090 2121 1111 2142 1.

266 2177 285 2193 r.
302 2170 414 2199 opusculo
427 2170 593 2198 praemittitur:
606 2168 708 2199 Dyaloyi
718 2168 746 2191 de
762 2167 957 2198 contemplatione
972 2167 1074 2191 hominis
1090 2168 1112 2190 et

263 2218 351 2241 anime.
359 2218 430 2240 Etiam
442 2217 463 2239 in
473 2217 518 2239 fine
527 2217 630 2239 additur:
641 2215 745 2246 Eaplicit
753 2215 870 2245 dyaloqus
879 2215 907 2238 de
917 2214 1112 2245 contemplatione

265 2264 385 2288 interioris
402 2263 505 2287 homimis·
522 2265 543 2287 et
559 2263 638 2286 anime
647 2272 656 2292 ,·
674 2269 757 2285 nomen
776 2263 876 2285 auctoris
893 2262 981 2291 ubique
998 2264 1093 2284 tacetur.

328 2312 366 2334 28.
384 2310 517 2339 Bruoeellis,
536 2310 673 2333 bibliotheca
697 2310 782 2337 Regia,
799 2309 851 2332 cod.
875 2309 1018 2331 1291-1311.
1040 2309 1112 2331 chart.

264 2364 326 2381 saec.
347 2358 398 2381 XV.
412 2371 441 2374 —
458 2359 480 2380 ln
497 2360 563 2386 parte
579 2357 698 2385 superiore
716 2357 752 2379 sol.
771 2357 791 2379 3.
809 2363 840 2385 r.,
857 2356 899 2379 sed
919 2362 965 2378 non
987 2355 1111 2383 numerati,

265 2404 365 2427 occurrit
381 2404 459 2426 titulus
475 2404 581 2432 opusculi
598 2403 642 2426 sub
660 2404 702 2426 hac
720 2402 825 2425 rubrica:
843 2401 929 2432 Incipit
935 2402 1053 2432 proloqus
1068 2402 1113 2425 Bo-

264 2453 396 2475 naoenture
418 2451 445 2474 de
462 2452 566 2481 quatuor
583 2450 711 2474 emercitiis.
729 2450 808 2473 Flecto
825 2456 904 2479 qenua
921 2455 974 2472 mea
991 2452 1035 2472 etc.
1052 2449 1113 2471 Desi-

267 2499 300 2521 nit
317 2500 355 2522 sol.
372 2504 407 2521 v.:
426 2498 468 2528 qui
483 2500 516 2521 est
533 2498 612 2521 trinus
629 2499 651 2521 et
667 2503 731 2520 unus
749 2496 881 2520 benedictus
898 2496 923 2519 in
940 2495 1028 2520 secula.

330 2546 368 2568 29.
385 2545 488 2573 Ibidem,
506 2545 557 2568 cod.
576 2544 685 2567 20-20-34.
702 2545 773 2567 chart.
796 2550 858 2567 saec.
880 2544 933 2566 XV.
950 2556 981 2560 —
999 2544 1051 2566 Post
1070 2543 1113 2565 alia

266 2593 309 2615 tria
326 2593 438 2620 opuscula
456 2592 538 2614 eadem
564 2597 647 2614 manus
664 2591 768 2619 scripsit:
787 2590 918 2620 Sequitur:
940 2589 1018 2614 Flecto
1034 2596 1114 2620 genua

265 2646 330 2667 mea,
350 2641 371 2662 et
388 2640 489 2663 vocatur
506 2638 666 2668 Soliloquium
682 2637 731 2661 sive
743 2637 854 2667 dialoqus
872 2638 935 2660 Bone
951 2639 1057 2660 venture.
1074 2637 1114 2659 De-

266 2686 320 2709 sinit
337 2689 361 2708 ut
378 2686 400 2708 in
417 2686 496 2708 editis:
514 2685 556 2715 qui
571 2687 606 2708 est
621 2684 701 2708 trinus
717 2686 739 2708 et
755 2690 819 2707 unus
837 2683 970 2707 benedictus
991 2683 1016 2706 in
1032 2683 1114 2707 secula

265 2733 410 2757 seculorum.
428 2734 510 2756 Amen.
536 2732 640 2762 Eat-plicet
665 2731 824 2762 soliloquium
845 2731 893 2754 sive
917 2730 1028 2761 dialoqus
1050 2731 1114 2754 Bone

266 2781 365 2804 venture
382 2779 409 2803 de
426 2781 531 2809 quatuor
546 2779 673 2803 emercitiis.

331 2827 369 2849 30.
386 2826 486 2854 Ibidem,
504 2827 556 2849 cod.
574 2827 660 2849 20931.
677 2827 771 2849 miscell.
788 2826 810 2848 in
829 2826 850 2848 4.
867 2831 928 2848 saec.
945 2826 996 2848 XV.
1017 2838 1048 2841 —
1068 2825 1114 2847 Fol.

269 2876 289 2896 1.
307 2880 326 2896 r.
343 2874 456 2902 opusculo
474 2874 639 2902 praemittitur:
656 2874 723 2897 Bona
739 2875 840 2897 ventura
858 2872 885 2896 de
903 2874 1007 2903 quatuor
1027 2871 1114 2895 emerci-

267 2919 313 2943 tiis.
331 2920 392 2943 l-laec
409 2920 490 2942 eadem
508 2922 643 2948 repetuntur
655 2920 676 2942 in
695 2919 739 2942 fine
751 2923 803 2948 post
814 2919 932 2949 Explicit,
950 2918 1036 2948 quibus
1052 2918 1114 2941 addi-

268 2970 317 2989 tur:
335 2967 382 2990 Deo
401 2966 454 2990 laus
471 2968 493 2990 et
510 2966 573 2990 beate
590 2966 673 2990 Marie.

963 207 1207 237 PROLEGOMENA
1228 207 1257 236 C.
1281 208 1298 236 1.

1226 286 1264 308 31.
1282 285 1382 309 Bulsam·
1398 287 1421 309 in
1438 286 1527 314 Tyroli,
1546 285 1685 308 bibliotheca
1703 286 1807 308 Fratrum
1825 284 1881 307 Ord.
1904 285 1927 307 S.
1944 285 2009 306 Fran-

1163 333 1229 359 cisci,
1247 333 1299 355 cod.
1317 333 1347 355 X.
1370 333 1404 355 15.
1424 334 1496 355 chart.
1512 333 1535 355 in
1552 333 1590 355 sol.
1605 339 1666 355 saec.
1683 333 1734 355 XV.
1745 344 1777 349 ——
1792 332 1827 354 Ad
1845 332 1934 354 tertiam
1957 337 2010 360 par-

1164 381 1209 401 tem
1227 379 1351 402 voluminis
1369 380 1406 402 sol.
1422 386 1440 402 r.
1458 386 1504 402 non
1527 382 1661 402 numerato:
1683 378 1769 409 Incipit
1790 378 1913 409 Dyaloqus
1933 379 2010 401 Bona-

1162 427 1267 448 ventnre.
1285 426 1371 448 Desinit
1387 429 1439 454 post
1456 426 1493 449 24.
1511 426 1589 449 lolium
1607 433 1660 449 cum
1678 426 1776 449 dimidio
1793 429 1818 449 ut
1835 426 1857 448 in
1874 426 1949 448 editis.

1227 473 1265 495 32.
1283 472 1431 496 Camberiaci
1446 472 1589 502 (Chamberi)
1607 473 1629 495 in
1647 473 1730 500 Gallia,
1742 473 1880 496 bibliotheca
1892 472 2009 499 Civitatis,

1163 518 1215 541 cod.
1233 519 1287 541 201.
1303 520 1375 542 chart.
1393 519 1415 541 in
1434 520 1472 541 sol.
1488 525 1549 542 saec.
1567 520 1619 542 XV.
1635 521 1746 542 exeuntis.
1762 532 1794 536 --
1810 520 1954 548 Opusculum
1976 522 2010 542 est

1164 566 1202 588 sol.
1219 572 1238 588 r.
1256 572 1302 588 non
1318 568 1440 588 numerato
1457 565 1501 588 suh
1513 565 1618 589 rubrica:
1631 566 1714 596 Incipit
1726 566 1885 596 Soliloquium
1897 566 2011 595 Bonesor-

1164 613 1232 640 tune,
1250 611 1314 642 quod
1329 611 1416 635 dicitur
1433 618 1521 642 ymayo
1537 612 1590 635 vite.
1607 613 1693 635 Desinit
1710 613 1746 636 rol.
1764 620 1783 636 r.
1804 619 1857 636 011111
1880 613 2011 636 additione:

1165 658 1269 688 Eaplicit
1285 658 1446 688 Soliloquiunt
1462 665 1504 682 sea
1521 665 1608 688 ymaqo
1625 659 1677 682 vite.

1227 706 1264 728 33.
1283 705 1454 735 Cantabriqae,
1477 705 1616 728 bibliotheca
1638 705 1733 735 Collegii
1749 713 1768 730 s.
1792 708 1947 730 Emmanuelis
1964 708 2009 730 MS.

1165 754 1186 775 1.
1204 754 1225 775 2.
1245 753 1281 776 14.
1298 754 1371 776 chart.
1388 754 1411 775 in
1429 753 1450 775 4.
1468 759 1529 776 5300.
1546 753 1597 776 XV.
1615 766 1643 769 —
1661 754 1813 783 Soliloquium
1831 754 1928 777 habetur
1944 755 1980 777 sol.
1993 761 2011 777 r.

1164 806 1209 823 non
1228 803 1349 823 numerato
1365 800 1409 823 sub
1426 799 1531 823 rubrica:
1548 799 1710 823 Meditationes
1725 800 1844 831 ymaqinis
1856 801 1908 824 cite.
1925 801 2012 824 Desinit

1164 847 1255 870 verbis:
1273 847 1314 877 qui
1329 848 1364 870 est
1380 847 1459 870 trinus
1476 848 1498 870 et
1514 853 1577 870 unus
1589 846 1721 870 benedictus
1733 846 1759 870 in
1769 847 1858 871 secula.
1869 848 2012 871 11111011.Εο-

1160 893 1263 923 pliciunt
1280 895 1384 923 quatuor
1401 893 1564 917 meditationes
1580 893 1701 923 ymaginis
1717 894 1763 917 vite
1783 894 1915 918 secundum
1937 895 2013 917 Bona-

1163 942 1298 964 uenturam.

1227 988 1264 1011 34.
1283 988 1464 1018 Carpentoracti
1480 988 1637 1017 (Carpentras)
1655 989 1677 1011 in
1694 989 1778 1016 Gallia,
1796 988 1933 1011 bibliotheca
1955 988 2014 1012 Civi-

1164 1035 1228 1062 tatis,
1246 1035 1298 1058 cod.
1316 1035 1353 1057 35.
1371 1036 1442 1057 chart.
1460 1035 1482 1057 in
1501 1035 1522 1057 4.
1540 1041 1602 1057 saec.
1620 1035 1671 1057 XV.
1688 1047 1719 1051 —
1737 1035 1789 1058 Post
1813 1035 1857 1057 alia
1881 1041 1952 1063 opera
1974 1036 2011 1058 sol.

1164 1088 1208 1104 non
1228 1084 1349 1104 numerato
1366 1085 1401 1104 est
1417 1081 1509 1104 rubrica
1527 1082 1562 1104 1115
1580 1081 1671 1104 verbis:
1689 1081 1773 1111 Incipit
1789 1081 1900 1111 dialoyus
1922 1081 2014 1105 domini

1164 1129 1330 1152 Bonaventure
1346 1128 1374 1152 de
1390 1129 1472 1152 anima
1489 1131 1511 1152 et
1527 1129 1632 1157 homine,
1648 1128 1718 1152 aliter
1728 1129 1809 1158 imayo
1821 1128 1874 1152 rite.
1886 1128 1964 1152 Flecto
1976 1135 2012 1158 ,qe-

1164 1183 1213 1200 nua
1231 1183 1284 1200 mea
1301 1180 1343 1200 etc.
1362 1177 1461 1199 Desinit:
1478 1176 1520 1206 qui
1535 1178 1570 1199 est
1585 1176 1664 1200 trinus
1681 1178 1704 1200 et
1718 1182 1783 1200 unus
1800 1176 1933 1200 benedictus
1944 1176 1969 1199 in
1980 1182 2012 1200 se-

1164 1223 1219 1247 cula
1235 1223 1380 1247 seculorum.
1398 1224 1481 1247 Amen.

1228 1271 1266 1293 35.
1284 1270 1380 1294 Castelli
1396 1271 1521 1294 Gattorum.
1547 1270 1642 1300 (Cassel)
1666 1271 1688 1293 in
1713 1272 1848 1299 Germania,
1874 1271 2013 1294 bibliotheca

1165 1318 1271 1346 Publica,
1288 1319 1340 1341 cod.
1358 1319 1424 1341 theol.
1443 1319 1482 1341 51.
1498 1319 1570 1341 chart.
1587 1319 1608 1340 in
1627 1319 1665 1341 sol.
1681 1324 1742 1341 saec.
1759 1318 1811 1341 XV.
1827 1331 1858 1335 —
1874 1319 1921 1341 Fol.
1938 1318 1977 1341 35.
1994 1325 2013 1340 r.

1165 1370 1199 1389 cst
1216 1373 1315 1396 sequens
1332 1365 1441 1389 rubrica:
1459 1366 1577 1396 Incipiunt
1598 1365 1760 1389 meditationes
1782 1366 1868 1396 fratris
1895 1365 2015 1389 Willtelmi

1165 1415 1331 1438 Bonaventure
1347 1415 1370 1437 et
1385 1413 1498 1443 maqistrz'
1513 1419 1581 1437 sacre
1598 1413 1725 1443 theoloqie,
1749 1412 1873 1437 Generalis
1896 1412 2013 1436 Fratrum

1165 1461 1288 1484 Minoi-um
1305 1462 1326 1484 et
1342 1460 1473 1484 cardinalis
1491 1460 1562 1484 Curie
1579 1461 1692 1483 Romane.
1708 1460 1787 1483 Flecto
1804 1466 1884 1490 genua
1900 1466 1953 1483 mea
1970 1463 2014 1483 etc.

1166 1508 1253 1530 Desinit
1271 1508 1309 1530 sol.
1326 1508 1364 1530 53.
1380 1514 1416 1535 v.,
1434 1507 1513 1530 addito
1532 1507 1553 1529 in
1570 1507 1676 1535 margine
1687 1507 1772 1529 laterali
1785 1510 1886 1529 tantum:
1898 1506 2012 1536 Eaplicit.

1229 1555 1266 1577 36.
1285 1554 1420 1578 Colmariae
1437 1555 1460 1576 in
1478 1554 1572 1581 Alsatia,
1591 1553 1728 1576 bibliotheca
1745 1553 1860 1580 Civitatis,
1873 1553 1934 1576 2cod.
1955 1553 2015 1581 sign.

1166 1605 1245 1629 vacat,
1263 1603 1334 1624 chart.
1352 1602 1374 1624 in
1394 1602 1430 1624 sol.
1447 1608 1508 1624 saec.
1525 1601 1576 1624 XV.
1593 1601 1700 1624 ineuntis.
1716 1613 1748 1617 —
1764 1601 1811 1623 Fol.
1829 1601 1867 1623 88.
1883 1607 1916 1623 r.:
1931 1599 2016 1629 Incipit

1165 1650 1284 1672 tractatus
1301 1648 1329 1671 de
1345 1648 1456 1678 ymayine
1473 1648 1518 1671 vite
1534 1648 1583 1671 Dei.
1600 1648 1687 1670 Desinit
1703 1648 1742 1670 101.
1761 1648 1813 1670 102.
1829 1654 1848 1670 r.
1865 1647 1956 1671 verbis:
1973 1647 2015 1677 qui

1165 1697 1200 1719 est
1216 1695 1295 1719 trinus
1312 1698 1334 1719 et
1349 1702 1413 1719 unus
1430 1697 1451 1719 et
1469 1695 1601 1719 benedictus
1618 1695 1642 1718 in
1655 1695 1744 1719 secula.
1756 1696 1840 1719 Amen.
1851 1694 1956 1725 Explicit
1968 1697 2015 1719 tra-

1166 1745 1243 1767 ctatus
1259 1743 1287 1766 de
1303 1743 1415 1773 ymaqine
1431 1742 1476 1766 vite
1495 1742 1541 1765 Dei.

1230 1792 1267 1814 37.
1285 1791 1409 1819 Coloniae,
1428 1790 1566 1813 bibliotheca
1585 1790 1720 1817 Seminarii,
1737 1789 1789 1812 cod.
1806 1790 1863 1812 XLl.
1874 1791 1946 1812 chart.
1959 1790 1981 1812 in
1994 1790 2016 1812 8.

1165 1844 1226 1861 saec.
1243 1838 1294 1860 XV.
1312 1850 1343 1854 —
1360 1838 1407 1860 Hoc
1424 1838 1563 1865 opusculum
1581 1837 1659 1865 incipit
1676 1837 1714 1860 sol.
1732 1836 1786 1859 ⁴44.
1802 1843 1838 1864 v.,
1855 1836 1893 1859 cui
1910 1836 1953 1859 alia
1970 1842 2017 1859 ma-

1167 1892 1211 1908 nus
1228 1886 1359 1914 praemisit:
1377 1884 1537 1914 Soliloquium
1554 1884 1615 1907 beati
1639 1884 1815 1907 Bonaventure.
1841 1883 1927 1906 Desinit
1951 1887 1976 1906 ut
1992 1884 2016 1906 in

1166 1933 1234 1956 editis
1251 1934 1288 1955 rol.
1306 1933 1359 1955 177.
1376 1939 1395 1955 r.
1412 1931 1503 1954 verbis:
1521 1931 1563 1961 qui
1585 1933 1621 1955 est
1644 1931 1723 1954 trinus
1748 1934 1769 1954 et
1793 1937 1857 1954 unus
1882 1930 2015 1954 benedictus

1167 1980 1192 2003 in
1208 1979 1297 2003 secula.
1320 1980 1403 2003 Amen.
1425 1978 1531 2008 Ea‘plicit
1552 1977 1712 2007 Soliloquium
1731 1978 1894 2001 Boneventure
1913 1977 2015 2001 doctoris

1167 2026 1250 2050 devoti.

1231 2075 1268 2097 38.
1286 2073 1386 2101 Ibidem,
1405 2073 1456 2096 cod.
1474 2073 1539 2095 XLll.
1555 2074 1627 2095 chart.
1650 2073 1674 2095 in
1692 2073 1712 2094 8.
1731 2079 1791 2095 saec.
1815 2073 1866 2095 XV.
1882 2084 1914 2089 —
1930 2073 1977 2095 Fol.
1995 2073 2015 2095 1.

1167 2127 1185 2143 r.
1203 2123 1237 2143 est
1254 2121 1331 2143 titulus
1348 2120 1416 2142 huius
1433 2119 1539 2147 opusculi
1557 2120 1592 2142 his
1609 2119 1687 2142 verbis
1704 2125 1838 2147 expressus:
1857 2119 1943 2149 Incipit
1960 2125 2016 2149 pro·

1168 2168 1237 2197 laqus
1255 2166 1444 2197 Soliloquiorum
1463 2166 1628 2189 Bonaventure
1644 2165 1672 2189 de
1689 2166 1735 2189 1111
1751 2165 1878 2190 exercitiis.
1895 2167 1981 2189 Desinit
1992 2170 2016 2189 ut

1168 2214 1190 2236 in
1207 2214 1275 2236 editis
1293 2214 1330 2235 fol.
1348 2214 1400 2235 111.
1419 2220 1442 2235 ν.
1459 2213 1511 2235 Post
1528 2213 1584 2240 alia,
1601 2219 1662 2242 quae
1679 2216 1815 2242 sequuntur,
1837 2215 1938 2240 notatur,
1955 2213 2016 2236 codi-

1168 2267 1218 2284 cem
1238 2261 1307 2283 suisse
1325 2261 1437 2288 scriptum
1454 2266 1517 2283 anno
1535 2260 1643 2283 LXVIII.
1660 2259 1745 2282 scilicet
1764 2259 1831 2282 1468.

1231 2309 1268 2331 39.
1287 2307 1428 2335 Crat-oriae,
1446 2306 1584 2329 bibliotheca
1601 2307 1761 2330 Universitatis
1783 2307 1943 2335 lagellonicae,
1964 2307 2016 2331 cod.

1169 2356 1238 2378 2l29.
1256 2356 1298 2378 BB.
1316 2355 1361 2377 Vll.
1380 2356 1401 2377 2.
1418 2356 1491 2377 chart.
1515 2354 1537 2376 in
1556 2354 1578 2376 4.
1604 2360 1664 2376 saec.
1690 2354 1742 2376 XV.
1767 2354 1874 2377 ineuntis.
1890 2366 1921 2371 -
1938 2354 2018 2377 Solilo-

1168 2403 1249 2432 quium
1268 2402 1347 2431 incipit
1365 2403 1403 2424 sol.
1420 2402 1473 2424 105.
1491 2408 1511 2424 r.
1527 2401 1576 2424 sine
1593 2402 1670 2429 titulo,
1687 2404 1710 2424 et
1721 2401 1805 2424 desinit
1816 2402 1854 2424 sol.
1868 2402 1918 2423 ¹38.
1930 2408 1949 2424 r.
1962 2408 2015 2424 curn

1169 2452 1211 2473 hac
1228 2450 1359 2472 additione:
1376 2448 1482 2478 Eaplicit
1498 2447 1556 2471 liber
1567 2447 1747 2472 meditationum
1762 2448 1810 2471 sive
1826 2448 1962 2471 orationum
1976 2447 2017 2471 do-

1169 2497 1229 2520 mini
1244 2495 1375 2520 cardinalis
1393 2497 1414 2519 et
1431 2495 1534 2519 doctoris
1547 2496 1726 2523 Bonaventure,
1739 2496 1781 2525 qui
1791 2495 1871 2525 imayo
1882 2495 1928 2519 vite
1939 2497 2017 2519 eterne

1168 2545 1316 2568 nominatur.

1233 2590 1269 2612 40.
1287 2589 1387 2618 Ibidem,
1404 2589 1456 2612 cod.
1475 2589 1544 2611 1356.
1561 2589 1606 2611 ΑΑ.
1624 2589 1658 2611 lll.
1675 2589 1697 2611 6.
1714 2590 1786 2612 chart.
1798 2589 1821 2611 in
1834 2590 1871 2612 fol.
1883 2595 1944 2612 saec.
1956 2590 2016 2612 XlV.

1170 2637 1281 2660 exeuntis.
1297 2649 1328 2653 —
1345 2636 1497 2665 Soliloquium
1515 2636 1595 2664 incipit
1611 2641 1667 2663 pag.
1684 2635 1737 2658 273.
1763 2636 1812 2658 sine
1837 2636 1914 2658 titulo:
1937 2635 2016 2659 Flecto

1170 2691 1248 2715 genua
1265 2690 1317 2707 mea
1335 2686 1378 2706 etc.
1397 2683 1482 2706 Desinit
1499 2686 1523 2705 ut
1539 2683 1562 2705 in
1580 2683 1647 2705 editis
1664 2689 1718 2711 pag.
1741 2683 1800 2711 30¹3
1822 2683 1874 2705 hinc
1899 2683 2017 2706 adduntur

1170 2731 1265 2758 eadem,
1282 2736 1342 2759 quae
1358 2730 1382 2752 in
1399 2729 1555 2758 praecedenti.

1234 2778 1272 2800 41.
1290 2776 1388 2805 Ibidem,
1406 2777 1459 2799 cod.
1477 2777 1546 2799 1685.
1563 2776 1608 2799 Ax.
1625 2777 1662 2799 lV.
1680 2777 1701 2798 5.
1720 2777 1792 2799 chart.
1808 2776 1882 2799 insol.
1893 2782 1954 2799 saec.
1967 2777 2017 2799 XV.

1171 2838 1200 2841 —
1219 2825 1297 2852 incipit
1314 2825 1358 2846 hoc
1375 2824 1513 2852 opusculum
1530 2824 1578 2846 sine
1596 2824 1640 2846 ulla
1656 2823 1749 2846 rubrica
1767 2830 1821 2852 pag.
1839 2824 1893 2846 432.
1904 2826 1926 2846 et
1938 2823 2017 2846 decur-

1170 2871 1199 2894 rit
1215 2877 1290 2900 usque
1307 2871 1336 2893 ad
1353 2870 1438 2893 verba:
1456 2869 1498 2900 qui
1513 2871 1546 2893 est
1562 2870 1642 2893 trinus
1659 2872 1681 2893 et
1697 2876 1761 2893 unus
1778 2871 1799 2893 et
1810 2869 1943 2894 benedictus
1954 2870 2016 2892 Deus

1169 2917 1194 2941 in
1211 2917 1291 2941 secula
1307 2916 1452 2940 seculorum.
1469 2918 1553 2940 Amen.
1569 2916 1675 2946 Explicit
1690 2916 1856 2946 contemplatio
1873 2916 1900 2939 de
1921 2915 2016 2939 beatitu-

1170 2964 1224 2988 cline
1240 2966 1334 2992 eterna,
1352 2963 1494 2987 illuminans
1510 2963 1652 2987 intellectum
1670 2966 1691 2987 et
1712 2964 1867 2993 inflammans
1890 2963 2014 2993 affectum,
