2133 3317
139 693 252 712 Reverentia

121 717 198 736 senibus
221 717 253 736 de-

121 741 167 759 bita.

133 1425 245 1445 ohedientia

125 1450 144 1468 in
157 1450 250 1468 omnihus

138 2115 246 2138 Magistrum

138 2140 246 2162 sequantur.

268 222 324 250 618

266 299 408 325 humilitate
427 299 452 324 et
471 299 611 324 reverentia
629 305 692 329 quae
705 297 817 323 facienda
830 297 890 322 sunt
902 304 951 322 non
965 298 1115 329 praecipere,

267 344 310 368 sed
328 342 511 372 demonstrare,
531 342 556 367 et
574 342 596 366 si
615 348 656 366 eos
675 341 820 372 praecedere
834 341 972 373 contingat,
992 348 1048 366 00111
1066 341 1116 366 ala-

267 385 356 410 critate
375 385 400 410 et
418 384 560 414 devotione,
580 385 652 416 quasi
664 391 694 409 ex
706 383 854 409 necessitate
874 383 985 413 subiecti,
1006 383 1115 413 obedire;

266 429 424 454 inferioribus
452 435 549 459 semper
578 427 721 452 beneficium
753 427 779 452 et
809 427 929 451 auxilium
959 427 1115 457 impendere,

266 472 452 497 venerationem
473 479 523 496 11011
552 471 659 502 exigere,
680 470 822 495 societatem
842 470 917 501 atque
936 470 1117 501 aequalitatem

269 523 361 540 amare.
380 515 547 546 Maioribus,
567 514 617 543 ait,
637 513 754 538 debemus
773 521 817 544 per
835 513 949 538 timorem
974 512 1057 542 subdi,
1078 520 1116 537 ae-

267 558 389 589 qualibus
408 565 452 589 per
470 558 602 582 caritatem
620 557 736 588 obsequi,
754 556 898 581 minoribus
918 564 962 587 per
981 556 1116 587 aequalita-

266 600 335 626 tem¹
356 601 521 632 coaequari».

338 644 362 668 2.
381 644 466 676 Igitur
484 643 567 668 devoti
585 642 689 668 Fratres
708 643 820 668 seniores
840 650 898 667 suos
913 642 1075 667 revereantur
1088 642 1117 667 ut

268 688 393 717 dominos,
414 686 522 718 diligant
539 686 569 711 ut
588 686 714 718 parentes.
737 685 787 718 Qui
800 687 928 717 praesunt
956 686 985 710 in
1003 686 1117 711 Domino

268 731 340 761 sunt,
360 731 495 756 secundum
514 730 664 762 Apostolum
675 729 693 761 ²,
713 730 821 761 amplius
840 730 866 754 in
882 729 987 754 caritate
1000 729 1117 754 habendi.

267 775 345 806 Sane,
374 773 444 799 iuxta
472 773 618 805 Hugonem,
650 773 816 798 «reverentia
844 773 897 797 sine
927 780 1010 798 amore
1035 773 1116 804 magis

267 818 365 842 servilis
384 817 436 847 est,
456 817 481 842 et
500 824 570 842 amor
589 817 642 841 sine
661 816 801 841 reverentia
830 816 932 847 puerilis
955 816 1059 841 iudicari
1078 816 1116 840 de-

269 861 311 886 bet
323 871 348 885 >›.
368 860 505 892 Propterea
523 860 594 885 docet
612 860 718 884 Sanctus
730 858 746 889 Β,
767 859 809 889 111,
827 869 840 881 <<
853 859 1001 884 transeunte
1014 860 1115 889 maiore,

267 905 347 929 minor
367 904 456 935 surgat
475 904 499 928 et
518 903 560 928 det
587 904 608 928 ei
632 903 713 928 locum
740 903 847 927 sedendi.
873 902 931 928 Non
956 903 1115 934 praesumat,

267 947 360 979 inquit,
379 947 461 972 iunior
479 946 623 975 consedere,
643 947 692 971 nisi
720 946 858 977 praecipiat
876 946 898 971 ei
917 946 999 971 senior
1017 953 1078 971 suus
1091 956 1115 971 ».

267 991 339 1016 Prior
365 990 405 1015 hic
431 990 502 1021 ponit
529 990 658 1015 conversio
686 990 726 1015 vel
751 990 851 1021 aradus
873 989 954 1020 officii
981 990 1115 1019 seniorem,

267 1041 417 1066 quamquam
437 1033 462 1058 et
487 1034 558 1058 aetas
583 1033 617 1058 sit
643 1032 714 1058 iuxta
733 1033 813 1064 legem
838 1033 937 1058 Domini
955 1033 1115 1064 honoranda,

268 1078 302 1102 510
321 1078 385 1102 enim
406 1076 528 1108 scriptum
548 1075 620 1101 est4:
644 1076 739 1102 Coram
767 1083 831 1101 cano
850 1076 933 1107 capite
951 1083 1075 1107 consui-qe
1093 1077 1117 1101 et

268 1121 369 1145 honora
392 1127 533 1151 personam
560 1120 636 1145 senis.
655 1134 691 1137 -—
716 1119 838 1144 Discretio
863 1119 947 1144 tamen
972 1119 1043 1144 caute
1071 1127 1116 1150 pro

266 1163 319 1188 1000
332 1163 357 1188 et
369 1163 480 1194 tempore
494 1169 523 1187 ac
536 1163 588 1187 sine
608 1161 761 1187 reverentiae
780 1169 904 1193 congruae
917 1161 1066 1187 detrimento
1078 1169 1116 1187 ve-

267 1207 421 1231 nerationem
440 1205 574 1231 modificat.
603 1205 740 1230 Habendus
768 1205 807 1230 est
835 1205 922 1230 modus
941 1205 967 1229 111
985 1205 1115 1235 omnibus,

266 1256 311 1274 nec
323 1249 440 1273 vitiosam
459 1248 557 1279 quidem
577 1247 801 1279 superstitionemb
820 1247 956 1272 admittens
968 1254 1012 1272 nec
1032 1255 1116 1278 super-

267 1292 376 1317 stitionis
395 1291 526 1316 evitandae
545 1290 678 1322 praetextu
696 1290 848 1315 humilitatis
867 1290 912 1315 aut
939 1298 1036 1315 morum
1062 1298 1117 1315 san-

266 1335 371 1360 ctionem
391 1342 522 1359 evacuans.

337 1378 362 1404 3.
385 1377 548 1403 obedieutiae
567 1385 592 1402 se
611 1376 677 1402 totos
701 1376 842 1401 subiiciant.
861 1377 898 1401 Sit
922 1376 995 1402 homo
1014 1377 1118 1402 interior

268 1422 337 1447 totus
363 1422 426 1451 Deo,
454 1421 487 1446 sit
515 1421 622 1446 exterior
649 1420 719 1445 totus
747 1420 860 1451 praelato
888 1420 1022 1445 subiectus.
1046 1420 1119 1450 Quid-

268 1465 326 1497 quid
345 1465 458 1496 superior
476 1465 516 1489 vel
537 1464 696 1495 praepositus
715 1464 749 1488 015
769 1464 808 1488 vel
821 1463 960 1488 instructor
973 1464 1117 1494 iniunxerit,

268 1509 339 1540 quasi
352 1508 472 1533 divinitus
491 1508 656 1539 imperatum,
671 1507 758 1531 statim
771 1507 800 1531 01
813 1507 866 1531 veri
879 1506 1034 1532 obedientiae
1047 1507 1098 1537 filii
1108 1505 1118 1519 ⁶

267 1551 354 1576 devote
373 1551 536 1582 adimpleant.
565 1550 688 1582 Quidquid
717 1549 849 1579 statuerit,
869 1550 1048 1575 inviolabiliter
1067 1557 1119 1575 ser-

267 1595 328 1620 vent
358 1595 512 1626 scienterque
540 1594 635 1625 aliquid
661 1594 804 1625 transgredi
829 1594 988 1625 sacrilegium
1013 1593 1117 1624 putent,

268 1638 371 1663 credant
390 1638 501 1662 sainture
521 1637 639 1668 quidquid
659 1637 700 1661 ille
720 1636 883 1667 praeceperit.
907 1646 919 1658 «
931 1636 1046 1661 Perfecta
1066 1636 1119 1661 obe-

268 1681 361 1706 dientia
380 1680 418 1705 est
438 1681 462 1705 in
481 1680 614 1711 incipiente
643 1680 749 1704 maxime
774 1679 923 1708 indiscreta,
953 1679 977 1703 id
996 1680 1048 1709 est,
1068 1687 1118 1704 non

267 1724 419 1753 discernere,
439 1723 498 1755 quid
526 1724 565 1747 vel
591 1730 667 1754 quare
697 1722 879 1754 praecipiatur,
906 1722 949 1747 sed
968 1722 1067 1747 tantum
1087 1722 1119 1747 ad

268 1768 313 1793 hoc
332 1768 392 1797 niti,
413 1767 441 1791 ut
461 1767 568 1791 fideliter
586 1766 611 1791 et
629 1766 758 1790 humiliter
777 1766 823 1790 fiat
836 1765 900 1797 quod
913 1773 928 1790 a
942 1766 1033 1790 maiore
1047 1773 1119 1796 prae-

268 1811 368 1842 cipitur.
396 1810 526 1835 Novitiuiu
552 1809 714 1841 prudentem,
740 1808 899 1840 incipientem
927 1809 1065 1840 sapientem
1092 1810 1118 1833 in

267 1854 329 1879 cella
347 1854 389 1878 diu
409 1861 480 1885 posse
499 1853 642 1882 consistere,
662 1853 687 1877 in
707 1852 898 1884 congregatione
911 1852 1015 1882 durare,
1029 1853 1119 1883 impos-

269 1897 339 1922 sibile
359 1897 406 1922 cst.
436 1896 538 1921 Stultus
565 1896 626 1927 siat,
655 1897 683 1920 ut
711 1896 746 1920 sii
768 1894 928 1926 sapiens⁷».
958 1895 1046 1920 Secure
1074 1903 1118 1927 per

269 1941 350 1965 omnia
370 1939 497 1969 obeditur,
516 1939 559 1964 ubi
587 1938 675 1964 contra
704 1939 782 1963 Deum
811 1938 875 1963 nihil
895 1938 1057 1969 praecipitur.
1078 1938 1118 1963 Di-

269 1984 340 2008 scant
359 1990 417 2015 ergo
436 1983 581 2008 voluntates
600 1983 716 2013 proprias
744 1982 859 2013 frangere
878 1982 1006 2013 alienoque
1030 1982 1118 2007 iudicio

268 2027 293 2051 et
312 2027 415 2058 imperio
434 2026 571 2051 ambulare.

338 2070 363 2094 4.
387 2070 492 2094 «Nulla
510 2076 567 2098 ars,
587 2068 624 2093 ait
642 2068 748 2093 Sanctus
759 2067 776 2098 ²³,
797 2068 890 2099 absque
907 2068 1030 2099 magistro
1049 2068 1118 2093 disci-

268 2112 319 2137 tur.
338 2113 377 2137 Ad
396 2113 472 2142 illud,
499 2112 594 2143 inquit,
624 2112 705 2137 tendit
733 2111 826 2142 oratio,
847 2111 876 2135 ut
895 2111 938 2136 tuo
966 2111 1065 2136 doceam
1093 2111 1118 2136 te

268 2156 372 2181 arbitrio
391 2163 440 2181 non
460 2155 607 2185 vivendum,
627 2155 669 2179 sed
697 2155 780 2179 vivere
808 2154 895 2179 debere
922 2155 948 2178 in
967 2155 1118 2179 monasterie

674 219 871 248 OPUSCULUM
892 219 910 247 Ι.
932 218 1103 248 SPECULUM
1125 218 1333 247 DISClPLINAE.
1355 219 1435 248 PARS
1456 219 1613 248 SECUNDA.

1173 297 1219 322 sub
1238 298 1312 323 unius
1331 298 1463 329 disciplina
1482 298 1564 329 patris
1582 298 1754 330 consortioque
1773 298 1924 329 multorum,
1938 300 1968 324 01
1989 300 2020 325 ab

1172 340 1221 366 alic
1240 341 1321 366 discas
1339 341 1523 373 humilitatem,
1542 341 1574 366 ab
1593 342 1642 367 alio
1661 341 1823 373 patientiam3
1847 341 1888 367 hic
1906 342 1931 367 te
1951 343 2021 368 silen-

1172 382 1236 407 tium
1255 383 1354 413 doceat,
1378 383 1420 408 ille
1447 383 1672 410 mansuetudinem.
1698 383 1756 409 Non
1783 383 1860 408 facias
1885 384 1950 415 quod
1968 385 2020 415 vis,

1173 426 1313 451 subiiciaris
1332 427 1371 451 cui
1389 433 1439 451 nou
1458 427 1504 451 vis.
1523 427 1618 451 Lassus
1646 427 1677 452 ad
1705 426 1814 451 stratum
1834 428 1920 452 venias
1938 427 2021 452 ambu-

1172 469 1277 501 lansque
1297 468 1428 501 dormites,
1441 469 1467 493 et
1479 469 1583 494 necdum
1601 470 1699 501 expleto
1718 477 1816 500 somno,
1840 477 1942 501 surgere
1961 477 2022 495 com-

1174 513 1315 544 pellaris».
1343 512 1413 537 Nihil
1442 513 1535 544 absque
1563 513 1724 538 instructoris
1751 514 1902 538 conscientia
1930 514 2023 539 faciant

1173 556 1213 580 vel
1232 563 1385 587 quocumque
1404 556 1477 585 eant,
1497 556 1535 580 cui
1554 556 1586 580 ab
1613 556 1669 581 aliis
1694 557 1770 581 etiam
1796 557 1966 588 superioribus
1984 557 2023 582 de-

1173 599 1293 624 mandata
1312 599 1359 624 sibi
1378 599 1527 630 significent.
1546 599 1578 623 In
1603 599 1693 630 quibus
1721 599 1814 624 sufficit
1833 600 1897 631 ipse,
1926 607 2024 631 semper

1174 643 1226 668 eius
1246 643 1348 668 licentia
1368 643 1419 667 sint
1447 642 1571 673 contenti,
1592 650 1637 673 pro
1664 642 1703 667 his
1722 650 1784 674 quae
1803 643 1927 668 inferIOris
1948 643 2021 674 sunt,

1173 693 1223 711 non
1242 687 1336 717 passim
1357 686 1495 711 recurritur
1513 686 1545 710 ad
1564 686 1689 710 maiorem.

1245 729 1269 753 5.
1288 729 1392 754 Fratres
1410 736 1495 754 omnes
1514 728 1539 753 et
1558 736 1583 753 se
1608 729 1716 753 ¹invicem
1735 728 1830 753 honore
1855 729 1880 753 et
1907 729 2022 760 obsequio
2049 732 2108 753 Itouor

2042 732 2129 792 0050010111

1169 771 1342 803 praevenire⁹
1368 772 1393 797 et
1421 779 1505 797 eorum
1533 771 1655 796 defectum
1683 772 1709 796 in
1737 772 1823 797 officiis
1848 772 2022 797 humilioribus
2034 783 2076 803 erga
2085 785 2127 803 omn,

1173 815 1276 846 implere
1295 815 1455 840 contendant.
1475 815 1588 840 Seniores
1607 815 1699 839 fratres
1718 815 1853 840 versiculos
1880 815 1973 845 dicere,
1993 815 2022 841 de

1172 858 1265 883 lumine
1285 859 1392 888 servire,
1412 858 1504 883 librum
1523 858 1555 882 ad
1574 857 1681 882 officium
1706 858 1803 887 tenere,
1824 858 1863 883 vel
1882 858 2023 884 huiusmodi

1172 901 1278 926 humilia
1295 901 1321 926 in
1340 901 1414 926 choro
1428 901 1453 926 et
1466 901 1544 930 extra,
1565 901 1685 932 quantum
1706 901 1730 925 in
1754 908 1780 926 50
1799 901 1882 931 fuerit,
1902 909 1951 927 non
1970 909 2024 933 per-

1172 945 1285 970 mittant.
1305 944 1426 969 Omnibus
1446 952 1471 969 se
1490 944 1661 974 subiicientes,
1682 944 1812 969 humiliter
1829 945 1932 976 propter
1944 945 2024 970 Deum

1172 995 1223 1013 non
1241 988 1306 1019 quod
1325 988 1371 1012 sibi
1390 988 1452 1012 utile
1477 987 1584 1019 putant,
1609 987 1651 1012 sed
1670 987 1734 1019 quod
1753 988 1823 1017 aliis,
1843 987 2023 1019 amplexantes,

1173 1031 1287 1056 omnibus
1299 1031 1406 1056 libenter
1420 1031 1549 1060 obediant,
1564 1031 1677 1056 omnibus
1697 1030 1865 1060 satisfaciant,
1879 1031 1955 1062 prout
1970 1038 2024 1062 pos-

1173 1074 1246 1104 sunt,
1271 1083 1283 1095 «
1295 1074 1324 1098 ut
1337 1075 1362 1098 in
1376 1074 1501 1103 omnibus,
1516 1074 1605 1105 quibus
1618 1073 1699 1098 utitur
1713 1073 1860 1099 transitoria
1874 1073 2022 1104 necessitas,

1173 1117 1356 1148 superemineat
1375 1124 1437 1148 quae
1464 1117 1595 1148 permanet
1619 1116 1712 1141 caritas
1724 1116 1743 1128 ¹⁰
1757 1127 1782 1141 ».
1803 1117 1926 1148 Quidquid
1944 1116 2024 1149 agunt

1173 1160 1316 1185 fidelissime
1335 1168 1390 1185 cum
1410 1160 1540 1191 diligentia
1560 1160 1668 1190 faciant,
1688 1160 1713 1184 et
1738 1160 1858 1191 tanquam
1877 1161 1949 1191 Deo,
1974 1167 2024 1185 non

1174 1204 1250 1235 quasi
1269 1204 1417 1228 hominibus
1436 1204 1579 1229 servientes.
1594 1203 1651 1228 Non
1670 1203 1817 1233 aestiment,
1831 1204 1893 1228 alios
1907 1203 2023 1233 Fratres,

1174 1248 1217 1279 qui
1235 1247 1329 1272 diutius
1348 1247 1374 1271 111
1392 1246 1483 1271 Ordine
1502 1247 1695 1277 laboraverunt,
1716 1254 1798 1271 secum
1817 1255 1846 1271 ex
1865 1254 1942 1278 aequo
1959 1246 2025 1272 labo-

1174 1290 1244 1314 ribus
1263 1289 1430 1320 occupandos‚
1444 1290 1592 1320 praesertim
1605 1297 1674 1318 cum,
1689 1289 1718 1314 110
1730 1296 1756 1314 sc
1770 1289 1903 1314 humiliter
1915 1289 2024 1314 sentien-

1175 1332 1251 1365 tes¹¹,
1265 1333 1304 1364 pie
1323 1332 1428 1357 debeant
1447 1332 1555 1363 credere,
1576 1332 1640 1364 quod
1660 1333 1741 1357 sancti
1759 1333 1806 1357 viri
1828 1333 1885 1363 plus
1903 1332 1954 1357 Deo
1973 1332 2024 1363 pla-

1175 1376 1248 1402 ceant
1266 1377 1419 1408 quiescentes
1438 1384 1513 1407 quam
1531 1377 1579 1407 ipsi
1599 1376 1784 1407 quantumlibet
1801 1376 1953 1401 laborantes.

1246 1420 1270 1444 6.
1290 1419 1457 1449 Erubeseant,
1478 1427 1504 1444 50
1532 1420 1626 1444 11050110
1650 1419 1714 1451 quod
1734 1420 1759 1444 in
1778 1419 1901 1450 obsequiis
1920 1419 2024 1450 Religio·
2039 1418 2133 1444 Continuo

1174 1463 1214 1487 nis
1226 1461 1245 1475 ¹²
1266 1463 1304 1488 est
1323 1463 1456 1487 sciendum.
1471 1462 1540 1492 Quod
1559 1462 1637 1494 igitur
1656 1462 1770 1487 nesciunt
1790 1462 1890 1492 statim,
1911 1462 2025 1488 exercitio

1175 1506 1356 1537 magistrante,
1388 1506 1526 1531 addiscant.
1558 1506 1614 1530 Sint
1644 1507 1775 1537 praecipue
1805 1506 1837 1530 ad
1869 1506 2025 1530 serviendum

1175 1549 1349 1574 communitati
1368 1549 1556 1580 promptissimi.
1577 1549 1602 1573 Si
1621 1549 1703 1573 lumen
1723 1549 1749 1573 in
1763 1549 1865 1574 ecclesia
1883 1549 1923 1573 vel
1936 1549 1960 1573 in
1975 1548 2025 1574 offi-

1175 1593 1251 1622 cinis,
1271 1592 1316 1616 aut
1338 1599 1403 1623 aqua
1431 1593 1457 1616 in
1482 1592 1601 1616 Fratrum
1622 1592 1746 1617 lavatorio
1765 1592 1843 1623 desit,
1862 1592 1978 1617 continuo
1997 1592 2026 1617 de

1176 1635 1216 1660 1115
1235 1635 1260 1660 01
1279 1635 1403 1660 similibus
1422 1636 1565 1660 necessitati
1586 1636 1742 1666 provideant.
1761 1635 1801 1660 Ad
1823 1635 1967 1667 obsequium
1985 1636 2026 1660 ad-

1176 1679 1329 1703 venientium
1344 1678 1477 1707 Fratrum,
1491 1679 1533 1710 qui
1553 1678 1617 1703 sicut
1635 1679 1727 1710 Angeli
1739 1678 1767 1708 ¹³,
1787 1679 1861 1704 immo
1875 1679 1939 1704 sicut
1958 1678 2026 1704 Chri-

1176 1722 1231 1747 stus
1250 1723 1275 1746 in
1294 1723 1329 1746 015
1348 1723 1449 1747 veniens
1469 1722 1619 1753 suscipiendi
1645 1722 1716 1751 suut,
1737 1730 1791 1747 cuin
1812 1723 1878 1747 0111111
1897 1722 2025 1747 devotione

1176 1765 1305 1790 festinent.
1323 1765 1357 1789 Et
1376 1766 1434 1797 quia
1462 1765 1595 1790 Fratribus
1622 1765 1778 1797 hospitibus,
1799 1766 1933 1790 secundmn
1961 1766 2026 1797 quod

1176 1808 1312 1840 Religionis
1330 1809 1449 1833 honestas
1468 1809 1493 1834 et
1511 1809 1662 1833 consuetudo
1681 1809 1797 1840 requirit,
1815 1810 1885 1840 prius
1904 1809 2025 1834 orandum

1176 1852 1228 1881 est,
1249 1859 1323 1883 quam
1349 1852 1482 1876 Fratribus
1505 1852 1630 1877 socientur
1648 1853 1674 1876 in
1700 1851 1805 1883 pace¹43
1825 1859 1899 1883 quam
1927 1852 1975 1877 cito
1994 1852 2025 1877 ab

1175 1895 1287 1920 oratione
1306 1895 1474 1924 surrexerint,
1493 1895 1525 1920 ad
1543 1903 1626 1920 eorum
1646 1895 1825 1920 deosculandas
1850 1902 1956 1925 manus,
1976 1902 2025 1920 ma-

1175 1938 1239 1962 xime
1260 1938 1280 1962 si
1299 1938 1393 1962 fuerint
1412 1938 1564 1967 sacerdotes,
1584 1938 1670 1963 devote
1690 1938 1822 1963 occurrant
1847 1938 1872 1962 et
1896 1938 2026 1963 humiliter

1175 1981 1353 2012 genuflectant.
1379 1981 1485 2005 Nullum
1505 1981 1621 2006 Fratrem
1649 1988 1712 2012 puro
1739 1981 1869 2012 appellent
1896 1980 2025 2006 nomine¹⁵

1175 2032 1232 2054 nec,
1253 2025 1301 2049 nisi
1321 2025 1417 2056 patriae
1436 2025 1512 2049 fuerit
1530 2025 1695 2055 consuetudo,
1715 2025 1818 2049 tuizent.

1248 2067 1271 2092 7.
1290 2068 1361 2092 Nulli
1381 2075 1497 2099 prorsus,
1517 2068 1639 2099 quantum
1659 2068 1685 2092 in
1704 2068 1738 2092 015
1752 2067 1798 2097 051,
1812 2067 1942 2092 materiam
1956 2075 2025 2099 prae-
2045 2073 2116 2101 earini»

2053 2102 2094 2121 paci
2105 2102 2113 2116 11
2122 2100 2123 2107 ¹

1175 2110 1244 2136 stent
1262 2111 1390 2136 molestiae
1418 2111 1534 2140 alicuius,
1561 2111 1604 2135 5011
1632 2111 1728 2140 omnia,
1752 2118 1814 2142 quae
1842 2111 1982 2136 neccssaria
2001 2110 2026 2136 et

1174 2154 1248 2179 utilia
1266 2154 1415 2183 aestimant,
1436 2154 1499 2179 bono
1519 2154 1634 2179 caritatis
1653 2153 1678 2178 et
1698 2155 1765 2185 pacis
1784 2154 1947 2185 postponant.
1963 2154 2027 2184 Quid

332 2363 339 2376 ¹
358 2365 442 2386 Text-is
460 2364 576 2391 originalis
601 2363 683 2384 melius
704 2369 747 2392 pri·
764 2362 929 2385 lenmililulvm.
954 2362 1027 2385 Codri.
1049 2362 1065 2385 C
1077 2363 1119 2384 DE

268 2395 357 2419 sociari
373 2402 413 2418 scit
432 2395 568 2424 rourquuri.
589 2394 636 2417 Cod
668 2395 685 2416 l}
708 2397 730 2416 ct
752 2394 788 2415 ed.
814 2395 826 2415 2
855 2394 957 2416 ultimam
984 2394 1119 2416 sententiani

271 2427 375 2449 tribuunt
392 2427 544 2454 Hieronymo,
563 2426 674 2448 addentes
691 2425 850 2455 Hieronymum
868 2430 920 2453 post
937 2425 978 2448 (til.

332 2457 341 2471 2
359 2459 429 2486 Epist.
449 2460 462 2480 l.
481 2458 541 2479 Tim.
559 2457 586 2484 5,
609 2457 647 2479 17:
665 2457 708 2485 Qui
727 2457 785 2479 hene
803 2460 913 2484 praesunt
930 2456 1060 2484 111-0511311111
1077 2457 1120 2479 du-
1147 2478 1148 2481 ,

271 2490 323 2517 plici
340 2491 427 2512 honore
445 2490 507 2517 digni
526 2488 661 2511 habeantur.
681 2489 722 2510 l'ro
740 2488 844 2517 amplius
857 2488 872 2511 t]
884 2489 900 2510 t)
910 2489 926 2510 E
938 2488 1007 2511 01011,
1021 2490 1034 2510 2
1046 2487 1120 2511 abun-

270 2520 374 2544 dantius.
391 2534 421 2537 —
439 2521 553 2543 Sententia
573 2520 677 2547 Ilugcnis
694 2519 792 2542 hahetur
810 2520 851 2541 100.
870 2520 907 2542 cil.
925 2520 976 2542 Vat.
994 2526 1046 2542 cum
1066 2526 1119 2542 non-

270 2553 337 2574 nullis
353 2553 421 2575 codd.
439 2555 461 2574 ct
478 2553 514 2574 cd.
537 2553 541 2573 1
564 2552 647 2573 omittit
664 2551 749 2581 11111ῃὶ3.

333 2583 341 2596 ³
360 2584 484 2609 Benetli‹·t.‚
502 2584 584 2611 Regni.
602 2589 620 2605 c.
640 2583 677 2604 63.

331 2614 341 2627 4
359 2616 412 2637 ch‘.
435 2616 471 2641 lt),
490 2616 528 2637 32.
545 2615 644 2640 aristot„
664 2614 700 2636 lX.
719 2614 789 2636 Ethic.
808 2619 826 2635 c.
845 2614 871 2635 ‘22
883 2614 950 2636 Omni
964 2614 1016 2635 item
1035 2614 1118 2636 seniori

271 2648 343 2668 honor
361 2653 403 2674 pro
421 2650 494 2668 aetate
512 2646 644 2668 reddendus
661 2649 695 2667 cst
718 2645 862 2672 assurgendo
880 2649 923 2667 etc.
940 2657 970 2661 ·—
992 2645 1118 2668 Conversio

271 2678 331 2699 ulem
350 2678 411 2699 wilei
428 2684 453 2700 ar
472 2678 576 2699 introitus
595 2678 616 2699 in
634 2677 758 2703 Ordinem3
776 2678 816 2699 cl'r.
831 2676 922 2704 isidor„
934 2677 1022 2704 Regula
1042 2683 1119 2699 mona-

270 2710 333 2731 chor.
351 2715 370 2731 0.
389 2709 409 2731 1.
428 2709 467 2735 (ilo
485 2709 629 2737 Conversis),
642 2708 681 2730 nbi
700 2709 767 2730 ctiam
785 2714 806 2729 n.
820 2708 841 2730 3.
854 2708 951 2730 dicitur:
971 2708 1014 2736 Qui
1032 2708 1055 2729 in
1072 2714 1120 2730 mo-

271 2741 368 2762 nasterio
387 2741 449 2768 prior
467 2741 595 2768 ingreditur
618 2740 708 2767 primus
725 2740 767 2761 erit
785 2740 805 2761 in
830 2740 917 2761 cunctis
938 2740 1012 2767 gradu
1031 2739 1067 2761 vel
1085 2745 1120 2761 or-

270 2773 324 2794 dine
341 2775 383 2794 etc.
691 2770 700 2783 ⁵
718 2771 762 2793 (Tsr.
780 2777 849 2798 supra
868 2777 922 2798 pag.
940 2771 993 2797 611,
1011 2774 1063 2792 nola
1086 2771 1118 2792 10.

332 2802 341 2815 ‘⁵
360 2803 429 2830 Epist.
449 2803 462 2825 l.
481 2803 538 2824 retr.
561 2803 582 2829 l,
606 2802 638 2824 14..
657 2815 686 2818 m
705 2803 816 2830 Superius
833 2801 903 2824 CDE
925 2806 947 2824 et
969 2803 1005 2824 011.
1024 2803 1037 2824 2
1055 2802 1119 2824 omit-

273 2837 322 2856 lunt
338 2834 464 2857 sublectus:

334 2864 342 2877 ⁷
360 2866 449 2893 Guigo,
470 2865 539 2893 Epist..
565 2865 593 2887 ad
619 2865 709 2887 Fratres
735 2865 763 2887 [le
788 2865 862 2887 Monte
887 2865 928 2886 Dei
954 2865 1022 2893 (inter
1048 2870 1119 2892 opera

272 2897 399 2925 Bernartli),
418 2896 454 2918 til).
474 2897 488 2918 l.
508 2903 528 2918 0.
546 2897 566 2918 5.
585 2903 608 2918 n.
631 2896 665 2918 111.
684 2897 735 2918 Post
748 2896 899 2925 praecipitur
916 2899 989 2918 textus
1001 2895 1119 2923 originalis

272 2934 320 2949 non
338 2933 411 2954 ptiuea
430 2928 500 2950 addit.
519 2928 635 2955 Allegatur
653 2929 667 2949 l.
685 2927 736 2950 Cor.
754 2928 779 2954 3,
799 2928 835 2949 18.

335 2958 344 2970 Β
363 2959 462 2985 Hieron„
481 2959 550 2986 Epist.
573 2959 620 2980 125.
640 2959 704 2987 (alins
723 2959 753 2987 vi.)
779 2965 801 2980 n.
829 2958 862 2980 15.
881 2959 933 2980 Post
950 2959 1050 2986 primam
1069 2964 1119 2986 pro·

273 2990 410 3017 positionem
429 2993 502 3012 textus
519 2990 636 3017 originalis
653 2990 717 3018 plura
736 2990 800 3012 0111111
817 2993 838 3012 et
856 2990 940 3012 deinde
958 2989 1118 3018 prosequitur:

272 3022 296 3043 121
315 3027 343 3042 ne
361 3021 426 3049 plura
444 3021 575 3048 replicando
588 3022 704 3043 sastiuuun
717 3022 800 3049 legenti
813 3021 893 3043 sariam
902 3038 907 3048 ,
920 3027 961 3049 per
973 3022 1029 3043 haec
1041 3021 1117 3043 onmia

1177 2363 1205 2385 ad
1224 2363 1279 2385 illud
1297 2363 1369 2385 tendit
1386 2362 1471 2388 oratio,
1490 2366 1514 2384 ut
1540 2362 1636 2384 doceam
1664 2367 1697 2389 lc,
1716 2369 1759 2384 non
1779 2365 1817 2384 tuo
1839 2362 1932 2385 arbitrio
1952 2363 2027 2385 dimit-

1179 2394 1286 2420 tentium,
1304 2395 1343 2416 5011
1363 2394 1442 2415 virere
1459 2397 1501 2415 etc.
1519 2394 1559 2415 liu,
1577 2395 1590 2415 2
1608 2395 1705 2416 sauctus
1725 2393 1889 2423 Hieronymum.

1241 2424 1250 2437 '³
1267 2426 1334 2447 Rom.
1357 2426 1393 2452 1⁴2,
1413 2426 1453 2446 le:
1471 2426 1563 2447 Honore
1581 2426 1678 2447 invicem
1697 2426 1879 2452 praevenientes.

1242 2456 1260 2470 ¹0
1277 2457 1383 2484 August,
1408 2457 1496 2484 Regula
1522 2457 1550 2478 ad
1577 2462 1657 2478 servos
1676 2457 1726 2483 Dei,
1743 2463 1766 2478 n.
1791 2457 1812 2478 S.
1838 2459 1860 2478 ct
1884 2456 1953 2484 Epist.
1972 2457 2025 2478 211.

1179 2488 1242 2515 (alias
1264 2488 1322 2515 109.)
1341 2495 1362 2510 n.
1382 2488 1418 2509 12.
1437 2488 1566 2515 Respicitnr
1585 2488 1599 2509 l.
1617 2489 1667 2510 (jor.
1695 2488 1734 2515 13,
1754 2488 1782 2509 8:
1801 2487 1888 2510 Caritas
1905 2494 2024 2516 nunquam

1177 2520 1261 2541 excidit
1278 2524 1320 2541 etc.
1337 2532 1368 2535 —
1386 2519 1489 2541 Subinde
1514 2519 1622 2541 alluditur
1648 2519 1677 2541 ad
1703 2519 1769 2541 Rom.
1796 2519 1838 2546 112,
1866 2520 1906 2541 ll:
1926 2519 2024 2541 Domino

1178 2551 1316 2579 5011100105,
1334 2554 1356 2572 et
1380 2551 1437 2577 Eph.
1463 2551 1489 2578 6,
1507 2552 1533 2572 fi:
1552 2550 1599 2572 Non
1626 2551 1654 2572 ad
1681 2551 1774 2572 oculum
1800 2550 1940 2577 servientes,
1958 2550 2025 2579 quasi

1179 2582 1313 2604 hominibus
1331 2583 1462 2610 placentes,
1477 2582 1517 2604 scd
1536 2585 1559 2603 ut
1577 2582 1637 2603 servi
1656 2581 1737 2604 Christi
1756 2585 1798 2604 etc.

1241 2612 1259 2625 ²¹
1277 2614 1362 2635 Psalm.
1383 2613 1437 2640 130,
1454 2614 1481 2635 <22
1499 2614 1521 2635 Si
1537 2619 1581 2635 non
1595 2613 1710 2634 1101111111οι·
1727 2612 1863 2640 sentiebam,
1876 2613 1915 2635 sed
1929 2612 2025 2635 exaltavi

1177 2645 1277 2667 animam
1297 2651 1372 2667 meam
1391 2648 1434 2666 cte.

1240 2675 1259 2688 ¹2
1278 2677 1306 2698 ha
1326 2676 1382 2703 t:D;
1400 2676 1453 2698 01111.
1473 2676 1497 2702 l,
1516 2676 1528 2697 2
1549 2674 1675 2704 neliffl'oso.
1694 2676 1743 2697 Vnt.
1761 2674 1876 2704 relt'qiosf.

1240 2706 1259 2719 ¹²³
1277 2707 1333 2730 Con.
1351 2708 1367 2729 B
1385 2710 1407 2729 et
1425 2707 1461 2729 ed.
1479 2708 1491 2728 ἱ)
1510 2707 1598 2729 addunt
1616 2706 1662 2729 Dei.

1240 2738 1260 2751 ¹⁴¹
1279 2739 1402 2765 8011011100,
1419 2739 1505 2766 Regula
1524 2744 1542 2760 c..
1562 2738 1604 2760 53:
1622 2738 1708 2759 Omnes
1722 2738 1912 2765 supervenientes
1925 2738 2026 2765 hospites

1176 2772 1285 2799 tanquam
1304 2769 1407 2792 Christus
1424 2770 1591 2797 suscifl‘iiantur.
1609 2770 1661 2797 quia
1680 2769 1729 2796 ipse
1747 2770 1851 2791 (licturus
1869 2772 1920 2791 est:
1938 2769 2026 2798 Hospes

1175 2801 1223 2831 sici,
1241 2803 1261 2824 ei
1278 2801 1412 2830 suscepistis
1430 2807 1467 2823 me
1484 2801 1572 2829 [Matth.
1589 2800 1631 2827 ⁴25,
1650 2800 1704 2828 35}
1724 2801 1749 2822 lit
1773 2800 1883 2822 omnihus
1907 2806 2025 2828 congruus

1176 2834 1249 2855 honor
1267 2833 1412 2860 exhibeatur,
1431 2833 1529 2854 maxime
1547 2832 1680 2854 domesticis
1698 2831 1749 2853 fidei
1770 2831 1818 2860 [cl'r.
1836 2832 1884 2853 Gal.
1902 2831 1927 2859 6,
1942 2831 1991 2860 =10.]
2004 2834 2026 2853 et

1176 2864 1312 2892 peregrinis.
1330 2864 1357 2886 Ut
1374 2870 1430 2891 ergo
1456 2863 1573 2885 nuntiatus
1599 2863 1666 2884 suerit
1683 2864 1780 2890 hospes,
1806 2865 1941 2885 occurratur
1966 2863 1987 2884 ei
2012 2869 2023 2884 a

1176 2896 1253 2917 Priore
1270 2896 1307 2917 vel
1324 2902 1336 2916 a
1354 2895 1471 2917 Fratribus
1496 2900 1549 2916 cum
1575 2894 1638 2915 omui
1655 2894 1731 2916 cilicio
1748 2894 1861 2922 caritatis,
1880 2897 1902 2916 et
1919 2894 2025 2922 primitus

1175 2930 1242 2949 orent
1258 2927 1344 2954 pariter
1365 2929 1387 2948 ct
1403 2927 1435 2948 sic
1452 2925 1494 2948 sibi
1513 2926 1627 2948 socientur
1644 2925 1668 2947 in
1686 2931 1743 2953 pace
1760 2928 1802 2947 etc.

1239 2957 1258 2970 ¹⁵
1276 2958 1321 2980 Ct'r.
1337 2963 1407 2985 supra
1425 2964 1480 2985 pag.
1505 2957 1564 2984 590,
1586 2960 1639 2978 nota
1667 2957 1689 2978 11.
1713 2969 1744 2973 —
1770 2957 1804 2979 Du
1830 2956 1919 2984 Gange,
1936 2956 2026 2978 Glossa-

1174 2989 1234 3011 rium
1253 2992 1308 3011 etc.:
1329 2988 1440 3016 Tuisare,
1468 2994 1552 3010 vocare
1577 2988 1677 3016 aliquem
1704 2988 1745 3010 Tu.
1763 3000 1794 3004 —
1811 2988 1854 3012 Pro
1879 2987 1968 3010 [niseni
1986 2987 2025 3016 (ita

1175 3020 1191 3043 C
1203 3020 1229 3049 D)
1248 3020 1300 3042 Vnt.
1318 3026 1371 3042 cum
1388 3020 1424 3042 etl.
1444 3020 1452 3041 l
1475 3019 1569 3042 miseni.

2068 2120 2112 2140 dean
