2133 3317
0 493 22 511 m,
34 486 82 506 ruffi-

0 512 59 531 1101110.

0 539 33 557 0111,
43 533 75 552 ho-

0 559 54 577 nula.

523 233 719 262 OPUSCULUM
742 233 759 260 1.
782 233 953 262 SPECULUM
974 233 1182 262 DlSClPLlNAE.
1205 234 1283 262 PARS
1305 235 1410 263 PRIMA.

99 311 197 337 sanctae
216 312 358 337 memoriam
377 311 509 336 Trinitatis
536 318 608 335 suum
632 311 687 341 ipsa
715 311 805 335 Filium
833 311 939 342 singulis

98 354 228 384 offerebat,
248 354 371 386 quendam
389 361 447 379 vero
465 354 565 378 minime
582 353 758 383 inclinantem,
772 361 843 379 verso
862 354 893 378 ab
912 361 939 379 eo

98 397 183 427 vultu,
203 397 273 422 velut
290 397 337 422 hac
354 396 438 428 gratia
458 396 588 427 indignum
607 396 785 427 pertransibat.

168 440 210 465 12.
230 439 364 470 Sufficiens
383 439 457 464 etiam
477 447 520 464 seu
539 439 648 470 perfecta
672 439 744 464 debet
762 447 815 464 esse
839 440 939 464 inclina-

98 483 145 513 tio,
165 483 194 508 ut
212 483 244 508 ab
262 490 291 508 ea
309 483 382 507 citius
400 482 481 507 debito
500 489 550 507 non
569 482 697 514 surgatur.
710 482 796 508 Honor
808 483 884 512 enim,
898 483 940 514 qui

98 526 170 551 Patri
182 526 208 551 et
219 526 290 555 Filio,
304 526 343 550 est
354 526 379 550 et
393 525 496 556 Spiritui
510 525 595 550 sancto
612 525 762 550 exhibendus
773 525 790 550 ¹.
803 540 839 543 —
851 526 940 550 Hone-

97 570 152 595 stas
170 569 267 600 quidem
288 569 315 593 in
332 568 461 599 corporis,
480 575 606 593 manuum
619 568 644 593 et
657 568 760 593 habitus
779 568 874 593 decenti
893 569 940 593 dis-

98 611 218 644 positione
237 611 365 641 consistit3
386 611 411 635 et
430 611 551 642 quantum
576 611 607 635 ad
627 610 757 641 habitum,
781 611 886 635 maxime
911 611 940 635 ut

96 654 195 685 caputio
213 654 343 683 caveatur,
363 661 394 678 ne
422 654 510 684 operta
535 653 616 678 fronte
645 660 719 684 super
747 653 829 678 oculos
848 653 941 678 defluat

95 696 231 721 inclinatis.
249 696 364 721 Proderit
383 696 414 721 ad
433 696 629 721 uniformitatem
658 696 804 721 servandam
828 696 856 721 de
875 703 940 721 com-

96 740 165 764 muni
183 739 262 765 officio
281 740 395 765 notitiam
414 739 513 764 habere.
533 739 623 764 Pulcra
642 739 713 764 valde
735 739 893 764 uniformitas
914 740 940 764 in

96 782 286 813 congregatione
305 782 330 807 et
340 781 349 794 ²
369 782 492 807 conventu
508 782 642 811 Fratrum,
655 781 697 806 ubi
710 781 799 806 debent
817 782 842 806 et
861 789 940 807 mores

95 824 121 850 et
138 826 214 849 animi
232 826 370 850 convenire.
390 825 525 849 Unanimes
550 824 708 850 uniformitas
732 824 814 853 decet,
834 832 896 856 quae
915 826 940 849 in

95 868 205 893 moribus
224 868 333 899 plurium
352 868 449 892 unitiva
468 867 603 892 uniformes
622 867 721 892 ordinat
740 867 764 892 et
783 867 890 892 decorat.

402 953 550 978 CArirnLuu
568 953 636 978 XVI.

130 1040 170 1065 De
188 1040 326 1071 disciplina
339 1040 409 1064 circa
422 1039 537 1064 divinum
556 1038 668 1069 officium
687 1040 758 1064 eoetra
771 1039 876 1064 chorum
887 1038 905 1064 ⁸.

167 1126 191 1151 1.
210 1126 235 1151 Si
253 1127 351 1158 quaudo
370 1126 441 1151 extra
459 1126 563 1151 chorum
582 1125 689 1151 officinm
702 1126 822 1155 dixerint,
836 1126 942 1158 diligen—

99 1169 160 1195 tiam
187 1169 347 1195 nihilominus
375 1169 400 1194 et
428 1168 584 1194 honestatem
613 1169 764 1200 praedictam
791 1169 895 1199 debent,
915 1169 940 1194 in

97 1212 186 1244 quibus
214 1212 346 1243 poterunt,
366 1212 475 1237 studiose
501 1219 608 1241 servare,
628 1212 670 1241 ut,
690 1212 798 1236 dimissis
817 1211 938 1241 omnibus,

97 1262 262 1286 quaecumque
281 1255 307 1279 in
326 1255 440 1279 manibus
459 1254 566 1284 fuerint,
595 1254 692 1279 stantes
719 1262 774 1279 01101
799 1254 939 1279 reverentia

96 1298 166 1323 iuxta
184 1298 344 1323 traditionem
371 1297 551 1323 ecclesiasticae
580 1298 736 1328 disciplinae,
764 1297 939 1329 praeterquam

96 1341 128 1366 ad
145 1341 262 1366 lectiones
287 1342 313 1366 in
337 1340 484 1370 Matutinis,
504 1341 544 1365 vel
563 1340 660 1372 quando
688 1341 751 1365 alias
770 1348 798 1365 ex
817 1341 939 1365 communi

97 1384 250 1409 ordinatione
274 1384 373 1409 sedetur
384 1383 401 1413 ⁴,
431 1383 543 1409 Creatori
562 1391 605 1409 suo
624 1383 720 1408 debitas
738 1391 793 1408 cum
812 1383 940 1409 devotione

96 1426 182 1452 laudes
209 1427 353 1456 exsolvant,
380 1427 508 1452 flectentes
530 1434 625 1458 genua,
654 1427 694 1451 vel
720 1427 870 1451 inclinantes
895 1433 939 1457 pro

73 1488 79 1494 .
97 1469 207 1501 tempore
225 1477 280 1495 cum
299 1470 389 1495 timore
408 1469 460 1495 Dei.
481 1470 504 1494 Si
525 1469 623 1501 quando
643 1477 684 1495 eos
703 1470 734 1494 ad
753 1469 885 1494 sedendum
899 1469 940 1494 de-

97 1513 182 1539 bilitas
200 1513 300 1539 evidens
318 1514 358 1538 vel
377 1514 453 1538 nimia
471 1513 595 1538 lassitudo
623 1513 769 1544 compellat,
793 1513 882 1538 saltem
908 1513 940 1538 ad

96 1558 260 1588 inceptionem
278 1557 365 1587 officii,
387 1557 418 1581 ad
436 1557 623 1586 invitatorium,
636 1556 742 1588 hymnos
760 1556 786 1581 et
804 1557 940 1581 orationem

97 1601 244 1627 dominicam
262 1600 287 1625 et
305 1607 321 1624 a
339 1600 448 1631 capitulo
476 1600 502 1624 in
529 1600 588 1624 ante
612 1607 713 1631 surgere
740 1607 790 1624 non
813 1599 939 1624 omittant.

97 1644 123 1669 Si
140 1644 215 1668 etiam
232 1643 259 1668 in
277 1643 341 1668 lecto
360 1643 523 1674 aegritudinis
542 1642 703 1672 decumbant,
723 1643 886 1667 reverentiam
906 1643 940 1667 ni-

98 1686 231 1712 hilominus
250 1686 359 1717 aliquam
378 1686 479 1715 faciant,
500 1685 575 1717 prout
593 1686 707 1717 possunt.

168 1730 192 1754 2.
211 1729 317 1754 Sanctus
345 1729 525 1761 Hieronymus,
553 1729 595 1760 qui
618 1739 630 1752 τι
642 1728 715 1753 tanta
732 1727 845 1760 legitur⁵
867 1729 941 1753 lassi-

35 1768 39 1771 ’
77 1772 183 1798 ,1011100
202 1772 338 1804 fatigatus,
367 1772 396 1797 ut
424 1772 514 1801 etiam,
533 1772 559 1796 in
587 1771 670 1796 stratu
697 1779 740 1797 suo
759 1772 854 1801 iacens,
875 1771 941 1796 funi-

98 1816 154 1841 culo
166 1816 236 1840 trabe
250 1823 370 1847 suspenso
390 1815 505 1840 manibus
523 1815 692 1846 apprehenso,
713 1815 817 1846 supinus
835 1815 941 1846 erigere-

99 1859 154 1889 tur,
182 1859 212 1884 ut
240 1859 333 1884 scilicet
351 1858 458 1884 officium
486 1858 644 1887 Monasterii,
669 1858 744 1889 prout
771 1858 883 1889 poterat,
904 1865 941 1882 ex-

100 1901 196 1927 hiberet
207 1912 233 1931 n,
252 1902 311 1926 dum
330 1901 458 1926 exhaustis
476 1901 571 1926 viribus
590 1908 663 1925 senex
681 1908 725 1925 1100
744 1900 864 1925 senectuti
884 1908 942 1932 par-

99 1944 134 1970 cit
151 1952 195 1970 nec
213 1944 336 1970 debilitati
355 1943 492 1974 blanditur,
514 1944 621 1969 desidem
639 1944 770 1973 iuniorum,
785 1943 873 1975 quibus
891 1951 942 1969 001·-

100 1988 168 2019 poris
185 1988 251 2012 vires
270 1988 403 2019 utcumque
432 1987 573 2016 sufficiunt,
593 1987 793 2016 irreverentiam,
812 1987 886 2012 immo
909 1987 942 2011 di-

100 2038 175 2062 gnam
194 2031 314 2056 derisione
333 2030 450 2055 desidiam
470 2030 548 2061 signis
567 2029 652 2061 arguit
664 2029 690 2054 et
705 2029 842 2054 confundit.
855 2030 941 2059 Alius,

101 2080 146 2105 pro
164 2074 289 2098 lentarum
308 2073 389 2098 taedio
408 2072 513 2097 febrium
540 2072 732 2103 Completorium
760 2072 785 2096 in
812 2072 875 2097 lecto
902 2080 943 2097 ex-

101 2116 196 2141 solvere
214 2115 343 2146 assuetus,
357 2115 437 2141 fertur
451 2123 494 2146 per
507 2115 631 2146 Angelum
645 2114 809 2146 reprehensus
821 2115 941 2140 audiisse:

107 2169 120 2181 «
133 2159 325 2190 completorium
351 2159 397 2183 sub
424 2158 491 2184 cotto
502 2157 519 2188 ⁶,
539 2165 583 2183 nec
611 2157 707 2183 fructus
734 2165 778 2182 1100
805 2158 904 2182 utilitas
917 2168 941 2182 ».

1784 237 1839 265 597

996 311 1059 336 Saue
1077 312 1102 336 in
1122 311 1200 337 officio
1220 312 1265 336 Dei
1283 313 1392 337 curanda
1411 313 1500 345 ubique
1528 321 1676 345 magnopere
1699 314 1838 338 reverentia

995 353 1020 378 et
1039 353 1165 383 honestas,
1179 361 1234 379 cum
1252 355 1342 386 ubique
1356 356 1389 380 sit
1402 356 1485 380 eadem
1504 357 1556 380 eius
1579 357 1617 381 0111
1636 356 1696 381 111110
1714 356 1838 388 loquimur

995 396 1021 421 et
1038 397 1152 421 astamus
1172 397 1258 422 Deitas
1283 398 1308 422 et
1332 398 1458 423 maiestas.
1483 399 1563 423 Tanto
1582 399 1645 423 enim
1669 399 1777 430 amplius
1805 406 1840 423 re-

996 440 1121 464 verentiae
1149 440 1174 464 et
1200 440 1344 472 diligentiae
1372 441 1481 466 studium
1507 442 1589 467 divino
1614 442 1717 467 debetur
1745 442 1837 472 officio,

996 483 1089 514 quanto
1101 483 1126 507 id
1138 483 1189 508 Deo
1208 483 1374 508 immediatius
1393 484 1530 509 exhibetur.
1545 485 1610 509 Cura
1629 485 1702 510 officii
1722 485 1835 517 diligens,

995 527 1102 551 maxima
1121 526 1204 550 status
1229 526 1375 558 integritas3
1395 527 1523 558 neglectus
1542 527 1622 557 officii,
1648 529 1755 552 maxima
1774 528 1840 553 vitae

995 569 1136 600 corruptio,
1166 569 1272 593 maxima
1299 569 1433 601 Religionis
1456 570 1609 595 deformitas.
1637 571 1715 596 Nemo
1744 571 1788 596 Dei
1814 578 1840 596 se

996 611 1110 636 aestimet
1128 619 1241 641 servum,
1261 612 1281 636 si
1301 612 1345 637 Dei
1365 613 1519 643 potissimam
1538 613 1651 645 negligat
1677 614 1838 644 servitutem,

995 662 1058 686 quae
1078 655 1240 685 appropriato
1259 655 1377 680 vocabulo
1396 656 1447 680 Dei
1465 656 1596 681 servitium
1616 657 1784 688 nuncupatur.

1066 698 1090 721 3.
1110 697 1206 722 Debent
1225 697 1331 722 officium
1350 698 1428 722 dicere
1442 698 1559 723 distincte
1569 718 1576 730 ,
1592 699 1723 730 continue,
1743 700 1839 731 inteyre

996 740 1021 765 et
1040 740 1172 765 ordinate:
1192 741 1322 771 distincte,
1340 748 1382 770 ne,
1396 741 1497 765 verbum
1512 742 1677 771 masticando,
1692 742 1729 766 vel
1744 742 1840 767 exiliter

996 783 1152 814 proferendo,
1173 783 1212 807 vel
1231 783 1334 808 nimium
1352 783 1503 813 festinando,
1518 784 1619 809 dicenda
1632 784 1792 809 confundant.
1805 799 1840 803 -

1000 825 1131 857 Continuo,
1145 826 1174 850 ut
1186 826 1381 857 interruptiones
1394 827 1420 851 iu
1433 834 1460 852 00
1473 834 1523 852 1100
1542 827 1636 852 faciant
1648 826 1656 839 ⁷
1675 827 1720 852 aut
1737 828 1839 852 interlo-

996 868 1108 900 quenda,
1128 869 1176 893 nisi
1194 869 1341 894 necessitate
1360 870 1476 901 cogente,
1497 870 1521 894 et
1540 870 1585 895 hoc
1608 871 1703 901 psalmo
1723 871 1761 895 vel
1788 878 1839 896 ora-

996 911 1062 935 tione
1090 911 1130 935 vel
1157 918 1309 942 quocumque
1333 912 1395 940 alio,
1415 912 1480 943 quod
1510 912 1569 937 tunc
1595 912 1670 937 fuerit
1697 913 1838 943 dicendum,

996 954 1139 984 completis,
1159 955 1207 978 nisi
1227 954 1339 985 psalmus
1358 955 1396 979 vel
1416 955 1507 984 oratio,
1528 963 1599 986 quem
1618 956 1767 987 interrumpi
1786 963 1840 981 con-

997 995 1090 1027 tigerit,
1110 996 1227 1021 continuo
1246 1004 1261 1021 a
1279 997 1360 1027 capite
1388 997 1543 1026 resumatur3
1563 998 1608 1022 aut
1631 998 1696 1022 inter
1716 998 1840 1029 psalmum

996 1039 1021 1063 et
1040 1039 1165 1070 psalmum
1183 1047 1283 1064 moram
1302 1040 1441 1064 notabilem
1459 1039 1583 1069 faciendo.
1604 1041 1730 1071 Parisins,
1750 1042 1779 1065 ut
1791 1041 1840 1066 fer-

996 1082 1049 1111 tur,
1070 1089 1125 1107 cum
1144 1082 1242 1113 quidam
1262 1082 1392 1114 theologus
1417 1083 1491 1107 unius
1517 1083 1599 1108 Horae
1624 1085 1753 1109 canonicae
1776 1085 1841 1109 ince-

996 1125 1075 1156 pisset
1093 1125 1212 1155 officium,
1233 1125 1421 1156 superveniente
1433 1124 1441 1137 Β
1455 1127 1568 1157 episcopo
1581 1127 1612 1151 ad
1624 1127 1772 1158 loquendum
1785 1135 1840 1152 011111

996 1176 1036 1198 eo,
1057 1168 1134 1199 capnt
1153 1169 1204 1192 siue
1223 1168 1345 1193 locutione
1363 1169 1494 1198 inclinans,
1515 1169 1608 1194 Horam
1628 1170 1765 1201 inceptam,
1789 1171 1840 1201 epi-

997 1219 1069 1242 seopo
1088 1211 1260 1242 exspectante,
1280 1211 1375 1241 finivit;
1396 1219 1467 1243 quem
1487 1212 1584 1242 deinde,
1605 1213 1747 1238 dilationem
1766 1213 1841 1239 collo-

996 1255 1046 1286 quii
1060 1262 1090 1279 ne
1103 1254 1205 1279 moleste
1224 1253 1311 1284 ferret,
1332 1254 1472 1284 admonuit,
1486 1262 1586 1280 causam
1600 1255 1763 1285 subinferens,
1776 1256 1840 1287 quod

997 1298 1083 1322 maiori
1110 1298 1214 1323 Domino
1242 1297 1398 1328 loquebatur.
1428 1298 1531 1327 Quidam
1551 1298 1653 1329 propter
1681 1298 1840 1330 interruptio-

996 1348 1040 1365 nes
1058 1341 1083 1365 in
1103 1340 1181 1366 officio
1209 1340 1289 1365 factas
1313 1341 1462 1372 gravissimo
1490 1341 1597 1366 afflictus
1623 1342 1767 1373 purgatorio
1793 1349 1840 1367 me-

996 1384 1117 1409 moratur.

1066 1427 1090 1451 4.
1112 1427 1195 1452 Tertio
1213 1428 1310 1458 111109νο
1323 1427 1420 1456 dicant,
1434 1427 1462 1452 ut
1475 1427 1503 1452 de
1517 1427 1625 1452 dicendis
1638 1428 1699 1452 nihil
1713 1428 1839 1453 omittant.

997 1469 1117 1499 Proinde,
1138 1470 1159 1494 si
1178 1470 1263 1500 plures
1281 1469 1389 1499 fuerint,
1408 1471 1449 1501 qui
1472 1471 1545 1495 simul
1569 1470 1675 1495 officium
1700 1470 1796 1500 dicant,
1816 1470 1841 1495 et

996 1520 1061 1537 unus
1080 1513 1119 1537 vel
1138 1512 1185 1537 duo
1204 1513 1274 1537 iuxta
1302 1513 1451 1538 laudabilem
1463 1512 1473 1525 ⁹
1492 1513 1694 1538 consuetudinem
1717 1514 1840 1544 psalmos,

996 1555 1161 1586 antiphonas,
1190 1555 1294 1587 hymnos
1319 1556 1344 1580 et
1372 1557 1529 1587 responsoria
1558 1556 1588 1581 ad
1614 1556 1741 1581 vitandam
1761 1556 1842 1581 confu-

997 1600 1089 1624 sionem
1109 1606 1166 1624 voce
1186 1599 1349 1630 pronuntient
1367 1599 1464 1629 altiori;
1484 1607 1533 1625 non
1552 1599 1642 1630 putent
1663 1599 1710 1624 sibi
1730 1599 1841 1624 sufficere

997 1642 1061 1673 quod
1080 1642 1112 1666 ab
1131 1642 1187 1667 aliis
1206 1642 1310 1672 dicitur,
1331 1642 1372 1666 sed
1392 1643 1487 1672 omnia,
1507 1650 1569 1674 quae
1582 1643 1613 1667 ad
1627 1650 1697 1667 suam
1715 1642 1842 1673 pertinent

998 1685 1108 1716 partem,
1128 1692 1157 1710 ac
1176 1685 1196 1709 si
1215 1685 1299 1709 essent
1317 1685 1343 1709 in
1361 1685 1450 1716 choro,
1463 1685 1509 1710 sub
1523 1686 1621 1711 silentio
1634 1686 1730 1717 integro
1749 1686 1841 1716 dicant,

997 1736 1052 1753 cum
1071 1728 1177 1753 officium
1196 1729 1266 1753 extra
1295 1728 1396 1753 eandem
1424 1736 1498 1760 quam
1526 1728 1594 1753 intra
1613 1728 1783 1760 integritatem
1806 1736 1841 1753 re-

997 1771 1089 1803 quirat.

1069 1815 1093 1838 5.
1116 1813 1240 1839 Ordinate
1258 1814 1361 1845 denique
1380 1814 1486 1839 officium
1505 1814 1703 1845 insubstantia,
1724 1815 1840 1846 tempore,

998 1857 1071 1882 modo
1091 1857 1116 1882 et
1133 1857 1251 1882 omnibus
1270 1857 1368 1888 exsequi
1387 1857 1513 1882 studeant.
1533 1857 1742 1888 Postpositiones,
1763 1857 1842 1888 impli-

998 1900 1118 1929 cationes,
1138 1900 1289 1925 variationes
1308 1900 1379 1925 facile
1397 1907 1447 1925 non
1466 1900 1610 1925 admittant.
1630 1900 1739 1925 Honeste
1759 1900 1842 1924 tamen

998 1943 1120 1968 Pretiosa
1139 1943 1177 1967 vel
1202 1943 1270 1967 aliud
1295 1943 1489 1968 extraordinarie
1508 1943 1641 1974 aliquando
1660 1943 1764 1973 dicitur,
1784 1943 1842 1967 dum

999 1986 1082 2011 tamen
1101 1986 1124 2010 id
1143 1986 1225 2017 ipsum
1254 1993 1297 2011 suo
1324 1986 1433 2017 tempore
1461 1986 1560 2011 minime
1579 1986 1722 2018 negligatur
1733 1984 1761 2012 ¹⁰.
1783 1985 1843 2015 Quis

999 2029 1083 2053 autem
1103 2029 1155 2053 sine
1173 2028 1263 2060 grandi
1288 2029 1450 2054 conscientiae
1478 2029 1594 2060 scrupulo
1623 2029 1751 2060 proprium
1770 2028 1844 2054 officii

999 2071 1109 2096 ordinem
1128 2071 1221 2102 sibique
1241 2071 1376 2103 Religionis
1395 2071 1522 2096 sanctione
1534 2071 1678 2102 impositum
1692 2079 1736 2102 pro
1755 2071 1842 2096 alienis

1000 2114 1151 2146 quibuslibet
1169 2114 1367 2145 praetermittat,
1388 2115 1433 2139 aut
1460 2115 1571 2146 qualibet
1600 2115 1736 2140 variatione
1763 2114 1843 2140 defor-

999 2158 1066 2182 met?
1084 2157 1143 2187 Quis
1162 2158 1210 2182 nisi
1229 2158 1379 2182 vanissimus
1398 2158 1423 2182 et
1440 2157 1584 2189 imprudens
1597 2165 1642 2189 pro
1660 2158 1735 2182 certis
1753 2158 1841 2188 dubia,

166 2367 173 2380 ¹
192 2369 220 2390 ltu
239 2368 320 2395 CDE;
339 2368 390 2389 Vnt.
407 2373 459 2389 cum
477 2367 514 2389 ed.
537 2368 559 2388 l:
578 2367 658 2390 Honor
677 2367 770 2396 quidem
788 2367 855 2390 Patri
871 2369 891 2390 et
905 2367 942 2390 Fi-

103 2398 133 2422 lio
150 2400 171 2422 et
188 2398 290 2428 Spiritui
305 2400 386 2421 sancto
410 2398 460 2421 siue
482 2398 615 2428 differentia
632 2398 776 2421 emhibendus
794 2400 839 2426 est,
858 2405 942 2421 conve-

103 2430 134 2453 nit
150 2431 185 2452 ed.
204 2431 229 2458 -2,
246 2433 340 2458 excepto
358 2430 421 2459 quod
441 2436 482 2457 pro
495 2429 588 2459 quidem
605 2429 728 2452 substituat
745 2429 804 2452 idem
823 2429 871 2459 qui.
890 2430 943 2452 inse-

103 2462 151 2484 11115
168 2468 209 2489 nro
228 2461 359 2489 inclinatis,
379 2462 442 2490 quod
461 2461 479 2483 D
496 2461 591 2488 omittit,
615 2462 630 2482 Ε
653 2460 801 2488 inclinantis,
819 2461 869 2483 Vat.
887 2467 943 2484 cnm

104 2492 245 2520 inclinatur,
263 2499 323 2521 quae
340 2493 409 2514 etiam
426 2499 468 2520 pro
485 2492 672 2521 uniformitatem
689 2492 806 2514 substituit
822 2492 943 2515 unitatem.

165 2523 174 2536 ²
191 2524 263 2546 codd.
281 2524 297 2547 C
308 2524 350 2546 DE
367 2528 389 2546 et
406 2524 458 2546 edd.
481 2524 498 2550 1,
516 2524 528 2545 2
547 2523 655 2545 omittunt
677 2523 700 2545 in
718 2523 898 2553 conyreyale'one
915 2524 942 2546 et.

106 2555 199 2578 inferius
224 2558 276 2583 post
300 2554 454 2584 uniformitas
479 2555 515 2577 ed.
543 2555 550 2576 l
582 2555 647 2577 addit
664 2554 686 2577 z'n
710 2556 830 2582 conventu,
852 2555 902 2577 Vat.
920 2553 943 2576 in

105 2585 220 2609 Fratrum
237 2587 359 2609 conventu.

166 2616 175 2629 ⁵
193 2619 222 2640 ita
240 2618 283 2639 ΑΒ
301 2620 323 2640 et
339 2617 376 2640 ed.
394 2619 419 2644 2,
438 2617 488 2639 Vat.
505 2623 558 2639 cum
576 2616 592 2639 C
603 2617 645 2639 DE
663 2620 684 2639 et
696 2617 733 2639 cd.
749 2617 754 2638 Ι
771 2617 803 2639 De
820 2616 944 2646 disciplina

105 2647 172 2678 officii
188 2650 257 2671 eastra
275 2648 382 2671 chorum.

166 2679 176 2692 ⁴
193 2680 247 2702 Fide
265 2681 280 2702 Α
292 2680 308 2702 Β
326 2683 348 2702 ct
364 2680 400 2702 ed.
419 2680 432 2701 2
450 2679 611 2708 supplevimus
622 2685 653 2702 ez
664 2678 785 2702 communi
796 2678 945 2702 ordinatione

106 2710 205 2734 sedetur.

168 2741 177 2754 ¹⁵
194 2743 216 2765 in
234 2742 280 2764 vita
299 2743 320 2764 S.
339 2742 483 2769 Hieronymi,
501 2741 603 2764 secundo
629 2741 678 2763 loco
696 2741 769 2769 posita
787 2741 883 2769 (Migne,
909 2742 946 2763 Pa-

107 2773 156 2795 trol.
173 2774 220 2796 Lat..
238 2776 293 2796 tom.
310 2774 348 2796 22.
365 2774 406 2795 col.
426 2773 469 2795 «175
487 2773 569 2802 seqq.),
587 2773 646 2795 circa
664 2773 741 2800 finem,
757 2771 795 2795 ubi
813 2779 854 2800 pro
872 2771 945 2794 mani-

109 2802 150 2827 bus
167 2804 312 2834 apprehenso
329 2804 430 2834 supinus
448 2803 579 2833 erigeretur
605 2804 644 2832 (ita
661 2804 729 2826 etiam
747 2804 793 2825 vita
812 2803 875 2826 tertio
896 2804 945 2825 loco

108 2835 189 2864 posita)
208 2839 280 2858 textus
296 2836 414 2864 originalis
430 2835 567 2865 supinisque
584 2834 693 2857 manibus
714 2834 859 2864 apprehenso
875 2834 946 2863 eriye-

108 2867 175 2889 relztr
192 2866 313 2893 (consentit
337 2868 382 2889 vita
407 2870 490 2896 quarto
512 2867 562 2889 loco
588 2867 674 2894 posita,
691 2866 712 2888 in
738 2872 784 2894 qua
807 2869 881 2888 tamen
904 2872 945 2894 pro

108 2897 213 2926 funiculo
239 2898 304 2921 truite
327 2904 440 2928 suspenso
458 2897 602 2920 substituitur
618 2897 725 2927 funiculo
742 2896 774 2919 ad
791 2896 880 2920 trabem
897 2903 946 2919 sus-

109 2929 197 2958 penso).
214 2941 244 2946 —
261 2929 356 2952 iuferius
373 2936 415 2957 pro
432 2929 534 2952 desidem
559 2930 576 2951 Α
602 2932 623 2951 et
649 2929 686 2951 ed.
707 2929 721 2951 2
738 2927 890 2951 residentium
914 2934 946 2951 se-

109 2959 192 2988 uniter.

170 2990 180 3003 ¹³
197 2992 230 3014 Du
248 2991 337 3020 Gange,
353 2991 494 3014 Glossarium
507 2995 563 3014 eta:
574 2991 677 3018 Coccum,
695 2991 801 3018 culcitra,
819 2997 845 3012 ex
863 2990 945 3013 Gallico

110 3021 174 3045 coite.
195 3022 240 3045 Cir.
265 3023 322 3045 Petr.
346 3023 456 3050 Damian„
481 3023 566 3050 Opusc.
591 3022 628 3044 32.
653 3029 672 3043 (ὲ.
699 3022 723 3050 6,
745 3021 783 3044 ubi
810 3021 946 3049 peregrinus

1000 2368 1087 2396 (utrum
1105 2367 1205 2394 Angelus
1223 2367 1302 2393 fuerit,
1320 2373 1348 2388 an
1375 2367 1457 2392 1101110,
1480 2366 1519 2388 Dei
1537 2366 1644 2388 ducimus
1663 2365 1841 2394 relinquendum

999 2404 1048 2420 esse
1067 2398 1161 2423 iudicio.
1179 2398 1208 2419 ait
1226 2398 1284 2419 Petr.
1302 2397 1415 2425 Damian.)
1435 2398 1558 2423 monartio,
1576 2397 1614 2425 qui
1633 2396 1706 2424 pridie
1724 2397 1796 2418 lassus
1813 2396 1843 2418 de

1000 2429 1036 2451 via
1054 2430 1126 2451 Horas
1143 2429 1264 2451 canonicas
1289 2429 1312 2450 in
1329 2429 1386 2450 lecto
1409 2428 1577 2455 complex-erat,
1600 2427 1671 2450 dixit:
1692 2436 1701 2447 u
1714 2427 1842 2455 Complato-

1000 2461 1059 2482 rium
1077 2461 1099 2482 in
1118 2461 1187 2487 lecto,
1205 2466 1246 2482 nec
1269 2460 1330 2481 salus
1347 2462 1381 2481 est
1398 2465 1440 2481 nec
1458 2460 1604 2487 proiectus».
1623 2458 1679 2480 ibid.
1696 2459 1792 2480 refertur
1813 2458 1842 2480 dc

1000 2492 1089 2518 Priore,
1107 2492 1199 2513 nomine
1224 2491 1328 2517 loannes,
1351 2490 1502 2519 (1010100101-
1528 2490 1662 2512 imbecillem
1689 2490 1792 2517 corporis
1814 2492 1842 2511 te-

1001 2523 1110 2545 nuitatem
1127 2523 1149 2544 in
1167 2523 1224 2544 lecto
1241 2528 1309 2549 saepe
1327 2521 1507 2549 Completorium
1525 2520 1675 2547 decurrebat,
1693 2524 1714 2543 et
1732 2521 1768 2543 cui
1792 2521 1842 2543 (130-

1001 2561 1068 2581 01011,
1087 2560 1155 2582 quem
1174 2560 1200 2576 ex
1217 2553 1311 2575 obsesso
1329 2553 1440 2580 expellere
1457 2552 1582 2580 nitebatur,
1600 2552 1667 2574 dixit:
1680 2552 1745 2574 'l'unc
1762 2552 1798 2574 ille
1810 2558 1841 2579 es,

1001 2585 1040 2613 qui
1058 2585 1101 2607 sub
1118 2588 1179 2607 cotto
1196 2584 1299 2613 quotidie
1316 2583 1495 2612 Couipletorium
1514 2584 1655 2610 insusurras,
1678 2586 1700 2605 ct
1717 2583 1787 2605 modo
1805 2589 1842 2605 me

1001 2617 1066 2645 quasi
1085 2616 1181 2638 Sanctus
1203 2615 1284 2637 ejici-re
1309 2618 1331 2637 et
1356 2615 1411 2637 iuris
1428 2615 1473 2637 mei
1491 2615 1609 2637 vasculum
1628 2614 1656 2636 dc
1680 2620 1732 2636 meo
1750 2614 1784 2636 vis
1801 2614 1843 2636 do-

1002 2648 1072 2669 minio
1090 2647 1202 2669 liberare?
1220 2659 1250 2663 —
1269 2646 1363 2668 inferius
1381 2652 1422 2674 pro
1441 2647 1515 2668 Tanto
1527 2645 1589 2668 enim
1601 2646 1662 2668 0(1.2
1678 2646 1751 2668 Tanto
1764 2644 1842 2668 etiam.

1065 2677 1073 2691 ⁷
1091 2678 1145 2701 Fide
1162 2679 1178 2700 Α
1191 2681 1213 2700 et
1230 2678 1267 2700 ed.
1285 2679 1297 2699 2
1322 2677 1483 2700 substituimus
1499 2676 1589 2706 saciant
1606 2683 1648 2704 pro
1664 2676 1730 2706 fiant.
1749 2677 1842 2699 inferius

1003 2710 1053 2732 Vat.
1070 2709 1186 2731 substituit
1204 2710 1301 2738 uryente
1318 2715 1360 2737 pro
1378 2710 1485 2737 canente,
1503 2707 1607 2737 oportuit
1619 2714 1661 2736 pro
1679 2707 1802 2736 contulerit
1819 2711 1841 2730 et

1002 2747 1071 2764 mora
1088 2739 1197 2763 notabitis
1213 2740 1316 2769 sortasse
1331 2740 1374 2770 fiat
1391 2746 1432 2767 pro
1458 2745 1552 2762 moram
1577 2738 1703 2762 notabilem
1720 2738 1842 2768 sucimzdoe

1002 2772 1069 2795 codd.
1087 2771 1103 2794 C
1115 2772 1157 2793 DE
1173 2774 1195 2794 et
1212 2771 1265 2793 edd.
1284 2772 1291 2792 i
1304 2788 1310 2798 ,
1328 2773 1341 2793 2
1362 2771 1503 2793 substituunt
1527 2770 1551 2793 in
1576 2769 1672 2793 dicendo
1699 2776 1740 2798 pro
1765 2769 1842 2793 [licen-

1002 2803 1067 2831 dnm,
1080 2805 1102 2824 et
1113 2802 1158 2825 nisi
1166 2802 1289 2831 psalmam
1306 2801 1342 2824 vel
1359 2801 1512 2825 orationem...
1522 2801 1655 2824 rnsmnturt'
1666 2807 1708 2829 pro
1719 2800 1767 2824 uisi
1781 2800 1843 2830 psal-

1002 2840 1056 2857 mas
1075 2833 1108 2857 1ϊί
1125 2833 1226 2856 oratio...
1242 2834 1388 2856 resumatur.

1065 2864 1073 2877 Β
1091 2865 1132 2887 Ed.
1158 2866 1169 2886 ‘2
1195 2863 1374 2894 supervenienti.
1399 2864 1491 2886 inferius
1514 2863 1559 2886 fide
1584 2863 1620 2886 ed.
1643 2864 1656 2885 2
1682 2863 1842 2886 substituimus

1003 2903 1070 2926 quein
1088 2895 1169 2918 deinde
1185 2902 1227 2923 pro
1244 2902 1316 2925 qaam.
1333 2894 1420 2918 deinde.

1065 2926 1074 2939 5'
1091 2927 1146 2949 Cod.
1165 2928 1181 2949 A
1199 2930 1221 2949 ct
1237 2927 1275 2949 ed.
1295 2927 1307 2948 2
1325 2926 1414 2948 addunt
1431 2925 1592 2955 quorundam.
1610 2926 1703 2948 {userius
1716 2926 1767 2948 Vnt.
1779 2926 1842 2948 omit-

1004 2959 1028 2981 tit
1045 2957 1076 2981 ad
1092 2957 1214 2981 vitandam
1231 2957 1400 2987 confasionem.

1066 2988 1085 3001 ¹⁰
1104 2989 1153 3011 Vnt.
1170 2988 1298 3018 neyllyant.
1315 2989 1408 3011 inferius
1426 2995 1467 3017 pro
1484 2994 1547 3012 vnanu
1565 2988 1609 3011 [ide
1626 2987 1642 3011 C
1653 2988 1669 3010 D
1680 2989 1694 3010 Ε
1712 2991 1733 3010 et
1750 2987 1803 3010 edd.
1820 2989 1842 3015 1,

1003 3021 1016 3042 2
1034 3020 1195 3043 substituimus
1211 3026 1280 3049 myst.

1859 701 1944 720 Officium
1958 702 1986 720 di-

1856 725 1935 744 cendum
1956 725 1985 744 di-

1856 750 1930 767 structe.

1857 830 1955 849 continue.

1858 1431 1936 1454 Integre.

1870 1819 1959 1838 Ordinate

1859 1843 1925 1869 quoad·
1933 1848 1953 1861 su
1957 1843 1977 1861 b-

1870 1868 1965 1885 stantiam.
