2133 3317
189 818 281 837 Hortatioi

155 1335 286 1354 Continuatur.

176 1897 288 1924 Remedium

175 1923 289 1963 perffsrsna-

298 221 354 250 492

299 299 467 328 nobiscum?
488 296 510 325 O
532 303 596 324 vere
617 295 727 332 pietatis
748 302 819 322 vox:
848 294 942 322 Venite
963 293 1003 322 aa
1023 302 1084 328 me,
1106 293 1147 321 in-

299 346 376 382 quit,
398 348 424 373 et
453 352 503 381 eqo
534 342 667 379 reficiam
698 349 756 369 vos.
786 340 808 369 O
834 340 882 369 Dei
912 340 999 369 nostri
1027 340 1147 377 dignatio

298 391 483 423 admirabilis,
498 398 515 417 o
536 389 636 417 caritas
651 388 809 417 ineffabilis!
826 387 893 423 Quis
907 387 980 415 enim
1000 387 1148 423 aliquando

298 439 362 467 fecit
383 437 469 465 talia?
490 436 562 472 Quis
584 443 717 473 unquam
739 434 869 467 audivit,
885 433 982 470 quisve
1004 433 1148 470 conspexit

299 485 443 514 similia1?
465 484 548 517 Ecce,
570 483 668 511 invitat
689 482 830 515 inimicos,
859 481 988 509 hortatur
1010 488 1087 515 reos,
1109 481 1148 509 al-

299 531 356 560 licit
377 531 508 567 ingratos.
537 529 647 563 Venite,
669 528 770 565 inquit,
794 528 834 556 ad
855 536 899 555 me
927 536 1023 555 omues
1051 530 1077 555 et
1104 527 1148 555 cli-

298 578 367 606 seite
387 586 407 605 a
428 586 487 610 me,
511 576 596 604 tollite
616 576 721 613 iugum
745 583 841 603 meum
868 582 957 611 super
977 582 1027 602 vos
1052 577 1076 602 et
1104 574 1148 602 iiz-

299 624 417 653 venietis
439 623 567 662 requiem
589 622 748 651 cuiimabus
768 621 880 650 vestris.
897 621 919 649 O
941 621 1026 650 verba
1047 621 1148 650 dulcis-

300 672 384 705 sima,
399 679 415 699 0
430 670 516 699 verba
537 669 712 703 suavissima,
728 676 744 696 0
759 668 844 696 verba
864 667 961 697 deifica
976 671 1002 696 et
1014 672 1149 704 penetra-

301 718 407 747 biliora
428 717 509 745 omui
527 716 627 753 yladio
649 715 774 752 ancipiti
782 738 789 748 ,
806 715 903 743 intima
922 714 1149 751 praecordiorum

301 764 483 794 eviscerantia
511 763 651 799 nimiaque
679 762 785 798 repleta
814 761 975 795 dulcedine,
998 769 1089 799 usque
1110 762 1150 789 act

302 811 474 840 divisionem
487 810 606 838 animae
619 812 645 837 et
658 809 783 846 spiritus
797 808 994 845 pertinyentia
1006 807 1031 835 2!
1046 824 1085 827 —
1100 807 1150 835 Ex-

299 859 457 896 pergiscere
472 865 561 891 nunc,
577 865 592 885 0
608 856 700 884 anima
721 856 884 889 christiana,
906 855 939 883 ad
962 858 1053 883 tantae
1074 855 1150 883 beni—

301 905 412 943 gnitatis
433 912 569 938 amorem,
585 904 619 932 ad
633 903 787 932 dulcedinis
809 905 901 931 tantae
921 909 1049 939 saporem
1071 905 1098 930 et
1116 901 1150 929 ad

300 955 393 981 tantae
414 951 558 980 suavitatis
579 950 700 979 odorem.
723 949 818 983 Certe,
840 949 887 985 qui
910 949 961 977 ista
985 956 1041 976 0011
1068 948 1152 977 sentit

302 1000 431 1028 infirmus
461 1002 518 1032 est,
540 997 676 1026 alienatus
708 1000 765 1031 est,
797 996 851 1024 iam
874 996 1013 1032 proximat
1035 995 1149 1023 1001113.

301 1047 461 1080 lnardesce,
483 1053 601 1082 quaeso,
618 1053 633 1073 0
648 1044 740 1072 anima
760 1051 829 1077 mea,
852 1043 1009 1080 pinguesce,
1024 1042 1151 1071 dulcesce

301 1093 330 1121 in
351 1092 540 1121 misericordia
569 1091 615 1119 Dei
649 1091 704 1124 tui,
727 1091 755 1118 in
788 1090 1001 1118 mansuetudine
1022 1089 1068 1117 Dei
1092 1089 1148 1122 tui,

303 1140 399 1177 Sponsi
423 1139 461 1167 tui
485 1139 512 1167 in
534 1139 664 1171 caritate,
686 1137 776 1166 dilecti
800 1137 838 1165 tui
862 1136 1004 1165 inardesce
1025 1136 1151 1169 fervore,

302 1187 451 1224 pinguesce
472 1194 566 1214 amore
588 1188 615 1214 et
635 1185 762 1214 dulcesce
783 1192 897 1220 sap0re;
920 1191 1001 1212 nemo
1016 1186 1042 1211 te
1058 1183 1153 1219 prohi-

303 1234 367 1263 beat
380 1234 501 1267 intrare,
518 1236 628 1265 tenere,
650 1235 772 1268 gustare.

382 1281 409 1308 lt.
432 1279 503 1316 Quid
525 1279 644 1315 amplius
665 1278 843 1315 quaerimus,
865 1277 932 1314 quid
947 1279 1151 1313 exspectamus,

305 1328 371 1365 quid
392 1327 582 1356 desideramus
593 1326 626 1353 4?
642 1325 669 1353 ln
685 1325 737 1354 hoc
752 1325 824 1353 enim
841 1333 897 1353 uno
912 1324 1047 1352 habemus
1061 1322 1153 1351 omnia

302 1375 382 1404 bona.
405 1374 456 1402 Sed
479 1374 551 1407 heu,
572 1381 588 1401 o
610 1372 716 1401 insania
741 1374 836 1400 nostra
861 1370 1009 1399 mirabilis!
1032 1369 1054 1398 O
1076 1369 1153 1397 infir—

304 1421 385 1449 mitas
406 1419 586 1448 miserabilis!
608 1418 631 1447 O
652 1418 763 1447 vesania
777 1417 960 1446 detestabilis!
983 1416 1050 1444 Nam
1073 1423 1153 1443 voca-

303 1476 368 1496 mur
389 1467 423 1495 ad
445 1466 587 1503 requiem,
609 1469 636 1494 et
664 1465 809 1502 sequimur
841 1463 979 1497 laborem;
1002 1463 1152 1491 invitamur

303 1515 337 1543 ad
352 1514 497 1547 solatium,
513 1516 540 1541 et
554 1512 716 1550 quaerimus
730 1512 869 1545 dolorem;
885 1509 1059 1547 promittitur
1075 1509 1153 1537 nobis

303 1561 451 1599 gaudium,
473 1564 500 1589 et
521 1560 680 1597 appetimus
701 1566 866 1587 moerorem.
890 1556 1052 1585 Miserabilis
1073 1564 1154 1593 pror-

304 1616 352 1637 sus
382 1607 530 1636 infirmitas
558 1606 772 1642 miserrimaque
797 1604 980 1641 perversitas!
1004 1603 1057 1631 Iam
1080 1602 1153 1631 00101

303 1655 381 1692 quasi
404 1654 577 1683 insensibiles
597 1653 660 1681 facti
683 1660 781 1680 sumus
802 1654 829 1680 et
850 1651 929 1688 quasi
944 1650 1097 1679 deteriores
1119 1649 1154 1677 si-

303 1701 451 1735 mulacris,
474 1700 607 1729 habentes
628 1699 739 1733 oculos,
762 1702 788 1727 et
810 1706 864 1726 non
894 1697 1033 1731 videntes;
1055 1704 1153 1730 aures,

303 1751 330 1777 et
351 1756 405 1776 non
434 1746 616 1780 audientes⁵;
638 1746 792 1778 rationem,
815 1747 842 1773 et
863 1752 918 1772 non
949 1743 1161 1782 discernentes,

304 1802 446 1824 amarum
467 1793 499 1822 iu
520 1793 603 1821 ctulce
624 1796 649 1821 et
669 1792 752 1820 clulee
773 1791 804 1819 iii
826 1799 969 1819 cauca-um
988 1793 1133 1827 ponentes.

383 1842 409 1869 5.
432 1840 454 1869 O
476 1841 563 1875 Deus,
578 1840 652 1868 unde
667 1839 746 1868 nobis
757 1839 767 1856 ⁶
784 1841 875 1867 tantae
890 1837 1080 1875 perversitatis
1094 1844 1155 1865 cor-

304 1889 406 1923 rectio;
421 1888 495 1917 unde
511 1887 589 1916 nobis
612 1889 702 1915 tantae
717 1886 875 1915 offensionis
890 1885 1058 1914 satisfactio?
1075 1884 1156 1913 Certe

306 1935 374 1963 nihil
396 1934 449 1963 tale
470 1933 611 1963 invenitur
644 1933 670 1961 in
703 1932 797 1967 nobis,
820 1932 871 1961 nisi
893 1935 942 1960 tuo
968 1939 1085 1960 munere
1107 1931 1156 1959 tri-

727 216 925 245 OPUSCULUM
946 215 1012 249 XXI.
1036 215 1190 244 EPISTOLA
1212 215 1255 243 DE
1276 216 1345 244 XXV
1367 214 1619 244 MEMORIALIBUS.

1204 293 1316 322 buatur.
1339 294 1380 321 Tu
1402 293 1474 322 enim
1498 293 1573 322 solus
1594 295 1671 329 potes
1691 300 1742 321 nos
1759 293 1915 329 corrigere,
1931 295 1961 321 tu
1976 293 2051 322 solus

1204 348 1255 377 pro
1269 340 1371 369 nostris
1384 340 1491 369 delictis
1505 339 1678 373 satisfacere,
1694 339 1741 376 qui
1758 339 1833 367 solus
1847 339 1918 367 nosti
1933 339 2050 376 flymen-

1205 390 1266 415 tum
1287 387 1456 420 uoslrum'1,
1478 387 1553 415 salus
1574 390 1601 415 et
1623 386 1775 422 redemptio
1807 388 1917 420 nostra,
1939 387 1987 423 qui
2009 394 2050 415 so-

1205 434 1263 462 1010
1286 434 1312 462 10
1335 434 1389 462 11113
1410 434 1462 462 hoc
1483 433 1564 467 facis,
1585 433 1631 469 qui
1655 440 1683 461 se
1705 433 1821 461 miseros
1852 433 2051 469 conspicientes

1205 480 1232 508 in
1254 480 1328 514 imis,
1349 488 1366 508 a
1387 483 1413 508 te
1433 480 1523 508 solun]
1545 479 1663 507 relevari
1685 487 1714 508 se
1735 487 1815 516 posse
1836 479 1987 508 confidunt.

1285 528 1310 555 6.
1333 527 1468 555 Levemus
1488 534 1554 562 ergo
1575 526 1609 554 ad
1629 526 1718 554 Deum
1739 526 1839 554 mentis
1861 529 1971 554 nostrae
1985 534 2051 555 ocu—

1205 575 1245 603 los
1267 574 1293 602 in
1315 574 1451 602 directum
1474 575 1501 601 et
1524 572 1680 606 videamus,
1701 572 1749 600 ubi
1770 580 1845 601 nunc
1859 572 1990 609 prostrati
2006 581 2051 601 su—

1206 620 1307 654 mus⁸,
1329 620 1460 656 quoniam
1482 619 1528 656 qui
1558 619 1703 655 proprium
1735 626 1830 647 casum
1861 619 1970 655 ignorat
1991 626 2052 648 sur-

1205 675 1271 704 gere
1292 667 1384 695 minus
1405 669 1493 695 curat.
1526 665 1726 702 Cognoscentes
1757 673 1824 693 vero
1845 665 2004 694 clamemus
2025 666 2052 694 in

1206 714 1367 742 fortitudine
1382 713 1422 741 ad
1437 712 1595 740 Domitium
1609 712 1642 740 (le
1654 711 1816 749 profundis
1828 712 1848 746 ⁵³,
1867 715 1898 741 ut
1914 712 1992 741 nobis
2006 713 2053 741 ad-

1206 760 1334 789 iutricem
1356 759 1480 796 porrigat
1509 759 1715 787 misericordiae
1746 766 1812 787 suae
1834 767 1961 793 manum,
1983 767 2053 796 quae

1206 806 1378 835 abbreviari
1396 814 1552 843 ¹nunquam
1580 805 1686 842 poterit
1707 805 1747 833 acl
1772 805 1959 834 salvandum.
1982 806 2053 841 Non,

1207 862 1325 890 quaeso,
1354 852 1559 889 confidentiam
1585 852 1760 887 amittamus,
1783 861 1925 890 inaquam
1956 861 2053 881 remu-

1206 901 1385 929 nerationem
1408 899 1556 928 habentem
1569 900 1600 927 ¹⁰.
1618 900 1769 928 Adeamus
1784 898 1920 928 thronum
1938 900 2054 937 gyratiac

1207 948 1269 976 eius
1290 956 1357 975 cum
1378 946 1506 983 fiducia,
1528 945 1614 983 linem
1635 949 1753 974 nostrae
1767 946 1836 982 fidei
1856 950 2053 983 reportantes,

1207 995 1330 1022 salutem
1352 994 1455 1022 scilicet
1477 993 1651 1021 animcu‘um
1679 996 1848 1021 nostrarum.
1870 993 1950 1022 Nulla
1978 993 2055 1022 nobis

1208 1041 1272 1069 insit
1294 1040 1440 1069 cunctatio.
1465 1040 1519 1068 lam
1541 1040 1615 1068 enim
1636 1040 1693 1068 vita
1723 1048 1773 1068 nos
1796 1043 1888 1074 vocat,
1911 1040 1985 1069 salus
2006 1048 2055 1069 ex-

2066 532 2131 552 noi-tati

1208 1090 1327 1124 spectat,
1350 1086 1493 1114 tribulatio
1514 1086 1652 1122 compellit
1674 1087 1787 1115 intrare.
1811 1086 1880 1122 Quid
1903 1094 1969 1123 ergo
1991 1086 2055 1115 faci·
2084 1079 2087 1083 ’
2131 1121 2132 1129 ,

1208 1134 1591 1170 0103190111[1191110011131
1621 1133 1690 1170 Quid
1723 1141 1814 1162 moras
1845 1134 2055 1162 contrahimus?

1208 1198 1246 1201 —
1268 1181 1448 1209 Festiuemus
1470 1180 1587 1217 iuqrecli
1601 1180 1632 1208 in
1647 1180 1729 1208 illam
1750 1181 1879 1218 requiem
1892 1181 1912 1197 ¹¹
1929 1180 2055 1209 iucundi-

1209 1228 1273 1256 tatis
1294 1231 1432 1261 aeternae,
1460 1227 1506 1255 ubi
1530 1230 1595 1255 sunt
1617 1236 1728 1264 mayna
1756 1230 1782 1256 et
1802 1227 2011 1256 inscrutabilia
2032 1231 2058 1256 et

1209 1274 1379 1307 mirabilia,
1405 1283 1532 1312 quorum
1557 1282 1615 1302 uon
1647 1277 1686 1302 eet
1713 1283 1864 1302 uztmerus.
1894 1274 2055 1309 Ascendet,

1209 1329 1328 1358 quaese,
1344 1321 1504 1349 Ierusalem
1519 1329 1608 1357 super
1623 1329 1673 1349 eor
1687 1324 1821 1349 nostrum
1834 1321 1867 1354 ¹2,
1884 1321 2057 1358 suspiremus

1209 1368 1243 1396 ad
1265 1368 1381 1404 patriam
1413 1370 1551 1401 nostram,
1573 1367 1719 1395 tendamus
1739 1375 1852 1395 sursum
1881 1367 1915 1395 ad
1939 1370 2055 1395 matrem

1209 1418 1350 1448 nostram;
1372 1414 1555 1442 introeamus
1577 1414 1608 1442 t'7t
1627 1414 1772 1450 potentias
1795 1414 1912 1442 Domini
1931 1417 1958 1443 et
1983 1414 2056 1442 intu-

1211 1470 1309 1490 eamur
1330 1462 1430 1498 Regem
1458 1464 1586 1489 nostrum
1615 1464 1791 1489 mansuetum
1820 1468 1904 1497 super
1932 1469 1991 1489 eam
2013 1468 2056 1490 re-

1209 1511 1354 1545 gnantem,
1377 1512 1404 1536 et
1426 1508 1579 1544 liquescant
1600 1508 1627 1535 in
1644 1507 1868 1536 miserationibus
1894 1507 1954 1536 eius
1975 1507 2058 1536 corda

1210 1558 1313 1584 nostra.
1955 1546 1957 1549 ⁸

1290 1603 1316 1629 7.
1338 1602 1456 1638 Agamus
1477 1601 1515 1629 illi
1537 1601 1640 1638 gratias
1661 1603 1718 1629 toto
1739 1601 1837 1634 corde,
1859 1601 1906 1638 qui
1921 1601 2056 1629 defectum

1210 1652 1322 1677 nostrae
1342 1648 1549 1685 ingratitudinis
1571 1656 1624 1676 1100
1647 1647 1836 1681 considerans,
1857 1656 1873 1676 a
1894 1648 1973 1676 nobis
2004 1655 2057 1676 non

1210 1695 1324 1724 abstulit
1339 1703 1405 1724 suae
1420 1695 1624 1724 misericordiae
1639 1695 1767 1731 pietatem
1782 1695 1815 1729 ¹³,
1831 1694 1998 1724 desiderium
2013 1702 2058 1723 no-

1211 1742 1253 1771 bis
1270 1742 1394 1771 tribuens
1409 1742 1496 1779 ipsius
1507 1742 1588 1770 viam
1603 1751 1723 1770 currere
1737 1742 1959 1776 iiictnclatorum,
1975 1750 2058 1779 quam

1212 1790 1270 1818 3100
1291 1789 1427 1818 desiderio
1458 1789 1553 1818 nullus
1584 1797 1700 1818 currere
1728 1792 1825 1825 potest.
1848 1789 1927 1825 Quod
1948 1788 2059 1826 quidem

1213 1844 1316 1865 munus
1345 1845 1399 1864 000
1420 1838 1462 1865 est
1488 1836 1761 1873 parvipendendum,
1783 1835 1830 1864 sed
1851 1835 1955 1873 grande
1977 1843 2060 1873 repu-

1212 1884 1343 1918 tandum,
1365 1891 1429 1912 cum
1450 1884 1503 1912 hoc
1525 1883 1726 1920 Prophetarum
1748 1883 1793 1912 ille
1825 1883 1947 1912 eximius
1968 1890 1997 1912 se
2018 1890 2059 1911 as-

1213 1933 1287 1959 serat
1308 1930 1486 1967 concupisse:
1511 1924 1698 1967 Concupioit,
1714 1929 1804 1967 inquit
1816 1930 1849 1964 ¹4,
1871 1930 1975 1958 anima
1996 1938 2060 1959 mea

369 2116 377 2128 ¹
396 2117 445 2139 lsai.
463 2117 505 2143 66,
529 2117 554 2137 8:
578 2116 635 2144 Quis
658 2115 745 2137 audivit
770 2121 871 2144 unquam
899 2116 954 2142 1010,
978 2118 998 2137 et
1022 2115 1075 2143 quis
1097 2114 1155 2136 vidit

306 2156 359 2178 huic
375 2156 469 2178 simile?
486 2168 517 2172 --
534 2155 637 2178 Subinde
654 2156 764 2182 allegatur
783 2155 859 2176 Mattli.
880 2154 918 2181 ’11,
936 2154 973 2176 28.
991 2160 1040 2182 seq.

369 2194 378 2207 ‘2
396 2194 465 2216 Hebr.
487 2194 511 2221 t,
539 2195 572 2216 lQ.
589 2207 619 2210 —
638 2194 749 2222 Superius
772 2193 817 2215 nde
842 2193 858 2215 C
870 2193 936 2215 EFG
958 2193 1120 2220 supplevimus
1141 2198 1154 2215 o

307 2234 378 2257 verba
395 2233 547 2257 sauvissima.

370 2272 378 2285 ¹³
396 2273 441 2297 Csr.
458 2273 599 2295 Lamentatio
617 2273 640 2295 in
664 2273 793 2301 passionem
817 2272 899 2294 Christi
918 2272 989 2299 (iuter
1012 2278 1083 2299 opera
1104 2272 1156 2293 Ber-

307 2313 399 2341 nnrdi):
418 2313 488 2339 Novi,
507 2313 571 2340 quod
583 2312 613 2334 sis
631 2311 656 2341 [o
669 2311 727 2334 lione
739 2311 800 2340 lesu]
819 2312 875 2333 leuis
887 2314 981 2338 natura,
999 2310 1062 2333 vittis
1080 2310 1155 2333 111111-

308 2352 371 2374 mitis
389 2351 459 2374 corde
477 2351 564 2380 [Manli.
587 2352 625 2378 ll,
643 2351 703 2380 2951,
721 2350 820 2372 blandus
837 2354 944 2377 aspectu,
963 2353 984 2371 et
1002 2350 1096 2378 quidem
1118 2355 1156 2371 1ιο-

307 2394 358 2413 ctus
375 2390 424 2414 oleo
443 2390 544 2413 laetitiae
555 2396 616 2419 prae
632 2389 780 2413 consortibus
798 2389 843 2412 luis
862 2388 909 2418 [Ds.
927 2389 967 2416 41,
986 2389 1010 2417 8,
1029 2390 1068 2411 cfr.
1087 2388 1155 2410 llebr.

312 2431 329 2458 1,
347 2429 389 2459 9.].
407 2429 449 2458 Qui
468 2435 514 2451 non
532 2429 599 2451 sentit
616 2429 711 2451 odorem
731 2431 809 2454 tuum,
828 2428 926 2454 Christe,
944 2430 982 2449 aut
1003 2427 1102 2449 foetidus
1119 2429 1158 2449 aut

310 2472 414 2491 mortuus
436 2471 478 2491 est.
495 2480 526 2484 —
544 2468 638 2490 lnserius
655 2474 681 2490 ox
700 2468 714 2489 E
725 2468 766 2489 FG·
784 2467 946 2495 supplevimus
963 2466 1092 2489 dulcesce...
1106 2466 1158 2495 pin-

308 2514 398 2538 ytresce.

371 2547 380 2559 4
399 2547 468 2573 Eua,
486 2546 656 2574 refragantibus
673 2546 689 2568 C
700 2546 780 2572 EFG,
798 2548 984 2574 prosequuntur:
1003 2544 1026 2567 ἰη
1041 2544 1085 2567 hac
1103 2544 1157 2567 ritu.

309 2585 428 2609 Habemus
441 2587 463 2608 iu
478 2585 571 2608 Christo
583 2585 663 2608 omnia
677 2584 737 2607 bona
749 2587 791 2606 etc.
812 2584 906 2606 lnl'erius
924 2590 966 2612 pro
984 2583 1101 2606 attrahitis
1114 2584 1129 2605 B
1140 2584 1156 2605 G

309 2624 451 2647 miserabilis
469 2628 491 2647 et
508 2631 550 2652 pro
567 2623 710 2647 ¹milret-abilis
727 2624 745 2645 G
763 2622 910 2646 incurabilis.

372 2663 381 2675 ⁵
399 2664 529 2691 Respicitur
546 2664 582 2685 Ds.
600 2663 656 2689 113,
674 2663 696 2685 5.
716 2669 777 2691 seq.,
796 2662 833 2684 ubi
857 2662 886 2684 de
903 2662 1032 2684 simulacris
1054 2662 1157 2689 gentium

309 2703 408 2725 dieitur:
426 2703 509 2725 Oculos
526 2702 624 2730 liabent,
641 2705 663 2724 et
681 2708 725 2724 nou
739 2701 862 2729 ridebuntq
880 2707 948 2723 aures
965 2700 1062 2729 liabent,
1074 2704 1096 2723 et
1113 2707 1158 2722 non

310 2743 411 2765 audient.
428 2755 458 2758 —
476 2743 585 2770 Sequitur
602 2741 651 2764 lsai.
670 2741 694 2765 5.
713 2742 754 2769 20,
772 2740 812 2763 ubi
829 2741 882 2763 edd.
900 2743 978 2763 contra
997 2741 1120 2768 Vulgatam
1137 2743 1159 2762 et

310 2781 379 2804 CFG
398 2781 433 2804 bis
450 2782 558 2803 omittunt
576 2781 606 2803 in.

372 2820 381 2832 ‘⁵
399 2820 455 2843 Cod.
472 2821 489 2842 G
507 2820 590 2842 omittit
601 2819 681 2848 nobis,
700 2826 741 2848 pro
758 2826 805 2848 quo
822 2819 837 2841 C
848 2819 888 2841 EF
906 2818 1047 2841 substituunt
1065 2818 1111 2842 tibi.
1127 2818 1158 2840 ln-

312 2859 382 2880 101103
400 2862 451 2886 post
467 2858 515 2881 inst
530 2858 546 2881 C
565 2859 629 2880 addit
645 2857 720 2881 uobis.

375 2896 382 2909 ⁷
401 2898 482 2919 Psalm.
504 2898 557 2925 102,
580 2897 616 2919 142
636 2897 749 2925 Quoniam
769 2897 817 2924 ipse
839 2896 948 2924 coguovit
968 2896 1104 2924 figmentum
1122 2901 1160 2917 no-

312 2939 393 2958 strum.
405 2948 435 2952 --
448 2937 489 2958 Pro
507 2936 548 2965 qui
564 2936 629 2959 solus
648 2936 709 2959 nosti
727 2936 745 2957 G
763 2938 788 2958 {u
811 2935 877 2958 solus
898 2935 968 2958 nosti.
992 2935 1095 2957 Subinde
1117 2940 1159 2962 pro

311 2974 378 2997 salus
394 2976 414 2997 el
431 2974 558 3003 redemptio
577 2976 657 2997 nostra
677 2976 726 3001 (cfr.
738 2975 751 2996 l.
765 2974 816 2997 Cor.
833 2975 837 2996 1
849 2991 854 3001 ,
867 2974 914 3002 30.)
927 2974 943 2997 C
955 2973 1021 2997 solus
1038 2980 1061 2997 es
1073 2973 1161 2996 redem-

310 3013 359 3043 ptio
376 3015 466 3036 nostra.

1274 2112 1282 2125 s
1301 2114 1340 2135 101.
1359 2113 1383 2141 3,
1402 2114 1428 2134 2:
1440 2113 1501 2134 Leva
1518 2114 1597 2135 oculos
1609 2116 1661 2134 tuos
1678 2112 1699 2134 in
1712 2111 1825 2134 directum
1841 2115 1863 2134 et
1873 2112 1940 2140 vide,
1958 2111 1996 2134 ubi
2015 2117 2058 2134 non

1211 2155 1323 2180 prostrata
1341 2152 1381 2174 sis.
1404 2152 1445 2174 Ρ1ο
1463 2152 1485 2174 in
1504 2151 1620 2174 directum
1638 2152 1677 2178 (ita
1695 2152 1720 2180 E)
1738 2151 1792 2173 edd.
1810 2151 1834 2173 ἱη
1851 2150 1946 2174 attracto.

1274 2190 1284 2202 s'
1302 2192 1382 2213 psalm.
1405 2191 1457 2216 129,
1478 2191 1500 2212 t:
1520 2191 1551 2212 De
1570 2190 1689 2218 profundis
1707 2190 1804 2212 (10111011
1822 2190 1851 2212 ad
1864 2193 1896 2217 te,
1915 2190 2061 2212 Domine.—

1212 2230 1315 2253 subinde
1332 2230 1454 2257 respicitur
1477 2230 1526 2252 lsai.
1548 2230 1588 2256 59,
1611 2230 1633 2251 l:
1656 2230 1725 2256 Ecce,
1744 2236 1788 2251 0011
1812 2232 1846 2252 est
1863 2228 1998 2251 abbreviata
2016 2235 2060 2251 010-

1212 2276 1255 2291 11113
1274 2269 1377 2293 Domini.
1396 2272 1419 2291 ut
1437 2269 1526 2290 salvare
1544 2271 1655 2297 nequeat,
1673 2270 1712 2290 cfr.
1731 2268 1786 2290 ibid.
1804 2268 1846 2295 50,
1865 2269 1886 2290 2.

1276 2307 1295 2320 ¹0
1314 2308 1382 2330 llebr.
1403 2308 1436 2334 10,
1450 2308 1491 2334 35,
1504 2311 1556 2335 post
1567 2314 1637 2336 quem
1651 2307 1675 2334 st,
1693 2308 1730 2329 16:
1744 2308 1860 2330 Adeamus
1871 2313 1928 2335 ergo
1940 2313 1993 2329 cum
2006 2306 2060 2329 ndu-

1213 2348 1247 2370 cia
1265 2347 1293 2369 ad
1313 2349 1419 2369 111101111ιο
1438 2347 1533 2374 gratiae.
1546 2348 1572 2369 Et
1589 2347 1641 2369 dein
1656 2348 1669 2368 l.
1682 2347 1740 2369 Petr⁴
1759 2348 1778 2373 l,
1792 2347 1817 2368 9:
1830 2347 1979 2373 nepot-tames
1991 2346 2059 2368 finem

1213 2387 1267 2409 fidei
1285 2390 1386 2413 vestrae,
1406 2387 1503 2408 salutem
1526 2386 1663 2408 animarum.
1687 2386 1728 2407 Pro
1748 2385 1819 2415 finem
1843 2386 1885 2413 (ita
1909 2385 1984 2414 BEF)
2008 2384 2060 2407 edd.

1213 2426 1329 2455 fructum.

1278 2464 1295 2477 ¹¹
1314 2464 1384 2486 Hebr.
1403 2464 1428 2491 4,
1450 2465 1483 2486 ll.
1500 2477 1532 2480 —
1549 2464 1651 2486 Subinde
1669 2464 1790 2492 respicitur
1808 2463 1846 2486 lob
1864 2464 1890 2491 5,
1909 2463 1935 2485 9:
1949 2463 1993 2491 Qui
2010 2462 2062 2484 facit

1215 2510 1298 2531 magna
1311 2507 1333 2526 et
1345 2502 1501 2525 inscrutabilia
1513 2506 1535 2525 et
1547 2502 1657 2525 mirabilia
1676 2502 1765 2531 absque
1777 2509 1874 2525 numero
1888 2501 2060 2531 [Septuagintm

1215 2549 1320 2572 quorum
1336 2549 1383 2565 11011
1402 2544 1435 2565 est
1451 2542 1588 2570 numm-ast
1605 2555 1636 2557 —
1654 2542 1764 2569 Superius
1781 2548 1824 2569 pro
1836 2540 1902 2564 uobis
1920 2540 1978 2564 insit
1993 2541 2009 2562 G
2022 2545 2061 2563 no-

1216 2582 1249 2605 bis
1266 2581 1304 2605 sit.
1326 2582 1421 2604 luserius
1439 2587 1480 2609 pro
1497 2580 1652 2604 iucunditatis
1669 2582 1778 2603 aeternae
1795 2580 1836 2603 CF
1853 2579 1971 2610 felicitatis
1990 2579 2015 2608 [F
2032 2579 2061 2608 fe-

1214 2621 1334 2650 stit-[tatis]
1352 2627 1482 2650 supernae,
1499 2619 1632 2650 refectiones
1650 2620 1763 2643 internae.

1278 2659 1297 2672 ¹²
1316 2662 1356 2682 ler.
1373 2661 1414 2688 5¹,
1432 2661 1474 2688 50,
1492 2660 1532 2682 ubi
1550 2666 1592 2687 pro
1604 2661 1715 2682 nostrum
1727 2660 1823 2687 Vulgata
1839 2660 1952 2682 vestrum.
1964 2671 1994 2675 —
2006 2657 2062 2680 Sub-

1215 2700 1268 2722 inde
1285 2699 1407 2727 r'espIQitur
1424 2699 1471 2721 Gal.
1494 2699 1517 2726 4,
1535 2699 1577 2720 26:
1594 2699 1629 2720 llla
1647 2701 1723 2720 autem
1742 2704 1803 2726 quae
1819 2704 1910 2720 sursum
1928 2700 1962 2720 est
1979 2698 2061 2719 1011130-

1215 2739 1272 2765 lem,
1290 2738 1360 2760 libera
1386 2741 1431 2766 est,
1449 2744 1509 2766 quae
1534 2740 1567 2760 est
1585 2740 1657 2759 mater
1683 2740 1761 2759 nostra
1779 2738 1829 2764 (cfr.
1852 2743 1921 2764 supra
1947 2742 2001 2764 pag.
2018 2736 2059 2762 62,

1216 2781 1267 2800 nota
1286 2778 1330 2806 6.),
1348 2780 1370 2800 ct
1386 2778 1498 2805 allegatur
1515 2777 1550 2799 vs.
1567 2777 1611 2804 70,
1629 2777 1669 2798 lG:
1688 2776 1787 2798 introibo
1802 2776 1824 2798 in
1836 2776 1949 2804 potentias
1963 2774 2060 2798 Domini.

1280 2815 1299 2829 ¹⁹
1316 2817 1373 2839 Gen.
1388 2817 1425 2844 24,
1439 2816 1480 2838 27:
1494 2816 1628 2838 Benedictus
1642 2815 1751 2838 Dominus
1764 2815 1824 2837 Deus
1836 2814 1924 2837 domini
1936 2814 1980 2836 mei
1994 2813 2061 2836 Abra-

1217 2857 1283 2883 ham,
1301 2856 1341 2884 qui
1358 2862 1404 2877 non
1422 2855 1514 2877 abstulit
1532 2854 1712 2876 misericordiam
1729 2857 1751 2876 et
1767 2854 1887 2876 veritatem
1910 2859 1976 2875 suam
1994 2859 2006 2874 a
2022 2852 2061 2874 do-

1218 2896 1280 2917 mino
1299 2901 1358 2917 meo.
1377 2895 1419 2917 Pro
1437 2901 1451 2917 a
1473 2893 1539 2917 nobis
1557 2899 1603 2916 11011
1628 2892 1726 2916 abstulit
1746 2894 1765 2915 G
1785 2892 1851 2915 nobis
1869 2891 1959 2915 obtulit.
1976 2904 2007 2908 —-
2024 2891 2061 2913 Se-

1217 2935 1296 2962 quitur
1314 2935 1348 2956 Ps.
1367 2934 1424 2961 1118,
1442 2934 1484 2955 32:
1503 2933 1568 2955 Viam
1588 2932 1749 2954 mandatorum
1767 2934 1860 2954 tuorum
1878 2931 1977 2953 cucurri.

1281 2972 1300 2985 ¹⁴
1317 2973 1399 2994 psalm.
1421 2973 1475 2999 118,
1494 2972 1530 2994 20.
1543 2984 1573 2988 -
1585 2972 1697 2999 Superius
1714 2977 1756 2998 pro
1768 2970 1859 3000 yrcinde
1872 2971 1911 2998 (ita
1928 2970 1957 2998 E)
1975 2969 1993 2991 G
2005 2974 2062 2998 qra-

1219 3011 1262 3039 tia,
1281 3012 1333 3034 cdd.
1350 3011 1449 3041 ‚qratiam
