<?xml version="1.0" encoding="UTF-8"?>
<!DOCTYPE html PUBLIC "-//W3C//DTD XHTML 1.0 Transitional//EN"
    "http://www.w3.org/TR/xhtml1/DTD/xhtml1-transitional.dtd">
<html xmlns="http://www.w3.org/1999/xhtml" xml:lang="en" lang="en">
 <head>
  <title>
</title>
<meta http-equiv="Content-Type" content="text/html;charset=utf-8" />
  <meta name='ocr-system' content='tesseract 3.04.00' />
  <meta name='ocr-capabilities' content='ocr_page ocr_carea ocr_par ocr_line ocrx_word'/>
</head>
<body>
  <div class='ocr_page' id='page_1' title='image "./doctorisseraphic08bona_0778.png"; bbox 0 0 2133 3317; ppageno 0'>
   <div class='ocr_carea' id='block_1_1' title="bbox 132 1380 248 1399">
    <p class='ocr_par' dir='ltr' id='par_1_1' title="bbox 132 1380 248 1399">
     <span class='ocr_line' id='line_1_1' title="bbox 132 1380 248 1399; baseline 0 0"><span class='ocrx_word' id='word_1_1' title='bbox 132 1380 248 1399; x_wconf 78' lang='lat' dir='ltr'>Notandum.</span> 
     </span>
    </p>
   </div>
   <div class='ocr_carea' id='block_1_2' title="bbox 948 382 1355 419">
    <p class='ocr_par' dir='ltr' id='par_1_2' title="bbox 948 382 1355 419">
     <span class='ocr_line' id='line_1_2' title="bbox 948 382 1355 419; baseline 0 -1"><span class='ocrx_word' id='word_1_2' title='bbox 948 382 1259 419; x_wconf 80' lang='lat' dir='ltr'>OPUSOULUM</span> <span class='ocrx_word' id='word_1_3' title='bbox 1284 382 1355 418; x_wconf 90' lang='grc' dir='ltr'>ΠΙ.</span> 
     </span>
    </p>
   </div>
   <div class='ocr_carea' id='block_1_3' title="bbox 458 520 1847 578">
    <p class='ocr_par' dir='ltr' id='par_1_3' title="bbox 458 520 1847 578">
     <span class='ocr_line' id='line_1_3' title="bbox 458 520 1847 578; baseline -0.001 0"><span class='ocrx_word' id='word_1_4' title='bbox 458 521 758 578; x_wconf 73' lang='lat' dir='ltr'>SUMMA</span> <span class='ocrx_word' id='word_1_5' title='bbox 795 521 906 576; x_wconf 89' lang='lat' dir='ltr'>DE</span> <span class='ocrx_word' id='word_1_6' title='bbox 944 520 1366 578; x_wconf 74' lang='lat' dir='ltr'><strong>GRADIBUS</strong></span> <span class='ocrx_word' id='word_1_7' title='bbox 1404 522 1847 578; x_wconf 85' lang='lat' dir='ltr'>VIRTUTUM</span> 
     </span>
    </p>
   </div>
   <div class='ocr_carea' id='block_1_4' title="bbox 594 1163 796 1189">
    <p class='ocr_par' dir='ltr' id='par_1_4' title="bbox 594 1163 796 1189">
     <span class='ocr_line' id='line_1_4' title="bbox 594 1163 796 1189; baseline -0.005 0"><span class='ocrx_word' id='word_1_8' title='bbox 594 1163 764 1189; x_wconf 83' lang='lat' dir='ltr'>PROLOGUS</span> <span class='ocrx_word' id='word_1_9' title='bbox 780 1163 796 1188; x_wconf 95' lang='lat'>¹.</span> 
     </span>
    </p>
   </div>
   <div class='ocr_carea' id='block_1_5' title="bbox 266 1249 1122 1976">
    <p class='ocr_par' dir='ltr' id='par_1_5' title="bbox 266 1249 1122 1976">
     <span class='ocr_line' id='line_1_5' title="bbox 339 1249 1121 1281; baseline -0.001 -5"><span class='ocrx_word' id='word_1_10' title='bbox 339 1251 363 1276; x_wconf 87' lang='lat'>1.</span> <span class='ocrx_word' id='word_1_11' title='bbox 384 1251 503 1276; x_wconf 73' lang='lat' dir='ltr'>Acceclite</span> <span class='ocrx_word' id='word_1_12' title='bbox 522 1251 557 1276; x_wconf 77' lang='lat' dir='ltr'>acl</span> <span class='ocrx_word' id='word_1_13' title='bbox 575 1251 719 1276; x_wconf 76' lang='lat' dir='ltr'>Dominum</span> <span class='ocrx_word' id='word_1_14' title='bbox 739 1252 762 1275; x_wconf 76' lang='lat' dir='ltr'>et</span> <span class='ocrx_word' id='word_1_15' title='bbox 781 1250 981 1281; x_wconf 73' lang='lat' dir='ltr'><em>illuminamini,</em></span> <span class='ocrx_word' id='word_1_16' title='bbox 1001 1252 1024 1275; x_wconf 73' lang='lat' dir='ltr'>et</span> <span class='ocrx_word' id='word_1_17' title='bbox 1041 1249 1121 1280; x_wconf 67' lang='lat' dir='ltr'>facies</span> 
     </span>
     <span class='ocr_line' id='line_1_6' title="bbox 266 1293 1121 1326; baseline -0.004 -5"><span class='ocrx_word' id='word_1_18' title='bbox 266 1297 364 1321; x_wconf 72' lang='lat' dir='ltr'>vestrae</span> <span class='ocrx_word' id='word_1_19' title='bbox 382 1303 435 1320; x_wconf 61' lang='lat' dir='ltr'>ozon</span> <span class='ocrx_word' id='word_1_20' title='bbox 455 1294 659 1326; x_wconf 67' lang='lat' dir='ltr'>eonfzmclelztzrr,</span> <span class='ocrx_word' id='word_1_21' title='bbox 679 1294 797 1319; x_wconf 84' lang='lat' dir='ltr'>Psalmus</span> <span class='ocrx_word' id='word_1_22' title='bbox 810 1293 827 1318; x_wconf 75' lang='lat'>².</span> <span class='ocrx_word' id='word_1_23' title='bbox 848 1294 893 1319; x_wconf 88' lang='lat' dir='ltr'>Ius</span> <span class='ocrx_word' id='word_1_24' title='bbox 911 1294 1019 1319; x_wconf 87' lang='lat' dir='ltr'>hominis</span> <span class='ocrx_word' id='word_1_25' title='bbox 1038 1294 1076 1319; x_wconf 87' lang='lat' dir='ltr'>est</span> <span class='ocrx_word' id='word_1_26' title='bbox 1089 1294 1121 1319; x_wconf 84' lang='lat' dir='ltr'>ad</span> 
     </span>
     <span class='ocr_line' id='line_1_7' title="bbox 268 1337 1120 1369; baseline -0.002 -6"><span class='ocrx_word' id='word_1_27' title='bbox 268 1339 347 1364; x_wconf 88' lang='lat' dir='ltr'>Deum</span> <span class='ocrx_word' id='word_1_28' title='bbox 366 1338 493 1368; x_wconf 83' lang='lat' dir='ltr'>accedere;</span> <span class='ocrx_word' id='word_1_29' title='bbox 513 1339 552 1363; x_wconf 88' lang='lat' dir='ltr'>ius</span> <span class='ocrx_word' id='word_1_30' title='bbox 573 1338 632 1367; x_wconf 88' lang='lat' dir='ltr'>Dei,</span> <span class='ocrx_word' id='word_1_31' title='bbox 651 1338 806 1363; x_wconf 73' lang='lat' dir='ltr'>accedentem</span> <span class='ocrx_word' id='word_1_32' title='bbox 823 1337 854 1362; x_wconf 85' lang='lat' dir='ltr'>ad</span> <span class='ocrx_word' id='word_1_33' title='bbox 867 1338 950 1369; x_wconf 87' lang='lat' dir='ltr'>ipsum</span> <span class='ocrx_word' id='word_1_34' title='bbox 970 1338 1120 1362; x_wconf 83' lang='lat' dir='ltr'>illuminare.</span> 
     </span>
     <span class='ocr_line' id='line_1_8' title="bbox 268 1380 1120 1413; baseline -0.002 -6"><span class='ocrx_word' id='word_1_35' title='bbox 268 1382 308 1407; x_wconf 80' lang='lat' dir='ltr'>Ad</span> <span class='ocrx_word' id='word_1_36' title='bbox 321 1382 400 1407; x_wconf 89' lang='lat' dir='ltr'>Deum</span> <span class='ocrx_word' id='word_1_37' title='bbox 420 1381 588 1413; x_wconf 70' lang='lat' dir='ltr'>spiritualiter</span> <span class='ocrx_word' id='word_1_38' title='bbox 601 1380 695 1406; x_wconf 84' lang='lat' dir='ltr'>accedit</span> <span class='ocrx_word' id='word_1_39' title='bbox 708 1381 751 1412; x_wconf 88' lang='lat' dir='ltr'>qui</span> <span class='ocrx_word' id='word_1_40' title='bbox 767 1380 910 1405; x_wconf 84' lang='lat' dir='ltr'>affectiones</span> <span class='ocrx_word' id='word_1_41' title='bbox 924 1388 982 1405; x_wconf 88' lang='lat' dir='ltr'>suas</span> <span class='ocrx_word' id='word_1_42' title='bbox 996 1380 1027 1405; x_wconf 84' lang='lat' dir='ltr'>ad</span> <span class='ocrx_word' id='word_1_43' title='bbox 1041 1380 1120 1405; x_wconf 89' lang='lat' dir='ltr'>Deum</span> 
     </span>
     <span class='ocr_line' id='line_1_9' title="bbox 268 1423 1120 1457; baseline -0.002 -7"><span class='ocrx_word' id='word_1_44' title='bbox 268 1425 368 1457; x_wconf 79' lang='lat' dir='ltr'>dirigit,</span> <span class='ocrx_word' id='word_1_45' title='bbox 388 1426 430 1457; x_wconf 89' lang='lat' dir='ltr'>qui</span> <span class='ocrx_word' id='word_1_46' title='bbox 450 1425 537 1456; x_wconf 86' lang='lat' dir='ltr'>sperat</span> <span class='ocrx_word' id='word_1_47' title='bbox 561 1425 607 1450; x_wconf 88' lang='lat' dir='ltr'>Dei</span> <span class='ocrx_word' id='word_1_48' title='bbox 631 1424 743 1454; x_wconf 81' lang='lat' dir='ltr'>laudem,</span> <span class='ocrx_word' id='word_1_49' title='bbox 764 1425 806 1455; x_wconf 90' lang='lat' dir='ltr'>qui</span> <span class='ocrx_word' id='word_1_50' title='bbox 830 1424 902 1449; x_wconf 86' lang='lat' dir='ltr'>timet</span> <span class='ocrx_word' id='word_1_51' title='bbox 927 1424 973 1448; x_wconf 93' lang='lat' dir='ltr'>Dei</span> <span class='ocrx_word' id='word_1_52' title='bbox 997 1423 1120 1449; x_wconf 86' lang='lat' dir='ltr'>contume-</span> 
     </span>
     <span class='ocr_line' id='line_1_10' title="bbox 267 1467 1120 1501; baseline -0.004 -7"><span class='ocrx_word' id='word_1_53' title='bbox 267 1469 343 1501; x_wconf 80' lang='lat' dir='ltr'>liam,</span> <span class='ocrx_word' id='word_1_54' title='bbox 362 1469 404 1500; x_wconf 91' lang='lat' dir='ltr'>qui</span> <span class='ocrx_word' id='word_1_55' title='bbox 423 1469 534 1494; x_wconf 86' lang='lat' dir='ltr'>laetatur</span> <span class='ocrx_word' id='word_1_56' title='bbox 562 1469 591 1493; x_wconf 86' lang='lat' dir='ltr'>de</span> <span class='ocrx_word' id='word_1_57' title='bbox 611 1468 737 1498; x_wconf 78' lang='lat' dir='ltr'>omnibUS,</span> <span class='ocrx_word' id='word_1_58' title='bbox 767 1475 830 1499; x_wconf 87' lang='lat' dir='ltr'>quae</span> <span class='ocrx_word' id='word_1_59' title='bbox 858 1467 909 1492; x_wconf 92' lang='lat' dir='ltr'>Deo</span> <span class='ocrx_word' id='word_1_60' title='bbox 938 1467 1052 1498; x_wconf 82' lang='lat' dir='ltr'>placent,</span> <span class='ocrx_word' id='word_1_61' title='bbox 1079 1467 1120 1498; x_wconf 87' lang='lat' dir='ltr'>qui</span> 
     </span>
     <span class='ocr_line' id='line_1_11' title="bbox 268 1511 1121 1543; baseline -0.002 -6"><span class='ocrx_word' id='word_1_62' title='bbox 268 1512 388 1537; x_wconf 71' lang='lat' dir='ltr'>tristatur</span> <span class='ocrx_word' id='word_1_63' title='bbox 407 1512 436 1537; x_wconf 87' lang='lat' dir='ltr'>de</span> <span class='ocrx_word' id='word_1_64' title='bbox 456 1512 584 1540; x_wconf 84' lang='lat' dir='ltr'>omnibus,</span> <span class='ocrx_word' id='word_1_65' title='bbox 604 1519 667 1543; x_wconf 86' lang='lat' dir='ltr'>quae</span> <span class='ocrx_word' id='word_1_66' title='bbox 686 1512 737 1537; x_wconf 89' lang='lat' dir='ltr'>Deo</span> <span class='ocrx_word' id='word_1_67' title='bbox 750 1511 897 1542; x_wconf 73' lang='lat' dir='ltr'>displicent,</span> <span class='ocrx_word' id='word_1_68' title='bbox 917 1511 959 1542; x_wconf 92' lang='lat' dir='ltr'>qui</span> <span class='ocrx_word' id='word_1_69' title='bbox 977 1511 1060 1542; x_wconf 80' lang='lat' dir='ltr'>diligit</span> <span class='ocrx_word' id='word_1_70' title='bbox 1073 1511 1121 1535; x_wconf 80' lang='lat' dir='ltr'>vir-</span> 
     </span>
     <span class='ocr_line' id='line_1_12' title="bbox 268 1553 1121 1587; baseline -0.004 -6"><span class='ocrx_word' id='word_1_71' title='bbox 268 1555 336 1581; x_wconf 81' lang='lat' dir='ltr'>tutes</span> <span class='ocrx_word' id='word_1_72' title='bbox 364 1556 389 1580; x_wconf 87' lang='lat' dir='ltr'>et</span> <span class='ocrx_word' id='word_1_73' title='bbox 408 1563 483 1587; x_wconf 84' lang='lat' dir='ltr'>opera</span> <span class='ocrx_word' id='word_1_74' title='bbox 511 1555 649 1584; x_wconf 84' lang='lat' dir='ltr'>virtutum,</span> <span class='ocrx_word' id='word_1_75' title='bbox 678 1555 720 1586; x_wconf 85' lang='lat' dir='ltr'>qui</span> <span class='ocrx_word' id='word_1_76' title='bbox 746 1554 798 1579; x_wconf 85' lang='lat' dir='ltr'>odit</span> <span class='ocrx_word' id='word_1_77' title='bbox 816 1554 878 1579; x_wconf 81' lang='lat' dir='ltr'>vitia</span> <span class='ocrx_word' id='word_1_78' title='bbox 903 1554 928 1579; x_wconf 86' lang='lat' dir='ltr'>et</span> <span class='ocrx_word' id='word_1_79' title='bbox 947 1561 1023 1585; x_wconf 86' lang='lat' dir='ltr'>opera</span> <span class='ocrx_word' id='word_1_80' title='bbox 1048 1553 1121 1578; x_wconf 88' lang='lat' dir='ltr'>vitio-</span> 
     </span>
     <span class='ocr_line' id='line_1_13' title="bbox 267 1597 1121 1636; baseline -0.004 -12"><span class='ocrx_word' id='word_1_81' title='bbox 267 1606 336 1629; x_wconf 85' lang='lat' dir='ltr'>rum,</span> <span class='ocrx_word' id='word_1_82' title='bbox 356 1600 398 1631; x_wconf 90' lang='lat' dir='ltr'>qui</span> <span class='ocrx_word' id='word_1_83' title='bbox 417 1598 540 1636; x_wconf 77' lang='lat' dir='ltr'>erubescit</span> <span class='ocrx_word' id='word_1_84' title='bbox 558 1599 644 1630; x_wconf 88' lang='lat' dir='ltr'>iniqua</span> <span class='ocrx_word' id='word_1_85' title='bbox 663 1598 688 1623; x_wconf 90' lang='lat' dir='ltr'>et</span> <span class='ocrx_word' id='word_1_86' title='bbox 701 1605 777 1629; x_wconf 85' lang='lat' dir='ltr'>opera</span> <span class='ocrx_word' id='word_1_87' title='bbox 794 1597 957 1629; x_wconf 81' lang='lat' dir='ltr'>iniquitatum</span> <span class='ocrx_word' id='word_1_88' title='bbox 974 1597 999 1622; x_wconf 94' lang='lat' dir='ltr'>et</span> <span class='ocrx_word' id='word_1_89' title='bbox 1018 1597 1121 1622; x_wconf 86' lang='lat' dir='ltr'>occasio-</span> 
     </span>
     <span class='ocr_line' id='line_1_14' title="bbox 267 1639 1121 1674; baseline -0.002 -7"><span class='ocrx_word' id='word_1_90' title='bbox 267 1650 311 1667; x_wconf 86' lang='lat' dir='ltr'>nes</span> <span class='ocrx_word' id='word_1_91' title='bbox 330 1642 500 1674; x_wconf 79' lang='lat' dir='ltr'>iniquitatum.</span> <span class='ocrx_word' id='word_1_92' title='bbox 520 1642 600 1672; x_wconf 88' lang='lat' dir='ltr'>Deus,</span> <span class='ocrx_word' id='word_1_93' title='bbox 616 1642 660 1666; x_wconf 65' lang='lat' dir='ltr'>lum</span> <span class='ocrx_word' id='word_1_94' title='bbox 672 1649 732 1666; x_wconf 77' lang='lat' dir='ltr'>vera</span> <span class='ocrx_word' id='word_1_95' title='bbox 746 1641 879 1666; x_wconf 54' lang='lat' dir='ltr'>illuminat</span> <span class='ocrx_word' id='word_1_96' title='bbox 892 1639 901 1652; x_wconf 74' lang='lat'>⁸</span> <span class='ocrx_word' id='word_1_97' title='bbox 920 1640 1076 1666; x_wconf 78' lang='lat' dir='ltr'>accedentem</span> <span class='ocrx_word' id='word_1_98' title='bbox 1090 1640 1121 1665; x_wconf 86' lang='lat' dir='ltr'>ad</span> 
     </span>
     <span class='ocr_line' id='line_1_15' title="bbox 267 1684 1121 1718; baseline -0.004 -7"><span class='ocrx_word' id='word_1_99' title='bbox 267 1686 464 1718; x_wconf 81' lang='lat' dir='ltr'>cognoscendum</span> <span class='ocrx_word' id='word_1_100' title='bbox 484 1685 592 1710; x_wconf 84' lang='lat' dir='ltr'>virtutes</span> <span class='ocrx_word' id='word_1_101' title='bbox 606 1685 631 1710; x_wconf 85' lang='lat' dir='ltr'>et</span> <span class='ocrx_word' id='word_1_102' title='bbox 649 1684 744 1716; x_wconf 81' lang='lat' dir='ltr'>gradus</span> <span class='ocrx_word' id='word_1_103' title='bbox 758 1684 881 1709; x_wconf 88' lang='lat' dir='ltr'>virtutum</span> <span class='ocrx_word' id='word_1_104' title='bbox 891 1703 897 1714; x_wconf 80' lang='lat'>,</span> <span class='ocrx_word' id='word_1_105' title='bbox 917 1691 980 1715; x_wconf 89' lang='lat' dir='ltr'>quae</span> <span class='ocrx_word' id='word_1_106' title='bbox 999 1684 1060 1708; x_wconf 87' lang='lat' dir='ltr'>sunt</span> <span class='ocrx_word' id='word_1_107' title='bbox 1072 1691 1121 1709; x_wconf 89' lang='lat' dir='ltr'>cer-</span> 
     </span>
     <span class='ocr_line' id='line_1_16' title="bbox 268 1727 1121 1760; baseline -0.002 -6"><span class='ocrx_word' id='word_1_108' title='bbox 268 1730 366 1754; x_wconf 74' lang='lat' dir='ltr'>tissima</span> <span class='ocrx_word' id='word_1_109' title='bbox 385 1730 425 1754; x_wconf 83' lang='lat' dir='ltr'>via</span> <span class='ocrx_word' id='word_1_110' title='bbox 453 1729 484 1754; x_wconf 85' lang='lat' dir='ltr'>ad</span> <span class='ocrx_word' id='word_1_111' title='bbox 504 1736 609 1760; x_wconf 81' lang='lat' dir='ltr'>regnum</span> <span class='ocrx_word' id='word_1_112' title='bbox 637 1728 769 1753; x_wconf 83' lang='lat' dir='ltr'>caelorum.</span> <span class='ocrx_word' id='word_1_113' title='bbox 790 1728 814 1752; x_wconf 83' lang='lat' dir='ltr'>Si</span> <span class='ocrx_word' id='word_1_114' title='bbox 833 1728 924 1759; x_wconf 85' lang='lat' dir='ltr'>aliquis</span> <span class='ocrx_word' id='word_1_115' title='bbox 953 1727 1121 1753; x_wconf 83' lang='lat' dir='ltr'>calumniatur</span> 
     </span>
     <span class='ocr_line' id='line_1_17' title="bbox 267 1771 1121 1804; baseline -0.002 -7"><span class='ocrx_word' id='word_1_116' title='bbox 267 1772 376 1804; x_wconf 78' lang='lat' dir='ltr'>gradus,</span> <span class='ocrx_word' id='word_1_117' title='bbox 396 1773 438 1804; x_wconf 89' lang='lat' dir='ltr'>qui</span> <span class='ocrx_word' id='word_1_118' title='bbox 467 1772 609 1803; x_wconf 86' lang='lat' dir='ltr'>ponuntur,</span> <span class='ocrx_word' id='word_1_119' title='bbox 637 1772 662 1796; x_wconf 86' lang='lat' dir='ltr'>et</span> <span class='ocrx_word' id='word_1_120' title='bbox 685 1771 732 1796; x_wconf 88' lang='lat' dir='ltr'>seit</span> <span class='ocrx_word' id='word_1_121' title='bbox 761 1771 874 1796; x_wconf 84' lang='lat' dir='ltr'>meliores</span> <span class='ocrx_word' id='word_1_122' title='bbox 893 1771 987 1802; x_wconf 82' lang='lat' dir='ltr'>gradus</span> <span class='ocrx_word' id='word_1_123' title='bbox 1016 1778 1121 1802; x_wconf 83' lang='lat' dir='ltr'>ponere,</span> 
     </span>
     <span class='ocr_line' id='line_1_18' title="bbox 268 1814 1121 1847; baseline -0.004 -6"><span class='ocrx_word' id='word_1_124' title='bbox 268 1823 342 1847; x_wconf 82' lang='lat' dir='ltr'>quam</span> <span class='ocrx_word' id='word_1_125' title='bbox 361 1816 401 1840; x_wconf 92' lang='lat' dir='ltr'>hic</span> <span class='ocrx_word' id='word_1_126' title='bbox 421 1815 560 1847; x_wconf 86' lang='lat' dir='ltr'>ponuntur,</span> <span class='ocrx_word' id='word_1_127' title='bbox 580 1822 630 1840; x_wconf 90' lang='lat' dir='ltr'>non</span> <span class='ocrx_word' id='word_1_128' title='bbox 650 1815 688 1839; x_wconf 87' lang='lat' dir='ltr'>est</span> <span class='ocrx_word' id='word_1_129' title='bbox 707 1814 795 1840; x_wconf 85' lang='lat' dir='ltr'>contra</span> <span class='ocrx_word' id='word_1_130' title='bbox 814 1822 863 1844; x_wconf 88' lang='lat' dir='ltr'>me,</span> <span class='ocrx_word' id='word_1_131' title='bbox 889 1821 934 1839; x_wconf 86' lang='lat' dir='ltr'>nec</span> <span class='ocrx_word' id='word_1_132' title='bbox 953 1814 1057 1845; x_wconf 86' lang='lat' dir='ltr'>propter</span> <span class='ocrx_word' id='word_1_133' title='bbox 1075 1814 1121 1839; x_wconf 87' lang='lat' dir='ltr'>hoe</span> 
     </span>
     <span class='ocr_line' id='line_1_19' title="bbox 268 1858 1122 1890; baseline -0.004 -5"><span class='ocrx_word' id='word_1_134' title='bbox 268 1860 323 1885; x_wconf 82' lang='lat' dir='ltr'>volo</span> <span class='ocrx_word' id='word_1_135' title='bbox 342 1859 413 1884; x_wconf 84' lang='lat' dir='ltr'>litem</span> <span class='ocrx_word' id='word_1_136' title='bbox 433 1859 524 1884; x_wconf 87' lang='lat' dir='ltr'>subire.</span> <span class='ocrx_word' id='word_1_137' title='bbox 543 1859 577 1883; x_wconf 83' lang='lat' dir='ltr'>Et</span> <span class='ocrx_word' id='word_1_138' title='bbox 596 1858 736 1888; x_wconf 85' lang='lat' dir='ltr'>sciendum,</span> <span class='ocrx_word' id='word_1_139' title='bbox 756 1858 821 1890; x_wconf 87' lang='lat' dir='ltr'>quod</span> <span class='ocrx_word' id='word_1_140' title='bbox 839 1858 933 1890; x_wconf 84' lang='lat' dir='ltr'>gradus</span> <span class='ocrx_word' id='word_1_141' title='bbox 952 1858 978 1882; x_wconf 90' lang='lat' dir='ltr'>in</span> <span class='ocrx_word' id='word_1_142' title='bbox 997 1858 1122 1889; x_wconf 87' lang='lat' dir='ltr'>plerisque</span> 
     </span>
     <span class='ocr_line' id='line_1_20' title="bbox 268 1900 1122 1932; baseline -0.002 -5"><span class='ocrx_word' id='word_1_143' title='bbox 268 1902 416 1927; x_wconf 84' lang='lat' dir='ltr'>ordinantur</span> <span class='ocrx_word' id='word_1_144' title='bbox 429 1902 562 1927; x_wconf 82' lang='lat' dir='ltr'>secundum</span> <span class='ocrx_word' id='word_1_145' title='bbox 577 1901 721 1931; x_wconf 83' lang='lat' dir='ltr'>raritatem,</span> <span class='ocrx_word' id='word_1_146' title='bbox 734 1901 774 1925; x_wconf 88' lang='lat' dir='ltr'>vel</span> <span class='ocrx_word' id='word_1_147' title='bbox 787 1900 921 1925; x_wconf 85' lang='lat' dir='ltr'>secundum</span> <span class='ocrx_word' id='word_1_148' title='bbox 935 1900 1122 1932; x_wconf 79' lang='lat' dir='ltr'>perfectionem,</span> 
     </span>
     <span class='ocr_line' id='line_1_21' title="bbox 269 1942 869 1976; baseline -0.003 -6"><span class='ocrx_word' id='word_1_149' title='bbox 269 1946 353 1970; x_wconf 88' lang='lat' dir='ltr'>tamen</span> <span class='ocrx_word' id='word_1_150' title='bbox 372 1945 477 1970; x_wconf 84' lang='lat' dir='ltr'>diversis</span> <span class='ocrx_word' id='word_1_151' title='bbox 498 1944 651 1976; x_wconf 81' lang='lat' dir='ltr'>respectibus</span> <span class='ocrx_word' id='word_1_152' title='bbox 671 1952 696 1969; x_wconf 88' lang='lat' dir='ltr'>se</span> <span class='ocrx_word' id='word_1_153' title='bbox 716 1944 837 1969; x_wconf 84' lang='lat' dir='ltr'>excedunt</span> <span class='ocrx_word' id='word_1_154' title='bbox 851 1942 869 1968; x_wconf 72' lang='lat'>⁴.</span> 
     </span>
    </p>
   </div>
   <div class='ocr_carea' id='block_1_6' title="bbox 1147 1162 1152 1928">
    <p class='ocr_par' dir='ltr' id='par_1_6' title="bbox 1147 1162 1152 1928">
     <span class='ocr_line' id='line_1_22' title="bbox 1147 1162 1152 1928; baseline 0 0"><span class='ocrx_word' id='word_1_155' title='bbox 1147 1162 1152 1928; x_wconf 95' lang='lat' dir='ltr'> </span> 
     </span>
    </p>
   </div>
   <div class='ocr_carea' id='block_1_7' title="bbox 1466 1163 1744 1277">
    <p class='ocr_par' dir='ltr' id='par_1_7' title="bbox 1466 1163 1744 1277">
     <span class='ocr_line' id='line_1_23' title="bbox 1508 1163 1697 1190; baseline 0.011 -2"><span class='ocrx_word' id='word_1_156' title='bbox 1508 1163 1656 1189; x_wconf 59' lang='lat' dir='ltr'>Carlrumnu</span> <span class='ocrx_word' id='word_1_157' title='bbox 1674 1164 1697 1190; x_wconf 91' lang='lat' dir='ltr'>I.</span> 
     </span>
     <span class='ocr_line' id='line_1_24' title="bbox 1466 1249 1744 1277; baseline 0.004 -2"><span class='ocrx_word' id='word_1_158' title='bbox 1466 1249 1572 1276; x_wconf 74' lang='lat' dir='ltr'>Gradus</span> <span class='ocrx_word' id='word_1_159' title='bbox 1592 1251 1712 1277; x_wconf 71' lang='lat' dir='ltr'>caritatis</span> <span class='ocrx_word' id='word_1_160' title='bbox 1726 1251 1744 1276; x_wconf 76' lang='lat'>⁵.</span> 
     </span>
    </p>
   </div>
   <div class='ocr_carea' id='block_1_8' title="bbox 1177 1336 2031 1976">
    <p class='ocr_par' dir='ltr' id='par_1_8' title="bbox 1177 1336 2031 1976">
     <span class='ocr_line' id='line_1_25' title="bbox 1249 1336 2030 1370; baseline 0.004 -9"><span class='ocrx_word' id='word_1_161' title='bbox 1249 1336 1361 1361; x_wconf 84' lang='lat' dir='ltr'>Primum</span> <span class='ocrx_word' id='word_1_162' title='bbox 1391 1337 1475 1361; x_wconf 88' lang='lat' dir='ltr'>autem</span> <span class='ocrx_word' id='word_1_163' title='bbox 1503 1337 1640 1362; x_wconf 84' lang='lat' dir='ltr'>notandum</span> <span class='ocrx_word' id='word_1_164' title='bbox 1669 1338 1707 1362; x_wconf 85' lang='lat' dir='ltr'>est</span> <span class='ocrx_word' id='word_1_165' title='bbox 1737 1338 1765 1363; x_wconf 89' lang='lat' dir='ltr'>de</span> <span class='ocrx_word' id='word_1_166' title='bbox 1793 1339 1913 1370; x_wconf 80' lang='lat' dir='ltr'>gradibus</span> <span class='ocrx_word' id='word_1_167' title='bbox 1942 1339 2030 1364; x_wconf 79' lang='lat' dir='ltr'>carita-</span> 
     </span>
     <span class='ocr_line' id='line_1_26' title="bbox 1178 1380 2030 1412; baseline 0.006 -8"><span class='ocrx_word' id='word_1_168' title='bbox 1178 1380 1220 1405; x_wconf 87' lang='lat' dir='ltr'>tis.</span> <span class='ocrx_word' id='word_1_169' title='bbox 1241 1380 1307 1405; x_wconf 85' lang='lat' dir='ltr'>Nam</span> <span class='ocrx_word' id='word_1_170' title='bbox 1326 1380 1386 1405; x_wconf 87' lang='lat' dir='ltr'>dicit</span> <span class='ocrx_word' id='word_1_171' title='bbox 1405 1388 1498 1412; x_wconf 85' lang='lat' dir='ltr'>sponsa</span> <span class='ocrx_word' id='word_1_172' title='bbox 1516 1381 1542 1405; x_wconf 90' lang='lat' dir='ltr'>in</span> <span class='ocrx_word' id='word_1_173' title='bbox 1563 1381 1673 1406; x_wconf 84' lang='lat' dir='ltr'>Canticis</span> <span class='ocrx_word' id='word_1_174' title='bbox 1687 1380 1708 1406; x_wconf 75' lang='lat'>6:</span> <span class='ocrx_word' id='word_1_175' title='bbox 1732 1381 1872 1407; x_wconf 68' lang='lat' dir='ltr'>Orclmcwtt</span> <span class='ocrx_word' id='word_1_176' title='bbox 1889 1383 1918 1408; x_wconf 69' lang='lat' dir='ltr'>in</span> <span class='ocrx_word' id='word_1_177' title='bbox 1936 1391 1975 1408; x_wconf 76' lang='lat' dir='ltr'>me</span> <span class='ocrx_word' id='word_1_178' title='bbox 1992 1390 2030 1409; x_wconf 76' lang='lat' dir='ltr'>ca-</span> 
     </span>
     <span class='ocr_line' id='line_1_27' title="bbox 1178 1423 2030 1457; baseline 0.005 -9"><span class='ocrx_word' id='word_1_179' title='bbox 1178 1423 1289 1448; x_wconf 70' lang='lat' dir='ltr'>ritatem.</span> <span class='ocrx_word' id='word_1_180' title='bbox 1309 1424 1416 1449; x_wconf 86' lang='lat' dir='ltr'>Infimus</span> <span class='ocrx_word' id='word_1_181' title='bbox 1435 1424 1530 1456; x_wconf 82' lang='lat' dir='ltr'>gradus</span> <span class='ocrx_word' id='word_1_182' title='bbox 1549 1424 1664 1449; x_wconf 87' lang='lat' dir='ltr'>caritatis</span> <span class='ocrx_word' id='word_1_183' title='bbox 1687 1425 1725 1450; x_wconf 88' lang='lat' dir='ltr'>est</span> <span class='ocrx_word' id='word_1_184' title='bbox 1748 1425 1850 1457; x_wconf 85' lang='lat' dir='ltr'>diligere</span> <span class='ocrx_word' id='word_1_185' title='bbox 1869 1427 1989 1457; x_wconf 84' lang='lat' dir='ltr'>amicum,</span> <span class='ocrx_word' id='word_1_186' title='bbox 2015 1435 2030 1452; x_wconf 83' lang='lat' dir='ltr'>a</span> 
     </span>
     <span class='ocr_line' id='line_1_28' title="bbox 1178 1466 2030 1498; baseline 0.005 -7"><span class='ocrx_word' id='word_1_187' title='bbox 1178 1474 1226 1498; x_wconf 89' lang='lat' dir='ltr'>quo</span> <span class='ocrx_word' id='word_1_188' title='bbox 1244 1466 1317 1492; x_wconf 90' lang='lat' dir='ltr'>homo</span> <span class='ocrx_word' id='word_1_189' title='bbox 1337 1467 1463 1498; x_wconf 78' lang='lat' dir='ltr'>diligitur,</span> <span class='ocrx_word' id='word_1_190' title='bbox 1483 1467 1636 1497; x_wconf 86' lang='lat' dir='ltr'>honoratur,</span> <span class='ocrx_word' id='word_1_191' title='bbox 1656 1467 1755 1493; x_wconf 85' lang='lat' dir='ltr'>fovetur</span> <span class='ocrx_word' id='word_1_192' title='bbox 1774 1468 1799 1493; x_wconf 95' lang='lat' dir='ltr'>et</span> <span class='ocrx_word' id='word_1_193' title='bbox 1812 1469 1838 1493; x_wconf 89' lang='lat' dir='ltr'>in</span> <span class='ocrx_word' id='word_1_194' title='bbox 1857 1469 1972 1495; x_wconf 86' lang='lat' dir='ltr'>omnibus</span> <span class='ocrx_word' id='word_1_195' title='bbox 1990 1470 2030 1495; x_wconf 84' lang='lat' dir='ltr'>ad-</span> 
     </span>
     <span class='ocr_line' id='line_1_29' title="bbox 1178 1510 2030 1542; baseline 0.005 -8"><span class='ocrx_word' id='word_1_196' title='bbox 1178 1510 1293 1540; x_wconf 76' lang='lat' dir='ltr'>iuvatur3</span> <span class='ocrx_word' id='word_1_197' title='bbox 1314 1511 1355 1542; x_wconf 89' lang='lat' dir='ltr'>qui</span> <span class='ocrx_word' id='word_1_198' title='bbox 1377 1510 1423 1535; x_wconf 84' lang='lat' dir='ltr'>hoc</span> <span class='ocrx_word' id='word_1_199' title='bbox 1441 1518 1491 1535; x_wconf 88' lang='lat' dir='ltr'>non</span> <span class='ocrx_word' id='word_1_200' title='bbox 1510 1510 1570 1535; x_wconf 86' lang='lat' dir='ltr'>facit</span> <span class='ocrx_word' id='word_1_201' title='bbox 1588 1511 1676 1536; x_wconf 89' lang='lat' dir='ltr'>contra</span> <span class='ocrx_word' id='word_1_202' title='bbox 1694 1511 1811 1536; x_wconf 86' lang='lat' dir='ltr'>naturam</span> <span class='ocrx_word' id='word_1_203' title='bbox 1835 1512 1939 1537; x_wconf 84' lang='lat' dir='ltr'>nititur:</span> <span class='ocrx_word' id='word_1_204' title='bbox 1964 1522 1976 1535; x_wconf 81' lang='lat'>«</span> <span class='ocrx_word' id='word_1_205' title='bbox 1990 1513 2030 1538; x_wconf 91' lang='lat' dir='ltr'>Di-</span> 
     </span>
     <span class='ocr_line' id='line_1_30' title="bbox 1177 1554 2029 1588; baseline 0.004 -10"><span class='ocrx_word' id='word_1_206' title='bbox 1177 1554 1254 1585; x_wconf 79' lang='lat' dir='ltr'>ligere</span> <span class='ocrx_word' id='word_1_207' title='bbox 1267 1554 1332 1578; x_wconf 89' lang='lat' dir='ltr'>enim</span> <span class='ocrx_word' id='word_1_208' title='bbox 1351 1554 1457 1578; x_wconf 88' lang='lat' dir='ltr'>amicum</span> <span class='ocrx_word' id='word_1_209' title='bbox 1470 1554 1577 1579; x_wconf 86' lang='lat' dir='ltr'>naturae</span> <span class='ocrx_word' id='word_1_210' title='bbox 1596 1554 1634 1579; x_wconf 86' lang='lat' dir='ltr'>est</span> <span class='ocrx_word' id='word_1_211' title='bbox 1647 1565 1675 1584; x_wconf 88' lang='lat'>&gt;›,</span> <span class='ocrx_word' id='word_1_212' title='bbox 1690 1555 1719 1579; x_wconf 93' lang='lat' dir='ltr'>ut</span> <span class='ocrx_word' id='word_1_213' title='bbox 1731 1555 1791 1580; x_wconf 88' lang='lat' dir='ltr'>dicit</span> <span class='ocrx_word' id='word_1_214' title='bbox 1805 1555 1997 1588; x_wconf 81' lang='lat' dir='ltr'>Ohrysostomus</span> <span class='ocrx_word' id='word_1_215' title='bbox 2012 1555 2029 1581; x_wconf 88' lang='lat'>⁷.</span> 
     </span>
     <span class='ocr_line' id='line_1_31' title="bbox 1178 1597 2029 1631; baseline 0.002 -9"><span class='ocrx_word' id='word_1_216' title='bbox 1178 1598 1262 1622; x_wconf 89' lang='lat' dir='ltr'>Altior</span> <span class='ocrx_word' id='word_1_217' title='bbox 1274 1597 1368 1629; x_wconf 80' lang='lat' dir='ltr'>gradus</span> <span class='ocrx_word' id='word_1_218' title='bbox 1382 1597 1420 1622; x_wconf 86' lang='lat' dir='ltr'>est</span> <span class='ocrx_word' id='word_1_219' title='bbox 1439 1597 1542 1629; x_wconf 80' lang='lat' dir='ltr'>diligere</span> <span class='ocrx_word' id='word_1_220' title='bbox 1555 1598 1681 1623; x_wconf 84' lang='lat' dir='ltr'>inimicum</span> <span class='ocrx_word' id='word_1_221' title='bbox 1695 1605 1724 1623; x_wconf 77' lang='lat' dir='ltr'>ex</span> <span class='ocrx_word' id='word_1_222' title='bbox 1736 1599 1808 1624; x_wconf 86' lang='lat' dir='ltr'>corde</span> <span class='ocrx_word' id='word_1_223' title='bbox 1821 1599 1925 1631; x_wconf 87' lang='lat' dir='ltr'>propter</span> <span class='ocrx_word' id='word_1_224' title='bbox 1938 1599 2029 1630; x_wconf 84' lang='lat' dir='ltr'>Deum,</span> 
     </span>
     <span class='ocr_line' id='line_1_32' title="bbox 1179 1640 2029 1673; baseline 0.004 -9"><span class='ocrx_word' id='word_1_225' title='bbox 1179 1641 1237 1671; x_wconf 80' lang='lat' dir='ltr'>quia</span> <span class='ocrx_word' id='word_1_226' title='bbox 1255 1640 1287 1665; x_wconf 80' lang='lat' dir='ltr'>ad</span> <span class='ocrx_word' id='word_1_227' title='bbox 1305 1641 1439 1672; x_wconf 81' lang='lat' dir='ltr'>imaginem</span> <span class='ocrx_word' id='word_1_228' title='bbox 1453 1640 1498 1665; x_wconf 85' lang='lat' dir='ltr'>Dei</span> <span class='ocrx_word' id='word_1_229' title='bbox 1507 1640 1589 1665; x_wconf 77' lang='lat' dir='ltr'>factus</span> <span class='ocrx_word' id='word_1_230' title='bbox 1602 1640 1641 1665; x_wconf 88' lang='lat' dir='ltr'>est</span> <span class='ocrx_word' id='word_1_231' title='bbox 1654 1640 1679 1666; x_wconf 87' lang='lat' dir='ltr'>et</span> <span class='ocrx_word' id='word_1_232' title='bbox 1692 1642 1813 1673; x_wconf 80' lang='lat' dir='ltr'>sanguine</span> <span class='ocrx_word' id='word_1_233' title='bbox 1831 1641 1925 1667; x_wconf 85' lang='lat' dir='ltr'>Christi</span> <span class='ocrx_word' id='word_1_234' title='bbox 1938 1642 2029 1667; x_wconf 88' lang='lat' dir='ltr'>redem-</span> 
     </span>
     <span class='ocr_line' id='line_1_33' title="bbox 1179 1683 2031 1716; baseline 0.004 -8"><span class='ocrx_word' id='word_1_235' title='bbox 1179 1683 1252 1715; x_wconf 84' lang='lat' dir='ltr'>ptus,</span> <span class='ocrx_word' id='word_1_236' title='bbox 1267 1684 1338 1715; x_wconf 83' lang='lat' dir='ltr'>quia,</span> <span class='ocrx_word' id='word_1_237' title='bbox 1358 1684 1492 1709; x_wconf 86' lang='lat' dir='ltr'>secundum</span> <span class='ocrx_word' id='word_1_238' title='bbox 1506 1684 1724 1716; x_wconf 82' lang='lat' dir='ltr'>Chrysostomum,</span> <span class='ocrx_word' id='word_1_239' title='bbox 1749 1695 1762 1707; x_wconf 76' lang='lat'>‹&lt;</span> <span class='ocrx_word' id='word_1_240' title='bbox 1775 1693 1858 1710; x_wconf 83' lang='lat' dir='ltr'>amare</span> <span class='ocrx_word' id='word_1_241' title='bbox 1878 1693 1928 1711; x_wconf 88' lang='lat' dir='ltr'>non</span> <span class='ocrx_word' id='word_1_242' title='bbox 1947 1693 2031 1711; x_wconf 85' lang='lat' dir='ltr'>aman—</span> 
     </span>
     <span class='ocr_line' id='line_1_34' title="bbox 1178 1726 2031 1760; baseline 0.004 -9"><span class='ocrx_word' id='word_1_243' title='bbox 1178 1726 1229 1751; x_wconf 85' lang='lat' dir='ltr'>tem</span> <span class='ocrx_word' id='word_1_244' title='bbox 1248 1727 1345 1758; x_wconf 77' lang='lat' dir='ltr'>gratiae</span> <span class='ocrx_word' id='word_1_245' title='bbox 1364 1726 1403 1752; x_wconf 86' lang='lat' dir='ltr'>est</span> <span class='ocrx_word' id='word_1_246' title='bbox 1412 1737 1437 1757; x_wconf 81' lang='lat'>&gt;›;</span> <span class='ocrx_word' id='word_1_247' title='bbox 1456 1727 1498 1759; x_wconf 88' lang='lat' dir='ltr'>qui</span> <span class='ocrx_word' id='word_1_248' title='bbox 1511 1727 1556 1752; x_wconf 89' lang='lat' dir='ltr'>hoc</span> <span class='ocrx_word' id='word_1_249' title='bbox 1574 1735 1624 1752; x_wconf 91' lang='lat' dir='ltr'>non</span> <span class='ocrx_word' id='word_1_250' title='bbox 1637 1727 1697 1753; x_wconf 87' lang='lat' dir='ltr'>facit</span> <span class='ocrx_word' id='word_1_251' title='bbox 1709 1735 1759 1753; x_wconf 89' lang='lat' dir='ltr'>non</span> <span class='ocrx_word' id='word_1_252' title='bbox 1775 1728 1814 1753; x_wconf 88' lang='lat' dir='ltr'>est</span> <span class='ocrx_word' id='word_1_253' title='bbox 1832 1729 1900 1754; x_wconf 90' lang='lat' dir='ltr'>filius</span> <span class='ocrx_word' id='word_1_254' title='bbox 1913 1729 1970 1759; x_wconf 88' lang='lat' dir='ltr'>Dei,</span> <span class='ocrx_word' id='word_1_255' title='bbox 1985 1730 2031 1760; x_wconf 72' lang='lat' dir='ltr'>qui</span> 
     </span>
     <span class='ocr_line' id='line_1_35' title="bbox 1178 1770 2030 1802; baseline 0.004 -7"><span class='ocrx_word' id='word_1_256' title='bbox 1178 1770 1257 1795; x_wconf 80' lang='lat' dir='ltr'>solem</span> <span class='ocrx_word' id='word_1_257' title='bbox 1274 1778 1351 1796; x_wconf 69' lang='lat' dir='ltr'>saum</span> <span class='ocrx_word' id='word_1_258' title='bbox 1369 1771 1436 1796; x_wconf 80' lang='grc' dir='ltr'>0νίνί</span> <span class='ocrx_word' id='word_1_259' title='bbox 1454 1770 1521 1800; x_wconf 74' lang='lat' dir='ltr'>facit</span> <span class='ocrx_word' id='word_1_260' title='bbox 1546 1778 1622 1802; x_wconf 69' lang='lat' dir='ltr'>super</span> <span class='ocrx_word' id='word_1_261' title='bbox 1648 1772 1726 1797; x_wconf 69' lang='lat' dir='ltr'>bonos</span> <span class='ocrx_word' id='word_1_262' title='bbox 1749 1773 1772 1797; x_wconf 77' lang='lat' dir='ltr'>et</span> <span class='ocrx_word' id='word_1_263' title='bbox 1789 1772 1873 1798; x_wconf 77' lang='lat' dir='ltr'>malos</span> <span class='ocrx_word' id='word_1_264' title='bbox 1887 1771 1904 1797; x_wconf 61' lang='grc' dir='ltr'>Β.</span> <span class='ocrx_word' id='word_1_265' title='bbox 1930 1772 2030 1798; x_wconf 87' lang='lat' dir='ltr'>Altissi-</span> 
     </span>
     <span class='ocr_line' id='line_1_36' title="bbox 1178 1814 2030 1846; baseline 0.004 -8"><span class='ocrx_word' id='word_1_266' title='bbox 1178 1821 1234 1839; x_wconf 86' lang='lat' dir='ltr'>mus</span> <span class='ocrx_word' id='word_1_267' title='bbox 1253 1814 1347 1846; x_wconf 84' lang='lat' dir='ltr'>gradus</span> <span class='ocrx_word' id='word_1_268' title='bbox 1372 1814 1411 1839; x_wconf 91' lang='lat' dir='ltr'>est</span> <span class='ocrx_word' id='word_1_269' title='bbox 1441 1815 1553 1840; x_wconf 83' lang='lat' dir='ltr'>inimicos</span> <span class='ocrx_word' id='word_1_270' title='bbox 1577 1814 1702 1840; x_wconf 87' lang='lat' dir='ltr'>beneficiis</span> <span class='ocrx_word' id='word_1_271' title='bbox 1725 1815 1757 1840; x_wconf 84' lang='lat' dir='ltr'>ad</span> <span class='ocrx_word' id='word_1_272' title='bbox 1784 1823 1893 1841; x_wconf 86' lang='lat' dir='ltr'>amorem</span> <span class='ocrx_word' id='word_1_273' title='bbox 1913 1816 2030 1846; x_wconf 85' lang='lat' dir='ltr'>trahere;</span> 
     </span>
     <span class='ocr_line' id='line_1_37' title="bbox 1178 1856 2030 1889; baseline 0.004 -8"><span class='ocrx_word' id='word_1_274' title='bbox 1178 1857 1302 1882; x_wconf 84' lang='lat' dir='ltr'>Matthaei</span> <span class='ocrx_word' id='word_1_275' title='bbox 1320 1857 1407 1889; x_wconf 85' lang='lat' dir='ltr'>quinto</span> <span class='ocrx_word' id='word_1_276' title='bbox 1420 1856 1443 1882; x_wconf 70' lang='lat'>⁹:</span> <span class='ocrx_word' id='word_1_277' title='bbox 1473 1856 1623 1887; x_wconf 73' lang='lat' dir='ltr'>Benefacite</span> <span class='ocrx_word' id='word_1_278' title='bbox 1642 1858 1682 1883; x_wconf 69' lang='lat' dir='ltr'>his</span> <span class='ocrx_word' id='word_1_279' title='bbox 1711 1859 1756 1889; x_wconf 71' lang='lat' dir='ltr'>qm*</span> <span class='ocrx_word' id='word_1_280' title='bbox 1785 1859 1896 1884; x_wconf 74' lang='lat' dir='ltr'>oderunt</span> <span class='ocrx_word' id='word_1_281' title='bbox 1922 1867 1972 1885; x_wconf 79' lang='lat' dir='ltr'>vos.</span> <span class='ocrx_word' id='word_1_282' title='bbox 1999 1859 2030 1884; x_wconf 88' lang='lat' dir='ltr'>In</span> 
     </span>
     <span class='ocr_line' id='line_1_38' title="bbox 1179 1900 2031 1934; baseline 0.004 -9"><span class='ocrx_word' id='word_1_283' title='bbox 1179 1901 1259 1932; x_wconf 85' lang='lat' dir='ltr'>primo</span> <span class='ocrx_word' id='word_1_284' title='bbox 1277 1901 1358 1932; x_wconf 82' lang='lat' dir='ltr'>gradu</span> <span class='ocrx_word' id='word_1_285' title='bbox 1378 1901 1448 1926; x_wconf 85' lang='lat' dir='ltr'>stant</span> <span class='ocrx_word' id='word_1_286' title='bbox 1467 1901 1559 1926; x_wconf 86' lang='lat' dir='ltr'>ethnici</span> <span class='ocrx_word' id='word_1_287' title='bbox 1578 1902 1603 1926; x_wconf 90' lang='lat' dir='ltr'>et</span> <span class='ocrx_word' id='word_1_288' title='bbox 1617 1901 1743 1932; x_wconf 88' lang='lat' dir='ltr'>publicani</span> <span class='ocrx_word' id='word_1_289' title='bbox 1757 1900 1787 1932; x_wconf 86' lang='lat'>¹⁰,</span> <span class='ocrx_word' id='word_1_290' title='bbox 1808 1902 1833 1927; x_wconf 92' lang='lat' dir='ltr'>in</span> <span class='ocrx_word' id='word_1_291' title='bbox 1853 1902 1959 1928; x_wconf 86' lang='lat' dir='ltr'>secundo</span> <span class='ocrx_word' id='word_1_292' title='bbox 1978 1910 2031 1934; x_wconf 84' lang='lat' dir='ltr'>per—</span> 
     </span>
     <span class='ocr_line' id='line_1_39' title="bbox 1180 1944 1750 1976; baseline 0.004 -8"><span class='ocrx_word' id='word_1_293' title='bbox 1180 1944 1237 1969; x_wconf 83' lang='lat' dir='ltr'>fecti</span> <span class='ocrx_word' id='word_1_294' title='bbox 1257 1944 1408 1974; x_wconf 82' lang='lat' dir='ltr'>Christiani,</span> <span class='ocrx_word' id='word_1_295' title='bbox 1428 1945 1454 1969; x_wconf 88' lang='lat' dir='ltr'>in</span> <span class='ocrx_word' id='word_1_296' title='bbox 1473 1944 1548 1970; x_wconf 91' lang='lat' dir='ltr'>tertio</span> <span class='ocrx_word' id='word_1_297' title='bbox 1568 1944 1750 1976; x_wconf 82' lang='lat' dir='ltr'>perfectissimi.</span> 
     </span>
    </p>
   </div>
   <div class='ocr_carea' id='block_1_9' title="bbox 895 2076 1416 2079">
    <p class='ocr_par' dir='ltr' id='par_1_9' title="bbox 895 2076 1416 2079">
     <span class='ocr_line' id='line_1_40' title="bbox 895 2076 1416 2079; baseline 0 0"><span class='ocrx_word' id='word_1_298' title='bbox 895 2076 1416 2079; x_wconf 95' lang='lat' dir='ltr'> </span> 
     </span>
    </p>
   </div>
   <div class='ocr_carea' id='block_1_10' title="bbox 270 2183 1123 3056">
    <p class='ocr_par' dir='ltr' id='par_1_10' title="bbox 270 2183 1123 2711">
     <span class='ocr_line' id='line_1_41' title="bbox 333 2183 1123 2212; baseline -0.001 -6"><span class='ocrx_word' id='word_1_299' title='bbox 333 2183 340 2196; x_wconf 82' lang='lat'>¹</span> <span class='ocrx_word' id='word_1_300' title='bbox 360 2184 419 2206; x_wconf 86' lang='lat' dir='ltr'>Haec</span> <span class='ocrx_word' id='word_1_301' title='bbox 430 2184 530 2207; x_wconf 72' lang='lat' dir='ltr'>Summo</span> <span class='ocrx_word' id='word_1_302' title='bbox 543 2184 565 2206; x_wconf 90' lang='lat' dir='ltr'>in</span> <span class='ocrx_word' id='word_1_303' title='bbox 576 2190 621 2206; x_wconf 88' lang='lat' dir='ltr'>non</span> <span class='ocrx_word' id='word_1_304' title='bbox 634 2184 713 2211; x_wconf 79' lang='lat' dir='ltr'>paucis</span> <span class='ocrx_word' id='word_1_305' title='bbox 722 2183 849 2211; x_wconf 80' lang='lat' dir='ltr'>codicibus,</span> <span class='ocrx_word' id='word_1_306' title='bbox 859 2183 900 2205; x_wconf 88' lang='lat' dir='ltr'>sed</span> <span class='ocrx_word' id='word_1_307' title='bbox 911 2183 1026 2212; x_wconf 83' lang='lat' dir='ltr'>sequioris</span> <span class='ocrx_word' id='word_1_308' title='bbox 1036 2184 1123 2210; x_wconf 83' lang='lat' dir='ltr'>aetatis,</span> 
     </span>
     <span class='ocr_line' id='line_1_42' title="bbox 270 2215 1122 2243; baseline -0.001 -6"><span class='ocrx_word' id='word_1_309' title='bbox 270 2215 401 2238; x_wconf 78' lang='lat' dir='ltr'>attribuitur</span> <span class='ocrx_word' id='word_1_310' title='bbox 420 2216 442 2237; x_wconf 75' lang='grc'>5.</span> <span class='ocrx_word' id='word_1_311' title='bbox 455 2216 642 2243; x_wconf 80' lang='lat' dir='ltr'>Bonaventurae3</span> <span class='ocrx_word' id='word_1_312' title='bbox 654 2215 803 2237; x_wconf 82' lang='lat' dir='ltr'>nihilomiuus</span> <span class='ocrx_word' id='word_1_313' title='bbox 821 2221 872 2236; x_wconf 85' lang='lat' dir='ltr'>eam</span> <span class='ocrx_word' id='word_1_314' title='bbox 890 2215 948 2236; x_wconf 87' lang='lat' dir='ltr'>inter</span> <span class='ocrx_word' id='word_1_315' title='bbox 963 2215 1033 2237; x_wconf 81' lang='lat' dir='ltr'>dubia</span> <span class='ocrx_word' id='word_1_316' title='bbox 1052 2221 1122 2242; x_wconf 74' lang='lat' dir='ltr'>opera</span> 
     </span>
     <span class='ocr_line' id='line_1_43' title="bbox 270 2246 1123 2274; baseline -0.001 -5"><span class='ocrx_word' id='word_1_317' title='bbox 270 2247 418 2269; x_wconf 67' lang='lat' dir='ltr'>reficiendam</span> <span class='ocrx_word' id='word_1_318' title='bbox 437 2253 560 2269; x_wconf 78' lang='lat' dir='ltr'>censemus</span> <span class='ocrx_word' id='word_1_319' title='bbox 577 2246 607 2269; x_wconf 72' lang='lat' dir='ltr'>ol)</span> <span class='ocrx_word' id='word_1_320' title='bbox 625 2247 725 2269; x_wconf 83' lang='lat' dir='ltr'>rationes</span> <span class='ocrx_word' id='word_1_321' title='bbox 742 2252 812 2274; x_wconf 83' lang='lat' dir='ltr'>supra</span> <span class='ocrx_word' id='word_1_322' title='bbox 832 2246 852 2268; x_wconf 89' lang='lat' dir='ltr'>in</span> <span class='ocrx_word' id='word_1_323' title='bbox 871 2246 1043 2273; x_wconf 75' lang='lat' dir='ltr'>Prolegomeuis</span> <span class='ocrx_word' id='word_1_324' title='bbox 1058 2252 1077 2268; x_wconf 92' lang='lat' dir='ltr'>c.</span> <span class='ocrx_word' id='word_1_325' title='bbox 1091 2247 1123 2268; x_wconf 89' lang='grc' dir='ltr'><strong>ΙΙΙ.</strong></span> 
     </span>
     <span class='ocr_line' id='line_1_44' title="bbox 271 2277 1121 2307; baseline -0.002 -6"><span class='ocrx_word' id='word_1_326' title='bbox 271 2282 313 2301; x_wconf 83' lang='lat' dir='ltr'>art.</span> <span class='ocrx_word' id='word_1_327' title='bbox 335 2279 352 2300; x_wconf 94' lang='grc'>1.</span> <span class='ocrx_word' id='word_1_328' title='bbox 370 2280 383 2307; x_wconf 44' lang='lat'>&#39;23</span> <span class='ocrx_word' id='word_1_329' title='bbox 401 2279 421 2300; x_wconf 76' lang='grc'>3.</span> <span class='ocrx_word' id='word_1_330' title='bbox 439 2279 554 2306; x_wconf 81' lang='lat' dir='ltr'>allegatas.</span> <span class='ocrx_word' id='word_1_331' title='bbox 573 2279 656 2305; x_wconf 73' lang='lat' dir='ltr'>Porro,</span> <span class='ocrx_word' id='word_1_332' title='bbox 668 2284 714 2300; x_wconf 90' lang='lat' dir='ltr'>non</span> <span class='ocrx_word' id='word_1_333' title='bbox 732 2280 766 2300; x_wconf 85' lang='lat' dir='ltr'>est</span> <span class='ocrx_word' id='word_1_334' title='bbox 778 2277 889 2305; x_wconf 86' lang='lat' dir='ltr'>dubium,</span> <span class='ocrx_word' id='word_1_335' title='bbox 902 2278 941 2300; x_wconf 84' lang='lat' dir='ltr'>sed</span> <span class='ocrx_word' id='word_1_336' title='bbox 955 2278 1121 2305; x_wconf 81' lang='lat' dir='ltr'>certissimum,</span> 
     </span>
     <span class='ocr_line' id='line_1_45' title="bbox 271 2309 1120 2338; baseline -0.001 -6"><span class='ocrx_word' id='word_1_337' title='bbox 271 2310 383 2333; x_wconf 74' lang='lat' dir='ltr'>editiones</span> <span class='ocrx_word' id='word_1_338' title='bbox 401 2311 522 2338; x_wconf 82' lang='lat' dir='ltr'>hucusque</span> <span class='ocrx_word' id='word_1_339' title='bbox 534 2309 663 2338; x_wconf 77' lang='lat' dir='ltr'>publicatas</span> <span class='ocrx_word' id='word_1_340' title='bbox 675 2312 760 2332; x_wconf 80' lang='lat' dir='ltr'>textum</span> <span class='ocrx_word' id='word_1_341' title='bbox 774 2309 886 2337; x_wconf 78' lang='lat' dir='ltr'>praebere</span> <span class='ocrx_word' id='word_1_342' title='bbox 899 2309 1062 2331; x_wconf 82' lang='lat' dir='ltr'>insertionibus</span> <span class='ocrx_word' id='word_1_343' title='bbox 1075 2315 1120 2331; x_wconf 79' lang='lat' dir='ltr'>ma-</span> 
     </span>
     <span class='ocr_line' id='line_1_46' title="bbox 272 2340 1123 2370; baseline -0.002 -6"><span class='ocrx_word' id='word_1_344' title='bbox 272 2342 323 2370; x_wconf 74' lang='lat' dir='ltr'>gnis</span> <span class='ocrx_word' id='word_1_345' title='bbox 341 2345 362 2364; x_wconf 84' lang='lat' dir='ltr'>et</span> <span class='ocrx_word' id='word_1_346' title='bbox 380 2342 459 2369; x_wconf 81' lang='lat' dir='ltr'>parvis</span> <span class='ocrx_word' id='word_1_347' title='bbox 476 2342 584 2364; x_wconf 85' lang='lat' dir='ltr'>contiuuo</span> <span class='ocrx_word' id='word_1_348' title='bbox 603 2345 624 2363; x_wconf 81' lang='lat' dir='ltr'>et</span> <span class='ocrx_word' id='word_1_349' title='bbox 642 2341 709 2363; x_wconf 79' lang='lat' dir='ltr'>foede</span> <span class='ocrx_word' id='word_1_350' title='bbox 726 2345 875 2368; x_wconf 82' lang='lat' dir='ltr'>corruptum,</span> <span class='ocrx_word' id='word_1_351' title='bbox 889 2341 917 2363; x_wconf 81' lang='lat' dir='ltr'>ita</span> <span class='ocrx_word' id='word_1_352' title='bbox 937 2344 960 2363; x_wconf 85' lang='lat' dir='ltr'>ut</span> <span class='ocrx_word' id='word_1_353' title='bbox 977 2340 1084 2363; x_wconf 73' lang='lat' dir='ltr'>Ouclinus</span> <span class='ocrx_word' id='word_1_354' title='bbox 1101 2343 1123 2362; x_wconf 89' lang='lat' dir='ltr'>et</span> 
     </span>
     <span class='ocr_line' id='line_1_47' title="bbox 271 2372 1123 2401; baseline -0.001 -6"><span class='ocrx_word' id='word_1_355' title='bbox 271 2373 371 2396; x_wconf 73' lang='lat' dir='ltr'>editores</span> <span class='ocrx_word' id='word_1_356' title='bbox 389 2373 469 2395; x_wconf 77' lang='lat' dir='ltr'>Veneti</span> <span class='ocrx_word' id='word_1_357' title='bbox 487 2374 544 2395; x_wconf 70' lang='lat' dir='ltr'>lianc</span> <span class='ocrx_word' id='word_1_358' title='bbox 562 2374 682 2394; x_wconf 62' lang='lat' dir='ltr'>Summam</span> <span class='ocrx_word' id='word_1_359' title='bbox 700 2372 811 2394; x_wconf 79' lang='lat' dir='ltr'>irriserint</span> <span class='ocrx_word' id='word_1_360' title='bbox 825 2375 934 2401; x_wconf 75' lang='lat' dir='ltr'>tanquam</span> <span class='ocrx_word' id='word_1_361' title='bbox 954 2372 1037 2394; x_wconf 74' lang='lat' dir='ltr'>librum</span> <span class='ocrx_word' id='word_1_362' title='bbox 1056 2378 1123 2400; x_wconf 82' lang='lat' dir='ltr'>pror-</span> 
     </span>
     <span class='ocr_line' id='line_1_48' title="bbox 272 2404 1123 2432; baseline -0.002 -5"><span class='ocrx_word' id='word_1_363' title='bbox 272 2411 311 2427; x_wconf 88' lang='lat' dir='ltr'>sus</span> <span class='ocrx_word' id='word_1_364' title='bbox 329 2405 450 2427; x_wconf 85' lang='lat' dir='ltr'>insulsum.</span> <span class='ocrx_word' id='word_1_365' title='bbox 468 2405 523 2427; x_wconf 86' lang='lat' dir='ltr'>Fide</span> <span class='ocrx_word' id='word_1_366' title='bbox 545 2404 651 2426; x_wconf 85' lang='lat' dir='ltr'>codicum</span> <span class='ocrx_word' id='word_1_367' title='bbox 676 2404 828 2432; x_wconf 72' lang='lat' dir='ltr'>expunximus</span> <span class='ocrx_word' id='word_1_368' title='bbox 851 2410 876 2426; x_wconf 84' lang='lat' dir='ltr'>ea</span> <span class='ocrx_word' id='word_1_369' title='bbox 900 2410 960 2432; x_wconf 81' lang='lat' dir='ltr'>quae</span> <span class='ocrx_word' id='word_1_370' title='bbox 984 2404 1038 2426; x_wconf 85' lang='lat' dir='ltr'>istos</span> <span class='ocrx_word' id='word_1_371' title='bbox 1060 2404 1123 2425; x_wconf 77' lang='lat' dir='ltr'>viros</span> 
     </span>
     <span class='ocr_line' id='line_1_49' title="bbox 272 2435 1123 2465; baseline -0.002 -6"><span class='ocrx_word' id='word_1_372' title='bbox 272 2437 365 2465; x_wconf 76' lang='lat' dir='ltr'>speciali</span> <span class='ocrx_word' id='word_1_373' title='bbox 383 2437 453 2459; x_wconf 85' lang='lat' dir='ltr'>modo</span> <span class='ocrx_word' id='word_1_374' title='bbox 471 2436 617 2459; x_wconf 79' lang='lat' dir='ltr'>offenderunt</span> <span class='ocrx_word' id='word_1_375' title='bbox 640 2438 662 2458; x_wconf 76' lang='lat' dir='ltr'>et</span> <span class='ocrx_word' id='word_1_376' title='bbox 684 2437 740 2458; x_wconf 86' lang='lat' dir='ltr'>haec</span> <span class='ocrx_word' id='word_1_377' title='bbox 763 2436 791 2457; x_wconf 89' lang='lat' dir='ltr'>ad</span> <span class='ocrx_word' id='word_1_378' title='bbox 815 2436 901 2458; x_wconf 90' lang='lat' dir='ltr'>calcem</span> <span class='ocrx_word' id='word_1_379' title='bbox 925 2436 1053 2463; x_wconf 78' lang='lat' dir='ltr'>posuimus.</span> <span class='ocrx_word' id='word_1_380' title='bbox 1077 2435 1123 2457; x_wconf 84' lang='lat' dir='ltr'>Sed</span> 
     </span>
     <span class='ocr_line' id='line_1_50' title="bbox 272 2466 1122 2496; baseline -0.001 -6"><span class='ocrx_word' id='word_1_381' title='bbox 272 2474 354 2491; x_wconf 90' lang='lat' dir='ltr'>omues</span> <span class='ocrx_word' id='word_1_382' title='bbox 371 2468 519 2495; x_wconf 78' lang='lat' dir='ltr'>insertiones,</span> <span class='ocrx_word' id='word_1_383' title='bbox 537 2467 673 2496; x_wconf 79' lang='lat' dir='ltr'>praesertim</span> <span class='ocrx_word' id='word_1_384' title='bbox 689 2466 815 2489; x_wconf 74' lang='lat' dir='ltr'>verborum</span> <span class='ocrx_word' id='word_1_385' title='bbox 828 2470 850 2489; x_wconf 86' lang='lat' dir='ltr'>et</span> <span class='ocrx_word' id='word_1_386' title='bbox 862 2467 981 2495; x_wconf 69' lang='lat' dir='ltr'>plu‘asium</span> <span class='ocrx_word' id='word_1_387' title='bbox 994 2467 1024 2489; x_wconf 82' lang='lat' dir='ltr'>ad</span> <span class='ocrx_word' id='word_1_388' title='bbox 1036 2467 1122 2489; x_wconf 82' lang='lat' dir='ltr'>calcem</span> 
     </span>
     <span class='ocr_line' id='line_1_51' title="bbox 272 2498 1123 2527; baseline -0.002 -5"><span class='ocrx_word' id='word_1_389' title='bbox 272 2505 370 2527; x_wconf 80' lang='lat' dir='ltr'>ponere,</span> <span class='ocrx_word' id='word_1_390' title='bbox 388 2499 410 2521; x_wconf 90' lang='lat' dir='ltr'>id</span> <span class='ocrx_word' id='word_1_391' title='bbox 428 2499 553 2522; x_wconf 84' lang='lat' dir='ltr'>lectoribus</span> <span class='ocrx_word' id='word_1_392' title='bbox 570 2502 592 2521; x_wconf 83' lang='lat' dir='ltr'>ct</span> <span class='ocrx_word' id='word_1_393' title='bbox 608 2498 676 2521; x_wconf 90' lang='lat' dir='ltr'>nobis</span> <span class='ocrx_word' id='word_1_394' title='bbox 693 2499 760 2521; x_wconf 87' lang='lat' dir='ltr'>nimis</span> <span class='ocrx_word' id='word_1_395' title='bbox 779 2499 857 2521; x_wconf 83' lang='lat' dir='ltr'>suisset</span> <span class='ocrx_word' id='word_1_396' title='bbox 871 2498 1000 2521; x_wconf 80' lang='lat' dir='ltr'>taediosum</span> <span class='ocrx_word' id='word_1_397' title='bbox 1019 2501 1041 2521; x_wconf 84' lang='lat' dir='ltr'>ct</span> <span class='ocrx_word' id='word_1_398' title='bbox 1058 2505 1123 2526; x_wconf 87' lang='lat' dir='ltr'>pror-</span> 
     </span>
     <span class='ocr_line' id='line_1_52' title="bbox 272 2530 1123 2559; baseline -0.004 -5"><span class='ocrx_word' id='word_1_399' title='bbox 272 2538 312 2554; x_wconf 81' lang='lat' dir='ltr'>sus</span> <span class='ocrx_word' id='word_1_400' title='bbox 329 2531 414 2553; x_wconf 87' lang='lat' dir='ltr'>inutile.</span> <span class='ocrx_word' id='word_1_401' title='bbox 433 2532 455 2553; x_wconf 89' lang='lat' dir='ltr'>ln</span> <span class='ocrx_word' id='word_1_402' title='bbox 473 2531 553 2553; x_wconf 87' lang='lat' dir='ltr'>maiori</span> <span class='ocrx_word' id='word_1_403' title='bbox 571 2531 631 2553; x_wconf 79' lang='lat' dir='ltr'>enim</span> <span class='ocrx_word' id='word_1_404' title='bbox 650 2534 714 2558; x_wconf 81' lang='lat' dir='ltr'>parte</span> <span class='ocrx_word' id='word_1_405' title='bbox 731 2530 836 2558; x_wconf 81' lang='lat' dir='ltr'>opusculi</span> <span class='ocrx_word' id='word_1_406' title='bbox 854 2531 890 2552; x_wconf 61' lang='lat' dir='ltr'>vix</span> <span class='ocrx_word' id='word_1_407' title='bbox 908 2530 984 2559; x_wconf 86' lang='lat' dir='ltr'>aliqua</span> <span class='ocrx_word' id='word_1_408' title='bbox 1003 2531 1061 2552; x_wconf 79' lang='lat' dir='ltr'>linea</span> <span class='ocrx_word' id='word_1_409' title='bbox 1078 2531 1123 2553; x_wconf 90' lang='lat' dir='ltr'>edi-</span> 
     </span>
     <span class='ocr_line' id='line_1_53' title="bbox 273 2562 1122 2591; baseline -0.001 -6"><span class='ocrx_word' id='word_1_410' title='bbox 273 2563 342 2585; x_wconf 83' lang='lat' dir='ltr'>tionis</span> <span class='ocrx_word' id='word_1_411' title='bbox 361 2563 484 2585; x_wconf 80' lang='lat' dir='ltr'>Vaticanae</span> <span class='ocrx_word' id='word_1_412' title='bbox 501 2566 546 2589; x_wconf 84' lang='lat' dir='ltr'>est,</span> <span class='ocrx_word' id='word_1_413' title='bbox 566 2563 589 2584; x_wconf 92' lang='lat' dir='ltr'>in</span> <span class='ocrx_word' id='word_1_414' title='bbox 607 2568 652 2591; x_wconf 83' lang='lat' dir='ltr'>qua</span> <span class='ocrx_word' id='word_1_415' title='bbox 676 2568 721 2584; x_wconf 91' lang='lat' dir='ltr'>non</span> <span class='ocrx_word' id='word_1_416' title='bbox 745 2562 827 2584; x_wconf 85' lang='lat' dir='ltr'>suerint</span> <span class='ocrx_word' id='word_1_417' title='bbox 844 2562 942 2584; x_wconf 83' lang='lat' dir='ltr'>tollenda</span> <span class='ocrx_word' id='word_1_418' title='bbox 960 2562 1039 2584; x_wconf 82' lang='lat' dir='ltr'>saltem</span> <span class='ocrx_word' id='word_1_419' title='bbox 1058 2563 1122 2590; x_wconf 77' lang='lat' dir='ltr'>plura</span> 
     </span>
     <span class='ocr_line' id='line_1_54' title="bbox 273 2593 1123 2622; baseline -0.001 -5"><span class='ocrx_word' id='word_1_420' title='bbox 273 2594 352 2617; x_wconf 78' lang='lat' dir='ltr'>verba.</span> <span class='ocrx_word' id='word_1_421' title='bbox 371 2594 523 2617; x_wconf 75' lang='lat' dir='ltr'>solummodo</span> <span class='ocrx_word' id='word_1_422' title='bbox 541 2594 563 2616; x_wconf 89' lang='lat' dir='ltr'>in</span> <span class='ocrx_word' id='word_1_423' title='bbox 581 2593 694 2622; x_wconf 83' lang='lat' dir='ltr'>principio</span> <span class='ocrx_word' id='word_1_424' title='bbox 712 2594 789 2621; x_wconf 88' lang='lat' dir='ltr'>operis</span> <span class='ocrx_word' id='word_1_425' title='bbox 806 2594 940 2621; x_wconf 79' lang='lat' dir='ltr'>speciminis</span> <span class='ocrx_word' id='word_1_426' title='bbox 954 2594 1026 2621; x_wconf 76' lang='lat' dir='ltr'>gratia</span> <span class='ocrx_word' id='word_1_427' title='bbox 1040 2594 1080 2616; x_wconf 85' lang='lat' dir='ltr'>ista</span> <span class='ocrx_word' id='word_1_428' title='bbox 1094 2593 1123 2616; x_wconf 88' lang='lat' dir='ltr'>ad</span> 
     </span>
     <span class='ocr_line' id='line_1_55' title="bbox 273 2625 1122 2654; baseline -0.001 -6"><span class='ocrx_word' id='word_1_429' title='bbox 273 2627 359 2648; x_wconf 78' lang='lat' dir='ltr'>calcem</span> <span class='ocrx_word' id='word_1_430' title='bbox 378 2626 517 2648; x_wconf 81' lang='lat' dir='ltr'>notavimus.</span> <span class='ocrx_word' id='word_1_431' title='bbox 534 2626 626 2648; x_wconf 79' lang='lat' dir='ltr'>Praeter</span> <span class='ocrx_word' id='word_1_432' title='bbox 644 2632 715 2647; x_wconf 91' lang='lat' dir='ltr'>unum</span> <span class='ocrx_word' id='word_1_433' title='bbox 732 2625 825 2653; x_wconf 61' lang='lat' dir='ltr'>coctu,</span> <span class='ocrx_word' id='word_1_434' title='bbox 838 2625 877 2654; x_wconf 86' lang='lat' dir='ltr'>qui</span> <span class='ocrx_word' id='word_1_435' title='bbox 891 2626 936 2647; x_wconf 83' lang='lat' dir='ltr'>tere</span> <span class='ocrx_word' id='word_1_436' title='bbox 949 2625 1057 2647; x_wconf 83' lang='lat' dir='ltr'>convenit</span> <span class='ocrx_word' id='word_1_437' title='bbox 1069 2631 1122 2647; x_wconf 86' lang='lat' dir='ltr'>cum</span> 
     </span>
     <span class='ocr_line' id='line_1_56' title="bbox 273 2656 1123 2686; baseline 0 -7"><span class='ocrx_word' id='word_1_438' title='bbox 273 2657 352 2684; x_wconf 86' lang='lat' dir='ltr'>editis,</span> <span class='ocrx_word' id='word_1_439' title='bbox 370 2657 405 2679; x_wconf 92' lang='lat' dir='ltr'>alii</span> <span class='ocrx_word' id='word_1_440' title='bbox 423 2660 523 2686; x_wconf 85' lang='lat' dir='ltr'>quatuor</span> <span class='ocrx_word' id='word_1_441' title='bbox 541 2656 582 2680; x_wconf 85' lang='lat' dir='ltr'>BC</span> <span class='ocrx_word' id='word_1_442' title='bbox 593 2657 637 2679; x_wconf 90' lang='lat' dir='ltr'>DE</span> <span class='ocrx_word' id='word_1_443' title='bbox 654 2660 783 2679; x_wconf 81' lang='lat' dir='ltr'>constanter</span> <span class='ocrx_word' id='word_1_444' title='bbox 801 2657 942 2679; x_wconf 87' lang='lat' dir='ltr'>conveniunt</span> <span class='ocrx_word' id='word_1_445' title='bbox 956 2657 978 2679; x_wconf 89' lang='lat' dir='ltr'>in</span> <span class='ocrx_word' id='word_1_446' title='bbox 990 2657 1123 2679; x_wconf 86' lang='lat' dir='ltr'>omittendis</span> 
     </span>
     <span class='ocr_line' id='line_1_57' title="bbox 273 2688 528 2711; baseline 0 0"><span class='ocrx_word' id='word_1_447' title='bbox 273 2689 340 2711; x_wconf 88' lang='lat' dir='ltr'>dictis</span> <span class='ocrx_word' id='word_1_448' title='bbox 357 2688 528 2711; x_wconf 79' lang='lat' dir='ltr'>insertionibus.</span> 
     </span>
    </p>

    <p class='ocr_par' dir='ltr' id='par_1_11' title="bbox 274 2718 1123 2774">
     <span class='ocr_line' id='line_1_58' title="bbox 337 2718 1123 2773; baseline -0.001 -31"><span class='ocrx_word' id='word_1_449' title='bbox 337 2719 350 2773; x_wconf 67' lang='lat' dir='ltr'>2&#39;l</span> <span class='ocrx_word' id='word_1_450' title='bbox 365 2721 447 2742; x_wconf 83' lang='lat' dir='ltr'>Psalm.</span> <span class='ocrx_word' id='word_1_451' title='bbox 465 2721 506 2748; x_wconf 84' lang='lat'>33,</span> <span class='ocrx_word' id='word_1_452' title='bbox 525 2721 546 2742; x_wconf 82' lang='lat' dir='ltr'>G.</span> <span class='ocrx_word' id='word_1_453' title='bbox 563 2733 593 2736; x_wconf 97' lang='lat'><strong>—</strong></span> <span class='ocrx_word' id='word_1_454' title='bbox 612 2721 654 2742; x_wconf 81' lang='lat' dir='ltr'>Pro</span> <span class='ocrx_word' id='word_1_455' title='bbox 672 2719 784 2742; x_wconf 78' lang='lat' dir='ltr'>Psalmus</span> <span class='ocrx_word' id='word_1_456' title='bbox 803 2719 853 2741; x_wconf 71' lang='lat' dir='ltr'>Yat.</span> <span class='ocrx_word' id='word_1_457' title='bbox 871 2726 924 2742; x_wconf 88' lang='lat' dir='ltr'>cum</span> <span class='ocrx_word' id='word_1_458' title='bbox 943 2719 980 2742; x_wconf 87' lang='lat' dir='ltr'>ed.</span> <span class='ocrx_word' id='word_1_459' title='bbox 997 2720 1010 2741; x_wconf 77' lang='lat'>‘2</span> <span class='ocrx_word' id='word_1_460' title='bbox 1034 2718 1123 2742; x_wconf 71' lang='lat' dir='ltr'>dicebat</span> 
     </span>
     <span class='ocr_line' id='line_1_59' title="bbox 274 2751 357 2774; baseline -0.012 0"><span class='ocrx_word' id='word_1_461' title='bbox 274 2751 357 2774; x_wconf 67' lang='lat' dir='ltr'>Daris.</span> 
     </span>
    </p>

    <p class='ocr_par' dir='ltr' id='par_1_12' title="bbox 337 2781 986 2811">
     <span class='ocr_line' id='line_1_60' title="bbox 337 2781 986 2811; baseline -0.002 -6"><span class='ocrx_word' id='word_1_462' title='bbox 337 2781 346 2794; x_wconf 81' lang='lat'><strong>³</strong></span> <span class='ocrx_word' id='word_1_463' title='bbox 364 2784 424 2805; x_wconf 88' lang='lat' dir='ltr'>loan.</span> <span class='ocrx_word' id='word_1_464' title='bbox 443 2784 467 2810; x_wconf 86' lang='lat' dir='ltr'>l,</span> <span class='ocrx_word' id='word_1_465' title='bbox 486 2783 511 2805; x_wconf 74' lang='lat'>9:</span> <span class='ocrx_word' id='word_1_466' title='bbox 529 2784 581 2805; x_wconf 83' lang='lat' dir='ltr'>Erat</span> <span class='ocrx_word' id='word_1_467' title='bbox 598 2783 635 2805; x_wconf 80' lang='lat' dir='ltr'>lux</span> <span class='ocrx_word' id='word_1_468' title='bbox 652 2788 720 2809; x_wconf 75' lang='lat' dir='ltr'>vera,</span> <span class='ocrx_word' id='word_1_469' title='bbox 738 2788 798 2811; x_wconf 80' lang='lat' dir='ltr'>quae</span> <span class='ocrx_word' id='word_1_470' title='bbox 815 2782 927 2804; x_wconf 84' lang='lat' dir='ltr'>illuminat</span> <span class='ocrx_word' id='word_1_471' title='bbox 944 2785 986 2805; x_wconf 85' lang='lat' dir='ltr'>etc.</span> 
     </span>
    </p>

    <p class='ocr_par' dir='ltr' id='par_1_13' title="bbox 275 2813 1122 2873">
     <span class='ocr_line' id='line_1_61' title="bbox 337 2813 1122 2843; baseline 0 -7"><span class='ocrx_word' id='word_1_472' title='bbox 337 2813 345 2826; x_wconf 69' lang='lat'>⁴</span> <span class='ocrx_word' id='word_1_473' title='bbox 363 2814 420 2837; x_wconf 85' lang='lat' dir='ltr'>Cod.</span> <span class='ocrx_word' id='word_1_474' title='bbox 432 2815 450 2836; x_wconf 76' lang='lat' dir='ltr'><strong>A</strong></span> <span class='ocrx_word' id='word_1_475' title='bbox 461 2815 520 2837; x_wconf 79' lang='lat' dir='ltr'>&lt;luas</span> <span class='ocrx_word' id='word_1_476' title='bbox 532 2814 623 2836; x_wconf 82' lang='lat' dir='ltr'>ultimas</span> <span class='ocrx_word' id='word_1_477' title='bbox 632 2814 804 2842; x_wconf 83' lang='lat' dir='ltr'>propositiones</span> <span class='ocrx_word' id='word_1_478' title='bbox 813 2813 852 2841; x_wconf 67' lang='lat' dir='ltr'>(Si</span> <span class='ocrx_word' id='word_1_479' title='bbox 862 2813 973 2843; x_wconf 72' lang='lat' dir='ltr'>aliquis...</span> <span class='ocrx_word' id='word_1_480' title='bbox 986 2813 1122 2840; x_wconf 61' lang='lat' dir='ltr'>coccedunt)</span> 
     </span>
     <span class='ocr_line' id='line_1_62' title="bbox 275 2845 902 2873; baseline 0 -6"><span class='ocrx_word' id='word_1_481' title='bbox 275 2846 369 2873; x_wconf 82' lang='lat' dir='ltr'>omittit,</span> <span class='ocrx_word' id='word_1_482' title='bbox 388 2846 408 2868; x_wconf 90' lang='lat' dir='ltr'>in</span> <span class='ocrx_word' id='word_1_483' title='bbox 428 2845 470 2869; x_wconf 89' lang='lat' dir='ltr'>BC</span> <span class='ocrx_word' id='word_1_484' title='bbox 481 2846 498 2868; x_wconf 91' lang='lat' dir='ltr'>D</span> <span class='ocrx_word' id='word_1_485' title='bbox 510 2846 525 2868; x_wconf 80' lang='grc' dir='ltr'>Ε</span> <span class='ocrx_word' id='word_1_486' title='bbox 542 2848 603 2868; x_wconf 84' lang='lat' dir='ltr'>totus</span> <span class='ocrx_word' id='word_1_487' title='bbox 620 2846 732 2873; x_wconf 80' lang='lat' dir='ltr'>prologus</span> <span class='ocrx_word' id='word_1_488' title='bbox 749 2845 902 2868; x_wconf 84' lang='lat' dir='ltr'>desideratur.</span> 
     </span>
    </p>

    <p class='ocr_par' dir='ltr' id='par_1_14' title="bbox 275 2875 1123 2930">
     <span class='ocr_line' id='line_1_63' title="bbox 338 2875 1123 2907; baseline -0.001 -8"><span class='ocrx_word' id='word_1_489' title='bbox 338 2876 347 2888; x_wconf 70' lang='lat'>5</span> <span class='ocrx_word' id='word_1_490' title='bbox 364 2876 421 2899; x_wconf 82' lang='lat' dir='ltr'>Cod.</span> <span class='ocrx_word' id='word_1_491' title='bbox 440 2878 457 2900; x_wconf 85' lang='grc' dir='ltr'>Α</span> <span class='ocrx_word' id='word_1_492' title='bbox 476 2879 498 2899; x_wconf 87' lang='lat' dir='ltr'>et</span> <span class='ocrx_word' id='word_1_493' title='bbox 514 2877 567 2899; x_wconf 90' lang='lat' dir='ltr'>edd.</span> <span class='ocrx_word' id='word_1_494' title='bbox 586 2878 594 2899; x_wconf 79' lang='lat' dir='ltr'>l</span> <span class='ocrx_word' id='word_1_495' title='bbox 606 2894 612 2904; x_wconf 87' lang='lat'><em>‚</em></span> <span class='ocrx_word' id='word_1_496' title='bbox 630 2878 643 2899; x_wconf 73' lang='lat'>‘2</span> <span class='ocrx_word' id='word_1_497' title='bbox 661 2877 694 2900; x_wconf 68' lang='lat' dir='ltr'>Dte</span> <span class='ocrx_word' id='word_1_498' title='bbox 716 2876 831 2907; x_wconf 71' lang='lat' dir='ltr'>yrudz&#39;bus</span> <span class='ocrx_word' id='word_1_499' title='bbox 849 2875 969 2904; x_wconf 62' lang='lat' dir='ltr'>carituris,</span> <span class='ocrx_word' id='word_1_500' title='bbox 995 2876 1031 2898; x_wconf 84' lang='lat' dir='ltr'>alii</span> <span class='ocrx_word' id='word_1_501' title='bbox 1054 2876 1123 2899; x_wconf 90' lang='lat' dir='ltr'>codd.</span> 
     </span>
     <span class='ocr_line' id='line_1_64' title="bbox 275 2907 431 2930; baseline 0 0"><span class='ocrx_word' id='word_1_502' title='bbox 275 2907 308 2930; x_wconf 81' lang='lat' dir='ltr'>De</span> <span class='ocrx_word' id='word_1_503' title='bbox 325 2908 431 2930; x_wconf 72' lang='lat' dir='ltr'>caritate.</span> 
     </span>
    </p>

    <p class='ocr_par' dir='ltr' id='par_1_15' title="bbox 276 2938 1122 2992">
     <span class='ocr_line' id='line_1_65' title="bbox 339 2938 1122 2967; baseline 0 -6"><span class='ocrx_word' id='word_1_504' title='bbox 339 2938 348 2951; x_wconf 72' lang='lat'>&#39;³</span> <span class='ocrx_word' id='word_1_505' title='bbox 365 2939 421 2967; x_wconf 89' lang='lat' dir='ltr'>Cap.</span> <span class='ocrx_word' id='word_1_506' title='bbox 439 2940 465 2966; x_wconf 75' lang='lat'>2,</span> <span class='ocrx_word' id='word_1_507' title='bbox 484 2940 504 2962; x_wconf 71' lang='lat'>4.</span> <span class='ocrx_word' id='word_1_508' title='bbox 522 2952 553 2956; x_wconf 97' lang='lat'><strong>—</strong></span> <span class='ocrx_word' id='word_1_509' title='bbox 570 2939 644 2962; x_wconf 85' lang='lat' dir='ltr'>Codd.</span> <span class='ocrx_word' id='word_1_510' title='bbox 662 2939 757 2962; x_wconf 89' lang='lat' dir='ltr'>BCDE</span> <span class='ocrx_word' id='word_1_511' title='bbox 777 2941 835 2962; x_wconf 79' lang='lat' dir='ltr'>lianc</span> <span class='ocrx_word' id='word_1_512' title='bbox 853 2939 1035 2967; x_wconf 83' lang='lat' dir='ltr'>propositionem</span> <span class='ocrx_word' id='word_1_513' title='bbox 1058 2939 1122 2961; x_wconf 87' lang='lat' dir='ltr'>omit-</span> 
     </span>
     <span class='ocr_line' id='line_1_66' title="bbox 276 2973 333 2992; baseline -0.018 0"><span class='ocrx_word' id='word_1_514' title='bbox 276 2973 333 2992; x_wconf 80' lang='lat' dir='ltr'>tunt.</span> 
     </span>
    </p>

    <p class='ocr_par' dir='ltr' id='par_1_16' title="bbox 277 3000 1123 3056">
     <span class='ocr_line' id='line_1_67' title="bbox 340 3000 1123 3031; baseline 0 -8"><span class='ocrx_word' id='word_1_515' title='bbox 340 3000 347 3013; x_wconf 83' lang='lat'>⁷</span> <span class='ocrx_word' id='word_1_516' title='bbox 365 3002 447 3023; x_wconf 88' lang='lat' dir='ltr'>Homil.</span> <span class='ocrx_word' id='word_1_517' title='bbox 466 3002 502 3023; x_wconf 75' lang='lat'>27.</span> <span class='ocrx_word' id='word_1_518' title='bbox 521 3002 543 3024; x_wconf 87' lang='lat' dir='ltr'>in</span> <span class='ocrx_word' id='word_1_519' title='bbox 561 3002 584 3024; x_wconf 90' lang='lat' dir='ltr'>ll.</span> <span class='ocrx_word' id='word_1_520' title='bbox 606 3001 658 3025; x_wconf 89' lang='lat' dir='ltr'>Cor.</span> <span class='ocrx_word' id='word_1_521' title='bbox 677 3009 698 3025; x_wconf 83' lang='lat' dir='ltr'>n.</span> <span class='ocrx_word' id='word_1_522' title='bbox 716 3003 742 3029; x_wconf 82' lang='lat'>3,</span> <span class='ocrx_word' id='word_1_523' title='bbox 766 3001 805 3025; x_wconf 87' lang='lat' dir='ltr'>ubi</span> <span class='ocrx_word' id='word_1_524' title='bbox 824 3003 879 3025; x_wconf 87' lang='lat' dir='ltr'>haec</span> <span class='ocrx_word' id='word_1_525' title='bbox 901 3005 923 3024; x_wconf 83' lang='lat' dir='ltr'>et</span> <span class='ocrx_word' id='word_1_526' title='bbox 942 3008 991 3031; x_wconf 86' lang='lat' dir='ltr'>seq.</span> <span class='ocrx_word' id='word_1_527' title='bbox 1012 3001 1123 3024; x_wconf 84' lang='lat' dir='ltr'>sententia</span> 
     </span>
     <span class='ocr_line' id='line_1_68' title="bbox 277 3032 1123 3056; baseline 0.002 -2"><span class='ocrx_word' id='word_1_528' title='bbox 277 3032 413 3055; x_wconf 87' lang='lat' dir='ltr'>insinuatur.</span> <span class='ocrx_word' id='word_1_529' title='bbox 437 3032 482 3056; x_wconf 89' lang='lat' dir='ltr'>Ct&#39;r.</span> <span class='ocrx_word' id='word_1_530' title='bbox 509 3034 587 3055; x_wconf 85' lang='lat' dir='ltr'>homil.</span> <span class='ocrx_word' id='word_1_531' title='bbox 617 3034 634 3056; x_wconf 94' lang='grc'>1.</span> <span class='ocrx_word' id='word_1_532' title='bbox 652 3034 673 3056; x_wconf 90' lang='lat' dir='ltr'>in</span> <span class='ocrx_word' id='word_1_533' title='bbox 699 3033 745 3056; x_wconf 94' lang='lat' dir='ltr'>Col.</span> <span class='ocrx_word' id='word_1_534' title='bbox 764 3040 786 3056; x_wconf 89' lang='lat' dir='ltr'>n.</span> <span class='ocrx_word' id='word_1_535' title='bbox 804 3034 827 3056; x_wconf 89' lang='lat'>3.</span> <span class='ocrx_word' id='word_1_536' title='bbox 852 3034 931 3056; x_wconf 85' lang='lat' dir='ltr'>Glossa</span> <span class='ocrx_word' id='word_1_537' title='bbox 958 3032 1123 3056; x_wconf 73' lang='lat' dir='ltr'>ordinariam</span> 
     </span>
    </p>
   </div>
   <div class='ocr_carea' id='block_1_11' title="bbox 1150 2213 1154 3035">
    <p class='ocr_par' dir='ltr' id='par_1_17' title="bbox 1150 2213 1154 3035">
     <span class='ocr_line' id='line_1_69' title="bbox 1150 2213 1154 3035; baseline 0 0"><span class='ocrx_word' id='word_1_538' title='bbox 1150 2213 1154 3035; x_wconf 95' lang='lat' dir='ltr'> </span> 
     </span>
    </p>
   </div>
   <div class='ocr_carea' id='block_1_12' title="bbox 1179 2183 2032 3061">
    <p class='ocr_par' dir='ltr' id='par_1_18' title="bbox 1179 2183 2031 2401">
     <span class='ocr_line' id='line_1_70' title="bbox 1180 2183 2031 2211; baseline 0.001 -6"><span class='ocrx_word' id='word_1_539' title='bbox 1180 2184 1256 2205; x_wconf 79' lang='lat' dir='ltr'>Matth.</span> <span class='ocrx_word' id='word_1_540' title='bbox 1273 2184 1300 2210; x_wconf 86' lang='grc'>7,</span> <span class='ocrx_word' id='word_1_541' title='bbox 1323 2184 1360 2205; x_wconf 77' lang='lat'>12:</span> <span class='ocrx_word' id='word_1_542' title='bbox 1379 2183 1437 2211; x_wconf 82' lang='lat' dir='ltr'>Quia</span> <span class='ocrx_word' id='word_1_543' title='bbox 1454 2189 1532 2205; x_wconf 79' lang='lat' dir='ltr'>amare</span> <span class='ocrx_word' id='word_1_544' title='bbox 1559 2186 1675 2205; x_wconf 79' lang='lat' dir='ltr'>amantem</span> <span class='ocrx_word' id='word_1_545' title='bbox 1704 2186 1799 2205; x_wconf 78' lang='lat' dir='ltr'>naturae</span> <span class='ocrx_word' id='word_1_546' title='bbox 1816 2186 1861 2211; x_wconf 85' lang='lat' dir='ltr'>est;</span> <span class='ocrx_word' id='word_1_547' title='bbox 1885 2190 1929 2205; x_wconf 90' lang='lat' dir='ltr'>non</span> <span class='ocrx_word' id='word_1_548' title='bbox 1953 2190 2031 2206; x_wconf 87' lang='lat' dir='ltr'>amau·</span> 
     </span>
     <span class='ocr_line' id='line_1_71' title="bbox 1181 2214 2030 2242; baseline 0.002 -6"><span class='ocrx_word' id='word_1_549' title='bbox 1181 2219 1225 2236; x_wconf 86' lang='lat' dir='ltr'>tem</span> <span class='ocrx_word' id='word_1_550' title='bbox 1244 2221 1298 2236; x_wconf 74' lang='lat' dir='ltr'>vero</span> <span class='ocrx_word' id='word_1_551' title='bbox 1316 2215 1367 2242; x_wconf 84' lang='lat' dir='ltr'>cogi</span> <span class='ocrx_word' id='word_1_552' title='bbox 1395 2214 1511 2237; x_wconf 77' lang='lat' dir='ltr'>beneficiis</span> <span class='ocrx_word' id='word_1_553' title='bbox 1536 2215 1564 2236; x_wconf 87' lang='lat' dir='ltr'>ad</span> <span class='ocrx_word' id='word_1_554' title='bbox 1591 2220 1694 2236; x_wconf 84' lang='lat' dir='ltr'>amorem</span> <span class='ocrx_word' id='word_1_555' title='bbox 1719 2215 1865 2242; x_wconf 77' lang='lat' dir='ltr'>perfectionis</span> <span class='ocrx_word' id='word_1_556' title='bbox 1891 2214 1973 2237; x_wconf 72' lang='lat' dir='ltr'>Christi</span> <span class='ocrx_word' id='word_1_557' title='bbox 1996 2219 2030 2238; x_wconf 84' lang='lat' dir='ltr'>est</span> 
     </span>
     <span class='ocr_line' id='line_1_72' title="bbox 1181 2245 2030 2275; baseline 0.001 -7"><span class='ocrx_word' id='word_1_558' title='bbox 1181 2246 1318 2271; x_wconf 81' lang='lat' dir='ltr'>(secundum</span> <span class='ocrx_word' id='word_1_559' title='bbox 1337 2245 1438 2274; x_wconf 66' lang='lat' dir='ltr'>nabau,</span> <span class='ocrx_word' id='word_1_560' title='bbox 1457 2247 1471 2268; x_wconf 88' lang='lat' dir='ltr'>l.</span> <span class='ocrx_word' id='word_1_561' title='bbox 1495 2246 1516 2268; x_wconf 88' lang='lat' dir='ltr'>in</span> <span class='ocrx_word' id='word_1_562' title='bbox 1540 2246 1616 2268; x_wconf 73' lang='lat' dir='ltr'>Malui.</span> <span class='ocrx_word' id='word_1_563' title='bbox 1633 2246 1659 2272; x_wconf 91' lang='lat'>7,</span> <span class='ocrx_word' id='word_1_564' title='bbox 1683 2246 1722 2272; x_wconf 84' lang='lat' dir='ltr'>ll,</span> <span class='ocrx_word' id='word_1_565' title='bbox 1739 2246 1778 2275; x_wconf 81' lang='lat' dir='ltr'>qui</span> <span class='ocrx_word' id='word_1_566' title='bbox 1804 2246 1908 2275; x_wconf 89' lang='lat' dir='ltr'>sequitur</span> <span class='ocrx_word' id='word_1_567' title='bbox 1931 2247 2030 2275; x_wconf 77' lang='lat' dir='ltr'>Bedam,</span> 
     </span>
     <span class='ocr_line' id='line_1_73' title="bbox 1180 2277 2029 2305; baseline 0.001 -6"><span class='ocrx_word' id='word_1_568' title='bbox 1180 2278 1203 2299; x_wconf 73' lang='lat' dir='ltr'>ll.</span> <span class='ocrx_word' id='word_1_569' title='bbox 1221 2278 1242 2299; x_wconf 92' lang='lat' dir='ltr'>in</span> <span class='ocrx_word' id='word_1_570' title='bbox 1261 2278 1316 2299; x_wconf 90' lang='lat' dir='ltr'>Luc.</span> <span class='ocrx_word' id='word_1_571' title='bbox 1333 2278 1358 2305; x_wconf 90' lang='lat'>7,</span> <span class='ocrx_word' id='word_1_572' title='bbox 1377 2278 1423 2305; x_wconf 78' lang='lat'>3¹).</span> <span class='ocrx_word' id='word_1_573' title='bbox 1442 2277 1486 2300; x_wconf 69' lang='lat' dir='ltr'>Cir.</span> <span class='ocrx_word' id='word_1_574' title='bbox 1506 2278 1587 2304; x_wconf 61' lang='lat' dir='ltr'>Hilau,</span> <span class='ocrx_word' id='word_1_575' title='bbox 1605 2278 1626 2299; x_wconf 88' lang='lat' dir='ltr'>in</span> <span class='ocrx_word' id='word_1_576' title='bbox 1645 2278 1720 2299; x_wconf 81' lang='lat' dir='ltr'>Maun.</span> <span class='ocrx_word' id='word_1_577' title='bbox 1739 2284 1758 2299; x_wconf 89' lang='lat' dir='ltr'>c.</span> <span class='ocrx_word' id='word_1_578' title='bbox 1778 2277 1797 2299; x_wconf 71' lang='grc' dir='ltr'>Ιι.</span> <span class='ocrx_word' id='word_1_579' title='bbox 1812 2284 1833 2300; x_wconf 87' lang='lat' dir='ltr'>n.</span> <span class='ocrx_word' id='word_1_580' title='bbox 1852 2278 1894 2305; x_wconf 72' lang='lat'>‘273</span> <span class='ocrx_word' id='word_1_581' title='bbox 1912 2277 2029 2304; x_wconf 72' lang='lat' dir='ltr'>Ambros..</span> 
     </span>
     <span class='ocr_line' id='line_1_74' title="bbox 1180 2308 2029 2337; baseline 0.001 -6"><span class='ocrx_word' id='word_1_582' title='bbox 1180 2309 1208 2331; x_wconf 87' lang='lat' dir='ltr'>V.</span> <span class='ocrx_word' id='word_1_583' title='bbox 1232 2310 1252 2331; x_wconf 89' lang='lat' dir='ltr'>in</span> <span class='ocrx_word' id='word_1_584' title='bbox 1279 2310 1333 2331; x_wconf 87' lang='lat' dir='ltr'>Luc.</span> <span class='ocrx_word' id='word_1_585' title='bbox 1355 2315 1376 2331; x_wconf 94' lang='lat' dir='ltr'>n.</span> <span class='ocrx_word' id='word_1_586' title='bbox 1394 2309 1432 2331; x_wconf 75' lang='lat'>75.</span> <span class='ocrx_word' id='word_1_587' title='bbox 1464 2309 1506 2331; x_wconf 77' lang='lat' dir='ltr'>Pro</span> <span class='ocrx_word' id='word_1_588' title='bbox 1524 2308 1629 2331; x_wconf 77' lang='lat' dir='ltr'>amicum</span> <span class='ocrx_word' id='word_1_589' title='bbox 1655 2308 1698 2336; x_wconf 81' lang='lat' dir='ltr'>(ita</span> <span class='ocrx_word' id='word_1_590' title='bbox 1725 2308 1804 2337; x_wconf 85' lang='lat' dir='ltr'>CDE)</span> <span class='ocrx_word' id='word_1_591' title='bbox 1831 2309 1884 2332; x_wconf 89' lang='lat' dir='ltr'>edd.</span> <span class='ocrx_word' id='word_1_592' title='bbox 1901 2311 2029 2332; x_wconf 74' lang='lat' dir='ltr'>amantem.</span> 
     </span>
     <span class='ocr_line' id='line_1_75' title="bbox 1179 2340 2030 2370; baseline 0.002 -8"><span class='ocrx_word' id='word_1_593' title='bbox 1179 2353 1210 2356; x_wconf 98' lang='lat'><strong>—</strong></span> <span class='ocrx_word' id='word_1_594' title='bbox 1229 2341 1340 2368; x_wconf 75' lang='lat' dir='ltr'>Superius</span> <span class='ocrx_word' id='word_1_595' title='bbox 1358 2347 1400 2368; x_wconf 83' lang='lat' dir='ltr'>pro</span> <span class='ocrx_word' id='word_1_596' title='bbox 1419 2346 1464 2363; x_wconf 75' lang='lat' dir='ltr'>unu</span> <span class='ocrx_word' id='word_1_597' title='bbox 1482 2340 1541 2369; x_wconf 62' lang='lat' dir='ltr'>lucit</span> <span class='ocrx_word' id='word_1_598' title='bbox 1563 2340 1605 2367; x_wconf 84' lang='lat' dir='ltr'>(ita</span> <span class='ocrx_word' id='word_1_599' title='bbox 1632 2340 1674 2363; x_wconf 86' lang='lat' dir='ltr'>BC</span> <span class='ocrx_word' id='word_1_600' title='bbox 1688 2340 1740 2369; x_wconf 86' lang='lat' dir='ltr'>DE)</span> <span class='ocrx_word' id='word_1_601' title='bbox 1763 2341 1817 2363; x_wconf 66' lang='lat' dir='ltr'>edd.</span> <span class='ocrx_word' id='word_1_602' title='bbox 1836 2346 1882 2363; x_wconf 79' lang='lat' dir='ltr'>non</span> <span class='ocrx_word' id='word_1_603' title='bbox 1905 2343 1975 2364; x_wconf 75' lang='lat' dir='ltr'>curat</span> <span class='ocrx_word' id='word_1_604' title='bbox 1997 2341 2030 2370; x_wconf 82' lang='lat' dir='ltr'>fa-</span> 
     </span>
     <span class='ocr_line' id='line_1_76' title="bbox 1180 2371 1832 2401; baseline 0.002 -8"><span class='ocrx_word' id='word_1_605' title='bbox 1180 2378 1243 2399; x_wconf 73' lang='lat' dir='ltr'>cere,</span> <span class='ocrx_word' id='word_1_606' title='bbox 1267 2378 1327 2401; x_wconf 87' lang='lat' dir='ltr'>quae</span> <span class='ocrx_word' id='word_1_607' title='bbox 1345 2373 1412 2394; x_wconf 78' lang='lat' dir='ltr'>etiam</span> <span class='ocrx_word' id='word_1_608' title='bbox 1432 2375 1483 2400; x_wconf 79' lang='lat' dir='ltr'>post</span> <span class='ocrx_word' id='word_1_609' title='bbox 1504 2371 1588 2394; x_wconf 70' lang='lat' dir='ltr'>nititur</span> <span class='ocrx_word' id='word_1_610' title='bbox 1606 2372 1695 2394; x_wconf 82' lang='lat' dir='ltr'>addunt</span> <span class='ocrx_word' id='word_1_611' title='bbox 1712 2371 1832 2394; x_wconf 74' lang='lat' dir='ltr'>laborare.</span> 
     </span>
    </p>

    <p class='ocr_par' dir='ltr' id='par_1_19' title="bbox 1180 2402 2032 2584">
     <span class='ocr_line' id='line_1_77' title="bbox 1244 2402 2032 2433; baseline 0 -7"><span class='ocrx_word' id='word_1_612' title='bbox 1244 2402 1252 2415; x_wconf 70' lang='grc' dir='ltr'>Β</span> <span class='ocrx_word' id='word_1_613' title='bbox 1271 2404 1348 2426; x_wconf 72' lang='lat' dir='ltr'>Manli.</span> <span class='ocrx_word' id='word_1_614' title='bbox 1361 2403 1382 2430; x_wconf 70' lang='grc' dir='ltr'>ὅ,</span> <span class='ocrx_word' id='word_1_615' title='bbox 1397 2403 1434 2426; x_wconf 77' lang='grc'>45.</span> <span class='ocrx_word' id='word_1_616' title='bbox 1448 2417 1479 2419; x_wconf 89' lang='grc'><strong>-</strong></span> <span class='ocrx_word' id='word_1_617' title='bbox 1492 2404 1556 2431; x_wconf 64' lang='lat' dir='ltr'>Eud„</span> <span class='ocrx_word' id='word_1_618' title='bbox 1570 2403 1741 2431; x_wconf 78' lang='lat' dir='ltr'>retragantibus</span> <span class='ocrx_word' id='word_1_619' title='bbox 1759 2404 1774 2425; x_wconf 87' lang='grc' dir='ltr'>Β</span> <span class='ocrx_word' id='word_1_620' title='bbox 1784 2403 1800 2426; x_wconf 93' lang='lat' dir='ltr'>C</span> <span class='ocrx_word' id='word_1_621' title='bbox 1813 2404 1830 2426; x_wconf 92' lang='lat' dir='ltr'>D</span> <span class='ocrx_word' id='word_1_622' title='bbox 1840 2405 1868 2430; x_wconf 83' lang='lat' dir='ltr'>E,</span> <span class='ocrx_word' id='word_1_623' title='bbox 1887 2404 1977 2432; x_wconf 81' lang='lat' dir='ltr'>legunt:</span> <span class='ocrx_word' id='word_1_624' title='bbox 1989 2404 2032 2433; x_wconf 75' lang='lat' dir='ltr'>qul</span> 
     </span>
     <span class='ocr_line' id='line_1_78' title="bbox 1180 2435 2030 2465; baseline 0.001 -8"><span class='ocrx_word' id='word_1_625' title='bbox 1180 2441 1235 2457; x_wconf 75' lang='lat' dir='ltr'>eum</span> <span class='ocrx_word' id='word_1_626' title='bbox 1252 2435 1284 2458; x_wconf 76' lang='lat' dir='ltr'>ud</span> <span class='ocrx_word' id='word_1_627' title='bbox 1301 2435 1430 2464; x_wconf 67' lang='lat' dir='ltr'>imuffl&#39;nem</span> <span class='ocrx_word' id='word_1_628' title='bbox 1442 2441 1512 2458; x_wconf 73' lang='lat' dir='ltr'>suam</span> <span class='ocrx_word' id='word_1_629' title='bbox 1530 2435 1619 2457; x_wconf 69' lang='lat' dir='ltr'>creat-lt</span> <span class='ocrx_word' id='word_1_630' title='bbox 1636 2436 1658 2458; x_wconf 75' lang='lat' dir='ltr'>et</span> <span class='ocrx_word' id='word_1_631' title='bbox 1674 2440 1773 2464; x_wconf 74' lang='lat' dir='ltr'>corpore</span> <span class='ocrx_word' id='word_1_632' title='bbox 1785 2440 1828 2458; x_wconf 80' lang='lat' dir='ltr'>suo</span> <span class='ocrx_word' id='word_1_633' title='bbox 1847 2435 1928 2465; x_wconf 69' lang='lat' dir='ltr'>refecit</span> <span class='ocrx_word' id='word_1_634' title='bbox 1943 2436 1966 2458; x_wconf 78' lang='lat' dir='ltr'>et</span> <span class='ocrx_word' id='word_1_635' title='bbox 1976 2441 2030 2458; x_wconf 78' lang='lat' dir='ltr'>san-</span> 
     </span>
     <span class='ocr_line' id='line_1_79' title="bbox 1180 2466 2026 2496; baseline 0 -7"><span class='ocrx_word' id='word_1_636' title='bbox 1180 2466 1251 2496; x_wconf 63' lang='lat' dir='ltr'>quine</span> <span class='ocrx_word' id='word_1_637' title='bbox 1268 2472 1312 2489; x_wconf 79' lang='lat' dir='ltr'>suo</span> <span class='ocrx_word' id='word_1_638' title='bbox 1329 2466 1440 2493; x_wconf 74' lang='lat' dir='ltr'>redemit,</span> <span class='ocrx_word' id='word_1_639' title='bbox 1463 2466 1520 2496; x_wconf 77' lang='lat' dir='ltr'>quia</span> <span class='ocrx_word' id='word_1_640' title='bbox 1541 2466 1639 2496; x_wconf 63' lang='lat' dir='ltr'>clamet-e</span> <span class='ocrx_word' id='word_1_641' title='bbox 1656 2472 1703 2489; x_wconf 80' lang='lat' dir='ltr'>non</span> <span class='ocrx_word' id='word_1_642' title='bbox 1724 2468 1845 2489; x_wconf 77' lang='lat' dir='ltr'>amantem</span> <span class='ocrx_word' id='word_1_643' title='bbox 1866 2466 1959 2496; x_wconf 73' lang='lat' dir='ltr'>yrcilicze</span> <span class='ocrx_word' id='word_1_644' title='bbox 1981 2467 2026 2495; x_wconf 71' lang='lat' dir='ltr'>est,</span> 
     </span>
     <span class='ocr_line' id='line_1_80' title="bbox 1180 2497 2030 2528; baseline 0.001 -8"><span class='ocrx_word' id='word_1_645' title='bbox 1180 2499 1208 2520; x_wconf 78' lang='lat' dir='ltr'>ut</span> <span class='ocrx_word' id='word_1_646' title='bbox 1223 2497 1278 2521; x_wconf 67' lang='lat' dir='ltr'>elit-it</span> <span class='ocrx_word' id='word_1_647' title='bbox 1296 2498 1495 2527; x_wconf 71' lang='lat' dir='ltr'>Chrysostowns;</span> <span class='ocrx_word' id='word_1_648' title='bbox 1513 2497 1554 2527; x_wconf 78' lang='lat' dir='ltr'>qui</span> <span class='ocrx_word' id='word_1_649' title='bbox 1571 2497 1614 2521; x_wconf 76' lang='lat' dir='ltr'>lzoc</span> <span class='ocrx_word' id='word_1_650' title='bbox 1634 2498 1712 2527; x_wconf 78' lang='lat' dir='ltr'>facere</span> <span class='ocrx_word' id='word_1_651' title='bbox 1729 2503 1778 2520; x_wconf 80' lang='lat' dir='ltr'>mm</span> <span class='ocrx_word' id='word_1_652' title='bbox 1800 2499 1883 2526; x_wconf 76' lang='lat' dir='ltr'>curat,</span> <span class='ocrx_word' id='word_1_653' title='bbox 1905 2497 1970 2528; x_wconf 76' lang='lat' dir='ltr'>filius</span> <span class='ocrx_word' id='word_1_654' title='bbox 1989 2498 2030 2521; x_wconf 80' lang='lat' dir='ltr'>Dei</span> 
     </span>
     <span class='ocr_line' id='line_1_81' title="bbox 1180 2529 2029 2583; baseline 0 -31"><span class='ocrx_word' id='word_1_655' title='bbox 1180 2536 1231 2583; x_wconf 56' lang='lat' dir='ltr'>esset.</span> <span class='ocrx_word' id='word_1_656' title='bbox 1253 2531 1360 2557; x_wconf 72' lang='lat' dir='ltr'>recusat,</span> <span class='ocrx_word' id='word_1_657' title='bbox 1388 2529 1430 2559; x_wconf 82' lang='lat' dir='ltr'>qui</span> <span class='ocrx_word' id='word_1_658' title='bbox 1450 2529 1509 2559; x_wconf 77' lang='lat' dir='ltr'>facit</span> <span class='ocrx_word' id='word_1_659' title='bbox 1532 2529 1605 2552; x_wconf 83' lang='lat' dir='ltr'>solem.</span> <span class='ocrx_word' id='word_1_660' title='bbox 1630 2536 1703 2552; x_wconf 78' lang='lat' dir='ltr'>suum</span> <span class='ocrx_word' id='word_1_661' title='bbox 1729 2529 1790 2552; x_wconf 66' lang='lat' dir='ltr'>oriri</span> <span class='ocrx_word' id='word_1_662' title='bbox 1814 2535 1886 2559; x_wconf 79' lang='lat' dir='ltr'>super</span> <span class='ocrx_word' id='word_1_663' title='bbox 1912 2529 1984 2553; x_wconf 78' lang='lat' dir='ltr'>[Jonos</span> <span class='ocrx_word' id='word_1_664' title='bbox 2008 2531 2029 2552; x_wconf 71' lang='lat' dir='ltr'>et</span> 
     </span>
     <span class='ocr_line' id='line_1_82' title="bbox 1180 2567 1264 2584; baseline 0.012 -1"><span class='ocrx_word' id='word_1_665' title='bbox 1180 2567 1219 2583; x_wconf 80' lang='lat' dir='ltr'>ma</span> <span class='ocrx_word' id='word_1_666' title='bbox 1232 2567 1264 2584; x_wconf 76' lang='lat' dir='ltr'>os.</span> 
     </span>
    </p>

    <p class='ocr_par' dir='ltr' id='par_1_20' title="bbox 1180 2591 2030 2842">
     <span class='ocr_line' id='line_1_83' title="bbox 1244 2591 2028 2620; baseline 0 -6"><span class='ocrx_word' id='word_1_667' title='bbox 1244 2591 1253 2604; x_wconf 74' lang='lat'><strong>⁹</strong></span> <span class='ocrx_word' id='word_1_668' title='bbox 1271 2593 1337 2615; x_wconf 82' lang='lat' dir='ltr'>Vers.</span> <span class='ocrx_word' id='word_1_669' title='bbox 1355 2592 1391 2614; x_wconf 68' lang='lat' dir='ltr'>tt.</span> <span class='ocrx_word' id='word_1_670' title='bbox 1403 2606 1433 2608; x_wconf 85' lang='lat'>-—</span> <span class='ocrx_word' id='word_1_671' title='bbox 1446 2592 1503 2614; x_wconf 84' lang='lat' dir='ltr'>Edd.</span> <span class='ocrx_word' id='word_1_672' title='bbox 1516 2598 1569 2614; x_wconf 87' lang='lat' dir='ltr'>cum</span> <span class='ocrx_word' id='word_1_673' title='bbox 1582 2593 1610 2620; x_wconf 79' lang='grc' dir='ltr'>Α,</span> <span class='ocrx_word' id='word_1_674' title='bbox 1624 2591 1794 2620; x_wconf 77' lang='lat' dir='ltr'>refragantibus</span> <span class='ocrx_word' id='word_1_675' title='bbox 1809 2592 1825 2614; x_wconf 78' lang='grc' dir='ltr'>Β</span> <span class='ocrx_word' id='word_1_676' title='bbox 1835 2591 1851 2615; x_wconf 92' lang='lat' dir='ltr'>C</span> <span class='ocrx_word' id='word_1_677' title='bbox 1862 2592 1879 2614; x_wconf 92' lang='lat' dir='ltr'>D</span> <span class='ocrx_word' id='word_1_678' title='bbox 1889 2593 1911 2620; x_wconf 88' lang='grc' dir='ltr'>Ε,</span> <span class='ocrx_word' id='word_1_679' title='bbox 1929 2592 2028 2615; x_wconf 88' lang='lat' dir='ltr'>addunt:</span> 
     </span>
     <span class='ocr_line' id='line_1_84' title="bbox 1181 2623 2029 2654; baseline 0 -8"><span class='ocrx_word' id='word_1_680' title='bbox 1181 2624 1246 2646; x_wconf 85' lang='lat' dir='ltr'>Unde</span> <span class='ocrx_word' id='word_1_681' title='bbox 1263 2630 1333 2652; x_wconf 85' lang='lat' dir='ltr'>super</span> <span class='ocrx_word' id='word_1_682' title='bbox 1351 2624 1406 2646; x_wconf 92' lang='lat' dir='ltr'>illud</span> <span class='ocrx_word' id='word_1_683' title='bbox 1425 2624 1530 2646; x_wconf 80' lang='lat' dir='ltr'>Matthaei</span> <span class='ocrx_word' id='word_1_684' title='bbox 1547 2624 1627 2652; x_wconf 82' lang='lat' dir='ltr'>quinto</span> <span class='ocrx_word' id='word_1_685' title='bbox 1645 2623 1679 2653; x_wconf 90' lang='lat' dir='ltr'>[v.</span> <span class='ocrx_word' id='word_1_686' title='bbox 1697 2623 1757 2652; x_wconf 80' lang='lat'>45.]:</span> <span class='ocrx_word' id='word_1_687' title='bbox 1771 2624 1800 2647; x_wconf 75' lang='lat' dir='ltr'>Ut</span> <span class='ocrx_word' id='word_1_688' title='bbox 1817 2623 1867 2646; x_wconf 69' lang='lat' dir='ltr'>sicis</span> <span class='ocrx_word' id='word_1_689' title='bbox 1884 2623 1930 2654; x_wconf 75' lang='lat' dir='ltr'>filii</span> <span class='ocrx_word' id='word_1_690' title='bbox 1950 2623 2029 2647; x_wconf 76' lang='lat' dir='ltr'>Patris</span> 
     </span>
     <span class='ocr_line' id='line_1_85' title="bbox 1180 2654 2030 2684; baseline -0.001 -6"><span class='ocrx_word' id='word_1_691' title='bbox 1180 2655 1267 2683; x_wconf 75' lang='lat' dir='ltr'>vestri,</span> <span class='ocrx_word' id='word_1_692' title='bbox 1288 2656 1343 2678; x_wconf 88' lang='lat' dir='ltr'>dicit</span> <span class='ocrx_word' id='word_1_693' title='bbox 1368 2656 1446 2677; x_wconf 84' lang='lat' dir='ltr'>Glossa</span> <span class='ocrx_word' id='word_1_694' title='bbox 1466 2655 1560 2684; x_wconf 88' lang='lat' dir='ltr'>[scilicet</span> <span class='ocrx_word' id='word_1_695' title='bbox 1577 2654 1703 2678; x_wconf 75' lang='lat' dir='ltr'>ordinaria</span> <span class='ocrx_word' id='word_1_696' title='bbox 1720 2655 1743 2677; x_wconf 91' lang='lat' dir='ltr'>in</span> <span class='ocrx_word' id='word_1_697' title='bbox 1766 2661 1787 2677; x_wconf 89' lang='lat' dir='ltr'>v.</span> <span class='ocrx_word' id='word_1_698' title='bbox 1815 2655 1875 2684; x_wconf 63' lang='lat' dir='ltr'>liS.]:</span> <span class='ocrx_word' id='word_1_699' title='bbox 1897 2654 2030 2677; x_wconf 72' lang='lat' dir='ltr'>«Cumulus</span> 
     </span>
     <span class='ocr_line' id='line_1_86' title="bbox 1181 2686 2028 2715; baseline -0.001 -6"><span class='ocrx_word' id='word_1_700' title='bbox 1181 2687 1328 2715; x_wconf 75' lang='lat' dir='ltr'>perfectionis</span> <span class='ocrx_word' id='word_1_701' title='bbox 1344 2689 1389 2715; x_wconf 89' lang='lat' dir='ltr'>est,</span> <span class='ocrx_word' id='word_1_702' title='bbox 1408 2687 1513 2709; x_wconf 89' lang='lat' dir='ltr'>inimicos</span> <span class='ocrx_word' id='word_1_703' title='bbox 1530 2687 1627 2714; x_wconf 78' lang='lat' dir='ltr'>diligere</span> <span class='ocrx_word' id='word_1_704' title='bbox 1644 2689 1666 2709; x_wconf 86' lang='lat' dir='ltr'>et</span> <span class='ocrx_word' id='word_1_705' title='bbox 1683 2693 1726 2714; x_wconf 83' lang='lat' dir='ltr'>pro</span> <span class='ocrx_word' id='word_1_706' title='bbox 1744 2686 1799 2714; x_wconf 88' lang='lat' dir='ltr'>ipsis</span> <span class='ocrx_word' id='word_1_707' title='bbox 1816 2687 1938 2714; x_wconf 84' lang='lat' dir='ltr'>diligenter</span> <span class='ocrx_word' id='word_1_708' title='bbox 1950 2692 2028 2714; x_wconf 82' lang='lat' dir='ltr'>orare,</span> 
     </span>
     <span class='ocr_line' id='line_1_87' title="bbox 1180 2718 2027 2746; baseline -0.001 -5"><span class='ocrx_word' id='word_1_709' title='bbox 1180 2719 1239 2741; x_wconf 87' lang='lat' dir='ltr'>sicut</span> <span class='ocrx_word' id='word_1_710' title='bbox 1258 2719 1308 2741; x_wconf 77' lang='lat' dir='ltr'>fecit</span> <span class='ocrx_word' id='word_1_711' title='bbox 1330 2718 1471 2745; x_wconf 71' lang='lat' dir='ltr'>Clu-istus»,</span> <span class='ocrx_word' id='word_1_712' title='bbox 1493 2721 1515 2741; x_wconf 86' lang='lat' dir='ltr'>et</span> <span class='ocrx_word' id='word_1_713' title='bbox 1537 2719 1580 2740; x_wconf 86' lang='lat' dir='ltr'>alia</span> <span class='ocrx_word' id='word_1_714' title='bbox 1598 2719 1677 2741; x_wconf 83' lang='lat' dir='ltr'>Glossa</span> <span class='ocrx_word' id='word_1_715' title='bbox 1700 2724 1771 2746; x_wconf 83' lang='lat' dir='ltr'>super</span> <span class='ocrx_word' id='word_1_716' title='bbox 1790 2718 1846 2740; x_wconf 90' lang='lat' dir='ltr'>illud</span> <span class='ocrx_word' id='word_1_717' title='bbox 1864 2718 1939 2740; x_wconf 80' lang='lat' dir='ltr'>Lucae</span> <span class='ocrx_word' id='word_1_718' title='bbox 1964 2720 2027 2740; x_wconf 84' lang='lat' dir='ltr'>sexto</span> 
     </span>
     <span class='ocr_line' id='line_1_88' title="bbox 1181 2749 2027 2779; baseline -0.001 -7"><span class='ocrx_word' id='word_1_719' title='bbox 1181 2750 1213 2779; x_wconf 92' lang='lat' dir='ltr'>[v.</span> <span class='ocrx_word' id='word_1_720' title='bbox 1231 2750 1290 2779; x_wconf 81' lang='lat'>27.]:</span> <span class='ocrx_word' id='word_1_721' title='bbox 1308 2749 1440 2779; x_wconf 75' lang='lat' dir='ltr'>Benefact&#39;le</span> <span class='ocrx_word' id='word_1_722' title='bbox 1457 2753 1500 2772; x_wconf 83' lang='lat' dir='ltr'>ete.</span> <span class='ocrx_word' id='word_1_723' title='bbox 1524 2750 1591 2772; x_wconf 83' lang='lat' dir='ltr'>dicit:</span> <span class='ocrx_word' id='word_1_724' title='bbox 1613 2758 1623 2770; x_wconf 74' lang='lat' dir='ltr'>n</span> <span class='ocrx_word' id='word_1_725' title='bbox 1636 2750 1684 2772; x_wconf 83' lang='lat' dir='ltr'>Non</span> <span class='ocrx_word' id='word_1_726' title='bbox 1703 2752 1791 2772; x_wconf 82' lang='lat' dir='ltr'>tantum</span> <span class='ocrx_word' id='word_1_727' title='bbox 1809 2750 1837 2772; x_wconf 90' lang='lat' dir='ltr'>ad</span> <span class='ocrx_word' id='word_1_728' title='bbox 1861 2749 1964 2776; x_wconf 86' lang='lat' dir='ltr'>amicos,</span> <span class='ocrx_word' id='word_1_729' title='bbox 1987 2749 2027 2772; x_wconf 88' lang='lat' dir='ltr'>sed</span> 
     </span>
     <span class='ocr_line' id='line_1_89' title="bbox 1180 2780 2028 2809; baseline 0 -6"><span class='ocrx_word' id='word_1_730' title='bbox 1180 2782 1248 2803; x_wconf 82' lang='lat' dir='ltr'>etiam</span> <span class='ocrx_word' id='word_1_731' title='bbox 1267 2782 1296 2804; x_wconf 89' lang='lat' dir='ltr'>ad</span> <span class='ocrx_word' id='word_1_732' title='bbox 1313 2782 1419 2804; x_wconf 84' lang='lat' dir='ltr'>inimicos</span> <span class='ocrx_word' id='word_1_733' title='bbox 1436 2781 1550 2804; x_wconf 83' lang='lat' dir='ltr'>extendite</span> <span class='ocrx_word' id='word_1_734' title='bbox 1567 2787 1637 2809; x_wconf 85' lang='lat' dir='ltr'>opera</span> <span class='ocrx_word' id='word_1_735' title='bbox 1650 2781 1762 2809; x_wconf 78' lang='lat' dir='ltr'>caritatis,</span> <span class='ocrx_word' id='word_1_736' title='bbox 1781 2783 1805 2803; x_wconf 91' lang='lat' dir='ltr'>ut</span> <span class='ocrx_word' id='word_1_737' title='bbox 1821 2781 1889 2803; x_wconf 84' lang='lat' dir='ltr'>amici</span> <span class='ocrx_word' id='word_1_738' title='bbox 1908 2786 1959 2803; x_wconf 83' lang='lat' dir='ltr'>esse</span> <span class='ocrx_word' id='word_1_739' title='bbox 1976 2780 2028 2803; x_wconf 89' lang='lat' dir='ltr'>inci-</span> 
     </span>
     <span class='ocr_line' id='line_1_90' title="bbox 1181 2812 1752 2842; baseline 0 -8"><span class='ocrx_word' id='word_1_740' title='bbox 1181 2813 1268 2841; x_wconf 80' lang='lat' dir='ltr'>piant»</span> <span class='ocrx_word' id='word_1_741' title='bbox 1290 2813 1377 2842; x_wconf 87' lang='lat' dir='ltr'>[Glossa</span> <span class='ocrx_word' id='word_1_742' title='bbox 1395 2812 1521 2836; x_wconf 76' lang='lat' dir='ltr'>ordinaria</span> <span class='ocrx_word' id='word_1_743' title='bbox 1539 2813 1561 2835; x_wconf 87' lang='lat' dir='ltr'>in</span> <span class='ocrx_word' id='word_1_744' title='bbox 1579 2813 1633 2835; x_wconf 84' lang='lat' dir='ltr'>Luc.</span> <span class='ocrx_word' id='word_1_745' title='bbox 1651 2813 1677 2840; x_wconf 80' lang='grc'>6,</span> <span class='ocrx_word' id='word_1_746' title='bbox 1696 2812 1752 2841; x_wconf 89' lang='grc'>31.].</span> 
     </span>
    </p>

    <p class='ocr_par' dir='ltr' id='par_1_21' title="bbox 1181 2842 2031 3061">
     <span class='ocr_line' id='line_1_91' title="bbox 1244 2842 2031 2873; baseline -0.001 -6"><span class='ocrx_word' id='word_1_747' title='bbox 1244 2843 1264 2857; x_wconf 83' lang='lat'>¹⁰</span> <span class='ocrx_word' id='word_1_748' title='bbox 1281 2844 1326 2867; x_wconf 82' lang='lat' dir='ltr'>Csr.</span> <span class='ocrx_word' id='word_1_749' title='bbox 1344 2845 1420 2867; x_wconf 78' lang='lat' dir='ltr'>Mattli.</span> <span class='ocrx_word' id='word_1_750' title='bbox 1438 2844 1465 2873; x_wconf 82' lang='lat'>5,</span> <span class='ocrx_word' id='word_1_751' title='bbox 1483 2844 1519 2866; x_wconf 73' lang='lat'>46.</span> <span class='ocrx_word' id='word_1_752' title='bbox 1532 2857 1563 2861; x_wconf 89' lang='lat'><strong>—</strong></span> <span class='ocrx_word' id='word_1_753' title='bbox 1575 2844 1632 2866; x_wconf 86' lang='lat' dir='ltr'>Edd.</span> <span class='ocrx_word' id='word_1_754' title='bbox 1649 2850 1702 2866; x_wconf 85' lang='lat' dir='ltr'>cum</span> <span class='ocrx_word' id='word_1_755' title='bbox 1717 2846 1735 2866; x_wconf 86' lang='grc' dir='ltr'>Α</span> <span class='ocrx_word' id='word_1_756' title='bbox 1753 2843 1854 2866; x_wconf 87' lang='lat' dir='ltr'>addunt:</span> <span class='ocrx_word' id='word_1_757' title='bbox 1871 2843 1913 2873; x_wconf 71' lang='lat' dir='ltr'>qui</span> <span class='ocrx_word' id='word_1_758' title='bbox 1928 2842 2031 2873; x_wconf 65' lang='lat' dir='ltr'>dile‘qimt</span> 
     </span>
     <span class='ocr_line' id='line_1_92' title="bbox 1181 2875 2029 2905; baseline -0.002 -6"><span class='ocrx_word' id='word_1_759' title='bbox 1181 2882 1219 2899; x_wconf 76' lang='lat' dir='ltr'>eos</span> <span class='ocrx_word' id='word_1_760' title='bbox 1237 2875 1279 2905; x_wconf 79' lang='lat' dir='ltr'>qui</span> <span class='ocrx_word' id='word_1_761' title='bbox 1294 2882 1318 2899; x_wconf 79' lang='lat' dir='ltr'>se</span> <span class='ocrx_word' id='word_1_762' title='bbox 1335 2875 1443 2905; x_wconf 69' lang='lat' dir='ltr'>diliqzmt.</span> <span class='ocrx_word' id='word_1_763' title='bbox 1463 2876 1512 2898; x_wconf 90' lang='lat' dir='ltr'>Duo</span> <span class='ocrx_word' id='word_1_764' title='bbox 1530 2882 1594 2904; x_wconf 82' lang='lat' dir='ltr'>seqq.</span> <span class='ocrx_word' id='word_1_765' title='bbox 1619 2875 1724 2898; x_wconf 82' lang='lat' dir='ltr'>membra</span> <span class='ocrx_word' id='word_1_766' title='bbox 1741 2875 1794 2897; x_wconf 89' lang='lat' dir='ltr'>edd.</span> <span class='ocrx_word' id='word_1_767' title='bbox 1813 2881 1865 2897; x_wconf 87' lang='lat' dir='ltr'>cum</span> <span class='ocrx_word' id='word_1_768' title='bbox 1884 2876 1902 2897; x_wconf 86' lang='grc' dir='ltr'>Α</span> <span class='ocrx_word' id='word_1_769' title='bbox 1926 2875 1959 2897; x_wconf 87' lang='lat' dir='ltr'>sic</span> <span class='ocrx_word' id='word_1_770' title='bbox 1977 2881 2029 2902; x_wconf 74' lang='lat' dir='ltr'>pro-</span> 
     </span>
     <span class='ocr_line' id='line_1_93' title="bbox 1181 2905 2029 2935; baseline -0.001 -5"><span class='ocrx_word' id='word_1_771' title='bbox 1181 2910 1285 2935; x_wconf 85' lang='lat' dir='ltr'>ponunt:</span> <span class='ocrx_word' id='word_1_772' title='bbox 1304 2908 1326 2930; x_wconf 88' lang='lat' dir='ltr'>lu</span> <span class='ocrx_word' id='word_1_773' title='bbox 1344 2908 1446 2930; x_wconf 86' lang='lat' dir='ltr'>secundo</span> <span class='ocrx_word' id='word_1_774' title='bbox 1468 2910 1527 2930; x_wconf 83' lang='lat' dir='ltr'>stant</span> <span class='ocrx_word' id='word_1_775' title='bbox 1547 2907 1642 2935; x_wconf 84' lang='lat' dir='ltr'>perfecti</span> <span class='ocrx_word' id='word_1_776' title='bbox 1665 2906 1799 2933; x_wconf 79' lang='lat' dir='ltr'>Christiani,</span> <span class='ocrx_word' id='word_1_777' title='bbox 1817 2907 1857 2935; x_wconf 88' lang='lat' dir='ltr'>qui</span> <span class='ocrx_word' id='word_1_778' title='bbox 1874 2905 2029 2929; x_wconf 68' lang='lat' dir='ltr'>maledicenti-</span> 
     </span>
     <span class='ocr_line' id='line_1_94' title="bbox 1181 2937 2028 2968; baseline -0.001 -7"><span class='ocrx_word' id='word_1_779' title='bbox 1181 2938 1224 2962; x_wconf 82' lang='lat' dir='ltr'>bus</span> <span class='ocrx_word' id='word_1_780' title='bbox 1242 2938 1379 2962; x_wconf 71' lang='lat' dir='ltr'>benedicunt</span> <span class='ocrx_word' id='word_1_781' title='bbox 1397 2938 1447 2968; x_wconf 77' lang='lat' dir='ltr'>[cfr.</span> <span class='ocrx_word' id='word_1_782' title='bbox 1464 2939 1519 2961; x_wconf 89' lang='lat' dir='ltr'>Luc.</span> <span class='ocrx_word' id='word_1_783' title='bbox 1537 2939 1564 2965; x_wconf 85' lang='grc'>6,</span> <span class='ocrx_word' id='word_1_784' title='bbox 1582 2938 1641 2967; x_wconf 81' lang='lat'>28.];</span> <span class='ocrx_word' id='word_1_785' title='bbox 1660 2938 1682 2960; x_wconf 90' lang='lat' dir='ltr'>in</span> <span class='ocrx_word' id='word_1_786' title='bbox 1700 2938 1765 2960; x_wconf 83' lang='lat' dir='ltr'>tertio</span> <span class='ocrx_word' id='word_1_787' title='bbox 1786 2940 1846 2960; x_wconf 84' lang='lat' dir='ltr'>stant</span> <span class='ocrx_word' id='word_1_788' title='bbox 1868 2937 2028 2966; x_wconf 82' lang='lat' dir='ltr'>perfectissimi</span> 
     </span>
     <span class='ocr_line' id='line_1_95' title="bbox 1181 2969 2029 2998; baseline -0.001 -6"><span class='ocrx_word' id='word_1_789' title='bbox 1181 2970 1302 2998; x_wconf 53' lang='lat' dir='ltr'>Religion,</span> <span class='ocrx_word' id='word_1_790' title='bbox 1320 2970 1393 2992; x_wconf 93' lang='lat' dir='ltr'>immo</span> <span class='ocrx_word' id='word_1_791' title='bbox 1411 2970 1526 2997; x_wconf 83' lang='lat' dir='ltr'>Christus,</span> <span class='ocrx_word' id='word_1_792' title='bbox 1544 2970 1584 2998; x_wconf 82' lang='lat' dir='ltr'>qui</span> <span class='ocrx_word' id='word_1_793' title='bbox 1599 2970 1678 2992; x_wconf 82' lang='lat' dir='ltr'>ludam</span> <span class='ocrx_word' id='word_1_794' title='bbox 1701 2970 1731 2992; x_wconf 83' lang='lat' dir='ltr'>ad</span> <span class='ocrx_word' id='word_1_795' title='bbox 1754 2975 1858 2992; x_wconf 82' lang='lat' dir='ltr'>amorem</span> <span class='ocrx_word' id='word_1_796' title='bbox 1876 2975 1944 2991; x_wconf 88' lang='lat' dir='ltr'>suum</span> <span class='ocrx_word' id='word_1_797' title='bbox 1964 2969 2029 2991; x_wconf 84' lang='lat' dir='ltr'>traxit</span> 
     </span>
     <span class='ocr_line' id='line_1_96' title="bbox 1181 3000 2028 3030; baseline -0.002 -6"><span class='ocrx_word' id='word_1_798' title='bbox 1181 3001 1345 3030; x_wconf 81' lang='lat' dir='ltr'>benignissime</span> <span class='ocrx_word' id='word_1_799' title='bbox 1362 3002 1501 3028; x_wconf 81' lang='lat' dir='ltr'>osculando,</span> <span class='ocrx_word' id='word_1_800' title='bbox 1519 3001 1590 3029; x_wconf 78' lang='lat' dir='ltr'>pedes</span> <span class='ocrx_word' id='word_1_801' title='bbox 1607 3001 1719 3029; x_wconf 85' lang='lat' dir='ltr'>lavando,</span> <span class='ocrx_word' id='word_1_802' title='bbox 1737 3007 1778 3024; x_wconf 85' lang='lat' dir='ltr'>sua</span> <span class='ocrx_word' id='word_1_803' title='bbox 1796 3007 1864 3023; x_wconf 80' lang='lat' dir='ltr'>carne</span> <span class='ocrx_word' id='word_1_804' title='bbox 1886 3000 1984 3023; x_wconf 83' lang='lat' dir='ltr'>cibando</span> <span class='ocrx_word' id='word_1_805' title='bbox 2008 3003 2028 3022; x_wconf 83' lang='lat' dir='ltr'>et</span> 
     </span>
     <span class='ocr_line' id='line_1_97' title="bbox 1181 3032 1670 3061; baseline -0.002 -5"><span class='ocrx_word' id='word_1_806' title='bbox 1181 3034 1205 3055; x_wconf 91' lang='lat' dir='ltr'>in</span> <span class='ocrx_word' id='word_1_807' title='bbox 1222 3039 1291 3056; x_wconf 85' lang='lat' dir='ltr'>cruce</span> <span class='ocrx_word' id='word_1_808' title='bbox 1308 3039 1350 3061; x_wconf 81' lang='lat' dir='ltr'>pro</span> <span class='ocrx_word' id='word_1_809' title='bbox 1368 3032 1556 3061; x_wconf 81' lang='lat' dir='ltr'>persecutoribus</span> <span class='ocrx_word' id='word_1_810' title='bbox 1572 3032 1670 3055; x_wconf 85' lang='lat' dir='ltr'>orando.</span> 
     </span>
    </p>
   </div>
   <div class='ocr_carea' id='block_1_13' title="bbox 2048 1338 2133 1359">
    <p class='ocr_par' dir='ltr' id='par_1_22' title="bbox 2048 1338 2133 1359">
     <span class='ocr_line' id='line_1_98' title="bbox 2048 1338 2133 1359; baseline 0.012 -1"><span class='ocrx_word' id='word_1_811' title='bbox 2048 1338 2120 1358; x_wconf 79' lang='lat' dir='ltr'>Distinc</span> <span class='ocrx_word' id='word_1_812' title='bbox 2129 1340 2133 1359; x_wconf 95' lang='lat' dir='ltr'>l</span> 
     </span>
    </p>
   </div>
   <div class='ocr_carea' id='block_1_14' title="bbox 2119 1415 2121 1444">
    <p class='ocr_par' dir='ltr' id='par_1_23' title="bbox 2119 1415 2121 1444">
     <span class='ocr_line' id='line_1_99' title="bbox 2119 1415 2121 1444; baseline 0 0"><span class='ocrx_word' id='word_1_813' title='bbox 2119 1415 2121 1444; x_wconf 82' lang='lat' dir='ltr'>l</span> 
     </span>
    </p>
   </div>
   <div class='ocr_carea' id='block_1_15' title="bbox 2118 1635 2126 2907">
    <p class='ocr_par' dir='ltr' id='par_1_24' title="bbox 2118 1635 2126 2907">
     <span class='ocr_line' id='line_1_100' title="bbox 2118 1635 2126 2907; baseline 0 0"><span class='ocrx_word' id='word_1_814' title='bbox 2118 1635 2126 2907; x_wconf 95' lang='lat' dir='ltr'> </span> 
     </span>
    </p>
   </div>
  </div>
 </body>
</html>
