2133 3317
129 1248 258 1267 Continuatur.

130 1958 157 1976 De
166 1958 263 1981 parochia-

148 1982 198 2000 libus
211 2005 215 2008 ⁴
219 1986 263 2008 coe-

150 2008 240 2024 meteriis.

137 2287 206 2305 Contra
217 2286 266 2305 elee-

132 2315 218 2334 mosynas
225 2315 266 2333 per-

131 2336 204 2357 petuas.

146 2521 259 2540 Notandum.

276 231 332 260 [166

277 309 437 338 Visitatores
460 306 664 336 Provinciarum
687 306 869 332 amoveantur
891 306 942 331 etc.
958 303 1009 339 Qui
1032 306 1125 331 autem

275 356 379 385 fuerint
401 358 620 390 transgressores
640 349 844 379 constitutionis
866 349 953 386 ipsius
975 349 1018 377 vel
1046 357 1126 385 para—

275 402 373 440 graphi
396 400 517 438 graviter
538 398 706 435 puniantur,
738 400 765 425 et
797 396 964 433 principales
995 395 1028 424 de
1060 395 1127 424 locis

278 448 496 479 irrevocabiliter
518 446 706 482 expellantur,
728 443 779 472 nisi
802 451 851 479 per
872 443 1029 471 Ministrum
1044 450 1126 479 gene-

277 498 361 526 ralem
384 495 488 524 fuerint
510 492 640 522 restituti.
663 492 695 519 Et
715 491 749 519 ad
771 491 823 519 1106
844 490 963 518 firmiter
980 492 1126 517 teneantur

275 545 451 575 Visitatores,
474 541 495 569 si
518 539 632 568 Ministri
655 538 759 566 fuerint
781 537 965 574 negligentes3
988 536 1035 572 qui
1055 535 1127 564 nihi—

275 591 394 620 lominus
415 589 475 617 loca
496 587 607 615 illarum
631 585 855 618 Provinciarum,
871 591 941 620 quas
956 583 1083 616 visitant,
1098 582 1127 611 in

277 636 434 667 huiusmodi
457 634 556 663 vitiosa
576 632 742 662 denuntiare
762 631 881 659 debeant
901 630 1023 667 generali
1048 629 1127 666 Capi-

275 685 333 713 tulo
355 691 404 720 per
425 680 608 711 obedientiam
630 680 789 708 salutarem.
812 678 844 706 Et
865 680 979 714 propter
994 684 1127 705 excessus

275 733 329 760 iam
352 731 437 759 factos
458 729 532 757 circa
555 726 729 759 huiusmodi,
752 733 786 753 ne
804 725 952 753 trahantur
967 724 995 752 in
1010 731 1127 752 consue-

275 779 414 811 tudinem,
437 774 624 813 praecipimus
645 772 788 801 Fratribus
810 771 965 805 universis,
987 773 1019 799 ut
1033 770 1127 799 nullus

276 833 325 863 per
346 832 375 853 se
396 823 440 852 vel
461 830 510 859 per
532 821 632 854 alium,
654 828 704 856 per
724 826 917 856 quascumque
946 825 1078 854 personas
1099 817 1127 845 in

277 872 379 901 Ordine
401 870 444 899 vel
466 871 548 898 extra
569 867 700 896 Ordinem
722 866 825 895 ducere
840 865 884 894 vel
899 865 1031 893 inducere
1046 864 1129 893 faciat

274 920 317 948 vel
339 919 486 955 procuret,
510 915 574 944 talia
594 914 668 948 fieri,
685 914 727 942 vel
743 912 881 941 licentiam
900 920 916 940 a
931 912 1061 948 praelatis
1075 911 1127 940 Or-

273 967 345 996 dinis
365 965 398 994 de
419 967 511 993 cetero
533 962 676 999 postulari.
699 961 731 989 Et
752 960 785 988 ad
813 960 1017 989 observantiam
1048 967 1128 996 prae-

274 1014 411 1043 dictorum
434 1010 568 1043 Ministri,
590 1008 740 1041 Custodes,
761 1007 911 1036 Guardiani
926 1009 953 1035 et
968 1014 1065 1035 eorum
1082 1006 1127 1034 Vi—

275 1061 340 1090 carii
362 1068 393 1088 ac
415 1058 576 1087 Visitatores
598 1064 647 1093 per
666 1054 849 1083 obedientiam
865 1056 1021 1087 teneantur,
1039 1057 1127 1082 trans-

275 1114 416 1145 gressores
437 1105 538 1133 acriter
562 1103 701 1141 puniendo
722 1106 749 1131 et
764 1104 897 1130 attentata
911 1101 938 1129 in
954 1100 1126 1129 contrarium

275 1155 308 1184 de
330 1156 421 1183 cetero
442 1151 620 1181 destruendo.

353 1201 428 1234 Item,
444 1198 597 1231 thuribula,
613 1205 720 1231 cruces,
735 1195 874 1233 ampullae
889 1198 916 1224 et
931 1202 1126 1232 quaecumque

274 1257 339 1278 vasa
359 1247 403 1276 vel
425 1246 557 1283 imagines
578 1245 612 1273 de
633 1252 703 1273 auro
725 1244 769 1272 vel
790 1246 905 1280 argento
926 1249 976 1278 per
997 1241 1126 1270 obedien-

275 1296 341 1325 tiam
362 1297 543 1323 amoveantur
565 1295 592 1321 et
612 1292 646 1320 de
668 1294 760 1319 cetero
782 1298 831 1327 per
853 1289 968 1318 eandem
997 1288 1128 1317 obedien-

275 1345 339 1372 tiam
363 1342 522 1371 nullatenus
543 1340 709 1373 habeantur,
732 1338 783 1367 nisi
806 1338 833 1365 10
855 1337 987 1365 crucibus
1009 1336 1050 1365 vel
1067 1336 1127 1364 aliis

274 1391 307 1420 de
328 1389 475 1427 praedictis
497 1390 588 1417 essent
609 1387 717 1423 aliquae
733 1385 867 1421 reliquiae
882 1383 1067 1417 venerandae,
1084 1383 1127 1411 vel

274 1438 324 1467 nisi
348 1441 419 1466 esset
441 1435 523 1473 pyxis
537 1435 580 1463 vel
596 1434 739 1463 vasculum
755 1432 867 1469 aliquod
882 1440 933 1469 pro
948 1431 1049 1459 Christi
1066 1438 1127 1459 cor-

277 1493 359 1523 pore,
382 1487 414 1513 ut
435 1483 520 1512 moris
542 1485 598 1516 est⁷
620 1480 796 1517 reportando.
820 1480 851 1508 Et
872 1479 906 1508 de
922 1482 1013 1507 cetero
1029 1478 1127 1506 calices

275 1532 412 1569 simplices
434 1531 501 1559 fiant
523 1530 549 1558 in
572 1536 655 1566 opere
677 1531 703 1557 et
726 1527 833 1564 pondus
855 1526 974 1555 duarum
1001 1525 1127 1554 marcha-

276 1587 339 1607 rum
361 1582 388 1607 et
409 1577 536 1606 dimidiae
558 1584 612 1605 non
641 1575 785 1604 excedant.
817 1574 870 1602 Nec
903 1574 998 1610 plures
1029 1572 1128 1601 calices

275 1633 359 1663 quam
380 1624 477 1653 altaria
499 1624 670 1657 habeantur,
686 1624 803 1658 excepto
824 1629 880 1649 uno
902 1628 952 1657 pro
974 1619 1126 1648 Conventu.

276 1673 307 1701 Et
327 1673 361 1700 ad
384 1673 450 1700 haec
472 1670 605 1699 Custodes
626 1674 653 1698 et
681 1668 829 1697 Guardiani
864 1675 912 1704 per
943 1666 1126 1695 obedientiam

275 1722 430 1749 teneantur.
454 1719 507 1747 Nec
528 1726 598 1746 auro
619 1717 743 1753 frigiatos
756 1717 765 1733 1
787 1716 830 1744 vel
859 1714 994 1743 sericosos
1023 1720 1128 1750 pannos

276 1768 385 1795 Fratres
407 1766 526 1794 habeant
546 1765 652 1801 absque
681 1763 790 1792 licentia
818 1765 845 1791 et
873 1761 1051 1798 dispositione
1080 1760 1128 1788 Mi-

276 1813 355 1842 nistri
378 1816 405 1841 et
426 1812 610 1841 Definitorum
626 1811 653 1839 in
668 1810 795 1847 Capitulo
810 1808 985 1846 provinciali,
1001 1808 1048 1844 qni
1064 1815 1127 1844 pro—

276 1861 400 1894 videant,
422 1862 454 1888 ut
474 1866 608 1888 excessus
629 1858 656 1886 in
679 1857 780 1886 talibus
802 1856 931 1885 evitetur.

354 1908 463 1936 Fratres
484 1906 511 1935 in
534 1906 599 1935 locis
620 1905 678 1934 suis
701 1904 833 1933 habentes
848 1902 1006 1940 parochiale
1021 1910 1127 1931 coeme—

275 1955 377 1984 terium
399 1957 447 1983 aut
468 1953 661 1990 baptisterium
683 1960 738 1980 1100
761 1954 917 1984 morentur,
940 1950 961 1979 si
984 1958 1030 1978 eos
1045 1958 1127 1986 opor-

276 2006 331 2031 teat
352 2004 478 2030 mortuos
500 2000 617 2037 sepelire
638 2003 665 2028 et
687 2007 789 2036 pueros
809 1998 959 2035 baptizare.
982 1997 1008 2025 Si
1033 2000 1127 2025 autem

276 2051 303 2078 in
326 2050 391 2078 locis
414 2048 580 2077 habentibus
604 2047 802 2084 proprietatem
832 2045 936 2074 morari
965 2044 1126 2080 contigerit,

276 2105 326 2126 nec
348 2104 397 2133 per
419 2104 447 2124 se
469 2103 519 2124 nec
541 2102 590 2131 per
619 2093 809 2130 interpositam
841 2100 989 2129 personam
1017 2091 1050 2120 de
1081 2091 1128 2119 illa

276 2144 446 2181 proprietate
468 2150 496 2171 se
517 2142 693 2178 aliquatenus
713 2140 900 2168 intromittant
921 2139 970 2167 1166
993 2147 1028 2167 ex
1049 2141 1127 2175 pacto

276 2192 386 2220 fructus
407 2190 530 2218 eiusdem
553 2188 714 2225 percipiant.

358 2237 518 2265 inhibemus
539 2236 637 2269 etiam,
660 2238 691 2263 ut
713 2235 808 2263 nullus
829 2234 923 2262 Frater
945 2233 1057 2261 inducat
1078 2232 1128 2261 ali-

278 2293 361 2322 quam
383 2291 529 2321 personam
551 2282 585 2311 ad
605 2281 789 2310 ordinandum
811 2281 1012 2316 eleemosynam
1031 2287 1127 2316 perpe-

278 2336 370 2363 tuam,
393 2330 535 2359 annuatim
558 2330 601 2358 vel
623 2329 706 2357 certis
728 2327 900 2364 temporibus
921 2326 1064 2355 Fratribus
1078 2334 1127 2354 ex-

278 2378 435 2407 hibendam.
458 2377 489 2405 Et
511 2377 532 2405 si
554 2376 646 2413 aliqua
679 2375 769 2403 taliter
801 2375 889 2411 legata
919 2373 1019 2407 fuerit,
1051 2373 1128 2401 nullo

278 2425 358 2454 modo
379 2433 395 2453 a
416 2424 559 2452 Fratribus
580 2423 606 2451 in
630 2422 730 2451 iudicio
752 2421 890 2458 exigatur.

356 2472 435 2505 Item,
457 2478 507 2499 nec
530 2478 580 2506 pro
600 2470 695 2497 Fratre
717 2468 810 2505 aliquo
824 2475 875 2496 nec
890 2475 941 2504 pro
956 2467 1014 2495 loco
1029 2466 1130 2494 animal

278 2519 387 2556 aliquod
410 2518 444 2546 ab
466 2517 570 2546 Ordine
590 2517 633 2545 vel
655 2516 690 2544 ab
711 2516 804 2552 aliquo
826 2514 936 2543 nomine
958 2513 1069 2542 Ordinis
1090 2517 1130 2542 te-

278 2570 390 2599 neatur,
413 2565 537 2602 exceptis
558 2564 702 2600 murilegis
723 2566 750 2591 et
771 2562 938 2599 quibusdam
959 2561 1058 2589 avibus
1079 2569 1130 2597 pro

279 2612 461 2640 immunditiis
483 2610 673 2643 removendis,
696 2609 746 2638 nisi
769 2617 805 2637 ex
826 2608 944 2637 evidenti
968 2608 1130 2636 necessitate

531 227 727 257 OPUSCULUM
749 226 836 254 XVlll.
858 224 1142 254 CONSTlTUTtONES
1162 224 1405 254 NARBONENSES.
1427 225 1586 255 RUBRICAE
1608 226 1779 255 BREVIARH.

1183 310 1246 331 oum
1268 303 1361 340 aliquo
1383 304 1442 332 loco
1463 304 1547 333 fuerit
1567 304 1783 341 dispensandum
1806 312 1856 341 per
1877 304 2032 334 Ministrum

1183 357 1246 377 cum
1268 350 1381 378 consilio
1402 350 1520 387 Capituli
1542 351 1727 387 provincialis.

1420 444 1579 472 RUBRICAE
1601 444 1765 473 BREVIARII
1778 444 1796 472 2.

1262 536 1404 565 Dominica
1426 536 1515 573 prima
1536 537 1569 565 de
1590 537 1714 566 Adventu
1744 541 1800 567 tres
1826 546 1924 567 versus
1952 538 2032 575 primi
2051 547 2110 570 Quoad
2127 562 2132 566 .

1184 583 1359 619 Responsorii
1380 583 1508 611 dicantur
1530 591 1546 611 a
1567 583 1657 612 tribus
1678 584 1835 612 alternatim
1850 585 2005 621 incipiendo
2020 593 2035 613 a

1184 632 1262 667 parte
1284 630 1508 664 hebdomadarii,
1530 633 1558 658 et
1578 630 1670 659 Gloria
1691 631 1764 659 Patri
1786 631 1820 659 ab
1841 631 1943 660 eisdem
1962 631 2036 660 dica-

1185 680 1231 705 tur
1253 677 1280 705 in
1302 677 1393 705 medio
1414 677 1491 705 chori
1514 677 1597 706 simul
1619 677 1653 706 ad
1675 678 1825 714 pulpitum.

1265 725 1347 758 item,
1370 724 1465 753 laudes
1486 724 1595 753 feriales
1617 725 1746 761 legendae
1775 725 1801 753 in
1830 725 1899 754 festo
1927 728 2036 754 sanctae

1183 771 1283 800 Luciae
1305 771 1363 800 sine
1386 772 1522 808 capitulo,
1546 772 1665 808 hymno,
1694 772 1832 801 versiculo
1858 776 1885 801 et
1913 772 2036 801 oratione

1183 818 1321 847 dicantur.

2067 573 2121 591 ventui

1262 866 1346 900 Nota,
1368 866 1442 903 quod
1464 866 1554 902 prima
1575 866 1704 900 rubrica,
1727 866 1748 895 si
1770 866 1902 895 Nativitas
1927 866 2035 895 Domini
2048 874 2133 898 Quaado

1184 912 1291 941 venerit
1312 912 1356 941 die
1378 913 1475 947 lunae,
1498 912 1616 941 sabbato
1638 912 1763 949 sequenti
1786 912 1834 941 fiat
1855 912 1977 941 officium
2002 912 2035 942 de

1183 960 1328 988 Nativitate
1351 961 1470 989 totaliter
1489 960 1642 989 secundum
1659 960 1776 997 primam
1792 960 1949 994 rubricam,
1965 968 2036 997 quae

1183 1006 1264 1035 dicit:
1286 1007 1321 1035 In
1343 1007 1390 1035 illo
1413 1008 1458 1036 clz'e
1479 1011 1530 1036 etc.
1554 1007 1584 1035 Et
1607 1008 1633 1035 in
1655 1007 1735 1036 Missa
1756 1007 1864 1036 dicatur
1886 1010 1974 1036 totum
1997 1008 2036 1036 of-

1183 1054 1277 1082 ficium
1300 1054 1412 1083 maioris
1433 1055 1530 1083 Missae
1550 1054 1705 1083 Nativitatis
1734 1057 1843 1091 praeter
1873 1054 2036 1091 Epistolam:

1185 1101 1336 1138 Apparuit
1357 1101 1521 1138 benilym'tes
1539 1105 1590 1130 etc.
1603 1124 1610 1135 ,
1632 1105 1659 1130 et
1680 1101 1874 1138 Evangelium:
1897 1101 2036 1129 Pastores

1185 1147 1385 1185 loquebantur.
1408 1148 1472 1177 Aliis
1494 1152 1586 1176 autem
1609 1148 1782 1185 temporibus
1802 1148 1930 1177 dicantur
1946 1148 2037 1176 omnia

1184 1195 1218 1223 de
1238 1195 1381 1224 Dominica
1403 1195 1556 1224 secundum
1585 1199 1747 1232 sequentem
1777 1195 1936 1229 rubricam,
1965 1202 2036 1232 quae

1184 1241 1295 1278 incipit:
1319 1242 1352 1270 Sl
1373 1241 1521 1270 Nativitas
1542 1242 1664 1270 Domini
1683 1245 1734 1270 etc.
1751 1242 1819 1271 Tres
1833 1242 1930 1270 Missae
1944 1241 2036 1270 dican-

1184 1291 1231 1317 tur
1252 1289 1279 1317 in
1302 1289 1447 1317 Nativitate
1461 1289 1567 1317 Domini
1585 1289 1754 1322 solemniter,
1769 1292 1796 1317 et
1811 1289 1838 1317 in
1854 1288 1944 1325 prima
1958 1288 2037 1317 Missa

1184 1336 1293 1364 dicatur
1315 1336 1397 1372 Kyrie
1419 1336 1519 1365 eleison
1543 1340 1569 1364 et
1591 1335 1683 1364 Gloria
1708 1336 1741 1364 de
1767 1336 1924 1369 Dominica;
1946 1335 1973 1363 in
1996 1343 2037 1364 se—

1185 1383 1275 1412 cunda
1296 1391 1363 1412 vero
1392 1383 1472 1420 Kyrie
1504 1383 1607 1412 eleison
1636 1387 1663 1412 et
1694 1383 1786 1411 Gloria
1816 1383 1850 1411 de
1882 1383 2037 1411 minoribus

1184 1430 1357 1467 duplicibus;
1380 1431 1406 1458 in
1430 1431 1511 1459 tertia
1542 1438 1608 1459 vero
1639 1430 1673 1459 de
1703 1430 1863 1459 maioribus.
1886 1429 2036 1463 Rubricae,

1184 1485 1256 1514 quae
1277 1477 1358 1511 dicit,
1381 1477 1454 1514 quod
1478 1477 1572 1514 hymni
1595 1477 1621 1505 in
1644 1477 1790 1506 Nativitate
1811 1476 1919 1505 Domini
1941 1479 1969 1505 et
1987 1484 2037 1512 per

1185 1524 1316 1553 Octavam
1332 1525 1461 1553 dicantur
1476 1532 1539 1553 61101
1561 1524 1664 1553 Gloria
1680 1524 1747 1558 llbz’,
1766 1524 1901 1557 Domine,
1918 1523 1970 1561 qui
1983 1531 2038 1551 na-

1185 1575 1232 1600 tus
1253 1580 1298 1605 es,
1320 1572 1453 1600 addatur:
1475 1575 1503 1600 et
1524 1579 1613 1608 usque
1634 1571 1668 1599 ad
1692 1571 1880 1608 Epiphaniam.
1897 1570 1969 1599 Idem
1991 1570 2038 1598 fiat

1184 1619 1212 1647 in
1236 1619 1426 1655 Responsoriis
1447 1619 1595 1653 brevibus,
1619 1619 1644 1647 in
1662 1619 1753 1647 Prima
1773 1618 1892 1652 scilicet,
1910 1616 2036 1651 Christe,

1186 1666 1246 1694 Fz'lz'
1266 1670 1317 1695 etc.
1341 1666 1366 1694 Si
1390 1666 1556 1703 Epiphania,
1579 1666 1683 1694 scilicet
1704 1665 1807 1694 Octava
1828 1665 1901 1699 eins,
1917 1664 1995 1693 cadat
2010 1665 2036 1692 in

1185 1713 1320 1747 Sabbato,
1342 1713 1369 1741 in
1391 1712 1520 1741 secundis
1542 1712 1669 1749 Yesperis
1690 1720 1705 1740 a
1726 1712 1852 1748 Capitulo
1870 1712 1896 1740 in
1912 1714 1992 1740 antea
2006 1711 2037 1739 fit

1185 1760 1218 1789 de
1238 1760 1394 1792 Dominica,
1416 1767 1466 1788 nec
1488 1759 1535 1788 fiat
1550 1759 1775 1788 commemoratio
1790 1759 1823 1788 de
1839 1759 1973 1795 Apostolis
1987 1766 2037 1787 nec

1184 1807 1218 1835 de
1240 1806 1319 1835 beato
1340 1806 1485 1835 Francisco
1506 1813 1556 1834 nec
1578 1806 1611 1834 de
1633 1813 1706 1842 pace.
1723 1806 1751 1833 ln
1766 1806 1856 1834 Coena
1870 1805 1978 1834 Domini
1994 1812 2037 1834 ce-

1186 1854 1274 1882 lebret
1294 1853 1466 1890 quicumque
1482 1853 1556 1886 vult,
1572 1852 1620 1881 sed
1635 1853 1752 1881 sabbato
1768 1856 1862 1881 sancto
1880 1852 1956 1881 solus
1970 1852 2037 1881 heb-

1184 1901 1370 1929 domadarius.
1394 1901 1420 1928 ln
1444 1900 1586 1929 ferialibus
1607 1900 1705 1928 diebus
1720 1900 1792 1928 infra
1807 1899 1910 1928 Pascha
1927 1902 1955 1928 et
1970 1899 2037 1928 Pen—

1185 1950 1307 1977 tecosten
1329 1947 1483 1977 secundum
1505 1947 1719 1984 Responsoriuni
1741 1947 1768 1975 10
1790 1946 1923 1975 Matutino
1945 1948 1972 1975 et
1996 1954 2038 1975 se—

1184 1995 1307 2024 cundum
1330 1995 1445 2024 Alleluia
1465 1995 1493 2023 in
1519 1995 1599 2023 Missa
1620 1997 1747 2023 cantetur
1768 2002 1785 2022 a
1805 1993 1915 2022 duobus
1935 1993 2037 2022 Fratri-

1185 2044 1245 2072 bus.
1262 2044 1375 2080 Semper
1391 2051 1489 2072 cerens
1504 2042 1641 2079 paschalis
1656 2042 1769 2070 tollatur
1785 2044 1846 2078 post
1856 2041 1928 2070 diem
1939 2041 2038 2069 Ascen-

1184 2091 1268 2120 sionis
1290 2094 1316 2119 et
1338 2099 1391 2119 non
1414 2094 1492 2124 ante,
1514 2093 1541 2118 et
1563 2089 1729 2118 accendatur
1745 2089 1771 2117 in
1790 2089 1889 2118 diebus
1909 2087 2038 2117 solemni-

1184 2139 1237 2167 bus
1258 2142 1285 2167 et
1306 2138 1450 2166 dominicis
1471 2137 1505 2165 ad
1526 2137 1619 2165 minus
1641 2137 1667 2165 in
1691 2136 1779 2165 Missa.

2054 898 2066 916 Ν
2070 898 2123 918 ativiv
2129 916 2133 921 ,

1264 2185 1288 2213 Si
1305 2185 1442 2213 Kalendae
1457 2184 1627 2221 Septembris
1642 2183 1757 2212 veniunt
1776 2183 1803 2211 in
1819 2183 1863 2212 die
1877 2183 2036 2217 dominica,
2048 2185 2132 2212 Quoarll'

2055 2216 2088 2230 nen
2098 2211 2124 2234 Sey

1185 2231 1233 2260 Iob
1256 2235 1282 2259 et
1310 2231 1414 2259 Tobios
1431 2231 1533 2259 liabent
1549 2230 1703 2258 Dominicas
1718 2230 1839 2263 debitas,
1856 2228 1955 2258 Iudith
1971 2237 2037 2258 vero
2056 2234 2101 2253 bris·
2131 2248 2132 2288 1

1184 2286 1273 2307 00001
1294 2278 1365 2307 diem
1388 2278 1460 2306 infra
1482 2277 1697 2311 hebdomadam,
1721 2277 1818 2305 Esther
1847 2277 1932 2305 alium
1954 2276 2036 2305 diem.

1184 2326 1233 2354 Vel
1254 2326 1298 2354 die
1319 2326 1411 2354 Lunae
1427 2326 1557 2359 veniunt,
1582 2324 1629 2353 lob
1651 2328 1677 2353 et
1706 2324 1810 2353 Tobios
1828 2328 1855 2353 et
1868 2323 1968 2352 Iudith
1983 2323 2036 2352 sin—

1185 2373 1264 2410 gulas
1286 2373 1389 2401 habent
1411 2372 1581 2406 Dominicas,
1604 2372 1701 2400 Esther
1724 2374 1816 2400 autem
1839 2379 1926 2400 unum
1954 2371 2035 2399 diem.

1186 2420 1235 2448 Vel
1256 2419 1299 2447 die
1321 2419 1415 2447 Martis
1436 2422 1463 2447 et
1484 2419 1629 2453 Mercurii,
1652 2418 1776 2455 singulae
1798 2418 1900 2446 habent
1914 2417 2035 2446 Domini-

1186 2474 1232 2495 cas
1254 2466 1385 2503 singulas.
1408 2466 1457 2494 Vel
1479 2466 1522 2494 die
1546 2466 1629 2499 lovis,
1652 2469 1708 2493 tres
1733 2465 1838 2501 primae
1859 2464 1961 2493 habent
1982 2464 2035 2492 Do—

1186 2514 1300 2542 minicas
1321 2513 1443 2547 debitas,
1467 2513 1563 2541 Esther
1585 2520 1672 2540 unum
1695 2512 1766 2540 diem
1796 2514 1913 2539 tantum.
1943 2511 1989 2539 Vel
2013 2511 2033 2539 si

1186 2561 1229 2589 die
1250 2561 1365 2589 Veneris
1386 2561 1429 2588 vel
1451 2560 1573 2592 Sabbati‚
1590 2563 1646 2587 tres
1660 2559 1765 2595 primae
1788 2558 1918 2586 historiae
1934 2558 2036 2586 habent

1187 2607 1308 2644 singulas
1324 2607 1494 2640 Dominicas,
1517 2606 1614 2634 Esther
1636 2609 1728 2634 autem
1749 2605 1819 2633 duos
1833 2604 1899 2633 dies.
1916 2604 2035 2633 Rubriea

345 2839 352 2851 ¹
370 2841 413 2861 Fir.
432 2840 500 2862 habet
518 2840 629 2862 mendose
645 2841 688 2862 ant
705 2839 816 2868 [Hylates.

344 2877 352 2890 ²
372 2879 417 2900 1136
435 2879 541 2900 rubricae
558 2879 581 2900 in
599 2878 703 2906 Capitulo
722 2879 777 2900 Pisis
794 2885 830 2900 30.
858 2878 914 2900 1263
938 2884 950 2899 3
969 2878 990 2899 S.
1015 2878 1130 2899 Bonaven-

283 2920 332 2939 tura
345 2917 459 2939 celebrato
471 2918 562 2939 addilae
575 2922 627 2940 sunt
639 2918 733 2945 antiqno
746 2917 837 2939 Ordinis
849 2917 1026 2944 (ἴδει-6111001311,
1038 2916 1082 2938 snb
1094 2916 1130 2937 Mi-

283 2957 354 2977 nistro
372 2957 470 2983 generali
490 2957 606 2984 llaymone
623 2958 723 2984 perlecto
736 2960 757 2978 et
774 2956 830 2978 ¹222
843 2956 864 2978 in
877 2956 981 2983 Capitulo
994 2954 1130 2977 Bononiensi

284 2995 407 3023 publicato.
426 2997 485 3018 Hner
511 2996 588 3018 notitia
614 2996 716 3017 innititur
743 2995 871 3018 testimonio
897 2995 985 3023 antiqui
1008 2994 1130 3020 Breviarii,

284 3035 346 3063 qnod
366 3035 386 3056 in
405 3034 540 3056 1)1111101116«3
559 3035 655 3062 Capituli
674 3035 775 3057 Patavini
800 3035 860 3062 leod.
883 3034 899 3056 B
923 3034 960 3061 51)
985 3036 1129 3059 assei-xntn1·‚

1187 2837 1226 2859 ubi
1240 2836 1285 2865 (l'ol.
1299 2837 1319 2858 2.
1337 2836 1364 2864 r.)
1385 2836 1479 2863 legitur:
1501 2844 1511 2854 ι(
1524 2834 1755 2862 10011110061011111036
1767 2834 1834 2856 datae
1847 2834 1869 2855 in
1883 2833 1986 2861 Capitulo
1999 2839 2036 2860 ge-

1187 2876 1256 2898 nerali
1275 2876 1330 2897 l’isis
1342 2875 1465 2897 celebrato.
1477 2887 1507 2890 —
1521 2874 1636 2896 Dominica
1650 2874 1723 2901 prima
1737 2873 1766 2895 de
1778 2873 1883 2895 Adventu
1898 2876 1942 2894 tres
1954 2878 2035 2894 versus

1187 2915 1255 2942 primi
1268 2924 1279 2934 »
1299 2918 1354 2940 etc,
1372 2917 1396 2936 ut
1413 2920 1482 2941 supra
1501 2914 1522 2935 111
1542 2916 1610 2935 [extu.
1624 2913 1669 2935 Sed
1682 2913 1703 2934 in
1718 2912 1834 2934 Ere-viario
1846 2912 1883 2933 illo
1898 2914 1950 2933 sunt
1963 2911 2034 2932 11111110

1187 2955 1264 2982 plures
1281 2960 1350 2982 quain
1370 2953 1392 2975 in
1410 2953 1462 2975 cod.
1480 2955 1557 2974 nostro
1576 2952 1699 2978 Vaticano,
1718 2957 1802 2979 nempe
1822 2956 1918 2973 numero
1935 2950 2035 2978 qnadra-

1187 2993 1255 3021 ginta.
1274 2993 1339 3014 Plura
1364 2992 1392 3014 de
1415 2993 1458 3014 hoc
1482 2991 1550 3013 habet
1576 2991 1603 3013 ci.
1622 2991 1644 3012 P.
1662 2991 1741 3018 Ehrle,
1758 2991 1795 3012 cit.
1812 2989 1908 3013 Archiv,
1928 2990 1962 3010 Vl.
1979 2994 2035 3016 pag.

1187 3033 1224 3054 37.
1243 3032 1280 3054 38.
