2133 3317
97 396 173 423 Triplex
186 402 215 415 ca-

127 422 187 439 sutas.

92 1048 217 1072 Quarevirgi-

84 1073 135 1091 nitas
149 1072 215 1096 figure-

85 1098 115 1114 tur
138 1101 172 1120 per
195 1096 217 1114 li·

85 1120 138 1138 lium.

97 1346 146 1373 Laus
160 1347 216 1373 virgi-

121 1372 192 1389 uitatis.

95 2238 170 2264 Triplex
180 2238 220 2256 eins

103 2263 214 2285 proprietas,

234 226 288 255 196
672 223 870 252 OPUSCULUM
891 223 922 251 X.
945 223 1031 251 VlTlS
1053 223 1203 252 MYSTICA.
1226 224 1488 254 ADDITAMENTUM
1511 226 1552 254 lv.

229 305 335 330 castitas
356 305 463 336 quadam
480 303 579 335 speciali
594 302 770 333 praerogativa
783 301 875 326 meruit
887 301 935 331 flos
948 301 1083 332 appellari,

231 356 294 380 quae
314 355 358 379 per
376 348 457 372 lilium
476 345 610 377 figuratur.
626 344 758 369 Castitatis
773 344 858 368 autem
877 345 975 369 nomine
995 344 1021 368 in
1039 343 1085 369 hoc

232 391 344 416 tractatu
363 398 413 415 11011
426 395 605 421 quamcumque
624 388 706 419 accipe
723 387 880 417 castitatem,
895 387 938 412 sed
954 395 1008 412 eam
1022 394 1084 419 quae

231 434 369 465 virginitas
388 432 540 464 appellatur.
560 430 607 456 Est
625 431 690 455 enim
719 430 744 455 et
771 430 876 455 castitas
903 430 1085 455 continentium

232 478 283 502 sivo
302 477 447 505 viduarum,
475 475 501 499 et
529 474 568 499 est
590 474 694 499 castitas
722 473 855 498 maritalis.
883 473 929 498 Sed
956 474 1004 499 hae
1034 474 1085 498 iam

231 520 330 545 minime
349 519 425 549 flores
444 517 621 549 appellantur,
651 517 709 548 quia
736 516 911 548 virginitatis1
930 516 1018 542 florem
1036 517 1084 542 11111

231 562 377 587 amiserunt.
396 561 446 586 Eos
465 560 552 592 igitur,
572 560 615 591 qui
634 559 748 585 deflorati
767 566 816 584 non
842 558 915 589 sunt,
934 559 960 584 id
979 559 1018 584 est
1037 560 1084 584 vir-

230 607 315 638 gines,
335 605 395 630 flore
414 605 462 629 lilii
480 605 506 628 in
526 603 654 635 praesenti
672 603 788 628 volumus
807 603 962 634 nuncupari3
981 610 1026 628 nec
1038 603 1084 628 1100

230 648 331 674 1110011110
350 648 455 672 facimus
480 647 596 672 iniuriam
616 646 802 672 continentibus
821 646 846 671 et
864 646 1000 671 maritatis.
1025 646 1084 671 Non

230 692 309 720 enim,
329 698 384 716 011111
403 690 535 715 laudamus
554 689 697 714 castitatem
711 689 828 719 Ioannis,
842 689 1016 720 vituperamus
1029 697 1083 715 con-

230 735 325 766 iugium
344 734 462 759 Abrahae
472 732 499 763 2ς
518 741 563 758 1100
581 733 775 758 commendando
789 732 961 764 virginitatem
974 733 1082 762 Mariae,

230 778 377 803 viduitatem
396 777 485 802 Annae
504 776 675 808 reprobamus.
694 776 740 801 Sed
758 776 853 801 habent
872 776 965 807 singuli
993 776 1083 800 merita

230 829 276 846 sua
294 828 344 846 non
364 828 456 852 parva,
477 820 561 845 tamen
580 819 704 851 dignitate
718 819 846 844 distincta.
866 818 927 848 Quis
946 819 1011 843 enim
1030 818 1084 843 fru-

230 865 298 889 ctum
317 864 469 889 tricesimum
488 871 539 888 non
558 863 646 888 laudat
673 863 699 887 in
726 862 880 894 coniugatiS.
902 862 1083 893 sexagesimum

230 909 256 932 111
275 908 370 936 viduis,
390 907 449 932 licet
467 907 507 931 his
526 906 675 931 excellenter
693 905 851 937 praeferatur
864 905 962 930 fructus
981 905 1083 930 centesi-

230 958 285 975 mus
304 950 461 982 virginitatis
471 949 480 962 ³
491 951 502 974 ἶ)

303 994 346 1018 63.
365 993 401 1018 De
420 993 467 1018 hac
485 993 563 1025 igitur
581 993 665 1025 gratia
683 993 744 1021 lilii,
764 993 790 1017 111
803 999 851 1023 quo
864 992 924 1016 vitis
937 992 1025 1017 nostra
1039 991 1084 1016 flo-

233 1037 298 1067 ruit,
318 1037 441 1066 locuturi,
461 1037 603 1066 videamus,
623 1043 682 1061 vera
694 1036 748 1060 luce
762 1043 807 1061 nos
819 1035 992 1063 illuminante,
1007 1042 1083 1066 quare

234 1080 307 1105 tanta
326 1080 408 1105 virtus
428 1087 472 1111 per
491 1080 577 1104 liliam
595 1079 727 1111 figuretur.
746 1078 779 1103 Et
792 1078 923 1103 manifeste
936 1078 1035 1109 quidem
1048 1085 1084 1103 oc-

232 1123 324 1153 currit,
344 1124 402 1155 quia
421 1122 524 1154 propter
543 1123 657 1147 candoris
676 1122 837 1153 munditiam,
857 1129 906 1153 qua
924 1122 967 1146 ille
986 1121 1032 1146 fios
1048 1129 1084 1146 ce-

233 1167 295 1192 teris
307 1166 411 1192 floribus
424 1166 463 1191 est
476 1166 620 1197 praelatus,
634 1166 757 1190 munditia
770 1165 903 1197 virginalis
915 1165 1004 1189 merito
1018 1164 1083 1196 figu—

231 1209 304 1234 ratur
314 1212 332 1233 ·².
351 1209 445 1234 Nullus
465 1209 595 1240 praeterea
614 1209 678 1233 alius
697 1208 743 1233 fios
760 1208 800 1233 vel
813 1209 867 1239 ipso
881 1207 1015 1239 prospectu
1029 1207 1083 1232 tan-

230 1253 284 1278 tum
305 1260 364 1284 prae
384 1260 409 1277 se
428 1252 478 1277 fert
496 1252 607 1284 gratiae,
636 1252 758 1283 quantum
775 1251 816 1276 hic
834 1258 916 1281 unus,
937 1258 1014 1282 quare
1033 1258 1084 1275 me-

231 1296 279 1321 rito
299 1296 463 1320 mundissima
482 1295 507 1320 et
527 1295 641 1320 omnibus
664 1296 712 1326 piis
739 1294 852 1326 gratiosa
879 1294 1014 1326 virginitas
1039 1301 1083 1325 per

231 1339 298 1364 hunc
310 1339 436 1371 figuratur
449 1339 543 1364 florem.
554 1353 589 1355 —
602 1338 697 1368 Quibus
709 1338 793 1369 itaque
806 1338 922 1362 laudibus
936 1338 960 1362 te
974 1337 1082 1366 efferam,

231 1390 244 1408 o
263 1383 394 1414 virginalis
413 1382 520 1411 candor,
541 1389 644 1413 prorsus
663 1382 754 1406 nescio.
773 1381 851 1412 Atqui
870 1381 1020 1406 nescientem
1044 1388 1083 1405 me

231 1426 318 1451 doceat
337 1426 464 1457 singulare
482 1425 546 1450 illud
564 1425 659 1454 lilium,
679 1424 791 1449 increata
809 1424 855 1449 Dei
874 1424 1012 1455 sapientia,
1036 1424 1082 1449 Do-

232 1470 314 1494 minus
333 1469 418 1498 Iesus,
438 1469 584 1500 unigenitus
603 1468 688 1493 Patris
708 1468 788 1493 Filius
801 1468 826 1492 et
838 1468 926 1492 unicus
945 1468 1024 1492 Filius
1036 1468 1083 1492 lilii

232 1513 381 1544 singularis,
400 1512 425 1536 id
444 1512 482 1537 est
501 1512 655 1537 castissimae
669 1512 781 1543 Virginis
794 1511 898 1540 Matris,
913 1518 976 1542 quae
989 1511 1015 1536 111
1028 1518 1083 1536 0011-

232 1556 291 1581 finio
310 1556 441 1587 utriusque
460 1556 522 1587 legis
541 1556 627 1581 votum
646 1555 801 1580 consecravit
820 1554 955 1586 perpetuae
974 1555 1000 1579 et
1018 1554 1084 1579 iute-

232 1600 354 1631 gerrimae
374 1599 529 1631 virginitatis
539 1598 557 1623 ⁵.
577 1599 684 1628 Doceat,
704 1599 819 1630 inquam,
839 1606 890 1628 me,
905 1598 1025 1629 quomodo
1039 1605 1083 1629 per

232 1643 454 1668 considerationem
479 1642 526 1666 lilii
545 1642 683 1667 materialis
702 1642 749 1666 lilii
768 1642 900 1673 virginalis
919 1642 1084 1666 circumstan-

232 1686 282 1711 tias
301 1693 434 1717 agnoscere
454 1686 558 1710 valeam.
573 1685 677 1710 Praeter
690 1685 736 1710 has
750 1692 808 1717 ergo
822 1684 1004 1716 proprietates,
1021 1692 1083 1716 quas

232 1730 282 1754 iam
311 1730 499 1760 proposuimus,
529 1729 609 1759 ipsum
638 1729 719 1753 lilium
748 1728 876 1753 materiale
900 1729 927 1752 111
952 1727 1039 1753 radice
1058 1728 1084 1753 et

233 1774 323 1797 trunco
331 1792 337 1804 ,
356 1773 381 1796 in
394 1771 467 1802 foliis
479 1772 543 1796 circa
557 1772 641 1801 illum,
656 1772 682 1796 in
695 1772 757 1802 flore
771 1779 845 1802 super
858 1771 975 1796 truncum
986 1769 995 1782 ὃ
1014 1771 1039 1796 et
1058 1772 1084 1796 in

231 1816 271 1840 his
290 1816 346 1840 aliis
365 1815 491 1846 flosculis,
512 1816 553 1846 qui
572 1815 641 1839 intra
659 1815 730 1839 illum
749 1814 926 1843 includuntur,
947 1814 1083 1839 studiosius

231 1859 384 1891 investigare
412 1866 534 1883 curemus.
563 1858 697 1889 Spei-amus
726 1858 804 1887 enim,
825 1857 890 1889 quod
908 1857 947 1882 his
967 1857 1083 1883 omnibus

233 1901 400 1933 spiritualiter
419 1901 595 1931 consideratis,
616 1901 853 1926 commendationem
867 1900 990 1932 perfectae
1009 1901 1084 1932 virgi-

231 1946 320 1970 nitatis
339 1945 450 1970 invenire
470 1946 602 1976 possimus.

571 2020 655 2044 CAPUT
675 2020 742 2044 XIX.

311 2091 352 2116 Dc
371 2091 458 2116 radice
478 2090 543 2122 lilii,
564 2091 591 2115 id
609 2091 645 2115 est
664 2090 863 2122 cogyitntionibns
881 2090 909 2114 *in
930 2089 1004 2114 corde

571 2133 710 2157 latentibus
720 2130 738 2156 ⁷.

303 2205 346 2229 64.
359 2205 448 2230 Radix
460 2204 507 2229 lilii
520 2204 706 2229 commendatur
716 2204 741 2228 111
752 2203 846 2227 tribus:
861 2202 922 2227 alba
936 2203 987 2231 est,
1001 2203 1084 2234 splen-

234 2247 295 2272 dida
316 2248 367 2277 est,
389 2247 534 2272 tractabilis
554 2247 600 2271 ost.
621 2246 684 2276 Quid
703 2246 786 2270 autem
801 2253 844 2277 per
857 2246 964 2270 radicem
977 2246 1002 2270 in
1015 2246 1084 2270 terra

1141 302 1262 327 latentem
1282 303 1331 327 nisi
1349 304 1467 335 cogitatio
1486 304 1568 329 latens
1586 305 1612 329 in
1631 304 1702 330 corde
1722 304 1869 336 figuratur?
1888 305 1936 330 Per
1956 306 1992 331 al·
2005 313 2107 337 Primam

1143 344 1256 370 bedinem
1284 353 1342 377 ergo
1370 346 1460 371 radicis
1488 347 1636 372 munditiam
1665 348 1824 379 cogitationis
1848 349 1991 379 accipimus.
2028 338 2107 358 estalha.

1142 387 1206 417 Quid
1225 388 1263 413 est
1281 389 1404 413 munditia
1432 390 1514 414 carnis
1542 390 1595 415 sine
1614 390 1738 415 munditia
1756 391 1936 422 cogitationis?
1956 392 1991 416 De

1141 431 1188 456 hac
1207 431 1329 462 praecipit
1342 432 1480 457 Dominus:
1494 432 1636 458 Lavanzini
1644 453 1649 464 ,
1664 434 1745 465 inquit
1756 435 1778 463 Β,
1795 434 1887 459 mundi
1900 435 1976 459 estote
1984 444 1992 465 ,-

1142 474 1167 498 et
1185 482 1215 499 ne
1236 474 1381 500 exteriorem
1405 475 1555 500 munditiam
1577 476 1745 508 intelligeres,
1772 477 1916 501 subiunxit:
1936 477 1993 502 Aa·
2110 494 2112 513 ,

1141 516 1204 547 ferie
1222 517 1321 542 malam
1341 518 1528 549 coyitationnm
1546 520 1693 544 vestrarum
1706 520 1738 544 ab
1752 520 1833 544 oculis
1845 520 1916 545 meis.
1930 520 1993 545 Per-

1141 567 1228 584 versae
1247 560 1315 584 enim
1334 560 1502 592 coyitattones
1520 563 1646 592 separant
1664 569 1681 586 a
1698 562 1754 587 Deo
1766 564 1791 592 ⁰,·
1810 562 1835 587 et
1854 562 1919 587 sicut
1936 563 1992 594 ipsa
2110 576 2113 596 i

1141 603 1242 628 Veritas
1261 603 1388 628 testatur:
1408 603 1448 628 De
1461 604 1535 629 corde
1549 605 1641 629 emunt
1653 605 1821 636 coyitationes
1833 606 1917 630 maiae
1925 625 1932 637 ,
1952 606 1993 631 lio-

1140 645 1261 677 miciclia,
1282 646 1427 677 adulteria,
1447 645 1536 678 furia,
1566 647 1738 678 blasphemiae
1763 647 1809 672 etc.
1837 655 1903 679 quae
1928 648 1993 673 coin-

1139 689 1254 720 quinant
1281 689 1416 714 hominem.
1445 689 1509 714 Sunt
1536 689 1621 714 autem
1648 690 1812 722 cogitationes
1834 692 1921 722 nigrae
1940 692 1991 716 sive

1141 732 1265 763 pollutae,
1286 740 1373 764 nempe
1393 732 1548 764 diabolicae,
1566 732 1729 764 mundanae,
1749 734 1876 759 carnales.
1894 734 1991 766 Cogita·
2004 741 2111 768 ngitatione

1140 775 1221 800 tiones
1246 775 1387 800 diabolicae
1410 776 1470 800 sunt
1489 775 1653 807 cogitationes
1671 776 1806 808 superbae,
1826 784 1880 802 cum
1901 778 1991 809 aliquis
2012 765 2111 786 diabolicae

1141 826 1166 843 se
1184 819 1233 844 alio
1252 819 1378 844 meliorem
1397 819 1526 848 aestimat,
1547 819 1571 844 et
1589 826 1645 844 cum
1664 820 1707 844 alii
1727 820 1815 845 similis
1834 828 1887 845 esse
1912 821 1991 845 videri

1141 862 1197 887 vult
1222 863 1264 894 qui
1283 869 1310 887 eo
1338 863 1417 887 maior
1436 863 1491 893 est3
1511 863 1551 887 vel
1570 870 1625 887 cum
1644 870 1694 888 11011
1718 864 1775 888 vult
1794 863 1920 889 subiectus
1939 871 1992 889 esse

1141 905 1163 929 ei
1182 905 1224 936 qui
1243 905 1291 930 sibi
1310 905 1439 936 praelatus
1452 905 1498 930 est.
1512 905 1654 931 Diabolicae
1667 906 1727 931 suut
1739 906 1903 938 cogitationes
1916 907 1990 937 istae,

1141 950 1199 980 quia
1218 956 1233 974 a
1252 949 1348 974 diabolo
1368 950 1476 980 primum
1495 949 1612 974 inventae
1631 950 1691 974 sunt
1701 948 1721 960 ¹⁰
1739 950 1765 975 et
1782 950 1814 975 ab
1833 951 1888 982 ipso
1904 951 1992 976 ceteris

1141 992 1290 1017 familiarius
1317 993 1467 1024 usurpatae,
1496 993 1533 1017 ita
1561 993 1590 1017 ut
1619 994 1718 1024 proprie
1747 993 1876 1018 character
1900 994 1992 1019 diaboli

1141 1035 1239 1060 dicatur
1262 1035 1387 1066 superbia.
1406 1050 1441 1053 -—
1461 1035 1631 1067 Cogitationes
1658 1035 1806 1061 mundanae
1834 1036 1894 1061 sunt
1918 1037 1990 1067 illae,
2008 1042 2060 1065 item,
2073 1048 2113 1062 mun

1141 1086 1204 1110 quae
1231 1079 1342 1104 animum
1368 1079 1573 1110 concupiscentiis
1598 1087 1682 1104 rerum
1710 1080 1862 1111 illaqueant,
1888 1079 1917 1104 ut
1941 1080 1992 1105 illis
2035 1066 2100 1086 uanae.

1141 1123 1298 1154 acquirendis
1316 1123 1390 1147 nimis
1409 1123 1514 1148 sollicite
1542 1122 1646 1147 insistat
1664 1122 1689 1148 et
1707 1123 1836 1154 acquisitis
1855 1124 1929 1148 nimis
1954 1124 1993 1148 de-

1140 1166 1261 1196 lectetur,
1281 1173 1311 1191 ne
1331 1166 1499 1197 proximorum
1518 1166 1709 1191 necessitatibus
1735 1166 1883 1198 erogentur-3
1909 1167 1934 1192 et
1959 1168 1993 1192 sic

1141 1209 1205 1234 fiant
1223 1210 1298 1237 alieni
1317 1216 1332 1234 a
1350 1209 1455 1234 caritate
1475 1209 1534 1239 Dei,
1554 1210 1612 1241 quia
1631 1209 1751 1241 scriptum
1772 1209 1853 1235 estu:
1877 1210 1927 1242 Qui
1947 1210 1993 1235 ha-

1141 1252 1226 1277 buerit
1243 1253 1416 1277 substantiam
1436 1252 1513 1277 haias
1531 1252 1622 1277 mnndi
1641 1254 1665 1277 ei
1682 1253 1776 1278 viderit
1794 1252 1903 1283 fratrem
1916 1261 1993 1278 snum

1140 1295 1314 1320 necessitatem
1337 1296 1480 1326 patientem
1508 1296 1532 1319 et
1559 1295 1683 1320 clauserit
1706 1303 1756 1321 saa
1780 1296 1878 1321 viscera
1897 1296 1929 1321 ab
1948 1303 1991 1328 eo,

1140 1338 1267 1369 quomodo
1287 1338 1385 1363 caritas
1404 1338 1454 1362 Dei
1472 1339 1561 1362 memet
1578 1339 1607 1362 z'n
1626 1346 1653 1363 eo
1664 1337 1677 1362 ?
1695 1353 1730 1356 —
1749 1338 1918 1370 Cogitationes
1937 1346 1991 1364 car·
2007 1343 2060 1365 Item,
2073 1348 2113 1363 carn

1140 1381 1213 1406 nates
1231 1382 1304 1411 suut,
1325 1389 1387 1412 quae
1406 1381 1518 1406 homines
1537 1382 1568 1406 ad
1587 1382 1712 1406 luxuriam
1732 1382 1884 1413 pertrahunt
1896 1383 1991 1412 carnis,
2055 1367 2088 1386 Μ’

1140 1425 1228 1456 utpote
1248 1424 1346 1456 quando
1364 1424 1507 1449 inordinata
1520 1424 1650 1450 dilectione
1664 1425 1688 1450 et
1701 1425 1865 1450 delectatione
1878 1426 1991 1458 cogitant

1140 1469 1189 1493 viri
1208 1468 1236 1493 de
1256 1468 1416 1497 mulieribus,
1436 1468 1476 1493 vel
1495 1469 1610 1493 mulieres
1629 1468 1658 1494 de
1678 1469 1752 1498 viris,
1772 1470 1830 1501 quia
1849 1469 1923 1494 stulti
1946 1469 1992 1495 110-

1140 1512 1219 1536 miues
1238 1519 1347 1536 amorem
1365 1511 1493 1542 appellare
1516 1512 1681 1543 praesumunt
1709 1513 1774 1544 quod
1801 1513 1884 1537 verius
1910 1513 1992 1538 odjum

1141 1554 1225 1585 posset
1236 1552 1255 1565 ¹2
1274 1554 1406 1585 appellari.
1425 1553 1472 1578 Est
1490 1554 1516 1578 et
1534 1554 1633 1579 luxuria
1646 1554 1756 1579 ciborum
1773 1554 1797 1579 et
1810 1555 1923 1586 potuum,
1937 1562 1992 1580 cum

1140 1598 1250 1623 lautiora
1269 1598 1294 1622 et
1313 1598 1457 1622 delicatiora
1477 1597 1580 1628 propter
1600 1598 1680 1623 solum
1694 1605 1807 1629 saporem
1827 1598 1991 1630 quaeruntur.

1140 1641 1207 1665 Nam
1226 1640 1330 1672 propter
1350 1640 1485 1665 sanitatem
1504 1641 1689 1672 adipiscendam
1708 1641 1793 1672 posset
1811 1642 1867 1673 quis
1884 1641 1992 1666 111111011-

1140 1684 1203 1709 catis
1223 1691 1277 1709 cum
1297 1684 1482 1714 moderatione3
1511 1684 1576 1715 quod
1603 1684 1687 1709 tamen
1712 1684 1811 1709 difficile
1836 1685 1992 1710 observatur.

1141 1727 1224 1752 Simile
1243 1727 1361 1752 iudicium
1381 1727 1419 1751 est
1438 1727 1466 1752 de
1485 1727 1525 1752 his
1543 1727 1585 1758 qui
1604 1727 1761 1752 vestimentis
1774 1727 1886 1752 delicatis
1899 1728 1937 1752 uti
1950 1727 1992 1752 de-

1141 1771 1261 1796 siderant.

1213 1814 1255 1838 65.
1274 1813 1392 1839 Perditur
1411 1813 1552 1845 proprietas
1571 1813 1617 1838 lilii
1636 1813 1661 1838 et
1680 1814 1835 1845 virginitatis
1857 1814 1943 1843 decor,
1969 1814 1991 1839 si
2031 1805 2123 1847 Applicat}

1141 1857 1218 1882 radici
1232 1857 1296 1882 desit
1311 1857 1398 1882 albedo
1412 1857 1436 1882 et
1449 1851 1594 1889 cogitationi
1607 1858 1738 1889 virginalis
1748 1856 1767 1870 ¹³
1781 1858 1911 1883 munditia.
1925 1858 1992 1883 Nam
2007 1840 2123 1884 ffiaergmu}

1142 1902 1163 1925 si
1182 1908 1273 1938 corpus
1293 1901 1447 1926 extrinsecus
1466 1901 1499 1925 sit
1518 1901 1651 1930 mundum,
1665 1901 1690 1926 et
1703 1901 1821 1933 cogitatio
1840 1901 1991 1926 intrinsecus

1142 1945 1175 1969 sit
1195 1944 1309 1976 polluta,
1338 1945 1388 1969 iam
1414 1952 1465 1969 non
1493 1944 1531 1969 est
1552 1944 1633 1969 virtus
1651 1944 1810 1975 appellanda.
1829 1944 1883 1970 Hoc
1907 1944 1992 1969 tamen

1142 1988 1281 2017 sciendum,
1302 1987 1366 2012 teste
1387 1987 1505 2019 Gregorio
1516 1985 1549 2017 ¹⁴,
1570 1987 1634 2019 quod
1662 1987 1779 2019 cogitatio
1807 1987 1992 2019 quantumlibet

1141 2031 1269 2056 immunda
1298 2030 1405 2055 mentem
1433 2038 1482 2055 non
1510 2030 1615 2062 polluit,
1644 2031 1682 2055 cui
1707 2030 1772 2056 ratio
1791 2038 1841 2056 non
1859 2030 1991 2056 consentit.

1142 2074 1202 2104 Quis
1221 2075 1285 2099 enim
1304 2074 1468 2105 cogitationes
1488 2080 1547 2098 suas
1566 2073 1602 2098 ita
1627 2073 1753 2098 refrenare
1778 2074 1875 2105 potest,
1894 2074 1924 2098 ut
1941 2081 1991 2099 non

1141 2117 1253 2149 qualibet
1271 2117 1430 2141 immunditia
1449 2116 1587 2141 titilletur?
1610 2116 1657 2141 Sed
1684 2116 1800 2142 continuo
1819 2116 1909 2141 talium
1928 2118 1990 2149 cogi-

1141 2160 1265 2184 tationum
1284 2159 1394 2184 insultus
1413 2160 1473 2184 sunt
1492 2159 1655 2190 reprimendi,
1675 2159 1704 2184 ut
1723 2159 1787 2184 unde
1807 2167 1833 2184 se
1845 2159 1925 2185 hostis
1939 2167 1991 2191 spe-

1141 2202 1215 2227 rabat
1234 2203 1344 2231 vincere,
1366 2209 1409 2233 per
1427 2202 1473 2227 hoc
1492 2203 1572 2234 magis
1591 2202 1672 2227 victus
1700 2202 1826 2227 abscedat.
1852 2202 1921 2232 Quod
1946 2203 1990 2232 fit,

1141 2246 1251 2277 quoties,
1271 2246 1356 2276 pravis
1376 2245 1401 2269 et
1417 2245 1551 2270 immundis
1564 2246 1757 2277 cogitationibus
1770 2246 1888 2275 attracti,
1903 2246 1990 2271 statim

260 2402 262 2405 ,
297 2374 304 2387 ¹
323 2375 379 2397 Bon.
398 2373 536 2403 z‘z‘rgyinulis,
556 2377 578 2396 et
595 2374 679 2396 deinde
697 2380 739 2401 pro
757 2372 801 2395 lilii
818 2374 833 2395 A
854 2373 939 2395 liliam..

296 2406 304 2418 2
323 2406 367 2429 Csr.
386 2406 485 2433 Bonan,
504 2406 539 2427 lV.
558 2406 619 2427 Sent.
638 2405 661 2427 tl.
678 2405 716 2427 33.
733 2411 754 2427 a.
772 2406 793 2426 2.
811 2411 832 2433 q.
852 2406 873 2427 2.
891 2408 912 2427 et
930 2404 987 2427 dub.
1006 2405 1028 2426 3.

296 2436 305 2449 ²³
323 2438 452 2465 Respicitur
471 2438 547 2459 Manu.
570 2437 607 2464 13,
626 2437 670 2459 23:
697 2437 759 2458 Facit
784 2436 846 2458 aliud
870 2436 966 2464 quidem
987 2436 1083 2459 centesi-

235 2475 311 2496 mum,
330 2469 390 2491 aliud
409 2473 486 2491 autem
504 2468 688 2496 sexagesimum,
709 2468 772 2490 aliud
789 2474 846 2490 vero
864 2468 1010 2495 trigesimum
1029 2467 1083 2497 [sru-

233 2500 313 2529 ctum].
332 2501 437 2526 Hieron.,
455 2500 477 2522 in
496 2501 556 2523 1111110
574 2500 629 2527 loca,
655 2500 749 2527 exponit
766 2499 822 2521 illud
839 2499 868 2521 de
886 2499 1028 2527 virginibus,
1051 2500 1082 2521 vi-

234 2532 286 2554 duis
303 2536 325 2554 et
342 2532 478 2560 coniugatis.
500 2531 547 2554 Ct'r.
569 2534 626 2553 tom.
644 2532 680 2553 lv.
698 2537 753 2559 pag.
770 2531 828 2559 754,
847 2533 899 2553 nota
920 2532 942 2553 6.
961 2544 991 2547 —
1009 2531 1082 2559 Supe-

233 2564 281 2586 rius
298 2569 340 2591 pro
360 2563 417 2591 Quis
435 2562 496 2586 enim
515 2563 553 2591 (ita
572 2563 598 2591 A]
618 2564 672 2585 Bon.
690 2569 743 2585 curn
762 2563 798 2584 ed.
817 2563 825 2584 4
850 2562 907 2590 Quis
925 2563 1013 2585 autent.

296 2594 305 2607 ⁴
324 2595 353 2617 lta
372 2595 404 2622 Α,
422 2595 476 2617 Bou.
495 2601 548 2617 eum
567 2595 604 2617 ed.
627 2595 634 2616 i
662 2595 697 2617 est
712 2593 843 2623 praetatus.
861 2594 922 2617 Hinc
939 2600 997 2617 sane
1014 2600 1082 2616 1111111-

235 2624 293 2648 1ῖὶιῖἰο
311 2625 436 2655 111-91110113
453 2625 536 2649 merito
555 2626 678 2655 fiunt-atur
695 2627 748 2655 typo
767 2625 818 2648 lilii.
845 2625 933 2648 Deinde
950 2627 983 2648 A:
1002 2626 1082 2648 Nullus

234 2657 294 2679 enini
313 2658 355 2679 sios
372 2660 460 2679 tantuin
480 2657 548 2680 habet
566 2658 653 2685 gratiae
670 2660 783 2686 quantun]
802 2658 859 2683 iste3
877 2657 936 2679 iuste
954 2657 1023 2685 igitur
1041 2663 1082 2684 per

234 2689 413 2711 mundissimum
432 2689 511 2711 florem
530 2689 664 2717 virginitas,
681 2689 755 2710 virtus
773 2688 939 2715 mundissima,
957 2689 1082 2716 liguratur,

234 2725 275 2747 per
292 2720 372 2742 florem
390 2720 536 2748 singulariter
554 2721 680 2748 gratiosum
699 2720 822 2748 singularis
847 2720 921 2748 gratia
943 2720 1082 2748 virginitatis

235 2751 315 2773 merito
340 2752 524 2774 commendatur.
551 2752 631 2774 Sancta
658 2758 714 2779 ergo
738 2754 760 2774 et
777 2752 923 2774 immaculata
941 2754 964 2773 et
981 2752 1082 2779 gratiosa

234 2782 365 2809 virginitas,
392 2783 477 2811 quibus
495 2786 515 2805 te
533 2783 642 2805 laudibus
659 2784 753 2805 efferam
771 2783 858 2805 nescio.
878 2783 921 2805 Sed
940 2783 1023 2805 doceat
1046 2789 1083 2805 110-

234 2814 343 2835 scientem
362 2814 423 2836 solus
441 2815 529 2841 scienS,
547 2815 617 2836 lilium
636 2815 767 2842 singulare,
785 2815 895 2842 sapientia
909 2815 992 2842 Patris,
1005 2814 1083 2836 Domi-

234 2851 278 2867 nus
295 2845 356 2867 lesus
368 2845 436 2867 Filius
449 2846 487 2867 liiii
505 2846 640 2873 singularis,
658 2846 681 2868 id
699 2849 733 2868 est
749 2846 891 2868 castissimae
910 2846 1025 2874 Virginis,
1044 2852 1083 2868 vo—

235 2880 283 2898 tum
301 2876 409 2898 castitatis
427 2876 540 2899 1011100115Δ
559 2877 656 2904 Doceat,
674 2878 781 2906 inquam,
799 2883 837 2899 me
854 2880 896 2899 etc.

296 2906 305 2919 ⁵
324 2907 368 2930 Csr.
385 2914 454 2935 supra
473 2915 494 2930 n.
513 2909 550 2930 56.

298 2937 307 2950 ὓ
327 2939 353 2960 ltu
373 2940 402 2963 A;
420 2940 475 2961 Bon.
493 2945 546 2961 cuin
564 2940 600 2962 ed.
620 2940 640 2966 l,
667 2940 775 2968 superius
793 2946 835 2967 pro
853 2940 952 2963 Praeter·
968 2939 1012 2963 11113
1030 2939 1082 2962 sub-

234 2970 312 2992 stituto
330 2970 429 2998 Propter
447 2970 503 2997 liris,
522 2971 558 2992 hic
575 2971 658 2993 omittit
682 2971 745 2993 circu
772 2970 854 2997 illum,
883 2971 907 2993 in
932 2971 993 3000 flore
1009 2977 1081 3000 super

235 3002 356 3027 tritticum,
372 3005 393 3023 et
406 3001 499 3023 iuferius
516 3008 558 3029 pro
576 3001 733 3025 includuntur
745 3006 767 3024 et
778 3002 936 3031 spiritualiter
953 3003 1018 3030 ponit
1030 3008 1082 3025 0οη-

235 3031 366 3055 cluduntur·
384 3035 406 3054 et
422 3032 562 3061 spetialiter.

1203 2371 1211 2384 ⁷
1230 2374 1285 2395 Bou.
1304 2379 1356 2395 cuin
1375 2372 1393 2394 A
1411 2372 1494 2395 omittit
1511 2371 1534 2394 id
1551 2373 1613 2395 est...
1631 2371 1765 2394 latentibus.

1203 2403 1212 2416 ⁸
1231 2405 1278 2427 lsai.
1301 2405 1318 2431 1,
1338 2404 1378 2430 16,
1396 2404 1435 2426 ubi
1454 2406 1487 2425 est
1505 2404 1573 2425 etiarn
1592 2409 1641 2432 seq.
1658 2404 1729 2426 locus.
1747 2416 1777 2420 —-
1795 2404 1837 2425 Pro
1850 2404 1871 2426 et
1886 2409 1915 2426 ne
1929 2405 1990 2426 emie-

1139 2436 1230 2459 riorem
1256 2435 1400 2458 mundificari
1426 2434 1568 2464 intelliqeres
1591 2435 1629 2463 (ita
1647 2435 1674 2462 A)
1695 2435 1749 2457 Bon.
1766 2441 1820 2457 cum
1838 2435 1874 2457 ed.
1898 2435 1902 2456 1
1925 2435 1989 2458 Nam

1139 2474 1168 2491 ne
1185 2467 1330 2491 eoeterz'orem
1347 2466 1492 2490 munditiam
1509 2466 1653 2495 inteltz'yeres
1670 2465 1755 2489 solam.

1203 2498 1211 2511 ⁰
1230 2500 1285 2527 Sap.
1306 2500 1326 2526 Ἰ,
1344 2499 1365 2520 3,
1383 2511 1415 2515 —
1432 2498 1542 2526 Sequitur
1559 2498 1635 2520 Matth.
1655 2498 1698 2524 115,
1718 2498 1754 2519 119.
1772 2504 1821 2526 seq.

1203 2530 1222 2543 ¹⁰
1242 2532 1271 2552 {ta
1290 2531 1321 2558 A;
1341 2530 1395 2552 Bon.
1414 2536 1467 2552 cum
1485 2529 1522 2551 ed.
1540 2529 1548 2551 »1
1570 2529 1713 2557 coniungens
1731 2530 1789 2551 hanc
1806 2529 1989 2556 propositionem

1137 2568 1192 2585 cum
1211 2562 1377 2590 praecedente,
1395 2561 1503 2589 superius
1520 2561 1607 2583 omisso
1621 2559 1778 2590 Cogitationes
1791 2559 1921 2583 diabolicae
1933 2561 1991 2583 sunt

1139 2593 1292 2623 coyttatz‘ones
1310 2592 1439 2622 superbae,
1458 2592 1494 2614 uic
1512 2593 1567 2620 legit
1580 2591 1707 2621 praelatus
1724 2593 1776 2619 (Ἢ,-
1794 2591 1922 2614 daubata-ae
1934 2593 1991 2615 suni

1139 2624 1305 2654 coqitaziones,
1323 2631 1384 2654 qaae
1400 2630 1414 2647 a
1433 2623 1526 2647 diabolo
1544 2623 1652 2646 inventae
1669 2624 1733 2646 sunt.
1745 2624 1843 2645 Inferius
1860 2629 1903 2651 pro
1920 2629 1989 2646 usur-

1136 2659 1209 2686 patae
1227 2658 1243 2679 A
1262 2656 1370 2679 usitatae.

1204 2687 1221 2700 ¹¹
1241 2688 1310 2715 Epist.
1329 2689 1344 2710 l.
1364 2688 1426 2709 ioan.
1443 2687 1469 2714 3,
1489 2686 1530 2714 17,
1548 2685 1587 2708 ubi
1606 2692 1647 2714 pro
1661 2685 1789 2715 polianiam
1802 2686 1855 2708 Bon.
1868 2692 1921 2708 011111
1935 2685 1990 2708 Vul-

1139 2722 1192 2747 gaia
1210 2719 1303 2742 habere.
1321 2731 1352 2735 —
1370 2719 1482 2746 Superius
1500 2724 1542 2746 pro
1559 2717 1654 2741 insistat
1671 2721 1692 2740 et
1709 2717 1836 2740 delectetur
1861 2717 1918 2739 Bon.
1936 2716 1990 2740 insi—

1139 2752 1205 2774 stant
1221 2754 1243 2773 et
1259 2750 1411 2773 delectentur.

1203 2781 1222 2794 ¹2
1240 2782 1296 2804 Cod.
1315 2783 1332 2804 A
1348 2782 1432 2811 polest.
1451 2781 1546 2803 inferius
1563 2780 1618 2802 Bon.
1643 2786 1697 2803 cum
1719 2780 1755 2802 ed.
1776 2781 1783 2801 l
1806 2783 1883 2802 contra
1903 2780 1920 2802 A
1938 2782 1989 2807 post

1138 2819 1250 2843 saporem
1267 2815 1419 2842 quaerantur
1437 2813 1600 2841 prosequitur:
1618 2817 1666 2834 nnn
1681 2813 1782 2841 propter
1798 2811 1925 2834 sanitatem
1941 2810 1989 2833 adi·

1136 2844 1283 2874 piscendam.
1301 2845 1379 2867 Potest
1397 2844 1449 2874 quis
1469 2844 1503 2867 uti
1519 2847 1560 2866 etc.
1579 2844 1622 2865 Pro
1639 2842 1731 2872 difficile
1748 2844 1765 2864 A
1782 2842 1926 2872 difficillime.

1203 2875 1222 2888 ¹³
1239 2876 1296 2898 Cod.
1314 2878 1331 2898 A
1349 2875 1470 2905 rirqinnli.
1490 2875 1584 2897 inferius
1601 2878 1654 2902 post
1671 2875 1717 2897 iam
1736 2880 1784 2897 non
1796 2874 1853 2896 Bon.
1868 2880 1920 2896 cum
1933 2874 1961 2896 cd
1978 2874 1983 2895 ἱ

1139 2911 1217 2930 contra
1235 2908 1252 2929 A
1271 2908 1340 2935 legit:
1358 2907 1450 2934 virius,
1467 2906 1509 2929 sed
1524 2906 1657 2936 hypocrisis
1674 2905 1817 2935 appellanda
1836 2907 1876 2928 est.

1202 2939 1221 2951 ¹⁴
1239 2938 1299 2961 Libr.
1318 2939 1379 2960 XM.
1397 2938 1474 2960 Moral.
1492 2944 1512 2960 0.
1529 2938 1551 2960 3.
1569 2944 1591 2959 n.
1608 2938 1635 2959 7:
1647 2938 1745 2959 Mentem
1763 2942 1910 2965 nequaquam
1928 2936 1988 2963 cogi-

1138 2970 1191 2992 tatio
1210 2970 1329 2992 immunda
1347 2970 1463 2998 inquinat,
1481 2975 1535 2992 cum
1553 2970 1642 2996 pulsat,
1660 2969 1699 2991 sed
1726 2974 1779 2991 cuin
1801 2970 1859 2990 huuc
1879 2967 1923 2990 sibi
1946 2973 1988 2995 per

1139 3001 1313 3024 delectationem
1331 3001 1448 3029 subiugat.
