2133 3317
366 278 415 300 MlN

113 332 145 336 —
162 319 322 345 eleemosynas
338 316 476 345 accipiendo
501 321 546 337 non
568 317 621 337 sunt
636 313 680 336 viri

115 358 264 386 sanguinum,
281 356 321 379 sed
339 355 382 378 viri
399 354 572 377 misericordiae
589 353 634 375 328
652 352 680 374 37

114 409 146 414 —
163 396 227 424 digni
245 398 310 422 sunt,
328 397 352 417 ut
363 393 393 417 ab
410 393 508 416 Ecclesia
525 394 681 415 sustententur

116 436 161 458 329
179 435 208 458 37
224 447 256 451 -
272 433 411 457 Sustentatio
429 432 485 460 ipsis
506 431 605 454 debetur
629 431 681 458 lege

115 474 289 497 misericordiae
305 472 334 495 ib.
353 472 382 494 38
400 484 429 487 —
441 475 462 493 et
475 471 526 498 lege
540 470 640 492 iustitiae
652 468 680 492 ib.

117 514 146 535 39
162 526 194 529 -
210 513 381 539 eleemosynam
399 510 499 538 petendo
516 509 604 531 nullum
627 515 682 537 pau—

116 558 195 581 perem
213 550 351 574 defraudant
367 552 390 572 et
410 549 464 571 nulli
489 548 626 570 iniuriantur
651 546 680 570 ib.

117 590 146 614 37
171 590 259 612 —toti
282 589 369 611 mundo
392 588 484 610 mittunt
509 587 681 615 praedicatores

116 632 138 652 et
155 632 277 657 propterea
294 634 307 650 a
324 630 371 650 toto
389 627 478 649 mundo
502 629 599 654 possunt
624 625 681 648 acci-

117 675 174 697 pere
190 667 320 690 necessaria
337 666 398 688 vitae
415 665 460 688 424
487 666 516 688 23
533 677 564 682 -
589 665 611 686 10
638 665 681 686 hoc

117 708 172 730 nulli
189 707 325 729 iniuriantur
342 704 396 728 ibid.
414 717 443 721 —
463 707 631 731 sustentantur,
657 706 682 725 ut

117 746 287 774 evangelizent,
304 751 350 767 non
367 744 532 771 evangelizant,
555 746 580 765 ut
596 745 682 765 susten-

117 788 193 808 tentur
211 785 254 807 329
274 784 302 806 30
321 796 350 799 -
375 783 563 805 sustentationem
590 781 682 809 exigere

117 826 214 852 possunt
231 829 275 845 non
294 823 344 845 iure
361 822 416 849 fori,
433 822 473 844 sed
491 821 541 843 iure
558 821 603 848 poli
627 819 682 843 ibid.

116 875 148 880 —
164 863 253 885 Fideles
270 868 315 884 non
333 864 438 883 tenentur
455 860 511 888 ipsis
529 860 551 881 in
568 859 682 886 corporali

119 901 254 930 provisione
270 901 312 923 nisi
329 906 356 922 ex
381 899 451 922 libera
477 899 561 926 pietate
583 898 628 920 380
654 897 681 919 17

119 952 150 957 -
166 941 299 963 Sustentare
316 939 379 967 ipsos
395 942 420 960 ut
445 943 560 966 pauperes
582 942 683 964 evange-

118 980 174 1002 licos
190 985 249 1007 opus
266 982 300 1000 est
318 977 407 1006 pietatis
424 976 581 1005 permaximae
596 976 640 998 329
654 975 682 997 40

119 1030 149 1034 -
168 1019 231 1046 lpsos
243 1016 406 1045 persequendo
418 1015 551 1038 calumniari
563 1015 638 1037 scelus
650 1017 684 1036 est

117 1063 164 1080 non
181 1062 268 1084 parvae
286 1055 396 1084 perfidiae
413 1054 466 1077 ibid.
484 1067 514 1070 —
531 1060 572 1076 cur
584 1054 684 1075 elcemo-

117 1102 199 1124 synam
218 1097 296 1124 petant
312 1094 342 1116 ab
359 1094 402 1116 illis
419 1093 459 1122 qui
476 1093 560 1115 iniusta
572 1093 634 1115 lucra
648 1098 683 1114 se-

119 1138 209 1158 ctantur
225 1134 270 1157 355
287 1140 308 1160 a,
326 1133 341 1155 b
357 1145 388 1149 —
405 1132 552 1161 privilegium
565 1131 650 1154 habent
661 1131 683 1153 in

119 1174 186 1196 terris
202 1173 454 1196 excommunicatorum
476 1171 636 1194 commorandi
662 1173 684 1192 et

119 1213 150 1235 ab
167 1213 200 1236 eis
217 1213 389 1240 eleemosynam
406 1210 534 1239 accipiendi
556 1209 585 1233 ib⁴
614 1209 629 1232 b
653 1222 684 1226 —

120 1253 174 1275 Tria
196 1255 250 1274 sunt
275 1251 599 1279 genera'eleemosynarum,
624 1255 685 1278 quae

119 1290 238 1314 Fratribus
254 1290 338 1313 dantur
355 1290 400 1312 367
418 1296 429 1311 a
447 1302 479 1305 —
499 1289 556 1311 Tres
581 1288 633 1310 viae
655 1288 684 1310 ab

120 1331 176 1359 ipsis
188 1329 318 1353 servandae
330 1332 395 1356 sunt,
407 1335 436 1351 ne
448 1329 493 1351 sint
504 1331 685 1356 transgressores

120 1369 223 1397 Regulae
235 1368 368 1396 recipiendo
381 1368 503 1396 pecuniam
517 1366 570 1389 ibid.
582 1379 613 1383 —
624 1366 686 1389 Deus

121 1414 192 1436 saepe
209 1407 365 1435 indulgentius
385 1406 441 1434 ipsis
466 1406 594 1428 necessaria
619 1405 686 1428 mini-

121 1450 178 1470 strat
194 1452 264 1475 quam
282 1446 343 1473 aliis,
361 1446 400 1474 qui
417 1446 460 1468 lata
483 1445 578 1473 praedia
603 1444 688 1467 habent

123 1486 169 1509 344
186 1492 199 1508 a
215 1498 247 1502 —
263 1485 311 1507 sine
329 1485 414 1507 iactura
432 1485 549 1512 profectus
563 1484 688 1512 spiritualis

123 1525 211 1554 proprii
234 1525 270 1547 vel
296 1525 392 1546 aliorum
417 1523 461 1546 sibi
485 1523 612 1546 necessaria
638 1529 688 1551 pro-

121 1564 203 1587 videre
215 1566 312 1592 possunt
323 1563 368 1585 342
381 1562 396 1585 b
407 1575 438 1579 —
450 1562 598 1585 Definitiones
609 1561 687 1590 quoad

123 1603 280 1631 provisionem
299 1601 361 1624 bladi
378 1601 423 1624 464
441 1601 455 1623 b
472 1614 502 1617 —
525 1607 597 1630 quare
622 1601 686 1629 plura

121 1644 266 1669 congregent
282 1641 318 1663 vel
336 1643 486 1669 conservent,
502 1646 556 1663 cum
573 1640 619 1662 sint
635 1646 688 1668 pau-

122 1687 191 1709 peres
208 1680 253 1703 342
270 1686 282 1702 3
302 1692 330 1695 -
343 1686 384 1702 cur
395 1679 526 1702 mendicent
537 1679 603 1707 plura
616 1684 687 1708 quam

122 1720 177 1743 olim
195 1720 240 1742 367
259 1719 274 1741 b
290 1731 320 1735 —
338 1719 368 1741 ob
385 1721 485 1747 quatuor
510 1724 592 1740 causas
617 1718 688 1740 modo

122 1760 188 1788 plura
207 1760 288 1786 petunt
304 1764 375 1786 quam
393 1757 447 1780 olim
466 1757 510 1780 342
529 1756 550 1779 b.
569 1757 613 1779 343
632 1763 644 1779 a
658 1769 689 1772 —

122 1798 242 1827 quomodo
259 1797 345 1820 habere
363 1797 451 1825 possint
468 1797 564 1823 domos,
582 1802 647 1818 areas
667 1798 689 1818 et

123 1838 203 1860 hortos
220 1837 264 1859 353
283 1836 306 1858 b.
324 1836 368 1858 354
386 1842 399 1858 a
415 1848 446 1852 —
467 1841 508 1858 cur
526 1834 624 1858 habeant
641 1841 689 1857 ma-

123 1882 182 1905 gnas
198 1876 292 1903 domos,
314 1875 412 1897 oratoria
436 1878 554 1897 sumtuosa
578 1877 601 1896 et
624 1880 690 1896 areas

123 1916 180 1938 latas
197 1915 238 1937 341
260 1920 281 1943 a,
298 1914 313 1936 b
331 1926 361 1931 —-
381 1913 411 1936 ob
436 1913 495 1936 duas
520 1913 619 1936 rationes
644 1919 689 1935 non

126 1953 230 1977 habitant
246 1953 314 1982 pauci
327 1953 348 1976 in
360 1952 471 1976 domibus
482 1952 631 1981 pauperculis
644 1953 688 1974 367

124 1993 148 2016 b.
165 1993 210 2015 368
228 1999 239 2015 a
258 2005 289 2009 —
306 1998 347 2015 cur
359 1992 471 2020 recipiant
482 1992 565 2014 domos
576 1992 613 2014 vel
625 1997 690 2014 areas

126 2038 172 2054 non
190 2032 311 2059 contiguas
328 2031 429 2059 propriis
446 2030 556 2053 domibus
573 2030 618 2052 364
635 2037 656 2058 3,
675 2030 690 2052 b

123 2083 155 2088 —
172 2071 325 2099 Quintuplicis
342 2070 427 2098 peccati
446 2070 478 2092 rei
495 2073 548 2092 sunt
560 2070 599 2098 qui
611 2076 691 2098 super-

123 2110 170 2133 flua
187 2110 208 2132 in
225 2109 336 2132 aedificiis
353 2112 375 2131 et
391 2109 441 2131 aliis
458 2112 583 2137 procurant
603 2109 644 2131 341
666 2108 690 2131 b.

125 2149 170 2171 342
188 2155 200 2170 a
219 2160 247 2164 —
266 2154 333 2171 usum
351 2148 475 2171 domorum
493 2152 514 2171 et
531 2148 689 2171 aedificiorum

123 2194 171 2210 non
188 2187 231 2210 sibi
249 2190 346 2215 possunt
362 2187 513 2215 appropriare
531 2187 573 2209 nisi
593 2193 637 2215 pro
652 2193 691 2209 vo·

125 2227 211 2249 luntate
228 2226 403 2248 concedentium
421 2226 466 2248 333
484 2227 497 2247 8
515 2239 545 2242 —
563 2226 596 2248 Ad
619 2232 690 2255 quem

126 2265 239 2293 pertineat
262 2265 391 2293 proprietas
416 2265 573 2287 aedificiorum
599 2265 691 2287 Ordinis

127 2303 182 2327 ibid.
200 2316 228 2320 —-
241 2304 360 2333 quomodo
372 2310 397 2326 se
408 2304 494 2326 habere
505 2303 604 2326 debeant
613 2304 690 2332 quoad

129 2349 212 2366 census
229 2343 353 2366 domorum
370 2343 497 2371 legatarum
516 2342 562 2364 365
579 2349 591 2364 a
610 2355 639 2358 —-
661 2341 691 2364 ob

126 2385 172 2405 tres
189 2388 271 2404 causas
288 2385 380 2404 manent
397 2381 539 2410 frequentius
555 2382 578 2403 in
597 2381 692 2404 civitati-

128 2421 172 2444 bus
189 2424 210 2444 et
227 2421 321 2449 oppidis
339 2421 384 2443 340
402 2420 417 2443 1)
434 2433 464 2437 -
481 2420 563 2443 domos
579 2423 601 2442 et
618 2423 692 2442 orato-

126 2460 160 2483 ria
177 2466 223 2483 non
240 2460 355 2488 recipiunt
366 2460 387 2482 in
401 2460 512 2481 damnum
525 2459 691 2487 plebanorum,

127 2505 170 2522 nee
187 2500 236 2522 sine
253 2499 340 2522 licentia
358 2499 530 2527 episcoporum,
548 2504 589 2521 nec
615 2499 692 2521 incon-

127 2538 192 2561 sultis
209 2538 309 2560 dominis
326 2541 438 2560 terrarum
457 2537 502 2559 365
519 2543 540 2564 a,
557 2537 572 2559 b
591 2550 619 2553 —
637 2537 693 2560 alios

127 2577 256 2605 Religiosos
273 2578 309 2600 vel
336 2577 431 2599 clericos
452 2583 498 2599 non
523 2577 641 2598 eiecerunt
665 2582 692 2598 ex

128 2616 229 2644 propriis
245 2616 301 2638 locis
318 2616 363 2638 366
381 2622 393 2638 a
411 2628 440 2631 —
458 2621 499 2637 cur
515 2615 652 2643 impediant,
664 2620 693 2636 ne

128 2655 166 2677 alii
184 2655 290 2683 Religiosi
308 2655 353 2677 sint
371 2654 439 2677 vicini
451 2654 574 2677 conventui
587 2654 691 2682 ipsorum

130 2694 174 2716 363
193 2700 214 2721 a,
233 2693 247 2716 b

177 2745 208 2750 —
225 2733 322 2756 Pecunia
340 2736 374 2755 est
398 2732 489 2755 Ordinis
509 2732 640 2760 paupertati
658 2738 693 2754 su-

130 2778 172 2800 per
188 2772 266 2794 omnia
287 2772 378 2795 inimica
401 2772 444 2794 418
464 2771 501 2794 17.
521 2771 564 2794 468
583 2772 596 2793 2
613 2783 644 2788 ·-
662 2772 694 2793 10-

131 2811 222 2834 terdum
240 2817 252 2833 a
269 2810 409 2840 quibusdam
428 2811 524 2839 pecunia
548 2810 615 2833 avide
638 2810 694 2838 peti-

130 2852 174 2878 tur,
192 2850 283 2872 incaute
304 2850 415 2878 recipitur
436 2853 457 2872 et
483 2850 595 2872 incautius
621 2855 694 2871 reser-

130 2892 197 2911 vatur
214 2887 269 2911 ibid.
290 2901 315 2904 —
333 2889 466 2916 depositum
489 2889 575 2911 nullum
600 2894 693 2910 servare

131 2927 217 2950 debent
234 2927 278 2950 452
296 2933 308 2949 3
325 2939 356 2944 -
373 2927 489 2950 Possessio
505 2930 527 2949 et
544 2927 693 2949 contrectatio

131 2966 243 2995 pecuniae
261 2966 316 2994 ipsis
333 2966 448 2994 prohibita
466 2969 500 2989 est
517 2966 562 2988 315
589 2966 625 2988 15,
649 2966 693 2988 412

132 3006 152 3028 1.
171 3012 222 3034 sqq.
239 3017 270 3022 —
292 3005 411 3034 quomodo
435 3011 460 3027 se
486 3004 571 3027 habere
596 3004 695 3027 debeant

781 234 880 263 INDEX
902 232 1148 262 ALPHABETICUS.

714 312 793 342 quoad
812 312 924 339 pecuniae
941 312 1100 340 receptionem
1121 311 1166 333 332
1192 309 1213 331 5.
1240 309 1284 332 354

714 357 735 378 3,
752 351 775 373 b.
793 351 837 374 454
855 351 870 373 b
889 364 917 367 —
935 351 994 379 Quid
1012 351 1041 373 sit
1057 355 1155 378 persona
1179 349 1277 375 interpo-

714 391 755 413 sita
773 391 796 412 in
813 396 881 413 sensu
900 390 1000 418 Regulae
1012 389 1056 411 314
1071 390 1099 411 12
1112 400 1141 404 -
1154 387 1277 416 Quomodo

715 429 831 452 mediante
850 429 947 457 pecunia
973 427 1149 451 necessitatibus
1173 427 1277 449 Fratrum

713 468 832 491 subveniri
850 469 922 497 possit
938 469 983 491 332
1001 469 1024 491 3.
1043 474 1078 496 sq.
1091 479 1121 483 ——
1132 473 1174 495 per
1191 465 1278 488 amicos

713 508 844 536 spirituales
871 508 998 530 necessaria
1026 512 1153 535 procurare
1181 507 1279 533 possunt

714 546 759 569 354
781 553 794 569 3
811 559 842 563 -
858 547 978 576 quomodo
995 552 1072 569 rerum
1094 544 1277 568 necessariarum

714 586 872 614 provisionem
897 586 1031 614 permittere
1056 585 1144 614 possint
1169 585 1214 608 314
1241 583 1277 606 13η

714 625 759 647 323
773 626 802 647 22
814 637 845 641 -
856 625 966 648 Conditor
977 626 1079 653 Regulae
1092 625 1166 653 magis
1183 625 1279 648 intendit

714 664 831 687 Fratribus
844 665 993 692 praecludere
1005 665 1067 687 viam
1079 665 1196 691 avaritiae,
1208 671 1279 693 quam

714 703 836 726 obstruere
858 704 1055 732 opportunitatem
1078 704 1207 726 necessaria
1228 710 1279 731 pro-

715 743 812 765 curandi
829 742 875 765 354
893 742 908 765 b
925 755 954 758 —
972 749 1045 771 quare
1061 743 1173 771 recipiant
1190 743 1278 772 aliqua,

715 787 776 810 quae
794 785 873 809 postea
890 782 1025 804 venduntur
1043 788 1085 810 pro
1098 782 1196 810 pecunia
1209 782 1254 804 367
1267 788 1279 804 a

715 832 746 837 —
763 821 822 849 Quid
841 821 967 843 tenendum
985 821 1014 843 de
1039 821 1142 843 dominio
1167 821 1280 849 pecuniae

715 859 834 882 Fratribus
851 860 941 882 oblatae
960 860 1004 882 314
1026 861 1052 882 12
1064 872 1094 876 -
1107 860 1238 882 Dominium
1251 863 1280 882 ta-

717 898 744 921 lis
761 899 874 927 pecuniae
891 899 953 927 apud
971 899 1087 921 mittentes
1108 902 1224 926 remanet,
1242 899 1280 922 do-

716 944 758 960 nec
776 944 818 966 pro
835 938 939 960 Fratrum
953 938 1128 960 necessitatibus
1140 941 1280 960 commutata

716 977 744 999 sit
762 977 806 998 417
829 977 862 999 16.
880 983 916 1006 sq.
935 977 979 999 418
1001 978 1034 999 18.
1058 983 1111 1006 sqq.
1127 989 1158 993 —-
1176 978 1226 999 Non
1248 980 1282 999 est

717 1016 750 1037 eis
768 1015 889 1038 inhibitum
908 1016 1011 1044 recipere
1027 1016 1157 1038 custodiam
1170 1016 1282 1043 pecuniae

717 1055 803 1077 alienae
822 1055 866 1076 413
889 1055 913 1077 17
931 1067 962 1071 -
979 1055 1102 1083 Quomodo
1114 1061 1138 1077 se
1150 1054 1236 1077 habere
1245 1055 1282 1077 de-

717 1093 786 1116 beant
796 1094 874 1122 quoad
887 1094 1056 1116 exsecutionem
1070 1093 1197 1116 testamenti
1211 1093 1240 1116 ib.
1254 1094 1280 1115 18

716 1144 747 1148 -
764 1133 824 1161 Quid
842 1133 966 1155 tenendum
985 1133 1013 1155 sit
1024 1133 1053 1155 de
1066 1133 1163 1160 pecunia
1176 1139 1218 1161 pro
1230 1133 1283 1154 Fra-

717 1171 791 1193 tribus
803 1172 875 1199 legata
889 1171 917 1194 ib.
934 1172 960 1193 t9
972 1183 1003 1188 -—
1015 1172 1076 1194 nullo
1089 1172 1159 1194 modo
1168 1172 1283 1199 recipiunt

718 1211 841 1238 pecuniam
859 1210 887 1233 ib.
906 1211 943 1233 20.
966 1217 1001 1239 sq.
1018 1223 1047 1226 —
1065 1211 1170 1233 Fratrum
1194 1211 1282 1239 Regula

718 1255 763 1271 non
781 1249 898 1272 discordat
915 1255 927 1272 a
945 1249 991 1272 vita
1009 1256 1052 1272 nec
1077 1250 1128 1272 vice
1152 1256 1219 1272 versa
1237 1250 1282 1272 314

719 1289 747 1311 13
765 1301 796 1305 -
812 1288 973 1311 Ordinationes
985 1292 1063 1311 contra
1076 1289 1231 1317 receptionem
1244 1295 1282 1317 pe-

718 1327 800 1350 cuniae
817 1327 861 1350 467
879 1334 890 1350 a

765 1379 797 1383 —
814 1366 900 1389 debent
911 1373 962 1389 esse
974 1367 1056 1389 ceteris
1069 1367 1091 1389 in
1104 1366 1229 1389 virtutibus
1241 1367 1283 1389 cel-

719 1406 791 1428 siores
810 1406 854 1428 425
872 1407 901 1428 25
919 1419 949 1422 -
971 1406 1057 1429 debent
1082 1412 1133 1429 esse
1158 1406 1283 1428 imitatores

720 1445 754 1467 sui
773 1445 845 1467 sancti
863 1445 991 1467 fundatoris
1009 1446 1053 1468 338
1070 1451 1082 1467 a
1100 1457 1131 1461 —
1148 1445 1233 1468 debent
1245 1446 1284 1467 hu-

721 1484 838 1506 militatem
851 1490 967 1506 summam
980 1485 1096 1507 custodire
1109 1484 1148 1507 371
1166 1484 1181 1506 1)
1194 1497 1223 1501 -
1233 1488 1284 1506 sunt

721 1523 873 1551 poenitentiae
891 1526 1017 1551 perpetuae
1033 1525 1175 1552 professores
1193 1523 1237 1546 406
1255 1524 1284 1546 26

720 1574 750 1578 -
769 1563 799 1584 De
823 1563 949 1591 quantitate
973 1565 995 1585 et
1020 1563 1130 1591 qualitate
1155 1563 1284 1585 vestimenti

721 1602 825 1623 Fratrum
844 1601 888 1623 402
910 1602 943 1623 16.
960 1608 1013 1630 sqq.
1026 1601 1070 1624 405
1084 1601 1113 1623 24
1124 1614 1155 1617 -
1167 1601 1285 1624 Fratribus

723 1641 780 1663 nulla
800 1641 935 1663 vestimenta
953 1641 1047 1668 pellicea
1064 1641 1223 1663 conceduntur
1241 1640 1284 1662 406

722 1679 751 1702 24
770 1693 798 1695 -
817 1680 959 1702 Vestimento
977 1680 1082 1708 ipsorum
1106 1680 1199 1702 additur
1220 1679 1286 1702 bene·

722 1719 791 1741 dictio
809 1719 849 1741 Dei
867 1719 912 1741 405
930 1719 958 1741 24
975 1732 1006 1735 -—
1023 1719 1058 1741 Ob
1076 1726 1113 1741 sex
1132 1719 1232 1741 rationes
1249 1719 1285 1741 alii

722 1761 798 1780 vestes
815 1758 919 1780 Fratrum
938 1758 1027 1780 deferre
1040 1757 1192 1786 prohibentur
1205 1758 1249 1780 363
1264 1757 1286 1780 b.

722 1797 767 1819 364
785 1803 796 1818 3
816 1810 843 1812 -
861 1797 930 1819 nudis
948 1797 1047 1825 pedibus
1064 1797 1170 1820 adierunt
1182 1797 1286 1819 remotis-

722 1836 792 1858 simas
810 1840 886 1864 partes
904 1837 985 1859 mundi
999 1836 1043 1858 403
1060 1837 1085 1858 18
1097 1849 1128 1853 —
1140 1836 1235 1866 Nuditas
1246 1842 1286 1864 pe-

722 1875 777 1897 dum
796 1882 841 1897 non
859 1878 892 1897 est
909 1876 942 1897 eis
965 1875 1131 1903 impedimento
1154 1875 1219 1898 verbi
1235 1866 1285 1897 *Dei

722 1914 776 1937 ibid.
793 1927 824 1930 —
841 1915 863 1936 in
881 1915 968 1942 pedum
987 1915 1089 1937 nuditate
1112 1915 1229 1937 imitantur
1246 1915 1287 1937 Do-

723 1953 811 1975 minum
836 1956 858 1975 et
883 1954 1004 1981 Apostolos
1030 1953 1075 1976 305
1102 1953 1122 1975 4.
1147 1953 1192 1976 404
1210 1954 1239 1975 20
1256 1966 1287 1970 -

724 1992 744 2014 S.
763 1993 897 2015 Franciscus
922 1993 982 2019 vult,
1008 1993 1097 2015 Fratres
1122 1992 1239 2020 laborare,
1265 1995 1287 2015 et

724 2031 799 2059 ipsum
818 2038 878 2059 opus
895 2032 1049 2060 multipliciter
1067 2031 1175 2054 describit
1195 2031 1238 2054 444
1257 2033 1285 2054 26

723 2083 754 2087 -
771 2071 893 2099 Quomodo
911 2071 1068 2098 praescriptus
1085 2071 1113 2093 sit
1131 2077 1142 2093 a
1161 2071 1182 2092 S.
1200 2071 1288 2093 Franci-

723 2116 763 2132 sco
780 2109 845 2132 labor
863 2116 975 2132 manuum
994 2110 1039 2132 334
1058 2110 1071 2131 9
1089 2122 1118 2125 ·-
1137 2110 1166 2132 ad
1184 2109 1286 2132 laborem

724 2149 854 2171 manualem
867 2149 986 2171 moderate
998 2154 1024 2170 ac
1038 2149 1164 2177 prudenter
1177 2149 1288 2171 inducun-

724 2190 760 2210 tur
778 2188 821 2209 327
839 2188 869 2210 32
889 2200 916 2203 -
935 2194 976 2210 cur
993 2187 1021 2209 ad
1041 2189 1083 2209 hoc
1106 2194 1151 2210 non
1175 2188 1218 2210 sint
1240 2188 1289 2210 uni-

723 2227 806 2249 versali
831 2229 954 2255 praecepto
979 2227 1064 2249 astricti
1088 2226 1142 2249 ibid.
1159 2240 1189 2242 —
1207 2233 1289 2249 omnes

724 2268 814 2293 praeter
832 2265 935 2287 infirmos
952 2271 994 2287 suo
1012 2265 1082 2287 modo
1100 2265 1205 2287 laborant
1217 2265 1263 2287 345
1276 2271 1288 2287 a

723 2316 753 2320 --
771 2304 800 2326 ad
817 2304 908 2332 qualem
926 2303 1029 2326 laborem
1053 2299 1171 2326 teneantur
1188 2304 1233 2326 320
1254 2305 1288 2326 12.

725 2342 769 2364 419
791 2343 808 2363 1.
826 2349 861 2371 sq.
880 2343 923 2364 420
941 2343 963 2365 3.
975 2349 1009 2371 sq.
1022 2355 1052 2359 -—
1064 2342 1242 2365 Constitutiones
1254 2349 1290 2365 oc-

725 2381 859 2409 cupationes
881 2382 986 2403 Fratrum
1009 2381 1141 2409 regulantes
1165 2381 1209 2404 455
1227 2381 1242 2403 b
1259 2394 1288 2397 —

724 2426 765 2443 cur
783 2427 829 2442 non
845 2420 949 2442 laborent
967 2420 1075 2442 manibus
1093 2426 1135 2448 pro
1158 2420 1220 2442 victu
1243 2420 1289 2443 345

724 2466 736 2481 a
756 2472 784 2475 —
801 2458 892 2481 Cautela
911 2458 940 2481 ab
958 2459 1014 2487 ipsis
1031 2458 1175 2481 observanda
1199 2459 1223 2481 in
1240 2465 1289 2482 exa-

725 2499 800 2520 ctione
825 2498 938 2520 mercedis
965 2498 1008 2520 420
1027 2498 1039 2520 4
1060 2511 1089 2513 -
1107 2498 1184 2526 Qualis
1206 2497 1289 2520 debeat

727 2543 777 2559 esse
793 2537 904 2559 districtio
921 2537 996 2559 victus
1013 2537 1117 2559 Fratrum
1136 2536 1180 2559 406
1199 2537 1235 2559 25.
1254 2543 1288 2566 5(].

727 2576 769 2598 453
788 2575 803 2597 b
819 2587 850 2592 --
867 2576 990 2604 Quomodo
1003 2576 1147 2603 intelligenda
1161 2576 1189 2597 sit
1200 2576 1288 2598 licentia

726 2615 755 2637 de
777 2614 887 2637 omnibus
912 2614 969 2637 cibis
993 2615 1131 2637 comedendi
1150 2614 1189 2636 411
1216 2615 1241 2637 15
1258 2627 1290 2631 -

726 2653 756 2676 ob
774 2657 819 2676 tres
835 2654 934 2676 rationes
952 2654 1027 2681 magis
1044 2654 1187 2682 frequentant
1199 2660 1290 2676 mensas

726 2693 824 2715 divitum
847 2698 917 2721 quam
941 2698 1070 2721 pauperum
1094 2692 1137 2714 352
1157 2691 1171 2714 b
1189 2705 1218 2708 -—
1235 2699 1290 2721 qua-

726 2735 778 2754 tuor
795 2732 824 2754 de
841 2732 916 2754 causis
934 2732 985 2759 plus
998 2733 1112 2754 honorant
1124 2732 1207 2754 divites
1218 2738 1289 2760 quam

726 2777 840 2799 pauperes
858 2770 902 2793 353
919 2777 931 2793 3
949 2783 980 2787 -
996 2770 1082 2793 debent
1099 2777 1181 2793 ornare
1199 2776 1290 2793 mensas

726 2810 878 2832 saecularium
896 2809 962 2831 bonis
979 2810 1089 2837 exemplis
1110 2813 1131 2831 et
1153 2810 1291 2832 auctoritati-

727 2849 771 2871 bus
788 2849 877 2871 devotis
895 2849 938 2871 444
957 2848 986 2871 24
1003 2861 1033 2865 -
1045 2848 1163 2871 Fratribus
1175 2849 1290 2876 depaupe-

727 2888 781 2910 ratis
797 2888 924 2910 necessaria
943 2890 977 2910 cst
993 2889 1090 2910 fraterna
1107 2887 1232 2910 consolatio
1246 2887 1290 2909 425

727 2928 756 2949 26
782 2939 812 2943 ——-
836 2933 877 2949 cur
904 2933 948 2948 000
976 2926 1075 2949 habeant
1100 2926 1289 2949 consuetudinem

727 2966 901 2994 praecedentiae
920 2966 959 2987 371
981 2971 1007 2992 3,
1026 2965 1040 2987 h
1057 2977 1087 2981 —-
1106 2965 1167 2987 Nulla
1191 2966 1291 2993 appella-

728 3005 758 3027 tio
776 3005 797 3027 in
820 3004 905 3027 Ordine
922 3005 970 3027 fieri
988 3004 1059 3027 <lebet
1077 3004 1120 3026 457
1139 3003 1154 3026 b
1171 3017 1201 3020 —
1218 3004 1290 3026 vitare

1816 230 1871 259 723

1577 270 1623 292 Mis

1310 308 1396 332 debent
1413 309 1524 331 iudicium
1537 308 1700 335 temerarium,
1711 308 1808 330 aliorum
1821 313 1873 329 con-

1310 351 1424 376 temptum
1436 354 1463 370 ac
1475 347 1669 376 praesumtionem
1684 347 1726 369 406
1740 347 1769 369 25
1778 346 1874 369 —Con-

1311 389 1439 411 stitutiones
1456 391 1534 411 contra
1553 388 1711 410 machinantes
1733 387 1825 410 Ordinis
1842 386 1873 409 di-

1310 428 1424 450 visionem
1444 427 1487 450 458
1505 433 1517 449 a
1534 440 1565 443 —
1577 433 1607 449 an
1618 426 1716 449 debeant
1729 432 1822 453 semper
1834 425 1873 447 im-

1311 466 1465 495 probitatibus
1481 466 1564 488 cedere
1583 466 1626 488 410
1644 466 1669 487 13
1681 478 1711 481 -
1723 471 1735 487 3
1748 465 1807 487 Sede
1818 470 1874 492 apo·

1311 506 1389 528 stolica
1401 505 1549 528 obtinuerunt
1561 505 1647 527 iudices
1659 508 1682 527 et
1692 506 1875 530 conservatores,

1312 547 1336 567 ut
1352 545 1526 573 privilegiorum
1548 544 1650 572 ipsorum
1677 543 1725 566 iura
1750 543 1876 565 defendant

1311 584 1356 606 366
1370 590 1395 611 a,
1408 583 1423 606 b
1435 596 1466 600 —
1477 583 1605 606 secundum
1617 583 1758 605 voluntatem
1771 582 1794 604 S.
1806 582 1873 604 Fran-

1311 623 1365 645 cisci
1383 622 1468 645 debent
1484 628 1535 645 esse
1552 621 1692 644 Rechabitae
1710 620 1754 643 442
1767 620 1795 642 17
1807 632 1839 637 -
1850 626 1875 642 se

1312 662 1447 690 peregrinos
1463 664 1571 689 reputare
1587 661 1674 683 debent
1691 661 1714 682 in
1731 661 1774 682 hoc
1786 659 1874 682 mundo

1313 702 1357 723 333
1376 702 1388 723 8
1405 714 1436 717 —-
1454 706 1495 723 cur
1512 700 1578 722 toties
1595 703 1712 722 mutentur
1729 700 1758 722 de
1775 699 1825 721 loco
1842 698 1872 720 ad

1312 741 1388 762 locum
1407 740 1451 762 362
1469 746 1494 767 a,
1513 739 1534 761 b.
1551 739 1591 761 371
1608 738 1630 761 b.
1644 738 1688 760 442
1705 739 1730 760 17
1741 750 1773 755 —-
1785 738 1874 760 Dictum

1312 778 1412 802 notabile
1425 779 1445 800 S.
1459 778 1571 801 Francisci
1583 778 1661 807 quoad
1677 777 1875 799 conversationem

1312 819 1417 841 Fratrum
1436 818 1460 840 51
1471 818 1476 839 1
1497 818 1511 840 7
1523 829 1553 834 -
1565 817 1601 839 Ob
1612 817 1693 839 decem
1706 816 1792 838 abusus
1804 816 1877 843 splen-

1313 858 1356 880 dor
1380 857 1473 880 Ordinis
1497 856 1631 879 obfuscatur
1657 856 1701 878 468
1728 856 1740 877 2
1757 867 1789 871 -
1807 854 1877 876 Dictis

1313 896 1426 919 abusibus
1443 902 1454 918 a
1477 896 1583 918 ministris
1606 894 1785 923 provincialibus
1807 893 1876 916 obve-

1314 936 1424 958 niendum
1450 938 1484 957 est
1510 935 1554 957 469
1580 934 1593 956 4
1610 946 1641 950 -
1658 933 1782 961 Praecipua
1807 938 1876 955 causa

1314 975 1475 997 scandalorum
1494 976 1528 995 est
1553 973 1623 995 libera
1650 971 1800 1000 transgressio
1825 977 1877 993 con-

1314 1014 1457 1036 stitutionum
1485 1012 1528 1034 470
1551 1013 1568 1034 1.
1591 1018 1642 1040 sqq.
1667 1023 1698 1027 —
1722 1013 1809 1039 quanto
1831 1016 1877 1032 ma-

1315 1052 1351 1080 gis
1368 1052 1472 1079 oppressi
1491 1051 1587 1077 fuerint,
1605 1053 1665 1072 tanto
1683 1049 1757 1077 magis
1774 1051 1877 1071 crescent

1316 1091 1360 1113 316
1382 1092 1387 1113 1
1410 1104 1439 1106 -
1457 1091 1486 1112 Ex
1504 1090 1553 1112 iure
1576 1089 1694 1112 communi
1717 1088 1878 1117 unusquisque

1315 1130 1455 1158 sepulturam
1474 1129 1535 1157 apud
1554 1129 1617 1157 ipsos
1634 1128 1718 1155 eligere
1741 1130 1815 1155 potest
1832 1127 1877 1149 366

1316 1176 1327 1192 a
1345 1182 1375 1186 —
1386 1169 1516 1197 praemium
1530 1168 1674 1197 quadruplex
1690 1169 1821 1195 exspectant
1833 1166 1878 1188 442

1317 1209 1344 1231 18
1367 1221 1392 1224 —
1410 1214 1451 1231 cur
1468 1208 1573 1230 dicantur
1591 1207 1688 1229 heredes
1699 1208 1721 1228 et
1732 1212 1799 1233 reges
1811 1205 1875 1233 regni

1315 1248 1432 1270 caelorum
1451 1247 1495 1269 425
1513 1247 1542 1269 25
1560 1259 1591 1263 -
1602 1252 1674 1275 quare
1686 1251 1765 1268 curam
1778 1244 1877 1267 habeant

1316 1287 1407 1309 Ordinis
1424 1287 1447 1309 S.
1464 1286 1543 1309 Clarae
1561 1286 1605 1308 369
1623 1285 1645 1307 b.
1657 1285 1701 1307 370
1714 1291 1725 1307 a
1738 1297 1768 1301 -—
1781 1283 1811 1306 ob
1824 1284 1880 1306 mul-

1316 1326 1404 1354 tiplices
1421 1325 1520 1348 rationes
1536 1331 1580 1347 non
1607 1326 1745 1352 promovent
1769 1323 1879 1345 Ordinem

1317 1365 1483 1388 Poenitentium
1502 1364 1545 1386 368
1564 1370 1589 1391 a,
1607 1363 1629 1385 b.
1648 1364 1691 1385 369
1710 1369 1722 1385 3
1743 1362 1797 1385 Vide
1809 1368 1829 1385 v.
1841 1362 1880 1384 Re-

1316 1404 1382 1434 qula.

1365 1444 1477 1466 Minaeum
1495 1454 1522 1458 -—
1536 1448 1582 1464 non
1595 1443 1696 1464 fecerunt
1709 1441 1829 1469 Apostolos
1841 1439 1880 1462 mi·

1317 1482 1401 1504 rabiles
1418 1482 1467 1504 sine
1484 1482 1603 1504 sanctitate
1621 1481 1661 1502 301
1684 1481 1713 1502 22

1364 1522 1515 1544 Miamotmts
1531 1533 1561 1537 —
1579 1520 1620 1542 531
1642 1519 1657 1541 b

1365 1561 1434 1582 lihsizn
1445 1572 1477 1576 —
1490 1560 1570 1582 Misero
1582 1559 1698 1581 miseratio
1707 1561 1740 1580 est
1749 1557 1879 1580 adhibenda

1318 1599 1363 1621 346
1382 1599 1396 1621 b
1414 1611 1444 1616 —-
1461 1599 1550 1621 Miseria
1568 1601 1602 1620 est
1625 1597 1764 1625 perpetratio
1786 1597 1880 1624 culpae,

1318 1639 1411 1661 amissio
1429 1638 1528 1666 gratiae,
1546 1638 1624 1660 dilatio
1642 1637 1728 1664 gloriae
1745 1637 1758 1658 8
1777 1637 1790 1657 2
1803 1648 1832 1651 -
1844 1636 1880 1657 1111-

1319 1679 1376 1700 seria
1394 1677 1537 1705 deploranda
1555 1677 1576 1698 in
1599 1676 1701 1698 oratione
1724 1675 1752 1698 ad
1775 1675 1881 1697 obtinen-

1319 1718 1372 1740 dam
1391 1717 1487 1745 gratiam
1506 1715 1535 1739 ib.
1559 1717 1577 1738 l.
1593 1722 1628 1744 sq.
1649 1716 1669 1736 11
1696 1716 1721 1737 12
1739 1727 1769 1730 —
1786 1715 1881 1742 Propter

1319 1756 1417 1785 proximi
1436 1756 1540 1778 miserias
1557 1754 1658 1777 remedia
1677 1753 1812 1782 postulanda
1829 1753 1855 1775 15
1867 1753 1880 1775 9

1317 1808 1348 1812 -
1365 1795 1525 1818 Consideratio
1545 1794 1649 1816 miseriae
1668 1794 1782 1815 humanae
1798 1795 1832 1814 est
1844 1792 1882 1814 via

1319 1835 1347 1857 ad
1366 1834 1516 1856 humilitatem
1536 1834 1543 1855 ¹l
1555 1833 1576 1854 11
1598 1833 1612 1854 5

1367 1874 1523 1896 Misamconoiit
1541 1884 1572 1888 -
1589 1874 1623 1894 est
1640 1871 1778 1899 principium
1796 1870 1883 1898 gratiae

1319 1915 1342 1934 et
1358 1912 1421 1940 pacis
1442 1912 1463 1933 11
1490 1912 1514 1933 12
1533 1924 1562 1927 -
1580 1911 1672 1938 Septem
1690 1912 1742 1932 sunt
1755 1909 1883 1932 misericor-

1319 1951 1371 1974 diae
1390 1951 1429 1973 Dei
1447 1950 1475 1972 42
1495 1950 1518 1972 41
1540 1962 1571 1966 -
1588 1956 1678 1972 summa
1691 1952 1712 1971 et
1724 1947 1882 1971 inenarrabilis

1321 1990 1360 2013 Dei
1378 1990 1519 2012 manifestata
1538 1992 1572 2012 est
1589 1995 1630 2017 per
1648 1994 1740 2011 crucem
1758 1987 1840 2010 Christi
1857 1987 1882 2009 13

1321 2030 1333 2052 4
1351 2042 1381 2046 -
1400 2030 1460 2051 Deus
1472 2029 1586 2058 quaedam
1599 2028 1690 2050 ordinat
1703 2033 1744 2055 per
1756 2027 1882 2049 misericor-

1320 2069 1382 2091 diam
1400 2068 1425 2090 71
1452 2069 1456 2090 1
1480 2081 1508 2084 -
1526 2068 1643 2095 multIplex
1661 2073 1715 2094 erga
1738 2068 1883 2094 peccatorem

1322 2108 1345 2130 41
1368 2108 1405 2130 37.
1422 2114 1473 2136 sqq.
1491 2120 1522 2123 —
1540 2107 1579 2129 Dei
1592 2112 1684 2134 semper
1696 2106 1725 2128 ad
1739 2106 1832 2127 meliora
1845 2111 1884 2127 vo-

1321 2150 1357 2169 cat
1373 2147 1402 2169 34
1424 2147 1449 2168 16
1466 2159 1497 2163 -
1514 2148 1592 2174 aperta
1610 2148 1644 2168 est
1668 2144 1837 2173 poenitentibus
1852 2143 1883 2166 74

1325 2187 1350 2208 13
1368 2198 1398 2202 -
1416 2186 1455 2207 Dei
1472 2188 1506 2208 est
1523 2191 1614 2207 summe
1632 2184 1744 2211 benigna,
1767 2183 1883 2205 xiscerosa

1321 2228 1343 2247 et
1359 2224 1458 2247 liberalis
1480 2224 1520 2246 128
1540 2225 1553 2246 2
1571 2236 1601 2240 -
1613 2224 1645 2246 Ad
1661 2225 1744 2245 fontem
1758 2222 1884 2245 miscricor-

1322 2264 1373 2287 diae
1390 2270 1432 2292 per
1449 2269 1515 2291 spem
1540 2263 1621 2285 veniae
1643 2262 1787 2284 redeundum
1805 2261 1834 2283 76
1853 2262 1881 2283 20

1321 2316 1352 2320 -
1371 2304 1401 2325 De
1419 2302 1576 2325 misericordia
1595 2301 1683 2323 Domini
1707 2307 1824 2329 nunquam
1843 2300 1883 2322 de-

1322 2342 1464 2370 sperandum
1481 2344 1514 2363 est
1532 2341 1560 2362 90
1579 2341 1600 2362 6.
1620 2340 1663 2362 492
1682 2340 1702 2362 6.
1715 2346 1749 2368 sq.
1761 2352 1792 2356 -
1805 2340 1885 2367 implo-

1322 2381 1393 2403 randa
1411 2381 1432 2402 in
1450 2380 1552 2402 oratione
1569 2380 1581 2401 3
1605 2380 1609 2400 l
1631 2391 1661 2395 —
1679 2378 1814 2407 postulanda
1831 2384 1885 2400 cum

1322 2419 1436 2442 affluentia
1453 2419 1574 2445 desiderii,
1592 2418 1675 2440 fiducia
1693 2418 1755 2446 spei,
1767 2417 1884 2445 diligentia

1322 2458 1460 2486 implorandi
1478 2457 1574 2480 subsidii
1592 2457 1621 2480 ib.
1640 2458 1661 2479 3.
1680 2457 1702 2478 11
1725 2457 1749 2478 12
1763 2469 1791 2472 -
1804 2457 1842 2479 Dei
1856 2456 1885 2479 ad

1322 2498 1422 2520 dandam
1441 2497 1538 2524 gratiam
1558 2496 1679 2518 inflectitur
1696 2502 1738 2523 per
1750 2495 1885 2523 deploratio-

1322 2542 1375 2559 nem
1392 2540 1415 2559 et
1431 2536 1597 2564 expositionem
1615 2538 1705 2557 nostrae
1723 2535 1828 2557 miseriae
1845 2535 1858 2556 8
1875 2535 1880 2556 1

1322 2588 1352 2592 -
1377 2575 1564 2598 Consideratione
1593 2574 1765 2596 misericordiae
1793 2573 1886 2595 divinae

1323 2614 1482 2636 benevolentia
1504 2617 1538 2636 est
1559 2613 1687 2636 exhibenda
1705 2614 1718 2635 9
1737 2614 1749 2635 7
1768 2625 1798 2629 -
1815 2613 1888 2640 perfe-

1323 2656 1358 2676 cta
1375 2653 1478 2675 consistit
1496 2653 1517 2674 in
1536 2653 1572 2680 pia
1591 2655 1612 2674 ct
1631 2652 1812 2674 condescensiva
1835 2658 1885 2679 pro-

1323 2693 1436 2715 ximorum
1453 2691 1627 2720 supportatione
1641 2691 1684 2713 246
1697 2692 1709 2711 S
1723 2703 1753 2707 —
1764 2690 1886 2713 abundans

1323 2738 1368 2754 non
1379 2731 1490 2759 competit
1502 2731 1655 2759 imperfectis,
1668 2730 1708 2752 sed
1721 2730 1827 2758 perfectis
1839 2730 1884 2752 269

1327 2771 1347 2792 11
1369 2782 1400 2786 -
1417 2773 1535 2792 exercetur
1560 2770 1621 2792 dono
1648 2769 1737 2797 pietatis
1763 2769 1791 2790 86
1811 2769 1838 2791 49
1856 2781 1887 2786 --

1323 2809 1491 2831 Misericordiae
1507 2812 1541 2831 est
1553 2811 1681 2831 sustentare
1693 2811 1786 2836 egentes
1798 2808 1843 2830 290
1860 2808 1885 2829 13

1322 2861 1353 2865 -
1371 2848 1455 2870 misero
1477 2847 1608 2870 adhibenda
1632 2850 1666 2870 est
1683 2847 1727 2870 346
1746 2846 1761 2869 b
1777 2859 1808 2863 —
1825 2847 1888 2869 exhi-

1324 2887 1398 2909 benda
1416 2887 1497 2909 amicis
1514 2890 1536 2909 et
1554 2887 1652 2909 inimicis
1670 2886 1713 2908 246
1732 2887 1745 2908 6
1763 2899 1793 2902 -
1811 2886 1886 2914 Opera

1324 2926 1494 2948 misericordiae
1511 2926 1540 2948 (le
1557 2926 1657 2948 caritatis
1669 2926 1746 2947 radice
1758 2926 1889 2953 procedunt

1324 2965 1368 2987 214
1390 2965 1395 2986 1
1406 2965 1431 2986 16
1449 2977 1478 2981 -
1493 2965 1618 2987 Necessitas
1631 2965 1812 2987 miscricordiam
1825 2964 1887 2986 exhi-

1326 3004 1394 3026 bendi
1412 3003 1465 3026 ibid.
1479 3004 1523 3026 215
1539 3005 1544 3025 1
1556 3004 1580 3026 17
1593 3015 1624 3020 —
1636 3004 1735 3026 crudelis
1746 3007 1780 3026 est
1792 3009 1887 3031 parcere
