2133 3317
125 1390 154 1408 De
168 1389 254 1413 Capitulo

138 1413 241 1437 culparum.

135 1903 163 1922 De
175 1903 258 1927 hospita-

162 1927 224 1946 litate.

136 2185 164 2204 De
176 2186 259 2203 tonsura,

265 235 323 264 454

265 314 335 342 hora
356 311 528 341 dormitionis
549 318 565 338 a
587 309 689 338 Pascha
710 315 800 344 usque
828 307 862 335 ad
882 307 983 335 festum
1007 305 1116 334 Exalta-

266 359 348 387 tionis
369 360 478 386 sanctae
499 355 603 384 Crucis.
627 354 766 392 [Quolibet
781 354 791 370 ¹
812 356 906 381 autem
927 352 971 381 die
992 354 1054 388 post
1074 359 1116 380 se-

266 405 384 434 cundam
408 410 528 431 mensam
552 401 708 430 immediate
734 401 861 437 pulsetur
888 407 1021 436 campana
1046 398 1116 427 rese-

267 451 362 484 ctorii,
384 453 411 478 et
425 458 461 478 ex
479 452 543 478 tunc
558 448 674 477 sileatur
690 454 779 484 nsque
793 446 828 475 ad
842 446 955 474 Nonam.
971 445 998 473 ln
1018 445 1116 474 diebus

266 497 434 526 ieiuniorum
451 495 531 524 simili
554 495 634 523 modo
649 502 665 522 a
679 494 787 531 pulsata
802 492 972 529 campanella
986 492 1115 526 sileatur,

266 551 414 580 usquequo
435 542 483 571 fiat
503 542 613 578 signum
634 541 667 569 ad
690 540 860 577 surgendum
883 538 1037 568 secundum
1055 546 1116 575 spa-

267 590 336 619 tium
359 597 375 617 a
395 588 553 617 Guardiano
574 587 687 624 provide
708 585 888 625 ordinatum]
912 586 1001 614 Liceat
1023 587 1116 613 tamen

266 636 389 665 breviter
404 638 431 664 et
452 635 591 663 submisse
612 633 768 671 significare
788 632 863 669 quod
884 639 995 660 necesse
1016 634 1065 660 est.
1086 631 1117 659 Et

267 683 498 720 quotiescumque
519 681 619 718 aliquis
640 681 774 713 scienter,
790 679 887 708 leviter
909 682 1013 712 tamen,
1035 678 1117 707 silen-

267 729 337 758 tium
359 728 486 765 fregerit,
508 728 580 756 dicat
596 736 646 764 pro
661 726 784 763 qualibet
799 726 858 754 vice
873 733 961 754 unum
981 724 1117 753 Miserere

267 775 333 809 mci,
350 776 437 809 Deus,
457 775 500 803 vel
522 774 612 802 tribus
633 773 741 802 vicibus
763 773 853 801 Pater
873 775 988 805 nostem
1010 771 1032 800 si
1054 771 1117 807 quis

267 830 334 851 vero
356 821 513 850 notabiliter
534 820 740 849 contrafecerit
762 827 811 856 per
826 819 974 848 clamosam
990 818 1032 847 vel
1054 826 1118 854 pro-

267 869 353 897 lixam
375 868 474 897 silentii
497 868 675 901 fractionem,
697 867 770 895 dicat
798 867 824 894 in
851 865 977 902 Capitulo
1005 865 1115 901 culpam

267 924 357 949 suam,
369 916 419 943 has
433 914 601 943 differentias
614 914 633 949 ²,
648 916 732 951 prout
747 921 775 942 se
787 913 936 949 deliquisse
951 911 1117 945 meminerit,

268 961 459 998 exprimendo.
475 978 513 981 -—
529 960 651 989 Dicimus
665 962 757 988 autem
773 959 950 992 clamosam,
969 966 1041 995 quae
1055 965 1118 994 per—

268 1009 384 1037 turbare
406 1011 495 1044 potest
516 1008 744 1041 circumstantes,
763 1006 932 1043 prolixam,
954 1013 1026 1042 quae
1054 1013 1118 1041 pro-

268 1055 392 1084 tenditur
420 1055 495 1083 ultra
523 1053 642 1090 spatium
666 1053 801 1081 illiscrere
822 1052 894 1086 mei,
919 1052 1011 1085 Deus,
1033 1051 1078 1079 cui
1103 1059 1119 1079 a

269 1102 426 1130 Guardiano
447 1101 613 1130 abstinentia
634 1109 650 1129 a
671 1100 829 1136 pulmento,
851 1099 895 1128 vel
916 1107 932 1127 a
963 1099 1043 1132 vino,
1075 1098 1119 1126 vel

269 1149 303 1177 ab
324 1149 453 1185 utrisque
475 1148 626 1176 secundum
650 1147 747 1183 culpae
762 1146 929 1183 exigentiam
949 1146 1118 1182 imponatur.

269 1195 367 1223 Nullus
388 1195 483 1222 Frater
504 1193 604 1221 habeat
626 1200 763 1221 cameram
786 1192 907 1221 clausam
930 1191 984 1229 [vel
1012 1199 1028 1219 a
1055 1191 1119 1219 dor-

269 1241 380 1270 mitorio
395 1243 610 1277 sequestratam,
633 1239 764 1268 Ministris
779 1238 903 1275 exceptis
921 1241 948 1267 et
969 1237 1120 1266 lectoribus

269 1288 297 1316 in
319 1287 495 1324 generalibus
516 1286 614 1315 studiis
636 1284 839 1322 constitutis³].

351 1335 433 1368 ltem,
455 1334 550 1362 nullus
571 1333 665 1361 Frater
691 1341 707 1360 a
737 1332 885 1368 culparum
917 1331 1043 1368 Capitulo
1071 1338 1120 1367 per

273 1381 427 1418 praelatum
442 1382 454 1397 4
475 1380 622 1417 aliquando
643 1380 800 1413 eximatur;
826 1379 949 1415 hospites
979 1378 1061 1407 etiam
1092 1378 1120 1406 in

271 1428 353 1462 Iocis,
376 1428 423 1456 ubi
446 1428 521 1455 ultra
536 1430 592 1455 tres
606 1426 664 1455 dies
680 1434 784 1454 moram
807 1425 1014 1459 contraxerint,
1029 1424 1121 1453 dicant

271 1475 299 1503 in
321 1475 446 1511 Capitulo
468 1474 563 1510 culpas
584 1481 664 1507 suas,
687 1476 714 1501 et
735 1473 807 1501 dicta
838 1472 919 1509 culpa
951 1475 978 1500 et
1009 1474 1121 1508 accepta

271 1521 454 1559 poenitentia,
476 1520 662 1557 egrediantur.
679 1519 781 1547 Omnes
802 1519 927 1552 Fratres,
950 1522 1006 1547 tam
1027 1518 1120 1547 clerici

272 1577 356 1606 quam
378 1568 438 1596 laici
460 1571 487 1596 et
507 1567 646 1601 forenses,
673 1570 734 1603 post
756 1566 954 1595 recreationem
980 1568 1120 1601 acceptam

272 1615 425 1644 secundum
447 1614 614 1650 exigentiam
637 1613 743 1642 itineris
764 1616 791 1641 et
812 1612 914 1641 laboris
946 1612 1057 1640 veniant
1087 1611 1121 1639 ad

271 1661 503 1698 Completorium‚
526 1663 553 1689 et
574 1660 668 1689 nullus
690 1663 831 1688 remaneat
852 1659 910 1688 sine
931 1667 1015 1687 causa
1034 1658 1121 1695 legiti-

271 1717 331 1743 ma,
354 1711 381 1737 et
402 1708 453 1736 hoc
474 1707 508 1736 de
529 1707 644 1744 praelati
666 1707 709 1735 sui
732 1706 841 1735 licentia
863 1705 983 1742 speciali.
1005 1705 1038 1733 Et
1058 1705 1121 1742 qui<

272 1764 392 1792 cumque
414 1758 510 1783 contra
531 1754 643 1788 fecerit,
665 1761 721 1782 uno
744 1753 858 1790 prandio
874 1753 937 1781 vino
958 1755 1063 1786 careat,
1078 1752 1121 1780 vel

272 1802 425 1840 pulmento.

351 1849 461 1877 Fratres
475 1855 570 1876 omnes
586 1847 708 1883 hospites
722 1846 910 1883 suscipiantur
925 1846 953 1874 in
968 1845 1122 1874 visceribus

273 1896 411 1929 caritatis,
432 1895 554 1924 maxime
575 1894 716 1923 venientes
736 1894 770 1922 de
800 1893 942 1922 extraneis
973 1892 1123 1929 provinciis

273 1946 301 1972 et
321 1942 487 1979 longinquis.
510 1942 541 1969 Et
563 1941 584 1969 si
607 1940 718 1977 quando
740 1941 849 1968 Fratres
870 1939 1075 1968 Praedicatores
1089 1938 1123 1967 ad

274 1990 335 2018 loca
366 1993 461 2017 nostra
492 1988 635 2022 venerint,
661 1987 738 2016 velut
765 1987 874 2015 Fratres
899 1986 986 2015 nostri
1013 1985 1124 2014 Ordinis

273 2036 390 2073 benigne
405 2039 432 2064 et
446 2035 588 2063 caritative
603 2034 806 2071 suscipiantur,
821 2036 849 2062 et
870 2033 1037 2062 seminantes
1051 2032 1123 2061 inter

274 2091 323 2111 nos
345 2086 372 2111 et
394 2083 467 2119 ipsos
488 2082 615 2110 scandala
636 2081 759 2118 graviter
781 2080 943 2117 puniantur.

354 2129 464 2157 Fratres
478 2128 635 2165 quindecim
651 2128 758 2156 vicibus
773 2127 907 2155 radantur
922 2127 949 2155 in
965 2135 1037 2155 anno
1056 2129 1124 2155 tem—

276 2176 392 2213 poribus
413 2175 567 2209 consuetis,
589 2178 615 2203 ct
637 2175 672 2203 sit
693 2182 793 2202 rasura
813 2182 868 2201 non
899 2173 1021 2206 modica,
1053 2172 1124 2201 sicut

275 2223 354 2251 decet
375 2222 535 2258 Religiosos,
558 2221 596 2250 sic
625 2224 656 2249 ut
684 2221 756 2249 iuter
782 2220 868 2256 ipsam
894 2223 921 2248 et
946 2227 1044 2248 aurem
1069 2227 1124 2247 non

276 2270 330 2298 sint
345 2269 355 2286 5
377 2269 488 2305 plures,
510 2276 593 2305 quam
616 2270 673 2296 tres
693 2267 778 2304 digiti.
802 2268 955 2295 Tonsuram
976 2275 1031 2294 non
1046 2266 1056 2282 ὃ
1078 2266 1125 2294 de-

276 2324 361 2353 super
382 2324 464 2344 aures
486 2318 541 2344 tam
563 2315 653 2343 clerici
676 2322 760 2351 quam
776 2314 835 2342 lalci
851 2314 942 2342 facere
956 2315 1124 2350 procurent,

277 2366 304 2392 et
325 2363 373 2391 fiat
394 2362 567 2399 temporibus
588 2361 760 2398 opportunis.
778 2361 808 2388 Et
823 2360 924 2389 eisdem
940 2360 1038 2388 diebus
1052 2367 1126 2388 com-

277 2409 421 2437 municent
442 2409 566 2441 Fratres,
588 2408 639 2436 nisi
662 2407 846 2436 remanserint
867 2407 900 2435 de
931 2406 1041 2435 licentia
1067 2413 1127 2442 spe-

280 2455 349 2484 ciali.
372 2454 415 2492 [Et
439 2457 503 2483 tunc
517 2454 565 2482 fiat
579 2462 670 2482 sermo
685 2453 828 2482 Fratribus
843 2453 869 2481 in
885 2453 1024 2481 communi
1040 2451 1072 2490 ⁷].
1088 2451 1124 2480 Ad

277 2502 346 2531 illud
367 2502 531 2530 altissimum
554 2502 763 2529 Sacramentum
794 2500 939 2537 diligenter
962 2507 990 2528 se
1012 2507 1127 2536 praepa-

279 2552 341 2578 rent
361 2549 471 2577 Fratres
492 2556 596 2577 omnes.
612 2548 643 2576 Et
657 2550 688 2576 ut
702 2548 755 2575 hoc
770 2547 869 2575 melius
884 2547 946 2580 fiat,
963 2546 1126 2580 statuimus,

280 2598 311 2624 ut
332 2595 432 2632 singuli
453 2595 650 2624 determinatos
665 2594 698 2622 de
719 2593 829 2622 licentia
843 2593 992 2622 Guardiani
1008 2593 1128 2621 habeant

281 2642 467 2675 confessores,
484 2641 586 2678 quibus
600 2641 643 2669 bis
657 2641 691 2669 ad
712 2641 804 2669 minus
819 2640 1002 2669 confiteantur
1017 2639 1043 2668 in
1060 2647 1128 2676 qua-

281 2688 347 2717 libet
369 2688 528 2724 septimana.
553 2688 583 2716 Et
604 2687 637 2715 de
652 2687 704 2716 hoc
719 2687 826 2715 solliciti
842 2686 896 2715 sint
911 2686 1076 2720 Guardiani,
1098 2688 1129 2714 ut

620 230 817 260 OPUSCULUM
839 228 927 258 XVIII.
948 226 1233 256 CONSTITUTIONES
1253 226 1495 256 NARBONENSES.
1519 225 1614 254 RUBR.
1636 225 1668 253 V.

1172 313 1222 341 per
1243 304 1392 341 utriusque
1413 303 1582 332 Sacramenti
1603 302 1788 340 frequentiam
1816 305 1926 331 sanctae
1956 310 2020 331 con-

1172 351 1336 380 versationis
1356 351 1384 379 in
1405 354 1527 387 utroque
1547 350 1659 379 homine
1680 349 1787 386 puritas
1807 349 1980 378 observetur.

1143 390 1146 529 Ι
1376 444 1416 472 Du
1437 451 1511 472 iuono
1532 451 1665 472 axruams
1687 451 1818 471 exanimi.

1502 535 1634 564 Rubrica
1661 536 1689 564 V.

1253 630 1321 659 Cum
1338 629 1441 666 Regula
1455 628 1597 657 Fratribus
1612 636 1663 665 per
1677 628 1812 657 mundum
1824 629 1956 657 euntibus
1967 637 2022 658 ma-

1173 677 1249 706 xime
1265 677 1379 705 suadeat
1393 677 1581 709 honestatem,
1596 675 1755 709 statuimus,
1770 678 1802 704 ut
1817 675 1911 704 nullus
1925 676 2020 704 Frater

1173 724 1316 758 mittatur,
1338 723 1389 751 nisi
1412 723 1447 751 sit
1467 725 1596 751 maturus
1617 722 1754 756 moribus,
1784 722 1827 751 vel
1855 730 1918 751 cum
1948 723 2022 751 socio

1173 771 1288 808 provido
1302 772 1330 799 et
1350 776 1458 797 securo.
1474 769 1632 796 Teneantur
1647 771 1740 796 autem
1755 768 1865 797 Fratres
1886 771 2022 798 exeuntes

1173 818 1201 846 in
1223 817 1314 846 reditu
1336 824 1387 844 suo
1408 818 1514 844 secreto
1535 814 1692 843 Guardiano
1707 814 1718 831 ⁸
1739 823 1872 844 excessus
1894 824 1960 845 suos
1974 824 2023 845 no-

1174 864 1271 893 tabiles
1292 871 1341 900 per
1362 862 1546 891 obedientiam
1567 862 1684 890 invicem
1700 862 1836 891 intImare.
1860 863 1891 891 Et
1912 863 1934 891 si
1949 871 2024 892 unus

1174 912 1269 940 Frater
1291 910 1357 939 velit
1377 909 1456 938 alteri
1479 908 1603 937 confiteri
1625 908 1700 945 quod
1721 908 1779 945 ipse
1800 909 1867 937 alias
1895 909 2023 945 sciverit,

1175 966 1228 986 non
1262 956 1377 993 recipiat
1401 955 1452 984 nisi
1482 955 1535 984 sub
1563 955 1615 983 hac
1640 955 1810 989 conditione,
1837 956 1910 992 quod
1939 956 2025 993 possit

1175 1005 1267 1033 dicere
1288 1003 1453 1031 GuardIano.
1477 1002 1507 1031 Et
1529 1005 1560 1030 ut
1580 1002 1724 1030 discursus
1742 1002 1848 1031 inutilis
1868 1010 2025 1039 compesca-

1176 1053 1239 1084 tur,
1251 1049 1428 1083 ordtnamus,
1443 1048 1518 1085 quod
1533 1048 1648 1077 Ministri
1664 1051 1745 1077 extra
1760 1049 1930 1077 Provinciam
1945 1057 2024 1078 suam

1175 1105 1231 1125 non
1253 1096 1362 1124 mittant
1383 1096 1493 1124 Fratres
1514 1096 1620 1132 absque
1640 1095 1818 1129 necessitate,
1841 1095 1885 1124 vel
1905 1095 2025 1125 evidenti

1175 1143 1309 1177 utilitate,
1332 1146 1440 1171 certum
1462 1142 1500 1171 eis
1516 1142 1543 1170 in
1559 1142 1658 1170 litteris
1676 1142 1905 1171 obedientialibus
1925 1142 2025 1179 praefi-

1176 1193 1271 1227 gentes
1294 1190 1443 1218 terminum
1466 1189 1632 1224 revertendi.
1654 1189 1752 1218 Custos
1773 1189 1855 1218 etiam
1877 1192 1958 1218 extra
1972 1189 2025 1218 Cu-

1176 1237 1291 1266 stodiam
1307 1244 1385 1265 suam
1407 1236 1441 1264 ad
1455 1236 1626 1271 Ministrum,
1643 1236 1686 1264 vel
1700 1236 1780 1270 alias,
1803 1239 1829 1265 et
1850 1236 2025 1266 Guardianus

1176 1287 1257 1312 extra
1279 1284 1429 1312 terminum
1451 1283 1629 1319 guardianiae
1659 1290 1725 1311 suae
1747 1283 1856 1311 Fratres
1884 1291 1939 1311 non
1961 1283 2025 1312 mit-

1177 1334 1251 1365 tant,
1273 1331 1325 1359 nisi
1348 1339 1398 1367 pro
1418 1330 1528 1367 urgenti
1557 1330 1734 1364 necessitate,
1762 1330 1804 1358 vel
1831 1330 1950 1359 evidenti
1971 1330 2026 1359 uti-

1177 1378 1252 1406 litate
1292 1377 1409 1406 viderint
1444 1376 1618 1410 faciendum,
1650 1376 1776 1413 praefixo
1807 1376 1857 1405 sihi
1889 1376 1966 1405 brevi
1999 1380 2026 1406 et

1177 1427 1253 1453 certo
1275 1424 1392 1452 termino
1412 1423 1576 1452 revertendi.
1594 1423 1625 1451 Et
1639 1423 1869 1460 quotiescumque
1884 1423 1947 1460 quis
1962 1431 2026 1452 con-

1178 1471 1316 1499 trafecerit
1338 1470 1542 1507 praedictorum
1559 1469 1582 1503 9,
1605 1469 1685 1498 toties
1714 1469 1818 1498 ieiunet
1846 1469 1872 1497 in
1901 1478 1971 1506 pane
1999 1473 2026 1499 et

1177 1526 1257 1554 aqua.
1278 1517 1309 1545 Et
1331 1525 1415 1553 super
1437 1517 1522 1545 huius
1542 1516 1746 1545 constitutionis
1771 1516 1945 1545 observantia
1966 1517 2027 1545 dili—

1177 1569 1273 1601 genter
1295 1572 1310 1592 a
1326 1563 1522 1592 Visitatoribus
1540 1563 1708 1599 inquiratur.
1725 1563 1823 1592 Nullus
1838 1564 1932 1592 Frater
1947 1564 2027 1592 vadat

1178 1611 1260 1647 pedes
1288 1618 1337 1639 uec
1366 1618 1451 1647 eques
1477 1610 1534 1638 sine
1556 1610 1666 1644 Fratre,
1687 1612 1736 1638 aut
1757 1610 1816 1639 sine
1837 1611 1932 1639 Fratre
1954 1611 2027 1640 socio

1177 1657 1278 1685 alicubi
1301 1660 1497 1685 commoretur.

1256 1704 1354 1732 Nullus
1375 1703 1456 1732 etiam
1478 1703 1572 1732 Frater
1597 1703 1625 1731 in
1646 1703 1691 1731 via
1711 1706 1803 1740 portet
1823 1712 1874 1732 nec
1894 1704 1957 1732 alibi
1980 1712 2027 1741 pe-

1178 1798 1275 1826 diebus
1290 1797 1317 1826 in
1339 1805 1408 1834 pane
1424 1799 1529 1825 tantum
1552 1799 1579 1825 et
1594 1805 1666 1833 aqua
1680 1797 1790 1825 ieiunet.
1808 1797 1966 1826 inhibemus
1987 1797 2028 1826 di-

1178 1844 1288 1878 stricte,
1310 1847 1343 1873 ut
1363 1844 1457 1872 nullus
1478 1844 1573 1872 Frater
1594 1844 1755 1872 bursarium
1778 1852 1871 1872 secum
1896 1844 1979 1873 ducat
2000 1845 2026 1872 in

1180 1892 1223 1920 via
1237 1899 1287 1920 uec
1303 1899 1422 1928 puerum
1438 1891 1621 1924 saecularem,
1640 1891 1686 1927 qui
1703 1893 1794 1927 portet
1808 1891 1953 1927 pecuniam
1968 1899 2029 1928 pro-

1179 1941 1240 1974 pter
1255 1938 1355 1974 ipsum.
1379 1938 1410 1966 Et
1425 1937 1447 1966 si
1463 1937 1525 1974 quis
1540 1941 1636 1966 contra
1649 1936 1761 1971 fecerit,
1783 1945 1833 1974 pro
1848 1937 1971 1974 qualibet
1985 1945 2029 1967 re-

1179 1985 1294 2013 fectione
1315 1985 1349 2013 ab
1371 1984 1430 2021 ipso
1445 1987 1555 2021 recepta
1570 1984 1653 2013 semel
1669 1984 1773 2013 ieiunet
1787 1984 1814 2012 in
1837 1991 1906 2021 pane
1922 1987 2029 2013 tantum

1180 2034 1207 2060 et
1227 2040 1308 2068 aqua.
1330 2032 1440 2060 Fratres
1455 2039 1517 2059 cum
1534 2031 1561 2059 in
1583 2031 1681 2059 itinere
1695 2031 1799 2059 fuerint
1820 2033 1848 2059 et
1861 2031 1895 2059 ad
1917 2034 2029 2067 tempus

1180 2078 1340 2107 comedendi
1364 2078 1406 2106 vel
1421 2077 1576 2114 hospitandi
1593 2077 1785 2114 pervenerint,
1807 2077 1841 2105 ad
1860 2078 1969 2106 Fratres
1983 2085 2029 2106 ve—

1181 2125 1273 2159 niant,
1295 2125 1346 2153 nisi
1369 2124 1512 2152 manifesta
1539 2124 1700 2152 necessitate
1725 2124 1926 2160 impediantur3
1952 2127 1979 2152 et
2007 2123 2029 2152 si

1181 2172 1244 2209 quis
1265 2174 1361 2200 contra
1382 2171 1434 2199 hoc
1455 2171 1566 2204 fecerit,
1588 2179 1644 2199 una
1664 2171 1708 2199 die
1733 2173 1840 2199 tantum
1863 2171 1890 2199 in
1912 2179 1982 2207 pane
2003 2174 2030 2200 et

1180 2226 1252 2255 aqua
1267 2218 1379 2246 ieiunet.
1395 2218 1504 2245 Fratres
1520 2220 1695 2246 transeuntes
1707 2225 1756 2253 per
1773 2218 1844 2245 viam
1856 2217 1924 2245 nihil
1939 2217 2030 2254 acqui-

1181 2267 1244 2293 rant
1259 2264 1286 2292 in
1302 2264 1400 2297 terris,
1422 2264 1449 2292 in
1472 2263 1574 2301 quibus
1590 2266 1735 2292 morantur
1750 2264 1873 2298 Fratres,
1896 2271 1944 2301 per
1959 2272 2030 2301 quos

1182 2312 1329 2340 transitum
1346 2311 1474 2344 fecerint,
1489 2311 1541 2339 nisi
1556 2310 1590 2339 de
1604 2311 1713 2339 licentia
1727 2311 1869 2345 Custodis,
1884 2311 1928 2340 vel
1942 2311 2030 2339 Guar-

1181 2358 1270 2391 diani,
1293 2361 1319 2386 et
1340 2357 1469 2385 obediant
1483 2357 1534 2391 eis,
1551 2357 1684 2393 quamdiu
1702 2360 1848 2385 morantur
1869 2357 1988 2391 ibidem,
2003 2359 2030 2385 et

1182 2404 1215 2433 de
1236 2404 1387 2432 manifestis
1408 2404 1534 2438 offensis,
1553 2412 1623 2440 quas
1643 2403 1763 2438 faciunt,
1791 2403 1942 2432 eorundem
1969 2411 2030 2432 cor-

1183 2451 1298 2480 rectioni
1320 2451 1489 2479 subiaceant.

1262 2497 1405 2526 Fratribus
1426 2498 1484 2526 sine
1501 2497 1656 2526 obedientia
1670 2497 1713 2525 vel
1728 2497 1786 2526 sine
1800 2497 2030 2525 testimonialibus

1184 2544 1283 2573 litteris
1306 2544 1347 2573 sui
1375 2544 1550 2580 provincialis
1571 2544 1686 2572 Ministri
1708 2546 1789 2572 extra
1814 2551 1893 2572 suam
1914 2543 2031 2572 admini-

1186 2591 1363 2625 strationem,
1386 2591 1428 2619 vel
1450 2591 1575 2619 Custodis
1597 2594 1678 2619 extra
1692 2599 1771 2619 suam
1789 2591 1945 2619 Custodiam
1962 2599 2030 2620 eun-

1185 2638 1260 2666 tibus
1282 2637 1391 2674 caputia
1412 2640 1439 2666 et
1460 2637 1566 2671 omnia,
1588 2645 1659 2674 quae
1681 2640 1804 2674 portant,
1826 2637 1989 2666 auferantur
2004 2641 2031 2666 et

1185 2693 1239 2713 non
1261 2684 1413 2713 reddantur
1434 2684 1485 2713 nisi
1507 2684 1534 2712 in
1556 2692 1621 2713 casu
1643 2684 1795 2713 excusabili
1812 2685 1835 2701 ¹⁰
1859 2685 1893 2713 de
1918 2684 2031 2713 consilio

345 2828 352 2840 ¹
373 2829 394 2850 ln
417 2828 497 2851 codice
523 2830 579 2851 hacc
605 2834 659 2856 pars
682 2828 812 2856 parenthesi
838 2828 924 2850 inclusa
947 2828 1021 2856 posita
1044 2830 1077 2850 est
1099 2827 1129 2850 ad

284 2867 378 2889 calcem.

347 2904 356 2917 2
374 2907 389 2927 E
407 2905 607 2933 circumstantias,
627 2906 668 2929 sed
685 2909 763 2929 contra
782 2906 894 2928 codicem.

349 2944 357 2956 ³
370 2945 400 2966 lta
413 2945 443 2967 ad
455 2945 552 2972 calcem,
570 2945 610 2967 sed
624 2946 730 2973 primitus
742 2944 873 2973 legebatur:
888 2951 1009 2968 cameram
1022 2944 1130 2968 clausam

283 2982 409 3012 specialem
426 2983 474 3006 nisi
486 2990 533 3013 pro
552 2984 647 3013 urycnli
663 2984 798 3007 necessitate
821 2984 857 3007 vel
878 2984 978 3010 utilitate
995 2983 1129 3011 communi,

283 3022 325 3044 scd
341 3021 413 3044 verba
431 3025 483 3050 post
500 3021 608 3045 clausam
624 3026 736 3051 expuncta
753 3026 813 3046 sunt.

1247 2826 1257 2838 ⁴
1274 2827 1290 2848 E
1308 2826 1390 2849 omittit
1406 2832 1448 2855 per
1463 2825 1610 2855 praelatum.

1249 2864 1259 2877 ὅ
1276 2867 1291 2887 F.
1309 2865 1347 2888 sit.

1249 2903 1259 2917 ⁶
1277 2906 1292 2927 E
1311 2911 1376 2932 reru,
1394 2905 1480 2927 omisso
1498 2910 1553 2927 non.

1251 2943 1259 2956 ⁷
1277 2945 1337 2966 Haec
1354 2945 1376 2966 in
1394 2944 1506 2972 margine.

1250 2982 1259 2995 Β
1278 2984 1294 3005 E
1310 2984 1375 3005 addit
1391 2989 1442 3006 svo.
1635 2982 1644 2995 ⁹
1661 2983 1838 3011 Praefigendum
1855 2983 1947 3005 videtur
1963 2981 2028 3012 quid.

1252 3021 1271 3034 ¹⁰
1288 3023 1318 3044 lta
1337 3023 1363 3049 E,
1380 3023 1452 3045 codex
1470 3028 1593 3050 perperam
1610 3021 1774 3045 inexcusabili.

1178 1751 1287 1779 cuniam
1309 1750 1434 1779 alicuius.
1459 1750 1489 1778 Et
1511 1750 1680 1787 quicumque
1695 1750 1914 1785 contrafecerit,
1938 1751 2027 1779 tribus
2070 1767 2074 1771 ·

2038 633 2065 652 De
2077 637 2117 654 eunt
2123 643 2130 657 ι

2051 662 2085 681 pei·
2095 663 2119 677 mr

2074 680 2119 700 dum.

2054 1706 2080 1724 De
2093 1710 2122 1730 pe(

2044 1735 2081 1748 non
2098 1734 2120 1753 po
2131 1749 2132 1758 ἦ

2046 2500 2119 2519 Poenae

2046 2525 2073 2542 tra
2080 2528 2129 2547 vagat
