2133 3317
487 208 684 238 OPUSCULUM
705 207 793 236 xxm.
815 207 966 236 LEGENDA
987 207 1101 236 SANCTI
1121 208 1294 237 FRANCISCl.
1317 208 1385 237 CAP.
1408 208 1449 237 xt.

96 288 237 318 vasculum
259 295 360 322 unum,
382 289 414 316 ut
434 281 565 315 minutias
592 284 739 322 temporis,
764 293 799 314 ne
827 285 939 313 omnino

95 335 269 368 exciderent,
290 336 447 370 occuparet.
469 332 547 369 Quod
568 339 632 361 cum
653 331 752 360 dicenti
769 332 888 360 Tertiam
910 332 938 360 in

94 381 255 412 memoriam
276 381 400 414 veniens,
422 379 567 417 paululum
590 379 677 416 ipsius
698 379 821 407 animum
839 379 939 407 distra-

95 429 195 461 xisset;
225 430 317 456 motus
341 427 451 455 fervore
472 426 602 463 spiritus,
625 425 769 454 vasculum
791 425 853 462 igne
874 433 938 454 con-

95 474 205 508 sumsit,
237 474 345 503 dicens:
379 473 572 502 «Sacrificabo
599 473 666 502 illud
695 472 826 507 Domino,
858 472 939 502 cuius

94 521 258 551 sacrificium
291 520 473 557 impedivit».
497 520 617 549 Psalmos
647 528 710 549 cum
742 522 818 548 tanta
839 519 939 548 mentis

93 576 124 597 ac
145 567 260 605 spiritus
280 567 431 596 attentione
452 567 572 601 dicebat,
594 567 672 604 quasi
696 567 783 595 Deum
809 574 939 603 praesen-

94 618 148 644 tem
169 614 299 648 haberet;
321 617 348 643 et
369 621 432 642 cum
455 622 555 642 nomen
578 613 684 642 Domini
706 614 732 642 in
754 613 820 650 ipsis
841 621 938 641 occur-

94 664 184 695 reret,
206 669 271 698 prae
293 661 436 690 suavitatis
457 660 602 689 dulcedine
623 660 694 688 labia
715 668 765 688 sua
781 660 884 696 lingere
899 659 940 688 vi-

52 714 68 742 ,·
94 707 220 737 debatur.
242 723 281 728 ——
302 707 394 744 Ipsum
415 714 527 744 quoque
543 707 649 735 Domini
665 714 764 735 nomen
780 715 833 735 non
849 706 938 735 solum

95 754 260 792 cogitatum,
282 761 380 782 verum
401 754 483 782 etiam
506 753 645 790 prolatum
667 755 694 781 et
722 753 873 789 scripturn,
895 760 939 781 re-

95 801 218 831 verentia
239 801 333 829 volens
349 800 532 829 honorificare
548 800 706 836 praecipua,
721 799 865 828 Fratribus
880 807 940 836 per-

95 848 180 878 suasit
200 848 361 885 aliquando,
383 850 414 876 ut
438 855 534 875 omues
555 847 702 875 schedulas
723 846 855 883 scriptas,
878 846 940 875 ubi·

95 903 215 932 cumque
239 897 364 931 repertas
395 894 556 930 colligerent
583 893 744 930 mundoque
772 893 832 921 loco
859 901 939 929 repo-

94 944 206 975 nerent,
231 948 266 969 ne
293 940 364 969 forte
394 948 505 969 sacrum
534 939 603 968 illud
624 947 723 968 nomen
745 939 781 967 ibi
804 939 939 976 scriptum

94 988 265 1024 contingeret
286 987 441 1016 conculcari
455 988 473 1015 ¹.
496 987 598 1015 Nomen
613 988 706 1014 autem
722 986 782 1014 lesu
804 993 868 1014 cum
889 993 939 1014 ex-

94 1035 227 1072 primeret
248 1034 290 1063 vel
311 1033 433 1067 audiret,
455 1033 541 1062 iubilo
569 1032 687 1070 quodam
716 1032 840 1069 repletus
870 1032 939 1061 inte-

94 1081 169 1115 rius,
191 1083 266 1109 totus
287 1080 433 1109 videbatur
454 1080 580 1109 exterius
601 1079 726 1113 alterari,
748 1087 779 1108 ac
801 1079 823 1108 si
852 1079 940 1108 melli-

96 1128 171 1157 ssuus
191 1136 273 1165 sapor
303 1131 433 1165 gustum,
462 1127 505 1156 vel
536 1127 715 1156 harmonicus
744 1134 828 1155 sonus
854 1126 940 1163 ipsius

95 1175 270 1204 immutasset
290 1175 416 1203 auditum
427 1174 447 1202 2.

173 1224 200 1251 7.
211 1222 331 1259 Contigit
344 1224 437 1250 autem
453 1229 524 1250 anno
540 1221 621 1250 tertio
636 1223 699 1250 ante
710 1221 815 1250 obitum
828 1229 910 1249 suum
920 1221 940 1255 ³,

68 1283 81 1301 ,-
96 1272 127 1297 ut
147 1268 309 1297 memoriam
331 1268 481 1296 nativitatis
506 1268 585 1304 pueri
618 1268 684 1296 lesu*
706 1267 740 1296 ad
768 1267 940 1296 devotionem

68 1307 82 1335 ’ἶ
95 1315 269 1345 excitandam
290 1315 363 1352 apud
395 1317 518 1343 castrum
539 1314 645 1343 Graecii
666 1314 825 1351 disponeret
845 1322 940 1351 agere,

96 1370 158 1392 cum
180 1365 284 1399 quanta
303 1361 400 1390 maiori
423 1361 594 1391 solemnitate
616 1361 727 1390 valeret.
750 1361 788 1389 Ne
809 1368 875 1390 vero
890 1361 942 1389 hoc

96 1408 209 1438 novitati
230 1411 322 1445 posset
342 1408 459 1442 ascribi,
483 1416 499 1436 a
520 1409 635 1437 Summo
660 1407 789 1436 Pontifice
809 1407 894 1444 petita
915 1411 942 1436 et

95 1456 206 1485 obtenta
226 1455 348 1490 licentia,
369 1455 433 1484 fecit
454 1454 613 1492 praeparari
635 1454 821 1491 praesepium,
842 1463 942 1491 appor-

98 1503 150 1532 tari
178 1503 305 1537 foenum,
331 1503 429 1531 bovem
461 1505 488 1531 et
519 1502 626 1530 asinum
655 1501 688 1530 ad
718 1501 808 1530 locuni
833 1501 940 1530 adduci.

1783 209 1837 238 535

994 285 1169 314 Advocantur
1190 286 1313 320 Fratres,
1335 286 1485 315 adveniunt
1498 287 1608 324 populi,
1624 289 1752 323 personat
1771 286 1840 315 silva

996 340 1091 366 voces,
1114 335 1141 361 et
1161 333 1326 362 venerabilis
1347 333 1393 361 illa
1413 341 1470 362 nox
1502 333 1654 362 luminibus
1675 333 1792 370 copiosis
1813 336 1839 362 et

995 378 1077 407 claris
1098 379 1282 416 laudibusque
1304 380 1411 409 sonoris
1441 383 1468 409 et
1500 380 1626 409 consonis
1647 383 1674 409 et
1694 380 1840 417 splendens

996 425 1116 454 efficitur
1136 428 1163 454 et
1184 426 1322 454 solemnis
1344 426 1437 455 Stabat
1458 427 1500 455 vir
1532 427 1579 455 Dei
1602 435 1695 455 coram
1728 434 1839 464 praese-

996 473 1041 509 pio
1062 472 1162 508 pietate
1184 473 1322 509 repletus,
1354 481 1499 510 respersus
1526 474 1655 511 lacrymis
1683 476 1710 503 et
1740 473 1840 511 gaudio

997 519 1171 556 superfusus
1202 520 1384 548 Celebrantur
1416 520 1559 549 Missarum
1592 521 1724 549 solemnia
1756 528 1840 557 super

997 574 1145 603 praesepe,
1168 566 1249 595 levita
1281 566 1380 595 Christi
1413 567 1556 596 Francisco
1587 575 1698 596 sacrum
1720 568 1841 604 Evange-

996 614 1064 642 lium
1095 613 1266 642 decantante.
1298 613 1438 642 Praedicat
1464 614 1562 643 deinde
1590 614 1693 651 populo
1720 614 1841 643 circum-

997 660 1078 688 stanti
1100 659 1134 688 de
1158 660 1300 688 nativitate
1321 660 1451 697 pauperis
1472 660 1563 697 Regis,
1585 668 1684 698 quem,
1707 668 1769 689 cum
1791 668 1840 688 no-

997 707 1101 735 minare
1116 706 1214 740 vellet,
1229 714 1349 743 puerum
1363 707 1396 735 de
1412 707 1570 736 Bethlehem
1592 715 1659 744 prae
1678 707 1780 736 amoris
1801 710 1840 736 te-

996 753 1153 782 neritudine
1167 753 1353 790 nuncupabat.
1366 770 1402 773 —
1414 754 1490 782 Miles
1503 757 1596 782 autem
1611 753 1723 791 quidam
1736 754 1841 782 virtuo-
1859 759 1972 778 Notandum·

996 808 1044 829 sus
1065 803 1092 829 et
1106 808 1209 834 verax,
1225 800 1290 837 qui,
1306 804 1420 837 propter
1441 800 1541 829 Christi
1563 808 1685 829 amorem
1707 800 1841 829 saeculari

996 847 1092 876 relicta
1112 847 1224 881 militia,
1246 847 1306 875 viro
1328 847 1374 876 Dei
1398 855 1496 884 magna
1511 847 1563 876 suit
1577 848 1761 876 familiaritate
1776 856 1841 876 con-

996 894 1123 927 iunctus,
1145 894 1273 922 dominus
1295 894 1408 922 loannes
1428 894 1462 923 de
1478 894 1607 928 Graecio,
1629 902 1658 923 se
1679 894 1779 923 vidisse
1799 902 1842 923 as-

997 941 1085 969 seruit
1105 941 1254 977 puerulum
1278 941 1415 977 quendam
1447 941 1525 969 valde
1556 941 1708 970 formosum
1738 941 1764 969 in
1796 941 1842 970 illo

996 987 1140 1024 praesepio
1167 987 1361 1021 dormientem,
1387 995 1470 1024 quem
1500 988 1597 1016 beatus
1628 991 1705 1024 pater
1734 988 1843 1016 Franci-

997 1042 1076 1068 scus,
1097 1034 1232 1063 ambobus
1247 1034 1426 1071 complexans
1440 1034 1574 1069 brachiis,
1589 1034 1712 1063 excitare
1733 1035 1843 1063 videba-

996 1083 1043 1109 tur
1058 1089 1074 1109 a
1088 1088 1193 1109 somno.
1210 1097 1246 1101 —
1262 1081 1333 1109 Hanc
1349 1080 1460 1117 quidem
1471 1081 1483 1097 ⁴²
1497 1081 1586 1109 devoti
1601 1081 1695 1109 militis
1709 1081 1840 1110 visionem
1852 1085 1988 1128 cffigg'ss'ss‘u‘

997 1136 1051 1156 non
1074 1127 1163 1155 solum
1185 1127 1302 1156 videntis
1323 1127 1453 1156 sanctitas
1474 1127 1633 1156 credibilem
1654 1127 1731 1162 facit,
1754 1128 1800 1156 sed
1815 1130 1842 1156 et
1962 1123 1966 1128 ”

997 1174 1138 1211 designata
1159 1174 1261 1202 veritas
1282 1174 1459 1210 comprobat,
1481 1177 1508 1202 et
1539 1174 1673 1203 miracula
1694 1174 1843 1203 subsecuta

998 1221 1172 1250 confirmant.
1195 1221 1260 1249 Nam
1276 1221 1436 1257 exemplum
1459 1221 1593 1250 Francisci
1609 1221 1812 1250 consideratum
1827 1229 1843 1249 a

1000 1267 1103 1296 mundo
1118 1268 1296 1296 excitativum
1312 1270 1353 1296 est
1368 1267 1492 1296 cordium
1508 1268 1535 1296 in
1551 1268 1604 1296 tide
1618 1268 1718 1296 Christi
1736 1272 1844 1305 torpen-

999 1315 1081 1349 tium,
1097 1317 1124 1343 et
1138 1314 1249 1343 foenum
1264 1314 1397 1351 praesepii
1414 1318 1586 1343 reservatum
1608 1323 1623 1343 a
1644 1316 1746 1352 populo
1761 1316 1843 1344 mira-

999 1361 1090 1389 biliter
1105 1360 1258 1389 sanativum
1274 1360 1326 1388 fuit
1337 1361 1348 1377 ⁵
1369 1360 1517 1389 brutorum
1533 1361 1723 1398 languentium
1738 1364 1765 1390 et
1779 1362 1843 1390 alia-

999 1415 1061 1436 rum
1077 1407 1250 1443 repulsivum
1265 1407 1382 1443 pestium
1398 1407 1588 1442 diversarum,
1604 1408 1773 1445 glorificante
1788 1409 1844 1437 Deo

999 1462 1049 1491 per
1069 1454 1161 1482 onmia
1181 1462 1294 1482 servum
1317 1462 1398 1483 suum
1418 1457 1584 1491 sanctaeque
1601 1455 1733 1483 orationis
1753 1455 1844 1483 effica-

999 1501 1068 1530 ciam
1083 1501 1256 1530 evidentibus
1271 1500 1469 1529 miraculorum
1485 1501 1616 1538 prodigiis
1630 1501 1843 1531 demonstrante.

860 1631 1022 1660 Crxmrunuai
1042 1631 1084 1659 XI.

526 1754 565 1782 De
586 1753 773 1791 z'iitellt'yentz‘ct
795 1753 1023 1790 scripturarum
1043 1757 1068 1782 et
1088 1753 1196 1790 spiritu
1216 1752 1384 1791 prophetiae
1394 1753 1414 1781 ⁶.

179 1879 203 1906 l.
225 1877 264 1906 Ad
285 1880 390 1906 tantam
415 1879 508 1905 autem
539 1876 639 1905 mentis
670 1875 845 1905 serenitatem
867 1875 943 1904 inde-

77 1941 82 1948 ·
98 1924 200 1954 fessum
222 1924 354 1953 orationis
375 1923 499 1952 studium
520 1931 584 1952 cum
600 1922 730 1951 continua
745 1922 943 1951 exercitatione

98 1971 234 2001 virtutum
256 1970 349 1999 virum
376 1970 425 1999 Dei
453 1969 640 2006 perduxerat,
668 1972 716 2003 ut,
741 1969 868 2006 quamvis
888 1977 943 1997 non

100 2018 230 2047 habuerit
254 2025 397 2046 sacrarum
430 2017 586 2045 litterarum
615 2016 743 2053 peritiam
772 2024 821 2052 per
842 2015 944 2044 doctri-

99 2072 179 2099 nam,
210 2067 338 2093 aeternae
368 2066 461 2092 tamen
492 2063 562 2091 lucis
594 2062 743 2091 irradiatus
773 2062 943 2099 fulgoribus,

99 2111 307 2148 scripturarum
329 2109 466 2147 profunda
486 2109 557 2138 miro
585 2109 741 2138 intellectus
769 2111 943 2138 scrutaretur

99 2157 235 2187 acumine.
258 2157 420 2186 Penetrabat
440 2156 513 2185 enim
535 2156 569 2185 ab
600 2156 674 2184 omni
696 2156 756 2185 labe
777 2164 880 2193 purum
903 2156 944 2184 in-

99 2204 210 2241 genium
232 2203 429 2240 mysteriorum
456 2203 624 2237 abscondita,
651 2206 679 2231 et
708 2203 756 2232 ubi
778 2203 944 2240 magistralis

101 2251 214 2280 scientia
233 2250 301 2279 foris
322 2253 390 2285 stat,
412 2250 526 2279 affectus
553 2250 685 2279 introibat
712 2249 837 2278 amantis.
861 2250 944 2287 Lege-

100 2297 147 2327 bat
167 2297 334 2335 quandoque
354 2297 381 2325 in
404 2296 482 2325 libris
503 2297 602 2331 sacris,
623 2299 650 2325 et
665 2296 739 2333 quod
753 2296 845 2325 animo
859 2296 944 2325 semel

100 2344 230 2374 iniecerat
251 2344 384 2373 tenaciter
415 2343 592 2380 imprimebat
616 2343 781 2377 memoriae,
803 2343 868 2380 quia
889 2351 944 2371 non

101 2390 205 2420 frustra
226 2390 353 2419 mentalis
373 2389 532 2419 attentionis
553 2389 721 2426 percipiebat
747 2389 845 2417 auditu
870 2389 944 2426 quod

101 2437 246 2466 continuae
273 2437 425 2466 devotionis
453 2436 612 2465 ruminabat
642 2436 750 2465 affectu.
783 2435 945 2472 Quaerenti-

165 2644 173 2657 ¹
191 2644 236 2668 Csr.
254 2645 427 2668 Testamentum
447 2645 468 2667 S.
486 2645 611 2667 Francisci:
637 2645 662 2667 Et
686 2645 828 2667 sanctissima
854 2645 945 2667 nomina

103 2683 152 2706 eius
168 2686 189 2706 et
205 2683 277 2706 verba
289 2684 385 2712 scripta,
396 2683 539 2712 ubicumque
556 2684 665 2706 invenero
678 2684 698 2705 in
711 2683 767 2706 locis
783 2684 875 2711 illicitis,
892 2684 945 2706 volo

104 2722 209 2750 colligere
225 2725 248 2745 et
264 2728 334 2751 rogo,
345 2722 409 2751 quod
420 2722 558 2750 colligantur
575 2725 597 2744 et
613 2722 635 2744 in
653 2722 703 2744 loco
720 2723 816 2744 honesto
833 2723 946 2745 collocen-

105 2763 147 2784 tur.
165 2775 193 2778 —
210 2762 263 2785 Vnt.
282 2765 304 2784 et
321 2762 358 2784 ed.
377 2762 384 2783 l
407 2762 515 2784 omittunt
533 2761 565 2784 ibi
579 2761 705 2790 scriplum.
723 2761 834 2789 Superius
851 2767 894 2789 pro
905 2761 946 2784 Ιιο-

104 2800 231 2831 nov-ificare
253 2801 306 2824 edd.
331 2801 458 2828 honorare,
479 2804 501 2823 et
525 2807 567 2828 pro
589 2800 714 2824 schedulas
731 2801 798 2823 codd.
816 2800 944 2823 secundum

105 2839 224 2868 antiquum
241 2839 356 2863 scribendi
375 2840 471 2862 modum
489 2839 631 2862 substituunt
642 2838 737 2862 cellulas
750 2839 800 2868 (cfr.
814 2839 848 2861 Du
860 2839 945 2868 Cange,

105 2877 243 2901 Glossarium
260 2879 320 2908 etc).

167 2916 176 2929 ²
192 2916 237 2940 cfr.
254 2917 387 2945 Wadding„
403 2918 446 2940 loc.
463 2918 508 2945 cit„
525 2917 553 2940 ad
571 2923 607 2939 an.
626 2917 694 2944 4223,
706 2923 727 2939 n.
745 2917 781 2939 49.
793 2930 823 2933 —
836 2917 945 2945 Superius

107 2961 148 2983 pro
164 2955 317 2980 harmonicus
334 2957 386 2979 vat.
402 2959 424 2979 et
441 2956 477 2979 ed.
496 2957 504 2978 4
526 2955 705 2979 ltarmom'acns.

168 2994 177 3007 ⁵
194 2996 259 3018 Anno
278 2996 349 3023 4223,
367 2997 407 3018 cfr.
426 2996 551 3024 Wadding.
568 2996 596 3018 ad
615 2996 675 3017 hunc
687 3001 784 3022 annum,
796 3001 818 3017 n.
831 2995 869 3017 20.
882 2995 945 3022 (vide

1000 1876 1053 1904 bus
1073 1875 1220 1913 aliquando
1241 1876 1399 1910 Fratribus,
1421 1878 1517 1905 utrum
1539 1876 1589 1905 sibi
1611 1877 1747 1914 placeret,
1769 1877 1844 1914 quod
1869 1882 1991 1924 Cogimendat

1001 1922 1113 1952 litterati
1135 1923 1189 1951 iam
1210 1922 1312 1960 recepti
1334 1923 1367 1951 ad
1389 1922 1519 1952 Ordinem
1551 1923 1724 1953 intenderent
1753 1924 1844 1953 studio
1857 1908 1990 1949 ἕὲιινοιῑῗέἷὲῗω

1001 1977 1095 1998 sacrae
1116 1969 1291 2006 Scripturae,
1312 1970 1468 2006 respondit:
1495 1981 1508 1995 «
1523 1970 1587 1999 Mihi
1609 1971 1720 2007 quidem
1742 1972 1843 2008 placet,

1001 2015 1068 2044 dum
1090 2018 1181 2044 tamen
1202 2016 1330 2052 exemplo
1351 2016 1465 2050 Christi,
1487 2016 1534 2053 qui
1557 2017 1644 2054 magis
1664 2025 1757 2046 orasse
1779 2018 1844 2055 legi-

1001 2065 1048 2091 tur
1070 2070 1153 2099 quam
1176 2062 1288 2099 legisse,
1317 2063 1449 2091 orationis
1481 2063 1603 2092 studium
1632 2072 1686 2093 non
1717 2065 1845 2093 omittant

1001 2117 1052 2138 nec
1073 2112 1180 2138 tantum
1193 2109 1203 2126 ⁷
1225 2109 1365 2143 studeant,
1393 2112 1426 2138 ut
1456 2110 1559 2145 sciant,
1587 2111 1706 2147 qualiter
1727 2111 1845 2140 debeant

1001 2156 1092 2193 loqui,
1114 2156 1161 2185 sed
1182 2159 1213 2185 ut
1234 2156 1328 2185 audita
1348 2156 1467 2191 faciant,
1489 2161 1516 2186 et
1547 2165 1610 2186 cum
1632 2158 1762 2193 fecerint,
1784 2159 1845 2188 aliis

1000 2203 1123 2232 facienda
1144 2206 1307 2240 proponant.
1330 2203 1411 2238 Volo,
1434 2204 1539 2241 inquit,
1568 2205 1678 2233 Fratres
1709 2213 1784 2234 meos
1805 2205 1845 2234 di-

1001 2250 1122 2287 scipulos
1143 2250 1315 2287 evangelicos
1335 2258 1395 2279 esse
1426 2250 1521 2288 sicque
1552 2251 1579 2279 in
1601 2251 1697 2280 notitia
1722 2252 1845 2281 veritatis

1001 2296 1146 2333 proficere,
1168 2296 1243 2333 quod
1263 2296 1290 2325 in
1312 2296 1493 2333 simplicitatis
1511 2297 1632 2334 puritate
1653 2301 1844 2333 concrescant,

1001 2346 1033 2372 ut
1053 2343 1254 2380 simplicitatem
1276 2343 1462 2372 columbinam
1484 2352 1500 2372 a
1520 2344 1667 2381 prudentia
1688 2345 1846 2381 serpentina

1001 2398 1056 2418 non
1078 2392 1221 2426 separent,
1243 2397 1313 2426 quas
1333 2390 1460 2427 Magister
1481 2390 1602 2419 eximius
1622 2398 1670 2419 ore
1691 2398 1742 2419 suo
1763 2391 1846 2420 bene-

1001 2435 1073 2464 dicto
1095 2435 1262 2464 coniunxit8
1277 2448 1303 2464 ».

1003 2645 1071 2667 etiam
1089 2644 1117 2667 ad
1135 2651 1170 2667 an.
1191 2645 1258 2672 1217,
1276 2651 1298 2666 n.
1317 2645 1371 2673 td).
1393 2657 1421 2661 -
1449 2645 1543 2667 inferius
1565 2651 1607 2673 pro
1624 2644 1724 2668 novitati·
1743 2645 1796 2668 edd.
1814 2645 1844 2668 le-

1002 2683 1076 2706 vitati.
1537 2682 1547 2696 ⁴
1564 2684 1621 2707 Edd.
1639 2684 1706 2707 Hanc
1721 2684 1844 2714 siquidem.

1065 2720 1074 2733 ⁶
1091 2721 1163 2744 Codd.
1182 2722 1290 2744 omittunt
1306 2722 1358 2751 fuit.

1065 2759 1075 2773 θ
1091 2760 1136 2783 Csr.
1156 2761 1240 2782 Thom.
1257 2766 1269 2782 a
1286 2760 1382 2789 Celano,
1401 2761 1451 2783 Vita
1470 2761 1484 2783 l.
1501 2767 1525 2789 p.
1542 2762 1557 2784 l.
1573 2767 1592 2784 c.
1611 2762 1648 2784 ⁴8.
1661 2764 1716 2789 etp.
1730 2763 1753 2784 ll.
1766 2768 1785 2784 c.
1799 2762 1843 2785 2-4..

1001 2800 1067 2822 7-10.
1085 2800 1125 2827 48;
1142 2806 1169 2822 ac
1187 2806 1210 2827 p.
1228 2800 1260 2822 lll.
1277 2806 1297 2822 c.
1315 2799 1352 2822 45.
1369 2803 1391 2822 et
1407 2799 1445 2822 64.
1463 2800 1485 2822 ln
1503 2800 1555 2823 cod.
1572 2801 1590 2823 H
1608 2801 1651 2823 hoc
1667 2801 1792 2828 capitulum
1809 2801 1844 2823 di-

1003 2838 1088 2861 viditur
1105 2839 1127 2860 in
1145 2844 1230 2861 novem
1248 2838 1364 2861 lectiones.

1064 2876 1072 2889 ⁷
1091 2878 1141 2900 Vnt.
1159 2884 1213 2900 cum
1230 2878 1266 2900 ed.
1285 2878 1293 2900 rl
1315 2883 1356 2901 uec
1374 2879 1458 2901 tamen.

1064 2915 1073 2928 ¹³
1091 2917 1167 2939 Matth.
1186 2917 1227 2944 lO,
1246 2917 1287 2939 ilfi:
1305 2917 1381 2939 Estote
1397 2923 1453 2945 ergo
1470 2917 1595 2945 prudentes
1611 2917 1670 2940 sicut
1687 2920 1805 2946 serpentes
1822 2920 1843 2941 et

1001 2956 1119 2984 simplices
1144 2956 1201 2978 sicut
1222 2955 1350 2978 columbae.
1376 2955 1420 2979 Ct'r.
1447 2956 1581 2984 Wadding.,
1606 2957 1648 2979 loc.
1678 2957 1722 2984 cit.,
1752 2957 1781 2980 ad
1806 2963 1842 2980 an.

1002 2995 1069 3023 4220,
1087 3001 1108 3017 n.
1126 2994 1162 3017 26.
