2133 3317
790 215 1032 244 PROLEGOMENA
1053 216 1081 244 C.
1103 216 1121 244 1.

155 296 206 318 163.
224 294 324 323 Ibidem,
341 301 384 318 ms.
402 294 471 317 4031.
487 296 560 317 011311.
577 295 599 317 111
616 294 637 317 4.
655 300 715 317 saec.
731 294 786 321 XV,
804 297 829 317 ut
848 294 934 316 notavi-

91 348 143 365 mus
159 348 229 370 supra
246 348 300 370 pag.
314 341 384 364 xxm
396 348 418 364 n.
436 341 489 364 258.
505 353 536 358 -
552 341 599 364 Fol.
615 341 654 363 76.
670 347 701 363 r.:
719 340 804 370 Incipit
814 341 931 363 tractatus

90 388 202 419 magistri
216 389 382 412 Bonaventure
399 388 426 411 de
442 387 529 411 arbore
546 388 624 412 crucis
643 389 666 411 et
686 387 760 417 Lz'qno
776 387 828 411 vite.
846 387 933 410 Desinit

91 436 128 458 fol.
145 436 181 458 88.
199 442 235 457 v.:
254 434 357 464 Explicit
373 436 491 458 tractatus
508 434 620 465 nutyistri
630 435 795 458 Bonaventure
806 433 834 457 de
847 433 934 456 arbore

90 481 168 506 crucis
185 483 208 505 et
223 482 297 511 Liyno
313 482 358 505 vite
375 481 399 504 in
420 481 505 511 Viqilia
521 481 582 505 beati
598 481 717 505 Benedicti
734 480 814 504 1452.

156 528 206 550 164.
224 527 323 557 Ibidem,
345 534 389 551 ms.
406 528 475 551 4487.
500 529 571 551 chart.
597 529 617 550 in
645 527 666 551 4.
687 534 747 551 saec.
770 528 822 550 XV.
838 540 870 544 —
886 528 933 550 Fol.

89 575 142 598 255.
158 581 176 597 r.
193 575 290 603 legitur:
307 574 419 604 Sequitur
437 576 554 598 tractatus
571 574 599 598 de
615 574 729 598 Passione
745 573 837 597 domini
856 574 933 597 Bona-

89 623 186 645 venture
202 623 224 644 et
239 621 328 645 dicitur
345 621 447 651 Lignum
465 621 515 645 vite.
533 622 619 644 Eadem
636 624 771 649 repetuntur
788 621 810 643 in
822 621 881 647 fine,
893 620 932 649 qui

88 668 187 691 occurrit
203 669 240 691 101.
257 669 310 691 273.
327 675 346 691 r.

152 716 204 738 165.
221 715 320 744 Ibidem,
339 722 382 738 ms.
400 716 468 738 1062.
486 715 584 738 membr.
602 716 623 738 in
642 715 662 738 4.
680 721 739 738 saec.
757 715 821 742 XlV,
839 715 868 737 de
885 721 932 744 quo

88 763 179 791 egimus
196 765 251 785 tom.
270 763 297 785 V.
314 768 368 791 pag.
386 763 478 785 xxxm
496 769 519 785 n.
541 763 589 785 126.
609 775 638 778 -
655 762 754 790 Lignum
773 762 833 784 vitae
854 762 932 790 incipit

88 810 126 832 tol.
147 810 195 831 112.
212 815 231 832 r.
248 810 298 832 sine
314 809 359 832 ullo
377 810 440 832 titulo
457 812 480 832 et
496 809 580 832 desinit
598 809 636 831 sol.
651 808 701 831 117.
712 815 731 831 r.
744 815 785 837 per
796 807 881 831 verba:
894 808 930 831 de-

87 862 129 880 cus
145 858 166 880 et
182 855 309 886 imperium
322 862 368 886 per
383 856 477 886 infinita
492 855 580 879 secula.
598 857 680 879 Amen.

136 900 203 925 ⁸⁴66.
219 901 319 931 Ibidem,
337 909 380 926 ms.
397 903 466 926 2511.
483 902 582 925 membr.
604 902 626 925 in
644 903 667 925 8.
688 908 748 925 saec.
774 903 837 930 XlV,
861 909 931 932 quem

87 951 252 979 descripsimus
269 954 325 973 tom.
336 951 364 973 V.
377 956 431 978 pag.
447 950 542 972 xxxin
559 956 582 972 n.
603 950 652 972 128.
669 952 691 972 01
707 956 777 978 supra
793 956 847 978 pag.
860 951 930 973 XXlll

87 1004 109 1020 n.
126 998 179 1020 262.
195 1010 226 1013 —-—
243 997 332 1020 Titulus
357 997 425 1020 huius
449 997 554 1025 opusculi
580 1000 615 1019 est
632 997 668 1019 101.
688 997 738 1019 116.
757 1003 779 1019 v.
797 1003 931 1025 expressus:

87 1044 171 1074 Incipit
186 1045 303 1067 tractatus
319 1043 423 1067 eiusdem
439 1043 525 1073 fratris
542 1044 707 1066 Bonaventure
729 1043 757 1066 de
779 1043 853 1073 Liyno
876 1043 928 1067 vite.

86 1091 239 1115 Prolwmium
256 1090 281 1113 in
297 1096 356 1120 opus
372 1096 479 1120 sequens.
496 1090 544 1113 Xto
561 1090 671 1120 conflatus
688 1096 743 1113 sum
754 1090 822 1114 cruci
832 1093 876 1113 etc.
890 1091 928 1114 De-

86 1139 139 1162 sinit
156 1139 193 1161 101.
214 1139 263 1160 128.
280 1144 311 1160 r.:
326 1144 372 1167 per
387 1137 481 1168 infinita
496 1137 577 1161 secula
593 1137 738 1161 seculorum.
755 1139 838 1161 Amen.

149 1186 202 1208 167.
218 1184 317 1213 Ibidem,
335 1184 473 1207 bibliotheca
490 1184 623 1207 Conventus
639 1185 796 1207 sanctissimae
812 1185 929 1208 Trinitatis

85 1233 198 1256 Minorum
215 1232 419 1259 Conventuahum,
435 1231 487 1254 cod.
504 1232 536 1254 ΙΙΙ.
554 1232 625 1254 chart.
643 1232 664 1253 in
683 1232 720 1254 sol.
736 1237 796 1254 saec.
814 1232 866 1254 XV.
877 1234 929 1254 ante

85 1280 196 1303 medium.
208 1279 296 1302 —Fol.
311 1285 355 1301 non
372 1281 506 1307 numerato,
523 1278 650 1306 praemissa
667 1278 799 1307 sequentia:
817 1278 836 1302 O
848 1278 929 1307 Cruae,

84 1327 180 1357 fructea·
195 1326 328 1357 salvificus,
346 1326 440 1354 ponitur
456 1325 561 1348 rubrica:
579 1325 722 1355 compuncto
745 1325 836 1349 domini
858 1326 930 1349 Bone-

86 1376 182 1398 venture
198 1373 225 1397 de
242 1373 290 1396 vita
306 1374 327 1396 et
341 1372 453 1402 passione
469 1372 524 1400 Xti,
541 1378 570 1395 ac
587 1372 614 1395 de
630 1372 680 1395 eius
696 1372 868 1402 clarificatione
882 1379 928 1402 per

83 1420 262 1445 similitudinem
287 1419 389 1443 arboris.
413 1421 436 1442 ln
462 1419 506 1441 fine
522 1419 628 1447 opusculi
645 1419 750 1442 additur:
767 1419 873 1449 Explicit
891 1419 927 1442 Li-

84 1474 158 1498 ¹tynum
175 1467 220 1491 vite
235 1467 320 1497 fratris
337 1467 502 1490 Bonaventure
518 1466 545 1489 de
564 1465 652 1489 Ordine
668 1466 785 1489 Fratrum
797 1466 928 1490 Minorum.

147 1516 201 1538 168.
217 1514 316 1543 Ibidem,
336 1514 472 1536 bibliotheca
498 1514 590 1536 Patrum
615 1513 670 1536 Ord.
687 1514 709 1536 S.
733 1513 849 1536 Benedicti
871 1513 926 1536 dict.

84 1563 220 1589 Scotorum,
235 1561 287 1584 cod.
305 1561 343 1583 53.
363 1560 385 1583 b.
404 1561 439 1583 13.
458 1559 522 1589 (304)
549 1561 620 1582 chart.
646 1560 668 1582 in
691 1560 712 1582 4.
734 1565 794 1582 saec.
820 1560 880 1582 XlV.
896 1571 928 1576 —

83 1609 148 1632 Circa
165 1609 312 1632 medietatem
329 1607 453 1630 voluminis
469 1607 506 1630 fol.
523 1613 546 1629 v.
562 1613 610 1629 non
632 1609 766 1629 numerato:
788 1606 873 1636 Incipit
890 1606 927 1630 Li-

83 1662 158 1686 qnum
175 1655 219 1679 vite
236 1655 400 1678 Bonaventure
416 1653 547 1677 cardinalis
560 1653 656 1677 Ordinis
668 1653 785 1677 Fratrum
796 1653 928 1677 Minorum.

82 1703 225 1731 Opusculum
243 1701 391 1730 prosequitur
408 1704 432 1723 ut
449 1701 515 1728 editi,
533 1700 562 1723 ad
579 1701 664 1723 calcem
677 1700 810 1723 subiicitur:
821 1699 928 1729 Eoeplicit

83 1750 200 1774 tractatus
214 1748 363 1778 peroptimus
379 1754 421 1771 scu
438 1747 580 1777 opusculum
596 1746 624 1770 de
640 1746 726 1770 arbore
742 1746 834 1775 crucis,
852 1746 926 1776 Liyno

81 1796 128 1820 vite
143 1795 231 1819 scilicet
247 1794 337 1818 domini
353 1795 518 1818 Bonaventure
534 1793 666 1817 cardinalis
680 1793 776 1816 Ordinis
788 1793 925 1821 Minor-um,

82 1842 185 1866 doctoris
200 1841 334 1872 pereatimii.
350 1841 483 1864 Notandum
500 1846 570 1868 vero,
587 1841 651 1870 quod
669 1839 753 1868 verba,
776 1846 836 1869 quae
859 1845 927 1868 prae-

83 1890 168 1913 cedunt
185 1892 207 1912 et
223 1891 352 1918 sequuntur
367 1888 518 1916 opusculum,
536 1889 627 1910 exarata
646 1887 738 1909 suerunt
754 1893 766 1909 a
790 1893 860 1909 manu
881 1892 928 1909 sae-

81 1936 128 1959 culi
145 1935 198 1958 XV.

145 1983 200 2006 169.
215 1981 315 2010 Ibidem,
332 1981 469 2004 bibliotheca
494 1980 640 2009 imperatoris
664 1980 766 2008 privata,
788 1980 839 2002 cod.
857 1979 926 2002 7949.

82 2031 152 2053 chart.
165 2031 187 2052 in
199 2030 221 2052 8.
232 2035 292 2052 saec.
304 2029 356 2052 XV.
367 2029 412 2051 iam
424 2034 494 2056 supra
505 2030 596 2050 notatus
607 2033 662 2056 pag.
673 2027 780 2050 xxxvn
792 2033 815 2049 n.
828 2027 882 2050 235.
897 2039 926 2043 —-

37 2078 42 2082 ”
80 2078 126 2101 Fol.
145 2077 197 2100 140.
214 2083 250 2099 v.:
268 2075 353 2106 Incipit
368 2075 426 2099 liber
442 2074 538 2098 arboris
553 2076 595 2098 etc.
614 2075 774 2097 Boneventure
790 2073 818 2097 cle
835 2073 923 2096 Batneo

80 2124 154 2154 reqio.
171 2125 194 2147 ln
211 2123 257 2146 flne
273 2124 311 2146 sol.
328 2123 380 2145 186.
398 2129 421 2145 ν.
438 2122 543 2145 additur:
561 2120 665 2151 Explicit
682 2121 799 2144 tractatus
811 2119 838 2143 de
850 2120 923 2150 Liyno

80 2170 126 2194 vite
141 2169 227 2200 fratris
244 2169 412 2193 Boneventure.

147 2217 196 2239 170.
213 2216 312 2245 Ibidem,
332 2216 384 2239 cod.
399 2215 470 2238 7936.
487 2214 586 2237 membr.
602 2215 626 2236 in
643 2215 665 2236 8.
681 2220 742 2236 saec.
760 2214 820 2236 XIV.
833 2226 862 2229 —
873 2214 921 2236 Fol.

81 2265 102 2287 1.
119 2271 138 2287 r.
154 2264 176 2287 in
193 2263 312 2292 superiore
329 2263 434 2291 margine
450 2268 533 2284 manus
550 2261 685 2289 posterioris
701 2261 787 2283 saeculi
806 2260 925 2289 praemisit

81 2311 205 2339 opusculo:
222 2309 306 2339 Incipit
322 2310 438 2332 tractatus
456 2309 617 2331 Boneventure
633 2307 661 2330 de
677 2307 752 2337 Liyno
768 2307 820 2330 vite.
838 2307 924 2330 Desinit

80 2357 118 2380 rol.
136 2357 172 2379 44.
189 2363 223 2379 v.2
240 2362 282 2386 per
299 2355 391 2386 infinita
407 2354 488 2378 secula
504 2354 648 2378 seculorum.
666 2355 749 2377 Amen.

144 2403 195 2426 171.
216 2402 328 2430 Venetiis,
346 2401 483 2424 bibliotheca
500 2401 571 2424 sancti
589 2401 670 2428 Marci,
687 2401 739 2424 cod.
762 2401 828 2423 class.
845 2401 882 2423 Vl.
902 2400 923 2423 4.

83 2449 183 2473 membr.
199 2449 221 2472 in
242 2450 277 2471 12.
293 2455 353 2471 saec.
365 2448 416 2471 XV.
428 2448 488 2471 circa
505 2448 583 2470 finem.
599 2461 630 2464 —
647 2448 693 2470 Fol.
711 2448 763 2470 179.
775 2447 855 2475 incipit
866 2453 925 2475 opu-

83 2496 185 2523 sculum,
202 2496 288 2518 omisso
305 2495 414 2523 prologo,
431 2501 444 2517 a
460 2494 565 2517 rubrica:
580 2495 656 2522 Iesus,
669 2500 699 2517 ex
712 2494 757 2517 Deo
769 2493 870 2523 penitus.
882 2494 925 2516 Pa-

81 2544 141 2567 trem
157 2541 272 2572 siquidem
288 2540 510 2565 misericordiarum
526 2543 568 2563 etc.
586 2541 672 2563 Desinit
684 2541 720 2563 rol.
735 2541 785 2563 196.
796 2547 820 2563 v.
832 2539 924 2563 verbis:

81 2590 123 2620 qui
138 2596 210 2619 super
227 2591 247 2613 te
264 2589 287 2612 in
305 2588 371 2612 omni
383 2587 529 2617 plenitudine
544 2587 666 2617 requievit.
684 2588 766 2610 Amen.

144 2637 195 2659 172.
218 2635 390 2665 Wolfenbutae,
408 2634 545 2657 bibliotheca
571 2634 674 2661 Ducalis,
691 2634 742 2657 cod.
768 2634 820 2656 452.
846 2634 920 2656 Helm.

79 2685 151 2707 chart.
167 2683 189 2705 in
208 2682 230 2705 4.
246 2688 306 2705 saec.
323 2682 377 2710 XV,
393 2681 423 2703 de
439 2687 486 2710 quo
503 2681 595 2709 egimus
612 2683 668 2703 tom.
680 2680 708 2702 V.
725 2686 779 2708 pag.
791 2680 884 2703 xxxin
898 2687 922 2702 11.

82 2730 135 2753 134.
152 2742 182 2746 -
199 2730 244 2752 Fol.
264 2729 314 2751 102.
332 2735 368 2750 ν.;
385 2727 468 2757 Incipit
485 2727 554 2755 liber,
572 2727 615 2756 qui
634 2726 721 2750 dicitur
743 2726 844 2756 Liynu‘m
866 2726 919 2749 vite.

80 2777 168 2800 Desinit
186 2776 222 2798 sol.
242 2776 292 2798 110.
309 2781 341 2797 r.:
357 2774 461 2804 Eoeplicit
482 2773 555 2797 arbor
574 2773 701 2804 Crucfioei,
719 2773 804 2796 omisso
822 2773 922 2796 auctoris

80 2823 179 2846 nomine.

148 2869 196 2891 173.
206 2867 301 2895 Ibidem,
311 2867 362 2890 cod.
371 2867 424 2889 243.
434 2868 522 2889 Extrav.
533 2866 631 2890 membr.
641 2867 663 2889 in
675 2866 694 2888 4.
704 2872 763 2889 saec.
774 2866 828 2889 Xlll.
841 2873 923 2889 exeun-

80 2915 116 2938 tis.
134 2928 163 2931 —
180 2915 226 2937 Fol.
245 2915 265 2936 1.
284 2920 302 2936 r.
320 2916 354 2936 est
370 2913 447 2936 titulus
464 2913 532 2935 huius
549 2913 654 2941 opusculi
672 2912 762 2936 verbis:
781 2913 807 2936 In
830 2913 924 2936 nomine

83 2961 173 2985 domini
188 2960 266 2984 nostri
282 2961 334 2983 Iesu
350 2959 394 2983 Xti
409 2959 490 2989 incipit
506 2959 620 2989 expositio
632 2959 726 2983 arboris
738 2960 781 2983 vite
794 2959 923 2989 composita

176 3040 204 3063 S.
216 3040 310 3062 Bonae.
319 3051 349 3056 —
362 3039 431 3061 Tom.
442 3039 496 3061 Vlli.

1755 216 1831 244 XLIX

988 300 1004 316 a
1020 294 1098 323 fratre
1114 295 1164 317 Bon
1182 294 1281 323 (ceterae
1297 295 1384 317 litterae
1401 295 1500 317 nominis
1512 295 1604 316 suerunt
1615 293 1720 322 abrasae)
1734 293 1831 317 Ordinis

989 340 1105 363 Fratrum
1122 340 1252 364 Minoi-um.
1268 341 1317 364 Xto
1334 341 1444 371 confixus
1461 347 1516 364 sum
1533 340 1600 364 cruci
1621 344 1664 363 etc.
1687 340 1787 368 Singulis
1810 340 1832 362 in

989 387 1058 409 titulis
1075 388 1209 416 praefigitur
1225 388 1303 416 imago
1320 388 1423 416 depicta,
1441 388 1498 416 ipsis
1518 388 1668 416 respondens.
1687 388 1771 410 Desinit
1795 387 1831 409 sol.

990 434 1026 456 19.
1044 441 1063 457 r.
1080 434 1170 457 verbis:
1187 435 1265 458 Finito
1282 434 1356 462 libro,
1373 435 1404 458 sit
1421 434 1474 458 lans
1491 436 1514 458 et
1530 434 1608 464 qloria
1624 435 1681 458 Xto.

1056 481 1104 504 174.
1127 481 1303 510 Wratislaviae,
1322 482 1458 505 bibliotheca
1476 482 1646 510 Universitatis,
1663 482 1715 504 cod.
1733 483 1747 504 l.
1766 482 1830 504 class.

988 528 1012 550 in
1028 529 1066 550 101.
1085 528 1139 551 275.
1157 530 1229 551 chart.
1245 534 1305 551 saec.
1322 529 1374 551 XV.
1390 542 1421 545 —
1437 529 1580 557 Opusculum
1597 528 1677 556 incipit
1694 528 1730 551 iol.
1749 529 1802 550 250.
1813 534 1832 550 r.

988 574 1032 597 sub
1049 575 1126 597 titulo:
1145 575 1271 598 Tractatus
1288 574 1315 597 de
1331 574 1418 598 arbore
1440 574 1522 598 Crucis
1549 575 1720 598 Bonaventure.
1747 574 1832 596 Desinit

988 622 1026 644 101.
1043 622 1096 644 259.
1113 628 1132 644 r.
1149 627 1190 649 per
1208 620 1291 644 verba:
1309 621 1415 651 Eaeptz‘cz't
1430 621 1572 651 opusculum
1589 621 1616 644 de
1638 620 1724 644 arbore
1747 620 1830 644 Crucis

988 668 1164 696 Bonaeenture,
1184 668 1256 691 uitam
1272 670 1294 692 et
1310 668 1513 692 conversationem
1530 668 1622 692 domini
1636 668 1714 692 nostri
1726 669 1776 691 lesu
1789 668 1833 691 Xti

988 714 1013 738 in
1029 721 1053 738 se
1067 714 1151 744 pulcre
1168 714 1296 738 continens.

1052 762 1102 784 175.
1121 761 1219 789 Ibidem,
1237 762 1288 784 cod.
1306 763 1321 784 1.
1338 762 1403 784 class.
1421 762 1443 784 in
1461 763 1481 783 8.
1505 761 1542 784 43.
1565 761 1663 784 membr.
1686 767 1747 784 saec.
1770 761 1830 784 le.

987 820 1018 824 —
1034 808 1177 836 Opusculum
1194 808 1274 836 incipit
1292 808 1329 830 101.
1350 808 1412 836 155.,
1430 809 1556 836 praemisso
1573 808 1648 830 indice
1670 807 1830 830 rubricarum:

987 855 1035 878 Xto
1053 855 1162 885 confixus
1179 861 1233 877 sum
1251 854 1330 878 Cruci.
1348 855 1434 877 Desinit
1451 858 1475 877 ut
1492 855 1515 877 in
1532 855 1606 877 editis.

1050 902 1064 930 S
1081 902 1102 924 4.
1119 901 1254 931 Opusculum
1269 901 1307 924 w.
1323 901 1353 924 De
1370 900 1470 931 Quinque
1487 901 1666 925 Festivitatibus
1686 901 1751 931 pueri
1771 901 1829 925 Iesu.

1049 955 1071 972 a.
1089 950 1112 971 1).
1128 949 1213 971 Βο110111
1231 949 1253 971 111
1271 955 1313 971 suo
1330 948 1463 971 Prodromo
1482 949 1534 977 (col.
1545 949 1600 978 754)
1619 950 1662 971 1100
1679 950 1828 977 opusculum,

986 996 1050 1026 quod
1067 996 1158 1024 incipit:
1177 995 1235 1019 Cum
1252 995 1383 1018 secundum
1401 995 1508 1018 virorum
1525 995 1695 1019 venerabilium
1718 998 1774 1023 etc„
1791 996 1830 1018 de-

987 1044 1058 1066 fendit
1075 1046 1100 1066 ut
1116 1043 1342 1066 Bonaventurianum
1359 1046 1437 1065 contra
1450 1043 1581 1071 Oudinum,
1599 1043 1731 1066 Sbaraleam
1745 1046 1767 1066 et
1785 1043 1831 1066 edi-

986 1093 1048 1113 tores
1065 1091 1175 1117 Venetos,
1192 1090 1233 1119 qui
1250 1090 1306 1112 illud
1317 1091 1411 1112 censent
1428 1095 1478 1112 esse
1501 1092 1562 1112 tanto
1579 1090 1677 1112 Doctore
1700 1090 1829 1117 indignum.

987 1137 1032 1160 Sed
1050 1136 1101 1159 licet
1121 1136 1158 1159 ille
1183 1142 1238 1158 vera
1255 1136 1362 1158 nonnulla
1387 1139 1465 1159 contra
1483 1142 1604 1158 censuram
1630 1135 1712 1158 Oudini
1738 1136 1830 1163 3110131,

985 1184 1084 1206 rationes
1101 1183 1131 1206 ab
1148 1183 1198 1211 ipso
1216 1183 1296 1205 allatae
1312 1183 1454 1211 persuadere
1465 1189 1507 1205 nos
1519 1182 1586 1205 nobis
1597 1183 1737 1210 potuissent,
1749 1183 1768 1205 si
1780 1188 1830 1205 con-

985 1231 1075 1253 sultatio
1093 1230 1199 1253 codicum
1217 1230 1284 1252 nobiS
1296 1236 1343 1252 11011
1356 1230 1478 1252 indicasset
1492 1229 1559 1251 aliam
1572 1232 1594 1251 et
1605 1235 1711 1251 securam
1723 1229 1784 1251 viam
1797 1229 1831 1251 di-

985 1277 1062 1300 luendi
1074 1283 1154 1300 omnes
1163 1277 1306 1300 difficultates
1317 1276 1347 1299 ab
1359 1277 1408 1299 aliis
1421 1279 1499 1299 contra
1509 1275 1672 1304 genuinitatem
1683 1275 1750 1297 huius
1762 1274 1831 1297 libelli

984 1325 1110 1353 oppositas.
1123 1324 1225 1347 Meliores
1237 1324 1298 1346 enim
1310 1323 1403 1346 codices
1414 1329 1459 1345 non
1471 1322 1556 1345 habent
1569 1324 1614 1345 lere
1626 1322 1726 1344 mediam
1739 1324 1828 1349 partem

984 1372 1054 1394 totius
1070 1371 1187 1399 opuscuII,
1205 1373 1227 1393 et
1243 1370 1347 1398 praecise
1363 1376 1403 1392 eas
1420 1372 1508 1398 partes,
1526 1375 1586 1398 quae
1606 1369 1693 1391 alienae
1714 1374 1726 1390 a
1749 1368 1830 1396 spiritu

985 1420 1007 1442 S.
1025 1419 1200 1441 Bonaventurae
1214 1417 1264 1440 aliis
1275 1420 1297 1440 et
1308 1416 1376 1439 nobis
1393 1417 1456 1439 visae
1467 1418 1528 1438 sunt.
1546 1415 1648 1438 Resectis
1665 1415 1712 1437 istis
1730 1414 1830 1437 insertio-

984 1465 1065 1492 nibus,
1076 1471 1136 1494 quae
1154 1464 1221 1487 foede
1232 1464 1356 1491 deturpant
1372 1465 1493 1485 tractatum
1507 1463 1528 1484 S.
1544 1462 1646 1484 Doctoris
1658 1467 1713 1483 vere
1729 1461 1830 1488 seraphi-

984 1519 1050 1540 cum,
1067 1512 1136 1535 etiam
1148 1518 1259 1534 censurae
1270 1510 1397 1533 contrariae
1409 1510 1580 1538 praedictorum
1593 1509 1697 1531 virorum
1709 1510 1828 1530 corruunt.

984 1560 1090 1583 Oudinus
1104 1559 1278 1589 (Commentarii
1290 1559 1319 1581 de
1330 1558 1435 1586 scriptor.
1448 1558 1585 1583 ecclesiast,
1597 1559 1652 1579 tom.
1664 1557 1697 1579 111.
1710 1562 1763 1584 pag.
1776 1556 1828 1578 407.

983 1607 1020 1630 ed.
1037 1607 1127 1635 Lipsiae
1144 1606 1215 1635 1722)
1232 1605 1358 1634 praecipue
1374 1603 1484 1632 reprobat
1503 1612 1514 1624 ιι
1526 1604 1692 1626 affectationem
1710 1603 1830 1631 superlati-

983 1660 1067 1676 varum
1084 1659 1181 1681 vocum,
1199 1655 1224 1675 ut
1235 1658 1346 1674 nauseam
1359 1653 1453 1679 pareant
1465 1660 1487 1678 n,
1499 1653 1568 1679 atque
1587 1659 1599 1670 α
1611 1650 1777 1672 3110013110110111
1795 1649 1830 1672 di-

983 1700 1099 1723 visionum
1116 1699 1220 1721 similiter
1236 1698 1368 1721 cadentium
1380 1706 1402 1720 ».
1420 1698 1490 1720 Porro
1508 1697 1529 1719 in
1548 1697 1670 1719 festivitate
1686 1695 1714 1719 de
1736 1695 1828 1725 imposi-

984 1746 1046 1770 tione
1056 1744 1159 1769 nominis
1174 1744 1247 1774 pueri
1256 1745 1308 1768 Iesu
1320 1744 1468 1772 reprehendit
1480 1752 1491 1764 α
1500 1743 1638 1766 divisionem
1650 1743 1705 1765 satis
1714 1742 1826 1765 abiectam

983 1796 1005 1816 et
1017 1792 1153 1819 barbaram,
1163 1798 1223 1821 quae
1235 1793 1418 1814 Bonaventuram
1430 1793 1547 1814 auctorem
1565 1790 1622 1812 mihi
1633 1796 1678 1812 non
1696 1795 1828 1817 repraesen-

983 1843 1028 1862 tat:
1047 1840 1095 1862 Hoc
1116 1842 1151 1862 est
1171 1845 1255 1861 nomen
1276 1838 1456 1861 sacratissimum
1478 1844 1492 1860 3
1508 1837 1629 1865 Prophetis
1651 1837 1828 1864 prophetatum,

984 1887 1027 1908 hoc
1044 1889 1078 1908 est
1094 1892 1179 1908 nomen
1201 1885 1341 1912 virtuosum,
1359 1884 1498 1912 gratiosum,
1521 1883 1673 1911 gaudiosum,
1690 1882 1826 1905 deliciosum

983 1935 1005 1955 et
1022 1933 1148 1961 gloriosum
1170 1934 1205 1954 etc
1217 1940 1239 1954 11.
1256 1931 1301 1954 Sed
1323 1931 1359 1954 hic
1377 1931 1470 1953 ultimus
1492 1931 1555 1953 locus
1576 1930 1718 1958 depravatus
1740 1931 1789 1951 erat
1806 1929 1828 1951 in

983 1979 1134 2007 editionibus;
1158 1979 1201 2001 alia
1226 1983 1316 2007 autem,
1340 1984 1401 2007 quae
1426 1978 1639 2006 reprehenduntur,
1664 1977 1687 1999 in
1705 1979 1770 2005 parte
1790 1983 1827 2004 ge-

983 2026 1052 2048 nuina
1070 2032 1114 2048 non
1137 2028 1261 2048 occurrunt
1282 2025 1424 2054 frequentius
1446 2030 1516 2053 quam
1534 2025 1557 2046 in
1579 2024 1629 2046 aliis
1651 2025 1826 2046 Bonaventurae

982 2072 1106 2101 operibus3
1124 2072 1152 2095 de
1169 2078 1216 2101 quo
1233 2072 1277 2094 late
1293 2071 1394 2100 loquitur
1411 2071 1495 2093 Bonelli
1513 2071 1565 2100 (loc.
1583 2070 1637 2100 cit.).

1045 2118 1154 2142 Sbaralea
1171 2119 1339 2148 (Supplement.
1357 2118 1387 2140 ad
1405 2118 1533 2146 Scriptores
1550 2120 1604 2144 etc.,
1623 2123 1676 2145 pag.
1686 2117 1741 2146 258)
1759 2117 1827 2140 dicit:

986 2174 996 2186 ι
1008 2166 1151 2194 Opusculum
1168 2166 1279 2188 devotum
1301 2167 1345 2192 est,
1363 2164 1403 2187 sed
1426 2171 1439 2186 a
1456 2164 1507 2187 stilo
1529 2164 1705 2186 Bonaventurae
1729 2163 1826 2192 eiusque

981 2213 1103 2241 prudentia
1120 2213 1231 2239 alienum;
1248 2218 1301 2234 nam
1321 2218 1390 2234 serm.
1409 2212 1437 2233 l:
1459 2211 1569 2241 plenario
1593 2210 1753 2234 mundialium
1775 2216 1827 2234 cou-

981 2261 1092 2289 temptu...
1110 2259 1134 2282 in
1152 2258 1241 2282 mundo
1257 2257 1411 2282 mundialiter
1430 2257 1581 2281 viventium...
1593 2257 1675 2281 anima
1692 2257 1770 2281 diuino
1790 2264 1825 2281 se-

980 2306 1044 2329 mine
1058 2305 1183 2336 qravida...
1195 2305 1287 2329 malum
1298 2306 1332 2328 est
1340 2305 1440 2335 perdere
1449 2306 1549 2335 propter
1558 2304 1690 2335 perdidisse
1695 2313 1704 2333 ;
1717 2311 1785 2328 serm.
1798 2306 1825 2328 2:

981 2359 994 2376 o
1011 2353 1070 2383 felir
1086 2359 1220 2383 praesepe...
1232 2352 1384 2382 refectorium
1401 2352 1561 2382 Anyelorum,
1581 2355 1603 2375 et
1618 2352 1700 2374 similia
1718 2353 1825 2380 leguntur

980 2400 1101 2428 seraphico
1119 2400 1210 2422 Doctori
1227 2405 1374 2428 nequaquam
1392 2399 1549 2427 congruentia,
1566 2399 1607 2421 etsi
1626 2399 1766 2421 Trithemius
1784 2400 1826 2421 hu-

980 2446 1016 2469 ius
1033 2446 1195 2469 meminerit».
1213 2458 1244 2463 -—-
1263 2446 1309 2469 Sed
1326 2446 1356 2468 ad
1373 2447 1417 2468 hoc
1431 2446 1633 2474 respondendum:
1645 2446 1708 2468 Duae
1719 2446 1769 2468 illae
1781 2445 1825 2474 pri-

980 2500 1032 2516 mae
1049 2494 1175 2516 locutiones
1192 2499 1236 2515 non
1259 2496 1313 2515 sunt
1329 2493 1417 2515 alienae
1441 2499 1454 2515 a
1474 2499 1540 2515 more
1564 2493 1655 2515 (licendi
1681 2493 1823 2515 Bonaventu-

980 2541 1056 2567 riano;
1075 2540 1139 2562 tertia
1157 2542 1179 2562 et
1195 2542 1276 2568 quarta
1288 2546 1333 2562 non
1351 2539 1465 2562 habentur
1477 2539 1497 2562 in
1511 2542 1570 2562 textu
1583 2540 1684 2567 genuino
1703 2539 1754 2568 (cir.
1768 2546 1822 2567 pag.

981 2588 1022 2614 90,
1040 2589 1093 2610 nota
1112 2587 1153 2614 to,
1170 2589 1192 2609 et
1208 2587 1276 2609 etiam
1294 2593 1348 2614 pag.
1367 2587 1408 2613 89,
1425 2589 1478 2609 nota
1496 2587 1540 2614 2.);
1562 2592 1603 2608 nec
1625 2588 1747 2615 sequentes
1765 2587 1824 2608 locu-

980 2633 1053 2655 tiones
1070 2633 1216 2655 inveniuntur
1234 2632 1280 2661 ibi,
1297 2632 1337 2655 sed
1355 2632 1377 2654 in
1395 2632 1471 2659 primo
1496 2632 1667 2659 additamento,
1690 2632 1730 2654 ubi
1748 2635 1823 2654 tamen

980 2686 1023 2708 pro
1040 2679 1191 2709 refectorium
1209 2679 1355 2708 Angelorum
1373 2678 1416 2707 (ita
1434 2679 1485 2701 Vat.
1503 2681 1525 2700 et
1550 2679 1574 2707 F)
1593 2679 1611 2700 G
1629 2678 1697 2700 habet
1718 2678 1824 2708 refectio-

979 2732 1033 2750 nem
1050 2726 1188 2749 auimarztm
1206 2726 1256 2754 (cfr.
1273 2732 1328 2754 pag.
1344 2726 1387 2753 96,
1404 2729 1457 2748 nota
1477 2726 1516 2755 6.).
1534 2726 1591 2748 Hinc
1608 2726 1743 2753 opinamur,
1760 2726 1823 2754 quod

979 2774 998 2796 si
1011 2773 1118 2796 Sbaralea
1135 2774 1236 2796 novisset
1253 2773 1380 2801 genuinum
1394 2775 1489 2801 textum,
1507 2773 1555 2795 sine
1575 2772 1646 2795 dubio
1660 2773 1738 2795 falsam
1757 2772 1822 2795 istam

980 2820 1113 2848 opinionem
1130 2822 1280 2842 retractasset.
1298 2820 1354 2842 Nam
1372 2821 1462 2847 praeter
1479 2819 1585 2842 codicum
1609 2819 1729 2842 meliorum
1748 2822 1823 2842 aucto-

980 2867 1069 2890 ritatem
1088 2867 1135 2894 ipsa
1153 2866 1307 2889 additamenta
1325 2872 1365 2888 sua
1378 2866 1518 2894 proprietate
1535 2866 1589 2888 satis
1606 2866 1719 2892 indicant,
1736 2872 1762 2888 ea
1776 2866 1823 2893 pri-

981 2914 1061 2936 mitivo
1073 2913 1142 2936 textui
1159 2919 1209 2936 esse
1222 2913 1335 2941 posterius
1347 2913 1441 2941 inserta,
1458 2913 1521 2941 quod
1533 2915 1555 2935 et
1572 2919 1608 2935 res
1620 2916 1642 2935 et
1656 2913 1740 2935 modus
1751 2919 1821 2935 enun-

982 2951 1057 2983 tiandi
1069 2960 1173 2982 suadent.
1196 2961 1291 2987 insuper
1315 2959 1357 2982 illis
1377 2959 1470 2982 duobus
1491 2959 1634 2987 longioribus
1659 2959 1821 2981 additamentis

1691 3038 1726 3060 vlt
