<?xml version="1.0" encoding="UTF-8"?>
<!DOCTYPE html PUBLIC "-//W3C//DTD XHTML 1.0 Transitional//EN"
    "http://www.w3.org/TR/xhtml1/DTD/xhtml1-transitional.dtd">
<html xmlns="http://www.w3.org/1999/xhtml" xml:lang="en" lang="en">
 <head>
  <title>
</title>
<meta http-equiv="Content-Type" content="text/html;charset=utf-8" />
  <meta name='ocr-system' content='tesseract 3.04.00' />
  <meta name='ocr-capabilities' content='ocr_page ocr_carea ocr_par ocr_line ocrx_word'/>
</head>
<body>
  <div class='ocr_page' id='page_1' title='image "./doctorisseraphic08bona_0020.png"; bbox 0 0 2133 3317; ppageno 0'>
   <div class='ocr_carea' id='block_1_1' title="bbox 236 198 293 227">
    <p class='ocr_par' dir='ltr' id='par_1_1' title="bbox 236 198 293 227">
     <span class='ocr_line' id='line_1_1' title="bbox 236 198 293 227; baseline 0 0"><span class='ocrx_word' id='word_1_1' title='bbox 236 198 293 227; x_wconf 90' lang='lat' dir='ltr'>XlV</span> 
     </span>
    </p>
   </div>
   <div class='ocr_carea' id='block_1_2' title="bbox 236 272 1092 1949">
    <p class='ocr_par' dir='ltr' id='par_1_2' title="bbox 237 272 1086 447">
     <span class='ocr_line' id='line_1_2' title="bbox 238 272 1084 305; baseline -0.007 -5"><span class='ocrx_word' id='word_1_2' title='bbox 238 277 382 305; x_wconf 77' lang='lat' dir='ltr'>opusculum</span> <span class='ocrx_word' id='word_1_3' title='bbox 400 277 479 305; x_wconf 85' lang='lat' dir='ltr'>incipit</span> <span class='ocrx_word' id='word_1_4' title='bbox 497 277 533 299; x_wconf 82' lang='lat' dir='ltr'>sol.</span> <span class='ocrx_word' id='word_1_5' title='bbox 557 276 605 298; x_wconf 82' lang='lat'>150.</span> <span class='ocrx_word' id='word_1_6' title='bbox 623 282 647 297; x_wconf 86' lang='lat' dir='ltr'>v.</span> <span class='ocrx_word' id='word_1_7' title='bbox 663 275 711 297; x_wconf 85' lang='lat' dir='ltr'>sine</span> <span class='ocrx_word' id='word_1_8' title='bbox 729 275 774 296; x_wconf 86' lang='lat' dir='ltr'>ullo</span> <span class='ocrx_word' id='word_1_9' title='bbox 800 274 863 296; x_wconf 86' lang='lat' dir='ltr'>titulo</span> <span class='ocrx_word' id='word_1_10' title='bbox 890 276 911 295; x_wconf 86' lang='lat' dir='ltr'>et</span> <span class='ocrx_word' id='word_1_11' title='bbox 937 272 1020 295; x_wconf 76' lang='lat' dir='ltr'>desinit</span> <span class='ocrx_word' id='word_1_12' title='bbox 1046 272 1084 294; x_wconf 81' lang='lat' dir='ltr'>sol.</span> 
     </span>
     <span class='ocr_line' id='line_1_3' title="bbox 241 318 1084 352; baseline -0.006 -6"><span class='ocrx_word' id='word_1_13' title='bbox 241 324 291 346; x_wconf 83' lang='lat'>160.</span> <span class='ocrx_word' id='word_1_14' title='bbox 314 330 336 346; x_wconf 94' lang='lat' dir='ltr'>v.</span> <span class='ocrx_word' id='word_1_15' title='bbox 355 323 432 346; x_wconf 73' lang='lat' dir='ltr'>verbis</span> <span class='ocrx_word' id='word_1_16' title='bbox 449 329 500 352; x_wconf 81' lang='lat' dir='ltr'>cap.</span> <span class='ocrx_word' id='word_1_17' title='bbox 516 323 537 345; x_wconf 83' lang='lat'>3.</span> <span class='ocrx_word' id='word_1_18' title='bbox 550 329 572 345; x_wconf 90' lang='lat' dir='ltr'>n.</span> <span class='ocrx_word' id='word_1_19' title='bbox 590 322 618 344; x_wconf 88' lang='lat'>7:</span> <span class='ocrx_word' id='word_1_20' title='bbox 636 321 751 345; x_wconf 83' lang='lat' dir='ltr'>Osculum</span> <span class='ocrx_word' id='word_1_21' title='bbox 768 322 789 343; x_wconf 82' lang='lat' dir='ltr'>el</span> <span class='ocrx_word' id='word_1_22' title='bbox 805 319 959 349; x_wconf 55' lang='lat' dir='ltr'>amplexuum,</span> <span class='ocrx_word' id='word_1_23' title='bbox 976 318 1008 342; x_wconf 83' lang='lat' dir='ltr'>ad</span> <span class='ocrx_word' id='word_1_24' title='bbox 1025 324 1084 348; x_wconf 80' lang='lat' dir='ltr'>quos</span> 
     </span>
     <span class='ocr_line' id='line_1_4' title="bbox 237 366 1086 400; baseline -0.007 -6"><span class='ocrx_word' id='word_1_25' title='bbox 237 377 281 394; x_wconf 83' lang='lat' dir='ltr'>nos</span> <span class='ocrx_word' id='word_1_26' title='bbox 295 371 414 400; x_wconf 84' lang='lat' dir='ltr'>perducat</span> <span class='ocrx_word' id='word_1_27' title='bbox 429 371 494 394; x_wconf 81' lang='lat' dir='ltr'>Iesus</span> <span class='ocrx_word' id='word_1_28' title='bbox 512 369 632 396; x_wconf 72' lang='lat' dir='ltr'>Cin-istus,</span> <span class='ocrx_word' id='word_1_29' title='bbox 645 368 686 398; x_wconf 79' lang='lat' dir='ltr'>qni</span> <span class='ocrx_word' id='word_1_30' title='bbox 698 367 752 391; x_wconf 77' lang='lat' dir='ltr'>vivit</span> <span class='ocrx_word' id='word_1_31' title='bbox 769 368 791 390; x_wconf 90' lang='lat' dir='ltr'>et</span> <span class='ocrx_word' id='word_1_32' title='bbox 806 368 892 396; x_wconf 70' lang='lat' dir='ltr'>reqnat</span> <span class='ocrx_word' id='word_1_33' title='bbox 908 372 963 389; x_wconf 82' lang='lat' dir='ltr'>cunt</span> <span class='ocrx_word' id='word_1_34' title='bbox 976 366 1047 389; x_wconf 83' lang='lat' dir='ltr'>Patre</span> <span class='ocrx_word' id='word_1_35' title='bbox 1064 367 1086 389; x_wconf 86' lang='lat' dir='ltr'>et</span> 
     </span>
     <span class='ocr_line' id='line_1_5' title="bbox 238 414 844 447; baseline -0.008 -6"><span class='ocrx_word' id='word_1_36' title='bbox 238 417 331 447; x_wconf 76' lang='lat' dir='ltr'><em>Spiritu</em></span> <span class='ocrx_word' id='word_1_37' title='bbox 348 419 429 441; x_wconf 86' lang='lat' dir='ltr'>sancto</span> <span class='ocrx_word' id='word_1_38' title='bbox 455 417 479 440; x_wconf 85' lang='lat' dir='ltr'>in</span> <span class='ocrx_word' id='word_1_39' title='bbox 502 415 582 440; x_wconf 83' lang='lat' dir='ltr'>secula</span> <span class='ocrx_word' id='word_1_40' title='bbox 598 414 743 439; x_wconf 83' lang='lat' dir='ltr'>seculorum.</span> <span class='ocrx_word' id='word_1_41' title='bbox 762 415 844 437; x_wconf 79' lang='lat' dir='ltr'>Amen.</span> 
     </span>
    </p>

    <p class='ocr_par' dir='ltr' id='par_1_3' title="bbox 239 460 1088 774">
     <span class='ocr_line' id='line_1_6' title="bbox 302 460 1084 492; baseline -0.005 -5"><span class='ocrx_word' id='word_1_42' title='bbox 302 464 339 487; x_wconf 64' lang='grc' dir='ltr'><strong>ὅθ.</strong></span> <span class='ocrx_word' id='word_1_43' title='bbox 359 463 481 492; x_wconf 74' lang='lat' dir='ltr'><em>Coloniae,</em></span> <span class='ocrx_word' id='word_1_44' title='bbox 501 462 638 485; x_wconf 89' lang='lat' dir='ltr'>bibliotheca</span> <span class='ocrx_word' id='word_1_45' title='bbox 657 461 777 484; x_wconf 80' lang='lat' dir='ltr'>Seminarii</span> <span class='ocrx_word' id='word_1_46' title='bbox 798 461 1015 489; x_wconf 83' lang='lat' dir='ltr'>archiepiscopalis,</span> <span class='ocrx_word' id='word_1_47' title='bbox 1032 460 1084 483; x_wconf 89' lang='lat' dir='ltr'>cod.</span> 
     </span>
     <span class='ocr_line' id='line_1_7' title="bbox 240 507 1084 537; baseline -0.006 -3"><span class='ocrx_word' id='word_1_48' title='bbox 240 511 296 534; x_wconf 90' lang='lat' dir='ltr'>XLl.</span> <span class='ocrx_word' id='word_1_49' title='bbox 313 512 386 534; x_wconf 79' lang='lat' dir='ltr'>chart.</span> <span class='ocrx_word' id='word_1_50' title='bbox 403 516 462 533; x_wconf 74' lang='lat' dir='ltr'>saec.</span> <span class='ocrx_word' id='word_1_51' title='bbox 480 510 531 532; x_wconf 84' lang='lat' dir='ltr'>XV.</span> <span class='ocrx_word' id='word_1_52' title='bbox 549 522 580 526; x_wconf 95' lang='lat'>—</span> <span class='ocrx_word' id='word_1_53' title='bbox 597 509 740 537; x_wconf 83' lang='lat' dir='ltr'>opusculum</span> <span class='ocrx_word' id='word_1_54' title='bbox 764 508 843 536; x_wconf 79' lang='lat' dir='ltr'>incipit</span> <span class='ocrx_word' id='word_1_55' title='bbox 867 508 904 530; x_wconf 88' lang='grc'><strong>101.</strong></span> <span class='ocrx_word' id='word_1_56' title='bbox 932 508 981 530; x_wconf 82' lang='grc'><strong>177.</strong></span> <span class='ocrx_word' id='word_1_57' title='bbox 999 514 1022 530; x_wconf 87' lang='lat' dir='ltr'>v.</span> <span class='ocrx_word' id='word_1_58' title='bbox 1040 507 1084 530; x_wconf 89' lang='lat' dir='ltr'>sie:</span> 
     </span>
     <span class='ocr_line' id='line_1_8' title="bbox 240 553 1086 587; baseline -0.005 -6"><span class='ocrx_word' id='word_1_59' title='bbox 240 557 277 581; x_wconf 82' lang='lat' dir='ltr'>Ad</span> <span class='ocrx_word' id='word_1_60' title='bbox 300 557 443 587; x_wconf 73' lang='lat' dir='ltr'>sapientiam</span> <span class='ocrx_word' id='word_1_61' title='bbox 467 555 624 579; x_wconf 76' lang='lat' dir='ltr'>christianam</span> <span class='ocrx_word' id='word_1_62' title='bbox 648 554 687 578; x_wconf 81' lang='lat' dir='ltr'>via</span> <span class='ocrx_word' id='word_1_63' title='bbox 710 554 799 584; x_wconf 85' lang='lat' dir='ltr'>triplici</span> <span class='ocrx_word' id='word_1_64' title='bbox 816 554 971 584; x_wconf 77' lang='lat' dir='ltr'>pervenitur,</span> <span class='ocrx_word' id='word_1_65' title='bbox 998 553 1086 578; x_wconf 85' lang='lat' dir='ltr'>scilicet</span> 
     </span>
     <span class='ocr_line' id='line_1_9' title="bbox 240 601 1087 632; baseline -0.006 -4"><span class='ocrx_word' id='word_1_66' title='bbox 240 604 387 632; x_wconf 81' lang='lat' dir='ltr'>meditando,</span> <span class='ocrx_word' id='word_1_67' title='bbox 408 602 499 626; x_wconf 88' lang='lat' dir='ltr'>orando</span> <span class='ocrx_word' id='word_1_68' title='bbox 517 604 538 625; x_wconf 87' lang='lat' dir='ltr'>et</span> <span class='ocrx_word' id='word_1_69' title='bbox 555 601 742 631; x_wconf 70' lang='lat' dir='ltr'>contemplando.</span> <span class='ocrx_word' id='word_1_70' title='bbox 755 601 842 624; x_wconf 75' lang='lat' dir='ltr'>Desinit</span> <span class='ocrx_word' id='word_1_71' title='bbox 859 601 895 624; x_wconf 85' lang='lat' dir='ltr'>fol.</span> <span class='ocrx_word' id='word_1_72' title='bbox 909 602 961 623; x_wconf 81' lang='lat'>182.</span> <span class='ocrx_word' id='word_1_73' title='bbox 974 608 993 624; x_wconf 87' lang='lat' dir='ltr'>r.</span> <span class='ocrx_word' id='word_1_74' title='bbox 1007 601 1087 624; x_wconf 83' lang='lat' dir='ltr'>verbis</span> 
     </span>
     <span class='ocr_line' id='line_1_10' title="bbox 239 648 1088 680; baseline -0.005 -5"><span class='ocrx_word' id='word_1_75' title='bbox 239 658 290 680; x_wconf 84' lang='lat' dir='ltr'>cap.</span> <span class='ocrx_word' id='word_1_76' title='bbox 309 652 330 674; x_wconf 86' lang='lat'>3.</span> <span class='ocrx_word' id='word_1_77' title='bbox 348 658 368 673; x_wconf 96' lang='lat' dir='ltr'>n.</span> <span class='ocrx_word' id='word_1_78' title='bbox 388 651 414 673; x_wconf 76' lang='lat'>5:</span> <span class='ocrx_word' id='word_1_79' title='bbox 432 649 525 673; x_wconf 86' lang='lat' dir='ltr'>habebit</span> <span class='ocrx_word' id='word_1_80' title='bbox 541 649 621 672; x_wconf 81' lang='lat' dir='ltr'>lumen</span> <span class='ocrx_word' id='word_1_81' title='bbox 634 648 678 672; x_wconf 71' lang='lat' dir='ltr'>cite</span> <span class='ocrx_word' id='word_1_82' title='bbox 689 648 713 671; x_wconf 90' lang='lat' dir='ltr'>in</span> <span class='ocrx_word' id='word_1_83' title='bbox 725 648 770 672; x_wconf 86' lang='lat' dir='ltr'>hac</span> <span class='ocrx_word' id='word_1_84' title='bbox 786 648 839 677; x_wconf 82' lang='lat' dir='ltr'>via,</span> <span class='ocrx_word' id='word_1_85' title='bbox 856 648 934 678; x_wconf 60' lang='lat' dir='ltr'>⁸qratie</span> <span class='ocrx_word' id='word_1_86' title='bbox 950 650 972 672; x_wconf 92' lang='lat' dir='ltr'>et</span> <span class='ocrx_word' id='word_1_87' title='bbox 984 650 1088 678; x_wconf 86' lang='lat' dir='ltr'>postmo-</span> 
     </span>
     <span class='ocr_line' id='line_1_11' title="bbox 240 695 1085 728; baseline -0.002 -7"><span class='ocrx_word' id='word_1_88' title='bbox 240 698 297 722; x_wconf 81' lang='lat' dir='ltr'>dum</span> <span class='ocrx_word' id='word_1_89' title='bbox 314 697 397 728; x_wconf 70' lang='lat' dir='ltr'>qlorie.</span> <span class='ocrx_word' id='word_1_90' title='bbox 416 696 521 726; x_wconf 72' lang='lat' dir='ltr'>Ecrplicit</span> <span class='ocrx_word' id='word_1_91' title='bbox 537 695 701 719; x_wconf 74' lang='lat' dir='ltr'>determinatio</span> <span class='ocrx_word' id='word_1_92' title='bbox 714 696 875 719; x_wconf 77' lang='lat' dir='ltr'>Beneventure</span> <span class='ocrx_word' id='word_1_93' title='bbox 892 695 919 719; x_wconf 80' lang='lat' dir='ltr'>tle</span> <span class='ocrx_word' id='word_1_94' title='bbox 934 695 1024 726; x_wconf 87' lang='lat' dir='ltr'>triplici</span> <span class='ocrx_word' id='word_1_95' title='bbox 1033 696 1085 725; x_wconf 86' lang='lat' dir='ltr'>via,</span> 
     </span>
     <span class='ocr_line' id='line_1_12' title="bbox 240 741 1086 774; baseline -0.002 -7"><span class='ocrx_word' id='word_1_96' title='bbox 240 751 286 774; x_wconf 76' lang='lat' dir='ltr'>qua</span> <span class='ocrx_word' id='word_1_97' title='bbox 300 743 439 774; x_wconf 70' lang='lat' dir='ltr'>peruenitur</span> <span class='ocrx_word' id='word_1_98' title='bbox 451 742 483 766; x_wconf 87' lang='lat' dir='ltr'>ad</span> <span class='ocrx_word' id='word_1_99' title='bbox 493 742 635 772; x_wconf 85' lang='lat' dir='ltr'>sapientiam</span> <span class='ocrx_word' id='word_1_100' title='bbox 647 741 811 765; x_wconf 84' lang='lat' dir='ltr'>christianam.</span> <span class='ocrx_word' id='word_1_101' title='bbox 824 743 871 765; x_wconf 90' lang='lat' dir='ltr'>Deo</span> <span class='ocrx_word' id='word_1_102' title='bbox 886 742 990 772; x_wconf 75' lang='lat' dir='ltr'>=arucias.</span> <span class='ocrx_word' id='word_1_103' title='bbox 1003 743 1086 766; x_wconf 85' lang='lat' dir='ltr'>Amen.</span> 
     </span>
    </p>

    <p class='ocr_par' dir='ltr' id='par_1_4' title="bbox 236 789 1088 1055">
     <span class='ocr_line' id='line_1_13' title="bbox 302 789 1085 818; baseline 0 -5"><span class='ocrx_word' id='word_1_104' title='bbox 302 792 339 813; x_wconf 81' lang='lat'>60.</span> <span class='ocrx_word' id='word_1_105' title='bbox 357 789 496 818; x_wconf 68' lang='lat' dir='ltr'>Cracocffle,</span> <span class='ocrx_word' id='word_1_106' title='bbox 515 789 652 812; x_wconf 81' lang='lat' dir='ltr'>bibliotheca</span> <span class='ocrx_word' id='word_1_107' title='bbox 669 789 828 812; x_wconf 86' lang='lat' dir='ltr'>Universitatis</span> <span class='ocrx_word' id='word_1_108' title='bbox 850 789 1016 818; x_wconf 82' lang='lat' dir='ltr'>{agellonicae,</span> <span class='ocrx_word' id='word_1_109' title='bbox 1034 790 1085 813; x_wconf 93' lang='lat' dir='ltr'>cod.</span> 
     </span>
     <span class='ocr_line' id='line_1_14' title="bbox 240 836 1087 865; baseline -0.001 -5"><span class='ocrx_word' id='word_1_110' title='bbox 240 838 293 861; x_wconf 83' lang='lat'>399.</span> <span class='ocrx_word' id='word_1_111' title='bbox 310 839 335 860; x_wconf 84' lang='grc' dir='ltr'><strong>Α.</strong></span> <span class='ocrx_word' id='word_1_112' title='bbox 353 838 387 860; x_wconf 88' lang='lat'>111.</span> <span class='ocrx_word' id='word_1_113' title='bbox 406 837 444 859; x_wconf 79' lang='lat'>35.</span> <span class='ocrx_word' id='word_1_114' title='bbox 460 837 532 859; x_wconf 84' lang='lat' dir='ltr'>chart.</span> <span class='ocrx_word' id='word_1_115' title='bbox 550 836 571 858; x_wconf 92' lang='lat' dir='ltr'>in</span> <span class='ocrx_word' id='word_1_116' title='bbox 590 837 626 859; x_wconf 87' lang='lat' dir='ltr'>sol.</span> <span class='ocrx_word' id='word_1_117' title='bbox 644 842 703 859; x_wconf 81' lang='lat' dir='ltr'>saec.</span> <span class='ocrx_word' id='word_1_118' title='bbox 723 836 774 859; x_wconf 87' lang='lat' dir='ltr'>XV.</span> <span class='ocrx_word' id='word_1_119' title='bbox 793 848 825 853; x_wconf 90' lang='lat'>--</span> <span class='ocrx_word' id='word_1_120' title='bbox 841 836 984 864; x_wconf 79' lang='lat' dir='ltr'>opusculum</span> <span class='ocrx_word' id='word_1_121' title='bbox 1008 837 1087 865; x_wconf 82' lang='lat' dir='ltr'>incipit</span> 
     </span>
     <span class='ocr_line' id='line_1_15' title="bbox 242 882 1085 914; baseline -0.001 -6"><span class='ocrx_word' id='word_1_122' title='bbox 242 886 276 908; x_wconf 81' lang='lat' dir='ltr'>s01.</span> <span class='ocrx_word' id='word_1_123' title='bbox 291 885 339 914; x_wconf 79' lang='grc'><strong>150,</strong></span> <span class='ocrx_word' id='word_1_124' title='bbox 352 885 393 907; x_wconf 86' lang='lat' dir='ltr'>sed</span> <span class='ocrx_word' id='word_1_125' title='bbox 404 885 536 907; x_wconf 86' lang='lat' dir='ltr'>inseruntur</span> <span class='ocrx_word' id='word_1_126' title='bbox 548 884 571 906; x_wconf 89' lang='lat' dir='ltr'>in</span> <span class='ocrx_word' id='word_1_127' title='bbox 583 883 696 912; x_wconf 85' lang='lat' dir='ltr'>principio</span> <span class='ocrx_word' id='word_1_128' title='bbox 709 884 778 906; x_wconf 86' lang='lat' dir='ltr'>haec:</span> <span class='ocrx_word' id='word_1_129' title='bbox 791 882 909 906; x_wconf 79' lang='lat' dir='ltr'>Stimulus</span> <span class='ocrx_word' id='word_1_130' title='bbox 921 883 1085 912; x_wconf 82' lang='lat' dir='ltr'>conscientiae,</span> 
     </span>
     <span class='ocr_line' id='line_1_16' title="bbox 240 929 1088 962; baseline -0.001 -6"><span class='ocrx_word' id='word_1_131' title='bbox 240 939 315 962; x_wconf 80' lang='lat' dir='ltr'>quare</span> <span class='ocrx_word' id='word_1_132' title='bbox 326 931 407 955; x_wconf 86' lang='lat' dir='ltr'>debeat</span> <span class='ocrx_word' id='word_1_133' title='bbox 420 931 490 954; x_wconf 83' lang='lat' dir='ltr'>homo</span> <span class='ocrx_word' id='word_1_134' title='bbox 499 930 612 961; x_wconf 74' lang='lat' dir='ltr'>penitere.</span> <span class='ocrx_word' id='word_1_135' title='bbox 625 930 772 954; x_wconf 73' lang='lat' dir='ltr'>Conscientia</span> <span class='ocrx_word' id='word_1_136' title='bbox 789 929 854 955; x_wconf 84' lang='lat' dir='ltr'>debet</span> <span class='ocrx_word' id='word_1_137' title='bbox 865 936 947 960; x_wconf 74' lang='lat' dir='ltr'>ycrere</span> <span class='ocrx_word' id='word_1_138' title='bbox 959 930 1050 961; x_wconf 63' lang='lat' dir='ltr'>insigne</span> <span class='ocrx_word' id='word_1_139' title='bbox 1067 933 1088 955; x_wconf 90' lang='lat' dir='ltr'>el</span> 
     </span>
     <span class='ocr_line' id='line_1_17' title="bbox 236 977 1088 1009; baseline -0.004 -7"><span class='ocrx_word' id='word_1_140' title='bbox 236 979 364 1009; x_wconf 87' lang='lat' dir='ltr'>praecipue</span> <span class='ocrx_word' id='word_1_141' title='bbox 381 978 423 1001; x_wconf 80' lang='lat' dir='ltr'>illa</span> <span class='ocrx_word' id='word_1_142' title='bbox 436 984 480 1008; x_wconf 82' lang='lat' dir='ltr'>quc</span> <span class='ocrx_word' id='word_1_143' title='bbox 497 978 521 1001; x_wconf 82' lang='lat' dir='ltr'>in</span> <span class='ocrx_word' id='word_1_144' title='bbox 538 984 610 1001; x_wconf 84' lang='lat' dir='ltr'>sacra</span> <span class='ocrx_word' id='word_1_145' title='bbox 628 977 756 1007; x_wconf 72' lang='lat' dir='ltr'>Scriptura</span> <span class='ocrx_word' id='word_1_146' title='bbox 769 980 811 1000; x_wconf 90' lang='lat' dir='ltr'>etc.</span> <span class='ocrx_word' id='word_1_147' title='bbox 829 977 915 1000; x_wconf 79' lang='lat' dir='ltr'>Desinit</span> <span class='ocrx_word' id='word_1_148' title='bbox 933 978 969 1000; x_wconf 87' lang='grc'><strong>101.</strong></span> <span class='ocrx_word' id='word_1_149' title='bbox 986 977 1034 1000; x_wconf 68' lang='grc'><strong>154,</strong></span> <span class='ocrx_word' id='word_1_150' title='bbox 1053 977 1088 1000; x_wconf 86' lang='grc'><strong>1115</strong></span> 
     </span>
     <span class='ocr_line' id='line_1_18' title="bbox 239 1024 799 1055; baseline -0.002 -7"><span class='ocrx_word' id='word_1_151' title='bbox 239 1026 274 1049; x_wconf 79' lang='lat' dir='ltr'>nis</span> <span class='ocrx_word' id='word_1_152' title='bbox 292 1026 384 1048; x_wconf 84' lang='lat' dir='ltr'>verbis:</span> <span class='ocrx_word' id='word_1_153' title='bbox 404 1025 507 1055; x_wconf 67' lang='lat' dir='ltr'>Explicit</span> <span class='ocrx_word' id='word_1_154' title='bbox 523 1031 621 1048; x_wconf 85' lang='lat' dir='ltr'>summa</span> <span class='ocrx_word' id='word_1_155' title='bbox 638 1024 799 1054; x_wconf 82' lang='lat' dir='ltr'>confessionis.</span> 
     </span>
    </p>

    <p class='ocr_par' dir='ltr' id='par_1_5' title="bbox 239 1072 1090 1432">
     <span class='ocr_line' id='line_1_19' title="bbox 302 1072 1087 1100; baseline -0.001 -5"><span class='ocrx_word' id='word_1_156' title='bbox 302 1073 339 1095; x_wconf 86' lang='lat'>61.</span> <span class='ocrx_word' id='word_1_157' title='bbox 357 1072 455 1100; x_wconf 84' lang='lat' dir='ltr'>Ibidem,</span> <span class='ocrx_word' id='word_1_158' title='bbox 474 1072 525 1094; x_wconf 89' lang='lat' dir='ltr'>cod.</span> <span class='ocrx_word' id='word_1_159' title='bbox 547 1072 612 1094; x_wconf 80' lang='lat'>1298.</span> <span class='ocrx_word' id='word_1_160' title='bbox 630 1072 657 1094; x_wconf 85' lang='grc' dir='ltr'>Α.</span> <span class='ocrx_word' id='word_1_161' title='bbox 674 1073 699 1094; x_wconf 83' lang='grc' dir='ltr'>Α.</span> <span class='ocrx_word' id='word_1_162' title='bbox 718 1072 733 1094; x_wconf 95' lang='lat'>1.</span> <span class='ocrx_word' id='word_1_163' title='bbox 762 1073 795 1094; x_wconf 81' lang='lat'>15.</span> <span class='ocrx_word' id='word_1_164' title='bbox 820 1073 891 1094; x_wconf 86' lang='lat' dir='ltr'>chart.</span> <span class='ocrx_word' id='word_1_165' title='bbox 918 1072 939 1094; x_wconf 91' lang='lat' dir='ltr'>in</span> <span class='ocrx_word' id='word_1_166' title='bbox 966 1072 1003 1094; x_wconf 87' lang='grc'><strong>101.</strong></span> <span class='ocrx_word' id='word_1_167' title='bbox 1027 1077 1087 1094; x_wconf 81' lang='lat' dir='ltr'>saec.</span> 
     </span>
     <span class='ocr_line' id='line_1_20' title="bbox 240 1118 1088 1149; baseline -0.004 -5"><span class='ocrx_word' id='word_1_168' title='bbox 240 1121 290 1144; x_wconf 85' lang='lat' dir='ltr'>XV.</span> <span class='ocrx_word' id='word_1_169' title='bbox 300 1134 330 1137; x_wconf 94' lang='lat'>—</span> <span class='ocrx_word' id='word_1_170' title='bbox 340 1121 385 1143; x_wconf 87' lang='lat' dir='ltr'>Fol.</span> <span class='ocrx_word' id='word_1_171' title='bbox 396 1121 420 1142; x_wconf 84' lang='lat'>31</span> <span class='ocrx_word' id='word_1_172' title='bbox 432 1121 447 1142; x_wconf 93' lang='lat'>1.</span> <span class='ocrx_word' id='word_1_173' title='bbox 459 1120 554 1147; x_wconf 81' lang='lat' dir='ltr'>legitur:</span> <span class='ocrx_word' id='word_1_174' title='bbox 567 1118 651 1148; x_wconf 84' lang='lat' dir='ltr'>Incipit</span> <span class='ocrx_word' id='word_1_175' title='bbox 667 1119 736 1149; x_wconf 69' lang='lat' dir='ltr'>Huqo</span> <span class='ocrx_word' id='word_1_176' title='bbox 748 1118 775 1142; x_wconf 86' lang='lat' dir='ltr'>de</span> <span class='ocrx_word' id='word_1_177' title='bbox 787 1125 848 1142; x_wconf 86' lang='lat' dir='ltr'>arra</span> <span class='ocrx_word' id='word_1_178' title='bbox 859 1118 945 1142; x_wconf 88' lang='lat' dir='ltr'>anime.</span> <span class='ocrx_word' id='word_1_179' title='bbox 959 1118 1088 1148; x_wconf 85' lang='lat' dir='ltr'>Speculum</span> 
     </span>
     <span class='ocr_line' id='line_1_21' title="bbox 239 1164 1086 1194; baseline -0.002 -5"><span class='ocrx_word' id='word_1_180' title='bbox 239 1166 287 1189; x_wconf 75' lang='lat' dir='ltr'>siue</span> <span class='ocrx_word' id='word_1_181' title='bbox 304 1165 459 1189; x_wconf 79' lang='lat' dir='ltr'>Itinerarinm</span> <span class='ocrx_word' id='word_1_182' title='bbox 476 1165 560 1188; x_wconf 70' lang='lat' dir='ltr'>mentis</span> <span class='ocrx_word' id='word_1_183' title='bbox 578 1165 602 1188; x_wconf 87' lang='lat' dir='ltr'>in</span> <span class='ocrx_word' id='word_1_184' title='bbox 615 1166 690 1188; x_wconf 85' lang='lat' dir='ltr'>Deum</span> <span class='ocrx_word' id='word_1_185' title='bbox 707 1164 793 1194; x_wconf 82' lang='lat' dir='ltr'>fratris</span> <span class='ocrx_word' id='word_1_186' title='bbox 813 1165 874 1188; x_wconf 83' lang='lat' dir='ltr'>Bone</span> <span class='ocrx_word' id='word_1_187' title='bbox 890 1166 996 1188; x_wconf 75' lang='lat' dir='ltr'>venture.</span> <span class='ocrx_word' id='word_1_188' title='bbox 1014 1165 1086 1193; x_wconf 87' lang='lat' dir='ltr'>Ecce,</span> 
     </span>
     <span class='ocr_line' id='line_1_22' title="bbox 241 1212 1090 1243; baseline 0 -8"><span class='ocrx_word' id='word_1_189' title='bbox 241 1213 355 1243; x_wconf 72' lang='lat' dir='ltr'>descripsi</span> <span class='ocrx_word' id='word_1_190' title='bbox 370 1220 423 1236; x_wconf 79' lang='lat' dir='ltr'>eant</span> <span class='ocrx_word' id='word_1_191' title='bbox 441 1213 482 1236; x_wconf 81' lang='lat' dir='ltr'>tibi</span> <span class='ocrx_word' id='word_1_192' title='bbox 506 1212 637 1242; x_wconf 72' lang='lat' dir='ltr'>tripliciter.</span> <span class='ocrx_word' id='word_1_193' title='bbox 664 1213 732 1235; x_wconf 74' lang='lat' dir='ltr'>Pron.</span> <span class='ocrx_word' id='word_1_194' title='bbox 752 1212 811 1236; x_wconf 82' lang='lat' dir='ltr'>Cum</span> <span class='ocrx_word' id='word_1_195' title='bbox 837 1218 917 1235; x_wconf 81' lang='lat' dir='ltr'>omnes</span> <span class='ocrx_word' id='word_1_196' title='bbox 942 1212 1037 1235; x_wconf 77' lang='lat' dir='ltr'>scientie</span> <span class='ocrx_word' id='word_1_197' title='bbox 1054 1218 1090 1242; x_wconf 73' lang='lat' dir='ltr'>(Je-</span> 
     </span>
     <span class='ocr_line' id='line_1_23' title="bbox 240 1259 1089 1287; baseline -0.002 -4"><span class='ocrx_word' id='word_1_198' title='bbox 240 1262 297 1283; x_wconf 88' lang='lat' dir='ltr'>rant</span> <span class='ocrx_word' id='word_1_199' title='bbox 313 1261 393 1283; x_wconf 71' lang='lat' dir='ltr'>sancte</span> <span class='ocrx_word' id='word_1_200' title='bbox 412 1259 534 1283; x_wconf 70' lang='lat' dir='ltr'>Trinitatis</span> <span class='ocrx_word' id='word_1_201' title='bbox 560 1262 602 1282; x_wconf 84' lang='lat' dir='ltr'>etc.</span> <span class='ocrx_word' id='word_1_202' title='bbox 628 1259 713 1282; x_wconf 78' lang='lat' dir='ltr'>Desinit</span> <span class='ocrx_word' id='word_1_203' title='bbox 739 1260 775 1281; x_wconf 87' lang='grc'><strong>101.</strong></span> <span class='ocrx_word' id='word_1_204' title='bbox 795 1259 848 1281; x_wconf 81' lang='lat'>327.</span> <span class='ocrx_word' id='word_1_205' title='bbox 868 1265 919 1287; x_wconf 81' lang='lat' dir='ltr'>cap.</span> <span class='ocrx_word' id='word_1_206' title='bbox 938 1259 958 1281; x_wconf 86' lang='lat'>3.</span> <span class='ocrx_word' id='word_1_207' title='bbox 981 1265 1003 1281; x_wconf 92' lang='lat' dir='ltr'>n.</span> <span class='ocrx_word' id='word_1_208' title='bbox 1021 1259 1042 1281; x_wconf 78' lang='lat'>5.</span> <span class='ocrx_word' id='word_1_209' title='bbox 1060 1259 1089 1281; x_wconf 87' lang='lat' dir='ltr'>ad</span> 
     </span>
     <span class='ocr_line' id='line_1_24' title="bbox 241 1305 1090 1337; baseline -0.002 -7"><span class='ocrx_word' id='word_1_210' title='bbox 241 1307 325 1330; x_wconf 74' lang='lat' dir='ltr'>verba:</span> <span class='ocrx_word' id='word_1_211' title='bbox 343 1309 363 1330; x_wconf 82' lang='lat' dir='ltr'>e!</span> <span class='ocrx_word' id='word_1_212' title='bbox 380 1307 528 1337; x_wconf 58' lang='grc' dir='ltr'><strong>1101011011οι-</strong></span> <span class='ocrx_word' id='word_1_213' title='bbox 547 1307 597 1335; x_wconf 83' lang='lat' dir='ltr'>Ouo</span> <span class='ocrx_word' id='word_1_214' title='bbox 619 1313 662 1330; x_wconf 85' lang='lat' dir='ltr'>nos</span> <span class='ocrx_word' id='word_1_215' title='bbox 679 1306 802 1330; x_wconf 84' lang='lat' dir='ltr'>conducat.</span> <span class='ocrx_word' id='word_1_216' title='bbox 822 1306 875 1329; x_wconf 86' lang='lat' dir='ltr'>lude</span> <span class='ocrx_word' id='word_1_217' title='bbox 897 1305 996 1334; x_wconf 75' lang='lat' dir='ltr'>abrupte</span> <span class='ocrx_word' id='word_1_218' title='bbox 1013 1312 1090 1334; x_wconf 84' lang='lat' dir='ltr'>prose-</span> 
     </span>
     <span class='ocr_line' id='line_1_25' title="bbox 241 1353 1090 1384; baseline -0.002 -6"><span class='ocrx_word' id='word_1_219' title='bbox 241 1356 332 1384; x_wconf 72' lang='lat' dir='ltr'>quitur:</span> <span class='ocrx_word' id='word_1_220' title='bbox 346 1356 372 1378; x_wconf 89' lang='lat' dir='ltr'>In</span> <span class='ocrx_word' id='word_1_221' title='bbox 390 1354 474 1384; x_wconf 81' lang='lat' dir='ltr'>primis</span> <span class='ocrx_word' id='word_1_222' title='bbox 493 1354 582 1384; x_wconf 66' lang='lat' dir='ltr'>ciqent,</span> <span class='ocrx_word' id='word_1_223' title='bbox 600 1354 625 1377; x_wconf 90' lang='lat' dir='ltr'>in</span> <span class='ocrx_word' id='word_1_224' title='bbox 640 1353 790 1384; x_wconf 79' lang='lat' dir='ltr'>sequentibus</span> <span class='ocrx_word' id='word_1_225' title='bbox 808 1353 964 1377; x_wconf 76' lang='lat' dir='ltr'>dominantur</span> <span class='ocrx_word' id='word_1_226' title='bbox 983 1353 1090 1383; x_wconf 81' lang='lat' dir='ltr'>affectus.</span> 
     </span>
     <span class='ocr_line' id='line_1_26' title="bbox 242 1402 809 1432; baseline -0.004 -6"><span class='ocrx_word' id='word_1_227' title='bbox 242 1402 347 1432; x_wconf 67' lang='lat' dir='ltr'>EJplicit</span> <span class='ocrx_word' id='word_1_228' title='bbox 365 1403 384 1425; x_wconf 88' lang='lat' dir='ltr'><em>T</em></span> <span class='ocrx_word' id='word_1_229' title='bbox 384 1402 496 1425; x_wconf 82' lang='lat' dir='ltr'>ernarius</span> <span class='ocrx_word' id='word_1_230' title='bbox 513 1402 599 1432; x_wconf 79' lang='lat' dir='ltr'>fratris</span> <span class='ocrx_word' id='word_1_231' title='bbox 617 1402 679 1425; x_wconf 80' lang='lat' dir='ltr'>Bone</span> <span class='ocrx_word' id='word_1_232' title='bbox 702 1402 809 1424; x_wconf 83' lang='lat' dir='ltr'>Venlure.</span> 
     </span>
    </p>

    <p class='ocr_par' dir='ltr' id='par_1_6' title="bbox 242 1448 1092 1715">
     <span class='ocr_line' id='line_1_27' title="bbox 304 1448 1090 1477; baseline -0.003 -5"><span class='ocrx_word' id='word_1_233' title='bbox 304 1450 341 1472; x_wconf 85' lang='lat'>62.</span> <span class='ocrx_word' id='word_1_234' title='bbox 367 1449 501 1472; x_wconf 82' lang='lat' dir='ltr'>Cremisani</span> <span class='ocrx_word' id='word_1_235' title='bbox 526 1448 743 1477; x_wconf 75' lang='lat' dir='ltr'>(Kremsmiinster)</span> <span class='ocrx_word' id='word_1_236' title='bbox 770 1449 792 1470; x_wconf 88' lang='lat' dir='ltr'>in</span> <span class='ocrx_word' id='word_1_237' title='bbox 818 1448 922 1475; x_wconf 73' lang='lat' dir='ltr'>Ausa-ia,</span> <span class='ocrx_word' id='word_1_238' title='bbox 950 1448 1090 1471; x_wconf 78' lang='lat' dir='ltr'>bibliotheca</span> 
     </span>
     <span class='ocr_line' id='line_1_28' title="bbox 243 1495 1091 1523; baseline -0.001 -4"><span class='ocrx_word' id='word_1_239' title='bbox 243 1498 334 1520; x_wconf 82' lang='lat' dir='ltr'>Patrum</span> <span class='ocrx_word' id='word_1_240' title='bbox 353 1497 408 1519; x_wconf 88' lang='lat' dir='ltr'>Ord.</span> <span class='ocrx_word' id='word_1_241' title='bbox 425 1498 447 1519; x_wconf 79' lang='lat' dir='ltr'>S.</span> <span class='ocrx_word' id='word_1_242' title='bbox 467 1496 589 1523; x_wconf 61' lang='lat' dir='ltr'>benedicti,</span> <span class='ocrx_word' id='word_1_243' title='bbox 606 1496 659 1518; x_wconf 80' lang='lat' dir='ltr'>cod.</span> <span class='ocrx_word' id='word_1_244' title='bbox 678 1496 730 1518; x_wconf 74' lang='lat'>280.</span> <span class='ocrx_word' id='word_1_245' title='bbox 750 1495 848 1518; x_wconf 80' lang='lat' dir='ltr'>membr.</span> <span class='ocrx_word' id='word_1_246' title='bbox 866 1502 926 1518; x_wconf 77' lang='lat' dir='ltr'>saec.</span> <span class='ocrx_word' id='word_1_247' title='bbox 939 1496 1000 1523; x_wconf 83' lang='lat' dir='ltr'>XlV,</span> <span class='ocrx_word' id='word_1_248' title='bbox 1012 1498 1037 1518; x_wconf 89' lang='lat' dir='ltr'>ut</span> <span class='ocrx_word' id='word_1_249' title='bbox 1049 1502 1091 1518; x_wconf 87' lang='lat' dir='ltr'>no-</span> 
     </span>
     <span class='ocr_line' id='line_1_29' title="bbox 243 1543 1090 1572; baseline -0.001 -6"><span class='ocrx_word' id='word_1_250' title='bbox 243 1544 342 1566; x_wconf 81' lang='lat' dir='ltr'>tavimus</span> <span class='ocrx_word' id='word_1_251' title='bbox 360 1548 414 1566; x_wconf 83' lang='lat' dir='ltr'>tom.</span> <span class='ocrx_word' id='word_1_252' title='bbox 435 1544 462 1566; x_wconf 74' lang='lat' dir='ltr'>V.</span> <span class='ocrx_word' id='word_1_253' title='bbox 480 1550 534 1572; x_wconf 70' lang='lat' dir='ltr'>pag.</span> <span class='ocrx_word' id='word_1_254' title='bbox 554 1544 629 1566; x_wconf 86' lang='lat' dir='ltr'>XXlX</span> <span class='ocrx_word' id='word_1_255' title='bbox 655 1550 676 1565; x_wconf 94' lang='lat' dir='ltr'>n.</span> <span class='ocrx_word' id='word_1_256' title='bbox 695 1544 731 1566; x_wconf 85' lang='lat'>32.</span> <span class='ocrx_word' id='word_1_257' title='bbox 749 1555 780 1559; x_wconf 97' lang='lat'><strong>—</strong></span> <span class='ocrx_word' id='word_1_258' title='bbox 798 1543 941 1571; x_wconf 86' lang='lat' dir='ltr'>Opusculum</span> <span class='ocrx_word' id='word_1_259' title='bbox 969 1544 1012 1565; x_wconf 87' lang='lat' dir='ltr'>hoc</span> <span class='ocrx_word' id='word_1_260' title='bbox 1035 1543 1090 1565; x_wconf 87' lang='lat' dir='ltr'>inci-</span> 
     </span>
     <span class='ocr_line' id='line_1_30' title="bbox 242 1589 1092 1619; baseline -0.001 -6"><span class='ocrx_word' id='word_1_261' title='bbox 242 1591 275 1619; x_wconf 85' lang='lat' dir='ltr'>pit</span> <span class='ocrx_word' id='word_1_262' title='bbox 292 1592 330 1613; x_wconf 84' lang='grc'><strong>101.</strong></span> <span class='ocrx_word' id='word_1_263' title='bbox 352 1591 400 1613; x_wconf 84' lang='grc'><strong>131.</strong></span> <span class='ocrx_word' id='word_1_264' title='bbox 418 1597 445 1617; x_wconf 87' lang='lat' dir='ltr'>r.,</span> <span class='ocrx_word' id='word_1_265' title='bbox 463 1591 499 1613; x_wconf 88' lang='lat' dir='ltr'>cui</span> <span class='ocrx_word' id='word_1_266' title='bbox 518 1590 672 1618; x_wconf 82' lang='lat' dir='ltr'>praemittitur</span> <span class='ocrx_word' id='word_1_267' title='bbox 694 1593 795 1612; x_wconf 88' lang='lat' dir='ltr'>tantum:</span> <span class='ocrx_word' id='word_1_268' title='bbox 816 1589 950 1619; x_wconf 80' lang='lat' dir='ltr'>Tripliciias</span> <span class='ocrx_word' id='word_1_269' title='bbox 968 1590 1092 1613; x_wconf 67' lang='grc'><strong>3011110011-</strong></span> 
     </span>
     <span class='ocr_line' id='line_1_31' title="bbox 242 1636 1091 1666; baseline -0.004 -4"><span class='ocrx_word' id='word_1_270' title='bbox 242 1640 302 1662; x_wconf 81' lang='lat' dir='ltr'>ture.</span> <span class='ocrx_word' id='word_1_271' title='bbox 321 1639 407 1661; x_wconf 77' lang='lat' dir='ltr'>Desinit</span> <span class='ocrx_word' id='word_1_272' title='bbox 426 1639 462 1660; x_wconf 88' lang='grc'><strong>101.</strong></span> <span class='ocrx_word' id='word_1_273' title='bbox 481 1638 534 1660; x_wconf 85' lang='grc'><strong>317.</strong></span> <span class='ocrx_word' id='word_1_274' title='bbox 552 1644 574 1660; x_wconf 88' lang='lat' dir='ltr'>v.</span> <span class='ocrx_word' id='word_1_275' title='bbox 591 1638 620 1659; x_wconf 84' lang='lat' dir='ltr'>ad</span> <span class='ocrx_word' id='word_1_276' title='bbox 639 1637 724 1660; x_wconf 81' lang='lat' dir='ltr'>verba:</span> <span class='ocrx_word' id='word_1_277' title='bbox 742 1637 771 1660; x_wconf 89' lang='lat' dir='ltr'>Et</span> <span class='ocrx_word' id='word_1_278' title='bbox 789 1636 830 1660; x_wconf 85' lang='lat' dir='ltr'>liec</span> <span class='ocrx_word' id='word_1_279' title='bbox 855 1636 990 1666; x_wconf 76' lang='lat' dir='ltr'>Seraphim.</span> <span class='ocrx_word' id='word_1_280' title='bbox 1009 1636 1091 1666; x_wconf 65' lang='lat' dir='ltr'>Empli-</span> 
     </span>
     <span class='ocr_line' id='line_1_32' title="bbox 242 1684 629 1715; baseline -0.008 -6"><span class='ocrx_word' id='word_1_281' title='bbox 242 1685 272 1709; x_wconf 84' lang='lat' dir='ltr'>cit</span> <span class='ocrx_word' id='word_1_282' title='bbox 289 1685 317 1708; x_wconf 88' lang='lat' dir='ltr'>de</span> <span class='ocrx_word' id='word_1_283' title='bbox 334 1684 424 1715; x_wconf 83' lang='lat' dir='ltr'>triplici</span> <span class='ocrx_word' id='word_1_284' title='bbox 439 1685 478 1708; x_wconf 70' lang='lat' dir='ltr'>cia</span> <span class='ocrx_word' id='word_1_285' title='bbox 495 1684 527 1707; x_wconf 87' lang='lat' dir='ltr'>ud</span> <span class='ocrx_word' id='word_1_286' title='bbox 544 1685 629 1707; x_wconf 86' lang='lat' dir='ltr'>Deum.</span> 
     </span>
    </p>

    <p class='ocr_par' dir='ltr' id='par_1_7' title="bbox 243 1731 1092 1949">
     <span class='ocr_line' id='line_1_33' title="bbox 305 1731 1090 1761; baseline 0.001 -7"><span class='ocrx_word' id='word_1_287' title='bbox 305 1734 342 1756; x_wconf 71' lang='lat'>63.</span> <span class='ocrx_word' id='word_1_288' title='bbox 361 1732 461 1761; x_wconf 87' lang='lat' dir='ltr'>Ibidem,</span> <span class='ocrx_word' id='word_1_289' title='bbox 479 1732 532 1755; x_wconf 85' lang='lat' dir='ltr'>cod.</span> <span class='ocrx_word' id='word_1_290' title='bbox 553 1732 589 1754; x_wconf 72' lang='grc'><strong>119.</strong></span> <span class='ocrx_word' id='word_1_291' title='bbox 607 1731 706 1754; x_wconf 85' lang='lat' dir='ltr'>membr.</span> <span class='ocrx_word' id='word_1_292' title='bbox 732 1732 755 1754; x_wconf 91' lang='lat' dir='ltr'>in</span> <span class='ocrx_word' id='word_1_293' title='bbox 781 1733 817 1754; x_wconf 81' lang='grc'><strong>101.</strong></span> <span class='ocrx_word' id='word_1_294' title='bbox 841 1738 900 1754; x_wconf 87' lang='lat' dir='ltr'>saec.</span> <span class='ocrx_word' id='word_1_295' title='bbox 919 1732 979 1754; x_wconf 93' lang='lat' dir='ltr'>XlV.</span> <span class='ocrx_word' id='word_1_296' title='bbox 997 1745 1026 1748; x_wconf 83' lang='lat'>—-</span> <span class='ocrx_word' id='word_1_297' title='bbox 1044 1733 1090 1755; x_wconf 91' lang='lat' dir='ltr'>Fol.</span> 
     </span>
     <span class='ocr_line' id='line_1_34' title="bbox 244 1778 1091 1809; baseline -0.001 -6"><span class='ocrx_word' id='word_1_298' title='bbox 244 1780 280 1803; x_wconf 77' lang='lat'>64.</span> <span class='ocrx_word' id='word_1_299' title='bbox 298 1787 316 1803; x_wconf 95' lang='lat' dir='ltr'>r.</span> <span class='ocrx_word' id='word_1_300' title='bbox 334 1780 429 1808; x_wconf 78' lang='lat' dir='ltr'>legitur:</span> <span class='ocrx_word' id='word_1_301' title='bbox 447 1778 531 1809; x_wconf 77' lang='lat' dir='ltr'>Incipit</span> <span class='ocrx_word' id='word_1_302' title='bbox 549 1778 684 1808; x_wconf 80' lang='lat' dir='ltr'>Triplicitas</span> <span class='ocrx_word' id='word_1_303' title='bbox 702 1779 868 1802; x_wconf 82' lang='lat' dir='ltr'>Bonacenture</span> <span class='ocrx_word' id='word_1_304' title='bbox 885 1778 912 1801; x_wconf 88' lang='lat' dir='ltr'>de</span> <span class='ocrx_word' id='word_1_305' title='bbox 933 1778 1091 1802; x_wconf 73' lang='lat' dir='ltr'>meditatione.</span> 
     </span>
     <span class='ocr_line' id='line_1_35' title="bbox 243 1825 1092 1855; baseline -0.002 -5"><span class='ocrx_word' id='word_1_306' title='bbox 243 1828 343 1855; x_wconf 77' lang='lat' dir='ltr'>Deinde,</span> <span class='ocrx_word' id='word_1_307' title='bbox 360 1827 447 1849; x_wconf 84' lang='lat' dir='ltr'>omisso</span> <span class='ocrx_word' id='word_1_308' title='bbox 465 1828 525 1848; x_wconf 82' lang='lat' dir='ltr'>textu</span> <span class='ocrx_word' id='word_1_309' title='bbox 544 1826 692 1854; x_wconf 77' lang='lat' dir='ltr'>scripturae:</span> <span class='ocrx_word' id='word_1_310' title='bbox 711 1825 770 1848; x_wconf 81' lang='lat' dir='ltr'>Cum</span> <span class='ocrx_word' id='word_1_311' title='bbox 788 1825 864 1848; x_wconf 80' lang='lat' dir='ltr'>omnis</span> <span class='ocrx_word' id='word_1_312' title='bbox 876 1825 974 1849; x_wconf 82' lang='lat' dir='ltr'>scientia</span> <span class='ocrx_word' id='word_1_313' title='bbox 985 1829 1035 1854; x_wconf 68' lang='lat' dir='ltr'>ete,</span> <span class='ocrx_word' id='word_1_314' title='bbox 1051 1826 1092 1848; x_wconf 83' lang='lat' dir='ltr'>de-</span> 
     </span>
     <span class='ocr_line' id='line_1_36' title="bbox 243 1874 459 1897; baseline -0.009 0"><span class='ocrx_word' id='word_1_315' title='bbox 243 1875 295 1897; x_wconf 85' lang='lat' dir='ltr'>sinit</span> <span class='ocrx_word' id='word_1_316' title='bbox 313 1874 349 1896; x_wconf 87' lang='lat' dir='ltr'>sol.</span> <span class='ocrx_word' id='word_1_317' title='bbox 367 1874 404 1896; x_wconf 86' lang='lat'>69.</span> <span class='ocrx_word' id='word_1_318' title='bbox 424 1879 459 1895; x_wconf 85' lang='lat' dir='ltr'>v.:</span> 
     </span>
     <span class='ocr_line' id='line_1_37' title="bbox 243 1921 521 1949; baseline -0.004 -6"><span class='ocrx_word' id='word_1_319' title='bbox 243 1924 264 1943; x_wconf 81' lang='lat' dir='ltr'>ct</span> <span class='ocrx_word' id='word_1_320' title='bbox 282 1927 334 1949; x_wconf 75' lang='lat' dir='ltr'>pag.</span> <span class='ocrx_word' id='word_1_321' title='bbox 357 1921 394 1948; x_wconf 81' lang='lat' dir='ltr'>ts,</span> <span class='ocrx_word' id='word_1_322' title='bbox 412 1923 464 1942; x_wconf 90' lang='lat' dir='ltr'>nota</span> <span class='ocrx_word' id='word_1_323' title='bbox 482 1921 521 1949; x_wconf 73' lang='grc'><strong>2.).</strong></span> 
     </span>
    </p>
   </div>
   <div class='ocr_carea' id='block_1_3' title="bbox 476 1871 1092 1901">
    <p class='ocr_par' dir='ltr' id='par_1_8' title="bbox 476 1871 1092 1901">
     <span class='ocr_line' id='line_1_38' title="bbox 476 1871 1092 1901; baseline 0 -6"><span class='ocrx_word' id='word_1_324' title='bbox 476 1878 518 1895; x_wconf 82' lang='lat' dir='ltr'>nec</span> <span class='ocrx_word' id='word_1_325' title='bbox 535 1874 615 1895; x_wconf 85' lang='lat' dir='ltr'>tamen</span> <span class='ocrx_word' id='word_1_326' title='bbox 632 1871 758 1895; x_wconf 84' lang='lat' dir='ltr'>liberarem</span> <span class='ocrx_word' id='word_1_327' title='bbox 777 1872 826 1901; x_wconf 81' lang='lat' dir='ltr'>(cfr.</span> <span class='ocrx_word' id='word_1_328' title='bbox 853 1878 908 1901; x_wconf 82' lang='lat' dir='ltr'>pag.</span> <span class='ocrx_word' id='word_1_329' title='bbox 937 1873 975 1899; x_wconf 83' lang='lat'>11,</span> <span class='ocrx_word' id='word_1_330' title='bbox 999 1876 1050 1895; x_wconf 87' lang='lat' dir='ltr'>nota</span> <span class='ocrx_word' id='word_1_331' title='bbox 1068 1872 1092 1895; x_wconf 87' lang='lat'>7.</span> 
     </span>
    </p>
   </div>
   <div class='ocr_carea' id='block_1_4' title="bbox 243 1966 1096 2937">
    <p class='ocr_par' dir='ltr' id='par_1_9' title="bbox 243 1966 1093 2233">
     <span class='ocr_line' id='line_1_39' title="bbox 306 1966 1092 1994; baseline -0.001 -4"><span class='ocrx_word' id='word_1_332' title='bbox 306 1968 343 1990; x_wconf 72' lang='grc'><strong>6-1.</strong></span> <span class='ocrx_word' id='word_1_333' title='bbox 361 1966 510 1991; x_wconf 77' lang='lat' dir='ltr'>Durmstaclii</span> <span class='ocrx_word' id='word_1_334' title='bbox 526 1967 549 1989; x_wconf 91' lang='lat' dir='ltr'>in</span> <span class='ocrx_word' id='word_1_335' title='bbox 560 1967 696 1994; x_wconf 76' lang='lat' dir='ltr'>Germania,</span> <span class='ocrx_word' id='word_1_336' title='bbox 709 1966 847 1989; x_wconf 78' lang='lat' dir='ltr'>bibliotheca</span> <span class='ocrx_word' id='word_1_337' title='bbox 861 1967 959 1994; x_wconf 85' lang='lat' dir='ltr'>Ducalis,</span> <span class='ocrx_word' id='word_1_338' title='bbox 972 1967 1023 1989; x_wconf 87' lang='lat' dir='ltr'>cod.</span> <span class='ocrx_word' id='word_1_339' title='bbox 1036 1967 1092 1989; x_wconf 86' lang='lat'>673.</span> 
     </span>
     <span class='ocr_line' id='line_1_40' title="bbox 243 2013 1092 2043; baseline -0.001 -5"><span class='ocrx_word' id='word_1_340' title='bbox 243 2017 315 2038; x_wconf 87' lang='lat' dir='ltr'>chart.</span> <span class='ocrx_word' id='word_1_341' title='bbox 332 2016 354 2037; x_wconf 91' lang='lat' dir='ltr'>in</span> <span class='ocrx_word' id='word_1_342' title='bbox 374 2015 395 2037; x_wconf 67' lang='lat' dir='ltr'>st.</span> <span class='ocrx_word' id='word_1_343' title='bbox 420 2021 480 2037; x_wconf 85' lang='lat' dir='ltr'>saec.</span> <span class='ocrx_word' id='word_1_344' title='bbox 507 2015 565 2036; x_wconf 93' lang='lat' dir='ltr'>XlV.</span> <span class='ocrx_word' id='word_1_345' title='bbox 588 2014 697 2036; x_wconf 85' lang='lat' dir='ltr'>exeuntis.</span> <span class='ocrx_word' id='word_1_346' title='bbox 716 2027 744 2030; x_wconf 94' lang='lat'>——</span> <span class='ocrx_word' id='word_1_347' title='bbox 762 2014 809 2036; x_wconf 88' lang='lat' dir='ltr'>Fol.</span> <span class='ocrx_word' id='word_1_348' title='bbox 831 2014 880 2036; x_wconf 75' lang='lat'>155.</span> <span class='ocrx_word' id='word_1_349' title='bbox 898 2020 916 2036; x_wconf 90' lang='lat' dir='ltr'>r.</span> <span class='ocrx_word' id='word_1_350' title='bbox 935 2013 1020 2043; x_wconf 85' lang='lat' dir='ltr'>Incipit</span> <span class='ocrx_word' id='word_1_351' title='bbox 1033 2020 1092 2043; x_wconf 91' lang='lat' dir='ltr'>par-</span> 
     </span>
     <span class='ocr_line' id='line_1_41' title="bbox 245 2059 1092 2089; baseline -0.004 -4"><span class='ocrx_word' id='word_1_352' title='bbox 245 2069 300 2086; x_wconf 80' lang='lat' dir='ltr'>cum</span> <span class='ocrx_word' id='word_1_353' title='bbox 318 2062 406 2085; x_wconf 85' lang='lat' dir='ltr'>bonnm</span> <span class='ocrx_word' id='word_1_354' title='bbox 423 2062 596 2084; x_wconf 77' lang='lat' dir='ltr'>Bonauenture.</span> <span class='ocrx_word' id='word_1_355' title='bbox 609 2061 681 2089; x_wconf 89' lang='lat' dir='ltr'>Ecce,</span> <span class='ocrx_word' id='word_1_356' title='bbox 693 2059 809 2089; x_wconf 74' lang='lat' dir='ltr'>descripsi</span> <span class='ocrx_word' id='word_1_357' title='bbox 824 2066 877 2083; x_wconf 83' lang='lat' dir='ltr'>eam</span> <span class='ocrx_word' id='word_1_358' title='bbox 894 2063 938 2083; x_wconf 86' lang='lat' dir='ltr'>etc.</span> <span class='ocrx_word' id='word_1_359' title='bbox 950 2060 1036 2083; x_wconf 81' lang='lat' dir='ltr'>Desinit</span> <span class='ocrx_word' id='word_1_360' title='bbox 1055 2061 1092 2083; x_wconf 84' lang='lat' dir='ltr'>sol.</span> 
     </span>
     <span class='ocr_line' id='line_1_42' title="bbox 248 2106 1092 2137; baseline -0.002 -5"><span class='ocrx_word' id='word_1_361' title='bbox 248 2110 297 2132; x_wconf 81' lang='lat'>163.</span> <span class='ocrx_word' id='word_1_362' title='bbox 315 2116 334 2131; x_wconf 86' lang='lat' dir='ltr'>r.</span> <span class='ocrx_word' id='word_1_363' title='bbox 352 2115 393 2137; x_wconf 84' lang='lat' dir='ltr'>per</span> <span class='ocrx_word' id='word_1_364' title='bbox 410 2107 495 2130; x_wconf 62' lang='lat' dir='ltr'>verba:</span> <span class='ocrx_word' id='word_1_365' title='bbox 513 2107 537 2130; x_wconf 88' lang='lat' dir='ltr'>in</span> <span class='ocrx_word' id='word_1_366' title='bbox 554 2107 590 2130; x_wconf 79' lang='lat' dir='ltr'>liis</span> <span class='ocrx_word' id='word_1_367' title='bbox 608 2109 644 2130; x_wconf 81' lang='lat' dir='ltr'>est</span> <span class='ocrx_word' id='word_1_368' title='bbox 658 2107 712 2137; x_wconf 81' lang='lat' dir='ltr'>fons</span> <span class='ocrx_word' id='word_1_369' title='bbox 729 2107 781 2135; x_wconf 72' lang='lat' dir='ltr'>cite,</span> <span class='ocrx_word' id='word_1_370' title='bbox 800 2106 832 2130; x_wconf 85' lang='lat' dir='ltr'>ad</span> <span class='ocrx_word' id='word_1_371' title='bbox 849 2113 922 2136; x_wconf 75' lang='lat' dir='ltr'>quam</span> <span class='ocrx_word' id='word_1_372' title='bbox 947 2113 990 2130; x_wconf 81' lang='lat' dir='ltr'>nos</span> <span class='ocrx_word' id='word_1_373' title='bbox 1004 2107 1092 2136; x_wconf 85' lang='lat' dir='ltr'>perdu-</span> 
     </span>
     <span class='ocr_line' id='line_1_43' title="bbox 244 2153 1093 2184; baseline -0.004 -4"><span class='ocrx_word' id='word_1_374' title='bbox 244 2158 281 2180; x_wconf 87' lang='lat' dir='ltr'>cat</span> <span class='ocrx_word' id='word_1_375' title='bbox 300 2157 364 2179; x_wconf 82' lang='lat' dir='ltr'>Iesus</span> <span class='ocrx_word' id='word_1_376' title='bbox 382 2155 498 2183; x_wconf 63' lang='lat' dir='ltr'>Chi-istas,</span> <span class='ocrx_word' id='word_1_377' title='bbox 516 2154 558 2184; x_wconf 74' lang='lat' dir='ltr'>qui</span> <span class='ocrx_word' id='word_1_378' title='bbox 574 2160 629 2177; x_wconf 89' lang='lat' dir='ltr'>cum</span> <span class='ocrx_word' id='word_1_379' title='bbox 647 2155 717 2177; x_wconf 81' lang='lat' dir='ltr'>Patre</span> <span class='ocrx_word' id='word_1_380' title='bbox 735 2156 758 2177; x_wconf 85' lang='lat' dir='ltr'>et</span> <span class='ocrx_word' id='word_1_381' title='bbox 774 2153 867 2183; x_wconf 81' lang='lat' dir='ltr'>Spiritu</span> <span class='ocrx_word' id='word_1_382' title='bbox 892 2155 975 2177; x_wconf 76' lang='lat' dir='ltr'>sancto</span> <span class='ocrx_word' id='word_1_383' title='bbox 994 2153 1049 2177; x_wconf 75' lang='lat' dir='ltr'>civit</span> <span class='ocrx_word' id='word_1_384' title='bbox 1070 2156 1093 2177; x_wconf 84' lang='lat' dir='ltr'>et</span> 
     </span>
     <span class='ocr_line' id='line_1_44' title="bbox 244 2201 810 2233; baseline -0.005 -7"><span class='ocrx_word' id='word_1_385' title='bbox 244 2204 330 2233; x_wconf 66' lang='lat' dir='ltr'>reqnat</span> <span class='ocrx_word' id='word_1_386' title='bbox 346 2203 408 2225; x_wconf 88' lang='lat' dir='ltr'>Deus</span> <span class='ocrx_word' id='word_1_387' title='bbox 427 2201 451 2225; x_wconf 81' lang='lat' dir='ltr'>in</span> <span class='ocrx_word' id='word_1_388' title='bbox 467 2201 548 2225; x_wconf 82' lang='lat' dir='ltr'>secula</span> <span class='ocrx_word' id='word_1_389' title='bbox 564 2201 710 2224; x_wconf 80' lang='lat' dir='ltr'>seculorum.</span> <span class='ocrx_word' id='word_1_390' title='bbox 728 2202 810 2224; x_wconf 79' lang='lat' dir='ltr'>Amen.</span> 
     </span>
    </p>

    <p class='ocr_par' dir='ltr' id='par_1_10' title="bbox 244 2248 1095 2514">
     <span class='ocr_line' id='line_1_45' title="bbox 309 2248 1092 2277; baseline -0.001 -6"><span class='ocrx_word' id='word_1_391' title='bbox 309 2250 345 2271; x_wconf 80' lang='lat'>65.</span> <span class='ocrx_word' id='word_1_392' title='bbox 364 2248 462 2277; x_wconf 80' lang='lat' dir='ltr'>Ibidem,</span> <span class='ocrx_word' id='word_1_393' title='bbox 480 2249 532 2271; x_wconf 88' lang='lat' dir='ltr'>cod.</span> <span class='ocrx_word' id='word_1_394' title='bbox 550 2249 603 2270; x_wconf 86' lang='lat'>696.</span> <span class='ocrx_word' id='word_1_395' title='bbox 628 2248 726 2270; x_wconf 83' lang='lat' dir='ltr'>membr.</span> <span class='ocrx_word' id='word_1_396' title='bbox 751 2248 773 2270; x_wconf 93' lang='lat' dir='ltr'>in</span> <span class='ocrx_word' id='word_1_397' title='bbox 795 2249 816 2270; x_wconf 85' lang='lat' dir='ltr'>S.</span> <span class='ocrx_word' id='word_1_398' title='bbox 833 2254 894 2270; x_wconf 84' lang='lat' dir='ltr'>saec.</span> <span class='ocrx_word' id='word_1_399' title='bbox 912 2248 961 2271; x_wconf 93' lang='lat' dir='ltr'>XV.</span> <span class='ocrx_word' id='word_1_400' title='bbox 981 2248 1092 2275; x_wconf 84' lang='lat' dir='ltr'>ineuntis,</span> 
     </span>
     <span class='ocr_line' id='line_1_46' title="bbox 245 2295 1092 2326; baseline -0.002 -7"><span class='ocrx_word' id='word_1_401' title='bbox 245 2297 274 2319; x_wconf 84' lang='lat' dir='ltr'>de</span> <span class='ocrx_word' id='word_1_402' title='bbox 291 2303 339 2326; x_wconf 81' lang='lat' dir='ltr'>quo</span> <span class='ocrx_word' id='word_1_403' title='bbox 356 2296 425 2319; x_wconf 89' lang='lat' dir='ltr'>locuti</span> <span class='ocrx_word' id='word_1_404' title='bbox 442 2302 523 2318; x_wconf 87' lang='lat' dir='ltr'>sumus</span> <span class='ocrx_word' id='word_1_405' title='bbox 541 2298 596 2318; x_wconf 80' lang='lat' dir='ltr'>tom.</span> <span class='ocrx_word' id='word_1_406' title='bbox 622 2295 649 2317; x_wconf 87' lang='lat' dir='ltr'>V.</span> <span class='ocrx_word' id='word_1_407' title='bbox 673 2301 727 2323; x_wconf 80' lang='lat' dir='ltr'>pag.</span> <span class='ocrx_word' id='word_1_408' title='bbox 753 2295 829 2317; x_wconf 86' lang='lat' dir='ltr'>XXlX</span> <span class='ocrx_word' id='word_1_409' title='bbox 847 2302 868 2317; x_wconf 93' lang='lat' dir='ltr'>n.</span> <span class='ocrx_word' id='word_1_410' title='bbox 887 2296 924 2318; x_wconf 86' lang='lat'>33.</span> <span class='ocrx_word' id='word_1_411' title='bbox 942 2307 972 2311; x_wconf 84' lang='lat'>—</span> <span class='ocrx_word' id='word_1_412' title='bbox 989 2295 1092 2323; x_wconf 87' lang='lat' dir='ltr'>Opuscu·</span> 
     </span>
     <span class='ocr_line' id='line_1_47' title="bbox 245 2341 1093 2371; baseline -0.001 -5"><span class='ocrx_word' id='word_1_413' title='bbox 245 2344 293 2366; x_wconf 84' lang='grc'><strong>111111</strong></span> <span class='ocrx_word' id='word_1_414' title='bbox 311 2343 391 2371; x_wconf 80' lang='lat' dir='ltr'>incipit</span> <span class='ocrx_word' id='word_1_415' title='bbox 409 2343 446 2365; x_wconf 84' lang='lat' dir='ltr'>sol.</span> <span class='ocrx_word' id='word_1_416' title='bbox 468 2342 516 2364; x_wconf 66' lang='lat'>185.</span> <span class='ocrx_word' id='word_1_417' title='bbox 534 2349 560 2370; x_wconf 83' lang='lat' dir='ltr'>r.,</span> <span class='ocrx_word' id='word_1_418' title='bbox 578 2342 615 2364; x_wconf 89' lang='lat' dir='ltr'>cui</span> <span class='ocrx_word' id='word_1_419' title='bbox 632 2342 786 2370; x_wconf 80' lang='lat' dir='ltr'>praemittitur</span> <span class='ocrx_word' id='word_1_420' title='bbox 811 2341 914 2364; x_wconf 79' lang='lat' dir='ltr'>rubrica:</span> <span class='ocrx_word' id='word_1_421' title='bbox 931 2342 1039 2365; x_wconf 77' lang='lat' dir='ltr'>Paruum</span> <span class='ocrx_word' id='word_1_422' title='bbox 1057 2341 1093 2365; x_wconf 89' lang='lat' dir='ltr'>bo-</span> 
     </span>
     <span class='ocr_line' id='line_1_48' title="bbox 246 2389 1095 2419; baseline 0 -6"><span class='ocrx_word' id='word_1_423' title='bbox 246 2397 319 2419; x_wconf 79' lang='lat' dir='ltr'>nuni,·</span> <span class='ocrx_word' id='word_1_424' title='bbox 336 2390 378 2413; x_wconf 85' lang='lat' dir='ltr'>alia</span> <span class='ocrx_word' id='word_1_425' title='bbox 398 2396 480 2412; x_wconf 85' lang='lat' dir='ltr'>manus</span> <span class='ocrx_word' id='word_1_426' title='bbox 497 2390 631 2418; x_wconf 81' lang='lat' dir='ltr'>posterioris</span> <span class='ocrx_word' id='word_1_427' title='bbox 648 2390 734 2412; x_wconf 79' lang='lat' dir='ltr'>saeculi</span> <span class='ocrx_word' id='word_1_428' title='bbox 751 2389 856 2412; x_wconf 81' lang='lat' dir='ltr'>addidit:</span> <span class='ocrx_word' id='word_1_429' title='bbox 874 2389 958 2413; x_wconf 90' lang='lat' dir='ltr'>Sancti</span> <span class='ocrx_word' id='word_1_430' title='bbox 974 2390 1095 2413; x_wconf 73' lang='grc'><strong>3011110111-</strong></span> 
     </span>
     <span class='ocr_line' id='line_1_49' title="bbox 247 2436 1093 2464; baseline -0.001 -4"><span class='ocrx_word' id='word_1_431' title='bbox 247 2439 306 2460; x_wconf 87' lang='lat' dir='ltr'>lure.</span> <span class='ocrx_word' id='word_1_432' title='bbox 326 2437 411 2459; x_wconf 82' lang='lat' dir='ltr'>Desinit</span> <span class='ocrx_word' id='word_1_433' title='bbox 428 2437 465 2459; x_wconf 88' lang='grc'><strong>101.</strong></span> <span class='ocrx_word' id='word_1_434' title='bbox 488 2437 538 2459; x_wconf 81' lang='grc'><strong>196.</strong></span> <span class='ocrx_word' id='word_1_435' title='bbox 555 2439 579 2459; x_wconf 89' lang='lat' dir='ltr'>ut</span> <span class='ocrx_word' id='word_1_436' title='bbox 596 2436 658 2459; x_wconf 84' lang='lat' dir='ltr'>editi.</span> <span class='ocrx_word' id='word_1_437' title='bbox 681 2436 745 2458; x_wconf 82' lang='lat' dir='ltr'>Post:</span> <span class='ocrx_word' id='word_1_438' title='bbox 767 2437 850 2464; x_wconf 83' lang='lat' dir='ltr'>Amen,</span> <span class='ocrx_word' id='word_1_439' title='bbox 868 2436 1001 2459; x_wconf 82' lang='lat' dir='ltr'>subiicitur:</span> <span class='ocrx_word' id='word_1_440' title='bbox 1020 2436 1093 2460; x_wconf 83' lang='lat' dir='ltr'>Orate</span> 
     </span>
     <span class='ocr_line' id='line_1_50' title="bbox 244 2483 705 2514; baseline -0.002 -7"><span class='ocrx_word' id='word_1_441' title='bbox 244 2491 289 2514; x_wconf 86' lang='lat' dir='ltr'>pro</span> <span class='ocrx_word' id='word_1_442' title='bbox 306 2484 422 2514; x_wconf 76' lang='lat' dir='ltr'>scriptore</span> <span class='ocrx_word' id='word_1_443' title='bbox 440 2485 527 2507; x_wconf 84' lang='lat' dir='ltr'>Ioanne</span> <span class='ocrx_word' id='word_1_444' title='bbox 544 2483 571 2507; x_wconf 82' lang='lat' dir='ltr'>de</span> <span class='ocrx_word' id='word_1_445' title='bbox 594 2483 705 2507; x_wconf 86' lang='lat' dir='ltr'>Walbeec.</span> 
     </span>
    </p>

    <p class='ocr_par' dir='ltr' id='par_1_11' title="bbox 247 2530 1095 2703">
     <span class='ocr_line' id='line_1_51' title="bbox 310 2530 1094 2559; baseline -0.001 -5"><span class='ocrx_word' id='word_1_446' title='bbox 310 2533 347 2554; x_wconf 88' lang='lat'>66.</span> <span class='ocrx_word' id='word_1_447' title='bbox 364 2531 465 2559; x_wconf 89' lang='lat' dir='ltr'>Ibidem,</span> <span class='ocrx_word' id='word_1_448' title='bbox 483 2531 535 2554; x_wconf 88' lang='lat' dir='ltr'>cod.</span> <span class='ocrx_word' id='word_1_449' title='bbox 557 2532 621 2553; x_wconf 90' lang='lat'>1021.</span> <span class='ocrx_word' id='word_1_450' title='bbox 646 2530 745 2553; x_wconf 85' lang='lat' dir='ltr'>membr.</span> <span class='ocrx_word' id='word_1_451' title='bbox 763 2530 785 2553; x_wconf 93' lang='lat' dir='ltr'>in</span> <span class='ocrx_word' id='word_1_452' title='bbox 811 2530 832 2553; x_wconf 81' lang='lat'>4.</span> <span class='ocrx_word' id='word_1_453' title='bbox 850 2536 910 2553; x_wconf 83' lang='lat' dir='ltr'>saec.</span> <span class='ocrx_word' id='word_1_454' title='bbox 928 2530 979 2553; x_wconf 88' lang='lat' dir='ltr'>XV.</span> <span class='ocrx_word' id='word_1_455' title='bbox 997 2543 1027 2547; x_wconf 97' lang='lat'><strong>—</strong></span> <span class='ocrx_word' id='word_1_456' title='bbox 1045 2531 1094 2553; x_wconf 90' lang='lat' dir='ltr'>Hoc</span> 
     </span>
     <span class='ocr_line' id='line_1_52' title="bbox 247 2578 1095 2607; baseline -0.002 -5"><span class='ocrx_word' id='word_1_457' title='bbox 247 2580 386 2607; x_wconf 82' lang='lat' dir='ltr'>opusculum</span> <span class='ocrx_word' id='word_1_458' title='bbox 404 2579 484 2607; x_wconf 83' lang='lat' dir='ltr'>incipit</span> <span class='ocrx_word' id='word_1_459' title='bbox 502 2579 538 2601; x_wconf 89' lang='grc'><strong>101.</strong></span> <span class='ocrx_word' id='word_1_460' title='bbox 556 2579 594 2601; x_wconf 87' lang='lat'>62.</span> <span class='ocrx_word' id='word_1_461' title='bbox 613 2585 631 2600; x_wconf 91' lang='lat' dir='ltr'>r.</span> <span class='ocrx_word' id='word_1_462' title='bbox 649 2579 699 2601; x_wconf 76' lang='lat' dir='ltr'>sine</span> <span class='ocrx_word' id='word_1_463' title='bbox 717 2578 763 2601; x_wconf 90' lang='lat' dir='ltr'>ullo</span> <span class='ocrx_word' id='word_1_464' title='bbox 776 2578 852 2606; x_wconf 87' lang='lat' dir='ltr'>titu10;</span> <span class='ocrx_word' id='word_1_465' title='bbox 870 2578 954 2601; x_wconf 89' lang='lat' dir='ltr'>desiuit</span> <span class='ocrx_word' id='word_1_466' title='bbox 970 2578 1095 2606; x_wconf 87' lang='lat' dir='ltr'>incomple-</span> 
     </span>
     <span class='ocr_line' id='line_1_53' title="bbox 248 2624 1094 2655; baseline -0.001 -6"><span class='ocrx_word' id='word_1_467' title='bbox 248 2629 295 2649; x_wconf 87' lang='lat' dir='ltr'>tnm</span> <span class='ocrx_word' id='word_1_468' title='bbox 315 2627 351 2649; x_wconf 79' lang='grc'><strong>101.</strong></span> <span class='ocrx_word' id='word_1_469' title='bbox 373 2627 423 2649; x_wconf 90' lang='grc'><strong>163.</strong></span> <span class='ocrx_word' id='word_1_470' title='bbox 434 2632 452 2648; x_wconf 83' lang='lat' dir='ltr'>r.</span> <span class='ocrx_word' id='word_1_471' title='bbox 465 2625 544 2648; x_wconf 70' lang='lat' dir='ltr'>verbis</span> <span class='ocrx_word' id='word_1_472' title='bbox 556 2631 607 2653; x_wconf 82' lang='lat' dir='ltr'>cap.</span> <span class='ocrx_word' id='word_1_473' title='bbox 621 2626 639 2648; x_wconf 96' lang='lat'>1.</span> <span class='ocrx_word' id='word_1_474' title='bbox 651 2631 674 2647; x_wconf 89' lang='lat' dir='ltr'>n.</span> <span class='ocrx_word' id='word_1_475' title='bbox 689 2625 715 2647; x_wconf 86' lang='lat'>8:</span> <span class='ocrx_word' id='word_1_476' title='bbox 728 2624 808 2655; x_wconf 67' lang='lat' dir='ltr'>rzu‘ique</span> <span class='ocrx_word' id='word_1_477' title='bbox 819 2625 898 2655; x_wconf 81' lang='lat' dir='ltr'>facere</span> <span class='ocrx_word' id='word_1_478' title='bbox 910 2624 1025 2648; x_wconf 86' lang='lat' dir='ltr'>iudicium</span> <span class='ocrx_word' id='word_1_479' title='bbox 1039 2629 1094 2654; x_wconf 83' lang='lat' dir='ltr'>etc.;</span> 
     </span>
     <span class='ocr_line' id='line_1_54' title="bbox 248 2672 648 2703; baseline -0.005 -7"><span class='ocrx_word' id='word_1_480' title='bbox 248 2674 366 2703; x_wconf 75' lang='lat' dir='ltr'>sequentia</span> <span class='ocrx_word' id='word_1_481' title='bbox 384 2680 430 2696; x_wconf 88' lang='lat' dir='ltr'>non</span> <span class='ocrx_word' id='word_1_482' title='bbox 448 2674 539 2696; x_wconf 81' lang='lat' dir='ltr'>fuerunt</span> <span class='ocrx_word' id='word_1_483' title='bbox 556 2672 648 2700; x_wconf 85' lang='lat' dir='ltr'>scripta.</span> 
     </span>
    </p>

    <p class='ocr_par' dir='ltr' id='par_1_12' title="bbox 248 2718 1095 2890">
     <span class='ocr_line' id='line_1_55' title="bbox 311 2718 1095 2748; baseline -0.003 -5"><span class='ocrx_word' id='word_1_484' title='bbox 311 2721 348 2743; x_wconf 83' lang='lat'>67.</span> <span class='ocrx_word' id='word_1_485' title='bbox 366 2720 461 2748; x_wconf 78' lang='lat' dir='ltr'>Ibidem,</span> <span class='ocrx_word' id='word_1_486' title='bbox 479 2720 530 2742; x_wconf 90' lang='lat' dir='ltr'>cod.</span> <span class='ocrx_word' id='word_1_487' title='bbox 543 2719 595 2742; x_wconf 80' lang='grc'><strong>961.</strong></span> <span class='ocrx_word' id='word_1_488' title='bbox 609 2718 707 2741; x_wconf 88' lang='lat' dir='ltr'>membr.</span> <span class='ocrx_word' id='word_1_489' title='bbox 720 2719 742 2741; x_wconf 89' lang='lat' dir='ltr'>in</span> <span class='ocrx_word' id='word_1_490' title='bbox 756 2719 778 2741; x_wconf 80' lang='lat'>8.</span> <span class='ocrx_word' id='word_1_491' title='bbox 789 2725 849 2742; x_wconf 81' lang='lat' dir='ltr'>saec.</span> <span class='ocrx_word' id='word_1_492' title='bbox 862 2719 922 2741; x_wconf 90' lang='lat' dir='ltr'>XlV.</span> <span class='ocrx_word' id='word_1_493' title='bbox 935 2732 964 2735; x_wconf 89' lang='lat'>—</span> <span class='ocrx_word' id='word_1_494' title='bbox 978 2718 1095 2742; x_wconf 81' lang='lat' dir='ltr'>Librarius</span> 
     </span>
     <span class='ocr_line' id='line_1_56' title="bbox 248 2765 1093 2795; baseline -0.002 -5"><span class='ocrx_word' id='word_1_495' title='bbox 248 2768 331 2790; x_wconf 84' lang='lat' dir='ltr'>saeculi</span> <span class='ocrx_word' id='word_1_496' title='bbox 349 2767 401 2790; x_wconf 89' lang='lat' dir='ltr'>XV.</span> <span class='ocrx_word' id='word_1_497' title='bbox 418 2767 538 2795; x_wconf 78' lang='lat' dir='ltr'>praemisit</span> <span class='ocrx_word' id='word_1_498' title='bbox 555 2767 679 2795; x_wconf 84' lang='lat' dir='ltr'>opusculo:</span> <span class='ocrx_word' id='word_1_499' title='bbox 698 2766 805 2789; x_wconf 82' lang='lat' dir='ltr'>Parvum</span> <span class='ocrx_word' id='word_1_500' title='bbox 819 2765 907 2789; x_wconf 88' lang='lat' dir='ltr'>bonum</span> <span class='ocrx_word' id='word_1_501' title='bbox 919 2766 1093 2789; x_wconf 82' lang='lat' dir='ltr'>Bonaventure.</span> 
     </span>
     <span class='ocr_line' id='line_1_57' title="bbox 248 2812 1095 2843; baseline -0.002 -6"><span class='ocrx_word' id='word_1_502' title='bbox 248 2814 319 2842; x_wconf 90' lang='lat' dir='ltr'>Ecce,</span> <span class='ocrx_word' id='word_1_503' title='bbox 337 2813 453 2843; x_wconf 81' lang='lat' dir='ltr'>descripsi</span> <span class='ocrx_word' id='word_1_504' title='bbox 468 2819 521 2836; x_wconf 83' lang='lat' dir='ltr'>eam</span> <span class='ocrx_word' id='word_1_505' title='bbox 537 2816 581 2836; x_wconf 80' lang='lat' dir='ltr'>etc.</span> <span class='ocrx_word' id='word_1_506' title='bbox 598 2813 698 2836; x_wconf 84' lang='lat' dir='ltr'>Desinit:</span> <span class='ocrx_word' id='word_1_507' title='bbox 715 2812 740 2835; x_wconf 91' lang='lat' dir='ltr'>in</span> <span class='ocrx_word' id='word_1_508' title='bbox 757 2812 804 2836; x_wconf 87' lang='lat' dir='ltr'>illis</span> <span class='ocrx_word' id='word_1_509' title='bbox 821 2814 855 2836; x_wconf 85' lang='lat' dir='ltr'>est</span> <span class='ocrx_word' id='word_1_510' title='bbox 871 2812 925 2842; x_wconf 85' lang='lat' dir='ltr'>fons</span> <span class='ocrx_word' id='word_1_511' title='bbox 942 2812 994 2836; x_wconf 83' lang='lat' dir='ltr'>cite.</span> <span class='ocrx_word' id='word_1_512' title='bbox 1012 2812 1095 2836; x_wconf 79' lang='lat' dir='ltr'>Amen.</span> 
     </span>
     <span class='ocr_line' id='line_1_58' title="bbox 249 2860 360 2890; baseline -0.009 -6"><span class='ocrx_word' id='word_1_513' title='bbox 249 2860 360 2890; x_wconf 71' lang='lat' dir='ltr'>Eaplicit.</span> 
     </span>
    </p>

    <p class='ocr_par' dir='ltr' id='par_1_13' title="bbox 312 2907 1096 2937">
     <span class='ocr_line' id='line_1_59' title="bbox 312 2907 1096 2937; baseline -0.001 -6"><span class='ocrx_word' id='word_1_514' title='bbox 312 2909 348 2931; x_wconf 81' lang='lat'>68.</span> <span class='ocrx_word' id='word_1_515' title='bbox 369 2908 445 2931; x_wconf 87' lang='lat' dir='ltr'>Duaci</span> <span class='ocrx_word' id='word_1_516' title='bbox 461 2908 551 2937; x_wconf 71' lang='lat' dir='ltr'>(Douai)</span> <span class='ocrx_word' id='word_1_517' title='bbox 569 2908 593 2930; x_wconf 90' lang='lat' dir='ltr'>in</span> <span class='ocrx_word' id='word_1_518' title='bbox 610 2907 693 2934; x_wconf 83' lang='lat' dir='ltr'>Gallia,</span> <span class='ocrx_word' id='word_1_519' title='bbox 706 2907 844 2930; x_wconf 81' lang='lat' dir='ltr'>bibliotheca</span> <span class='ocrx_word' id='word_1_520' title='bbox 856 2907 966 2934; x_wconf 55' lang='lat' dir='ltr'>Civitatis</span> <span class='ocrx_word' id='word_1_521' title='bbox 979 2907 1031 2930; x_wconf 87' lang='lat' dir='ltr'>cod.</span> <span class='ocrx_word' id='word_1_522' title='bbox 1043 2908 1096 2930; x_wconf 75' lang='lat'>503.</span> 
     </span>
    </p>
   </div>
   <div class='ocr_carea' id='block_1_5' title="bbox 248 2954 1096 2982">
    <p class='ocr_par' dir='ltr' id='par_1_14' title="bbox 248 2954 1096 2982">
     <span class='ocr_line' id='line_1_60' title="bbox 248 2954 1096 2982; baseline -0.001 -4"><span class='ocrx_word' id='word_1_523' title='bbox 248 2955 347 2978; x_wconf 85' lang='lat' dir='ltr'>membr.</span> <span class='ocrx_word' id='word_1_524' title='bbox 367 2956 388 2977; x_wconf 89' lang='lat' dir='ltr'>in</span> <span class='ocrx_word' id='word_1_525' title='bbox 408 2955 428 2977; x_wconf 75' lang='lat' dir='ltr'>t.</span> <span class='ocrx_word' id='word_1_526' title='bbox 445 2960 505 2977; x_wconf 85' lang='lat' dir='ltr'>saec.</span> <span class='ocrx_word' id='word_1_527' title='bbox 523 2955 574 2978; x_wconf 86' lang='lat' dir='ltr'>XV.</span> <span class='ocrx_word' id='word_1_528' title='bbox 592 2955 697 2977; x_wconf 85' lang='lat' dir='ltr'>ineuntis.</span> <span class='ocrx_word' id='word_1_529' title='bbox 714 2967 745 2971; x_wconf 97' lang='lat'><strong>—</strong></span> <span class='ocrx_word' id='word_1_530' title='bbox 762 2955 807 2977; x_wconf 88' lang='lat' dir='ltr'>Fol.</span> <span class='ocrx_word' id='word_1_531' title='bbox 832 2955 868 2977; x_wconf 68' lang='lat'>45.</span> <span class='ocrx_word' id='word_1_532' title='bbox 885 2961 907 2977; x_wconf 86' lang='lat' dir='ltr'>v.</span> <span class='ocrx_word' id='word_1_533' title='bbox 926 2954 1021 2982; x_wconf 83' lang='lat' dir='ltr'>legitur:</span> <span class='ocrx_word' id='word_1_534' title='bbox 1039 2954 1096 2978; x_wconf 85' lang='lat' dir='ltr'>Inci-</span> 
     </span>
    </p>
   </div>
   <div class='ocr_carea' id='block_1_6' title="bbox 1112 272 1128 2973">
    <p class='ocr_par' dir='ltr' id='par_1_15' title="bbox 1112 272 1128 2973">
     <span class='ocr_line' id='line_1_61' title="bbox 1112 272 1128 2973; baseline 0 0"><span class='ocrx_word' id='word_1_535' title='bbox 1112 272 1128 2973; x_wconf 95' lang='lat' dir='ltr'> </span> 
     </span>
    </p>
   </div>
   <div class='ocr_carea' id='block_1_7' title="bbox 938 193 1276 223">
    <p class='ocr_par' dir='ltr' id='par_1_16' title="bbox 938 193 1276 223">
     <span class='ocr_line' id='line_1_62' title="bbox 938 193 1276 223; baseline -0.003 0"><span class='ocrx_word' id='word_1_536' title='bbox 938 193 1183 223; x_wconf 76' lang='lat' dir='ltr'><strong>PROLEGOMENA</strong></span> <span class='ocrx_word' id='word_1_537' title='bbox 1205 194 1234 223; x_wconf 89' lang='lat' dir='ltr'>C.</span> <span class='ocrx_word' id='word_1_538' title='bbox 1258 195 1276 223; x_wconf 91' lang='lat' dir='ltr'>I.</span> 
     </span>
    </p>
   </div>
   <div class='ocr_carea' id='block_1_8' title="bbox 1138 272 2000 2278">
    <p class='ocr_par' dir='ltr' id='par_1_17' title="bbox 1138 272 1989 395">
     <span class='ocr_line' id='line_1_63' title="bbox 1138 272 1988 303; baseline 0.001 -9"><span class='ocrx_word' id='word_1_539' title='bbox 1138 272 1176 301; x_wconf 88' lang='lat' dir='ltr'>pit</span> <span class='ocrx_word' id='word_1_540' title='bbox 1191 273 1357 303; x_wconf 83' lang='lat' dir='ltr'>contemplatio</span> <span class='ocrx_word' id='word_1_541' title='bbox 1375 274 1548 297; x_wconf 82' lang='lat' dir='ltr'>Bonaventure.</span> <span class='ocrx_word' id='word_1_542' title='bbox 1561 274 1630 302; x_wconf 86' lang='lat' dir='ltr'>Ecce,</span> <span class='ocrx_word' id='word_1_543' title='bbox 1643 273 1758 303; x_wconf 81' lang='lat' dir='ltr'>descripsi</span> <span class='ocrx_word' id='word_1_544' title='bbox 1774 279 1826 296; x_wconf 87' lang='lat' dir='ltr'>eam</span> <span class='ocrx_word' id='word_1_545' title='bbox 1843 276 1887 296; x_wconf 87' lang='lat' dir='ltr'>etc.</span> <span class='ocrx_word' id='word_1_546' title='bbox 1901 273 1988 296; x_wconf 87' lang='lat' dir='ltr'>Desinit</span> 
     </span>
     <span class='ocr_line' id='line_1_64' title="bbox 1142 319 1989 350; baseline 0.002 -9"><span class='ocrx_word' id='word_1_547' title='bbox 1142 319 1181 341; x_wconf 85' lang='lat' dir='ltr'>fol.</span> <span class='ocrx_word' id='word_1_548' title='bbox 1198 319 1235 342; x_wconf 74' lang='lat'>54.</span> <span class='ocrx_word' id='word_1_549' title='bbox 1253 326 1276 342; x_wconf 95' lang='lat' dir='ltr'>v.</span> <span class='ocrx_word' id='word_1_550' title='bbox 1292 320 1384 343; x_wconf 66' lang='lat' dir='ltr'>verbis:</span> <span class='ocrx_word' id='word_1_551' title='bbox 1404 320 1483 344; x_wconf 88' lang='lat' dir='ltr'>Tertia</span> <span class='ocrx_word' id='word_1_552' title='bbox 1499 320 1634 350; x_wconf 80' lang='lat' dir='ltr'>Seraphim.</span> <span class='ocrx_word' id='word_1_553' title='bbox 1652 320 1709 343; x_wconf 87' lang='lat' dir='ltr'>Hinc</span> <span class='ocrx_word' id='word_1_554' title='bbox 1726 320 1831 343; x_wconf 85' lang='lat' dir='ltr'>additur:</span> <span class='ocrx_word' id='word_1_555' title='bbox 1848 319 1989 349; x_wconf 58' lang='lat' dir='ltr'>EavaIciunt</span> 
     </span>
     <span class='ocr_line' id='line_1_65' title="bbox 1142 366 1689 395; baseline 0.002 -6"><span class='ocrx_word' id='word_1_556' title='bbox 1142 366 1350 395; x_wconf 80' lang='lat' dir='ltr'>contemplationes</span> <span class='ocrx_word' id='word_1_557' title='bbox 1367 367 1534 390; x_wconf 70' lang='lat' dir='ltr'>bonaventura</span> <span class='ocrx_word' id='word_1_558' title='bbox 1551 367 1689 390; x_wconf 78' lang='lat' dir='ltr'>cardinalis.</span> 
     </span>
    </p>

    <p class='ocr_par' dir='ltr' id='par_1_18' title="bbox 1142 412 1991 676">
     <span class='ocr_line' id='line_1_66' title="bbox 1205 412 1988 441; baseline 0 -6"><span class='ocrx_word' id='word_1_559' title='bbox 1205 413 1242 435; x_wconf 81' lang='lat'>69.</span> <span class='ocrx_word' id='word_1_560' title='bbox 1261 412 1360 441; x_wconf 81' lang='lat' dir='ltr'>Ibidem,</span> <span class='ocrx_word' id='word_1_561' title='bbox 1378 414 1429 436; x_wconf 90' lang='lat' dir='ltr'>cod.</span> <span class='ocrx_word' id='word_1_562' title='bbox 1448 413 1501 436; x_wconf 81' lang='lat'>430.</span> <span class='ocrx_word' id='word_1_563' title='bbox 1518 413 1617 436; x_wconf 90' lang='lat' dir='ltr'>membr.</span> <span class='ocrx_word' id='word_1_564' title='bbox 1635 414 1658 436; x_wconf 94' lang='lat' dir='ltr'>in</span> <span class='ocrx_word' id='word_1_565' title='bbox 1676 414 1713 436; x_wconf 90' lang='grc'><strong>101.</strong></span> <span class='ocrx_word' id='word_1_566' title='bbox 1729 419 1789 436; x_wconf 83' lang='lat' dir='ltr'>saec.</span> <span class='ocrx_word' id='word_1_567' title='bbox 1813 414 1864 436; x_wconf 90' lang='lat' dir='ltr'>XV.</span> <span class='ocrx_word' id='word_1_568' title='bbox 1882 413 1988 436; x_wconf 85' lang='lat' dir='ltr'>ineuntis.</span> 
     </span>
     <span class='ocr_line' id='line_1_67' title="bbox 1143 458 1989 488; baseline 0.002 -7"><span class='ocrx_word' id='word_1_569' title='bbox 1143 471 1173 474; x_wconf 81' lang='lat'>—</span> <span class='ocrx_word' id='word_1_570' title='bbox 1189 458 1332 487; x_wconf 85' lang='lat' dir='ltr'>Opusculum</span> <span class='ocrx_word' id='word_1_571' title='bbox 1358 460 1438 488; x_wconf 76' lang='lat' dir='ltr'>incipit</span> <span class='ocrx_word' id='word_1_572' title='bbox 1461 460 1498 482; x_wconf 89' lang='grc'><strong>101.</strong></span> <span class='ocrx_word' id='word_1_573' title='bbox 1520 461 1556 482; x_wconf 82' lang='lat'>22.</span> <span class='ocrx_word' id='word_1_574' title='bbox 1580 466 1604 483; x_wconf 91' lang='lat' dir='ltr'>v.</span> <span class='ocrx_word' id='word_1_575' title='bbox 1630 461 1681 483; x_wconf 87' lang='lat' dir='ltr'>sine</span> <span class='ocrx_word' id='word_1_576' title='bbox 1706 461 1752 483; x_wconf 88' lang='lat' dir='ltr'>ullo</span> <span class='ocrx_word' id='word_1_577' title='bbox 1770 460 1847 483; x_wconf 84' lang='lat' dir='ltr'>titulo:</span> <span class='ocrx_word' id='word_1_578' title='bbox 1865 459 1936 487; x_wconf 80' lang='lat' dir='ltr'>Ecce,</span> <span class='ocrx_word' id='word_1_579' title='bbox 1954 459 1989 483; x_wconf 87' lang='lat' dir='ltr'>de-</span> 
     </span>
     <span class='ocr_line' id='line_1_68' title="bbox 1142 505 1991 536; baseline 0.001 -7"><span class='ocrx_word' id='word_1_580' title='bbox 1142 505 1230 536; x_wconf 80' lang='lat' dir='ltr'>scripsi</span> <span class='ocrx_word' id='word_1_581' title='bbox 1245 512 1297 529; x_wconf 86' lang='lat' dir='ltr'>eam</span> <span class='ocrx_word' id='word_1_582' title='bbox 1314 509 1369 535; x_wconf 79' lang='lat' dir='ltr'>etc¹⁷</span> <span class='ocrx_word' id='word_1_583' title='bbox 1386 510 1408 529; x_wconf 90' lang='lat' dir='ltr'>et</span> <span class='ocrx_word' id='word_1_584' title='bbox 1425 507 1526 530; x_wconf 86' lang='lat' dir='ltr'>decurrit</span> <span class='ocrx_word' id='word_1_585' title='bbox 1543 514 1617 536; x_wconf 83' lang='lat' dir='ltr'>usque</span> <span class='ocrx_word' id='word_1_586' title='bbox 1634 508 1664 530; x_wconf 87' lang='lat' dir='ltr'>ad</span> <span class='ocrx_word' id='word_1_587' title='bbox 1686 508 1723 530; x_wconf 78' lang='lat' dir='ltr'>tol.</span> <span class='ocrx_word' id='word_1_588' title='bbox 1741 508 1778 530; x_wconf 84' lang='lat'>32.</span> <span class='ocrx_word' id='word_1_589' title='bbox 1797 514 1835 530; x_wconf 93' lang='lat' dir='ltr'>v.:</span> <span class='ocrx_word' id='word_1_590' title='bbox 1853 507 1883 530; x_wconf 86' lang='lat' dir='ltr'>Et</span> <span class='ocrx_word' id='word_1_591' title='bbox 1898 507 1939 530; x_wconf 82' lang='lat' dir='ltr'>liec</span> <span class='ocrx_word' id='word_1_592' title='bbox 1956 508 1991 530; x_wconf 84' lang='lat' dir='ltr'>est</span> 
     </span>
     <span class='ocr_line' id='line_1_69' title="bbox 1143 552 1990 584; baseline 0.001 -8"><span class='ocrx_word' id='word_1_593' title='bbox 1143 552 1277 582; x_wconf 70' lang='lat' dir='ltr'>Seraphim.</span> <span class='ocrx_word' id='word_1_594' title='bbox 1294 553 1331 577; x_wconf 79' lang='lat' dir='ltr'>Ad</span> <span class='ocrx_word' id='word_1_595' title='bbox 1348 559 1406 583; x_wconf 78' lang='lat' dir='ltr'>quos</span> <span class='ocrx_word' id='word_1_596' title='bbox 1431 559 1474 577; x_wconf 86' lang='lat' dir='ltr'>nos</span> <span class='ocrx_word' id='word_1_597' title='bbox 1494 553 1626 583; x_wconf 78' lang='lat' dir='ltr'>perducere</span> <span class='ocrx_word' id='word_1_598' title='bbox 1648 554 1759 584; x_wconf 63' lang='lat' dir='ltr'>eliquetur</span> <span class='ocrx_word' id='word_1_599' title='bbox 1785 554 1827 584; x_wconf 81' lang='lat' dir='ltr'>qui</span> <span class='ocrx_word' id='word_1_600' title='bbox 1843 554 1900 578; x_wconf 80' lang='lat' dir='ltr'>vicit</span> <span class='ocrx_word' id='word_1_601' title='bbox 1917 556 1938 577; x_wconf 87' lang='lat' dir='ltr'>et</span> <span class='ocrx_word' id='word_1_602' title='bbox 1955 560 1990 577; x_wconf 89' lang='lat' dir='ltr'>re-</span> 
     </span>
     <span class='ocr_line' id='line_1_70' title="bbox 1143 599 1991 631; baseline 0.001 -8"><span class='ocrx_word' id='word_1_603' title='bbox 1143 601 1201 629; x_wconf 73' lang='lat' dir='ltr'>anat</span> <span class='ocrx_word' id='word_1_604' title='bbox 1217 599 1243 623; x_wconf 86' lang='lat' dir='ltr'>in</span> <span class='ocrx_word' id='word_1_605' title='bbox 1258 599 1339 623; x_wconf 83' lang='lat' dir='ltr'>secula</span> <span class='ocrx_word' id='word_1_606' title='bbox 1355 599 1500 623; x_wconf 85' lang='lat' dir='ltr'>seculorum.</span> <span class='ocrx_word' id='word_1_607' title='bbox 1519 601 1601 623; x_wconf 83' lang='lat' dir='ltr'>Amen.</span> <span class='ocrx_word' id='word_1_608' title='bbox 1624 600 1730 630; x_wconf 69' lang='lat' dir='ltr'>Explicit</span> <span class='ocrx_word' id='word_1_609' title='bbox 1746 600 1839 624; x_wconf 85' lang='lat' dir='ltr'>libellus</span> <span class='ocrx_word' id='word_1_610' title='bbox 1857 601 1884 624; x_wconf 85' lang='lat' dir='ltr'>de</span> <span class='ocrx_word' id='word_1_611' title='bbox 1902 600 1991 631; x_wconf 86' lang='lat' dir='ltr'>triplici</span> 
     </span>
     <span class='ocr_line' id='line_1_71' title="bbox 1143 646 1540 676; baseline -0.003 -6"><span class='ocrx_word' id='word_1_612' title='bbox 1143 646 1193 675; x_wconf 81' lang='lat' dir='ltr'>via,</span> <span class='ocrx_word' id='word_1_613' title='bbox 1211 646 1254 676; x_wconf 79' lang='lat' dir='ltr'>qui</span> <span class='ocrx_word' id='word_1_614' title='bbox 1269 648 1368 670; x_wconf 81' lang='lat' dir='ltr'>vocatur</span> <span class='ocrx_word' id='word_1_615' title='bbox 1389 646 1540 669; x_wconf 86' lang='lat' dir='ltr'>Ternarium.</span> 
     </span>
    </p>

    <p class='ocr_par' dir='ltr' id='par_1_19' title="bbox 1143 693 1992 958">
     <span class='ocr_line' id='line_1_72' title="bbox 1206 693 1990 724; baseline 0.003 -8"><span class='ocrx_word' id='word_1_616' title='bbox 1206 694 1244 716; x_wconf 87' lang='lat'>70.</span> <span class='ocrx_word' id='word_1_617' title='bbox 1262 693 1429 724; x_wconf 70' lang='lat' dir='ltr'>Ducumburqi</span> <span class='ocrx_word' id='word_1_618' title='bbox 1450 694 1648 724; x_wconf 79' lang='lat' dir='ltr'>(Herzogenburg)</span> <span class='ocrx_word' id='word_1_619' title='bbox 1676 695 1697 717; x_wconf 89' lang='lat' dir='ltr'>in</span> <span class='ocrx_word' id='word_1_620' title='bbox 1723 695 1824 723; x_wconf 78' lang='lat' dir='ltr'>Austria,</span> <span class='ocrx_word' id='word_1_621' title='bbox 1851 695 1990 718; x_wconf 79' lang='lat' dir='ltr'>bibliotheca</span> 
     </span>
     <span class='ocr_line' id='line_1_73' title="bbox 1144 740 1991 768; baseline 0.002 -6"><span class='ocrx_word' id='word_1_622' title='bbox 1144 740 1312 763; x_wconf 85' lang='lat' dir='ltr'>Canonicorum</span> <span class='ocrx_word' id='word_1_623' title='bbox 1338 741 1503 768; x_wconf 78' lang='lat' dir='ltr'>Regularium,</span> <span class='ocrx_word' id='word_1_624' title='bbox 1528 741 1580 763; x_wconf 81' lang='lat' dir='ltr'>cod.</span> <span class='ocrx_word' id='word_1_625' title='bbox 1610 741 1643 763; x_wconf 85' lang='lat'>16.</span> <span class='ocrx_word' id='word_1_626' title='bbox 1668 742 1740 764; x_wconf 84' lang='lat' dir='ltr'>chart.</span> <span class='ocrx_word' id='word_1_627' title='bbox 1766 741 1788 764; x_wconf 89' lang='lat' dir='ltr'>in</span> <span class='ocrx_word' id='word_1_628' title='bbox 1806 742 1843 764; x_wconf 78' lang='lat' dir='ltr'>sol.</span> <span class='ocrx_word' id='word_1_629' title='bbox 1861 747 1922 764; x_wconf 84' lang='lat' dir='ltr'>saec.</span> <span class='ocrx_word' id='word_1_630' title='bbox 1939 741 1991 764; x_wconf 87' lang='lat' dir='ltr'>XV.</span> 
     </span>
     <span class='ocr_line' id='line_1_74' title="bbox 1145 788 1991 819; baseline 0.002 -9"><span class='ocrx_word' id='word_1_631' title='bbox 1145 788 1251 810; x_wconf 88' lang='lat' dir='ltr'>ineuntis.</span> <span class='ocrx_word' id='word_1_632' title='bbox 1268 801 1298 804; x_wconf 97' lang='lat'><strong>—</strong></span> <span class='ocrx_word' id='word_1_633' title='bbox 1316 788 1406 811; x_wconf 80' lang='lat' dir='ltr'>Titulus</span> <span class='ocrx_word' id='word_1_634' title='bbox 1430 788 1537 816; x_wconf 85' lang='lat' dir='ltr'>opusculi</span> <span class='ocrx_word' id='word_1_635' title='bbox 1563 791 1597 811; x_wconf 80' lang='lat' dir='ltr'>est</span> <span class='ocrx_word' id='word_1_636' title='bbox 1617 789 1654 811; x_wconf 86' lang='grc'><strong>101.</strong></span> <span class='ocrx_word' id='word_1_637' title='bbox 1676 789 1725 811; x_wconf 84' lang='lat'>183.</span> <span class='ocrx_word' id='word_1_638' title='bbox 1743 796 1779 812; x_wconf 91' lang='lat' dir='ltr'>v.:</span> <span class='ocrx_word' id='word_1_639' title='bbox 1796 788 1881 819; x_wconf 75' lang='lat' dir='ltr'>Incipit</span> <span class='ocrx_word' id='word_1_640' title='bbox 1899 788 1991 812; x_wconf 85' lang='lat' dir='ltr'>libellus</span> 
     </span>
     <span class='ocr_line' id='line_1_75' title="bbox 1143 835 1992 865; baseline 0.001 -7"><span class='ocrx_word' id='word_1_641' title='bbox 1143 835 1228 865; x_wconf 77' lang='lat' dir='ltr'>fratris</span> <span class='ocrx_word' id='word_1_642' title='bbox 1251 836 1429 864; x_wconf 82' lang='lat' dir='ltr'>Bonacenture,</span> <span class='ocrx_word' id='word_1_643' title='bbox 1452 835 1495 865; x_wconf 75' lang='lat' dir='ltr'>qui</span> <span class='ocrx_word' id='word_1_644' title='bbox 1518 835 1605 859; x_wconf 84' lang='lat' dir='ltr'>dicitur</span> <span class='ocrx_word' id='word_1_645' title='bbox 1626 835 1752 859; x_wconf 83' lang='lat' dir='ltr'>stimulum</span> <span class='ocrx_word' id='word_1_646' title='bbox 1770 836 1821 865; x_wconf 72' lang='lat' dir='ltr'>(sic)</span> <span class='ocrx_word' id='word_1_647' title='bbox 1840 836 1992 860; x_wconf 73' lang='lat' dir='ltr'>consciencie.</span> 
     </span>
     <span class='ocr_line' id='line_1_76' title="bbox 1144 881 1992 912; baseline 0.002 -7"><span class='ocrx_word' id='word_1_648' title='bbox 1144 881 1215 909; x_wconf 84' lang='lat' dir='ltr'>Ecce,</span> <span class='ocrx_word' id='word_1_649' title='bbox 1233 881 1349 912; x_wconf 79' lang='lat' dir='ltr'>descripsi</span> <span class='ocrx_word' id='word_1_650' title='bbox 1364 889 1417 905; x_wconf 83' lang='lat' dir='ltr'>eam</span> <span class='ocrx_word' id='word_1_651' title='bbox 1433 885 1476 905; x_wconf 89' lang='lat' dir='ltr'>etc.</span> <span class='ocrx_word' id='word_1_652' title='bbox 1495 883 1581 905; x_wconf 86' lang='lat' dir='ltr'>Desinit</span> <span class='ocrx_word' id='word_1_653' title='bbox 1606 883 1643 905; x_wconf 86' lang='grc'><strong>101.</strong></span> <span class='ocrx_word' id='word_1_654' title='bbox 1670 883 1719 906; x_wconf 80' lang='grc'><strong>190.</strong></span> <span class='ocrx_word' id='word_1_655' title='bbox 1741 890 1776 906; x_wconf 81' lang='lat' dir='ltr'>v.:</span> <span class='ocrx_word' id='word_1_656' title='bbox 1796 883 1902 907; x_wconf 85' lang='lat' dir='ltr'>Tertium</span> <span class='ocrx_word' id='word_1_657' title='bbox 1920 883 1992 907; x_wconf 84' lang='lat' dir='ltr'>Sera-</span> 
     </span>
     <span class='ocr_line' id='line_1_77' title="bbox 1144 928 1495 958; baseline 0.003 -7"><span class='ocrx_word' id='word_1_658' title='bbox 1144 928 1222 958; x_wconf 84' lang='lat' dir='ltr'>phim,</span> <span class='ocrx_word' id='word_1_659' title='bbox 1241 929 1291 951; x_wconf 86' lang='lat' dir='ltr'>sine</span> <span class='ocrx_word' id='word_1_660' title='bbox 1308 930 1350 952; x_wconf 84' lang='lat' dir='ltr'>alia</span> <span class='ocrx_word' id='word_1_661' title='bbox 1369 930 1495 952; x_wconf 83' lang='lat' dir='ltr'>additione.</span> 
     </span>
    </p>

    <p class='ocr_par' dir='ltr' id='par_1_20' title="bbox 1144 976 1994 1194">
     <span class='ocr_line' id='line_1_78' title="bbox 1206 976 1993 1006; baseline 0.003 -8"><span class='ocrx_word' id='word_1_662' title='bbox 1206 976 1244 998; x_wconf 91' lang='lat'>71.</span> <span class='ocrx_word' id='word_1_663' title='bbox 1265 976 1390 1006; x_wconf 85' lang='lat' dir='ltr'>Erfordiae</span> <span class='ocrx_word' id='word_1_664' title='bbox 1407 977 1429 999; x_wconf 92' lang='lat' dir='ltr'>in</span> <span class='ocrx_word' id='word_1_665' title='bbox 1447 977 1566 1004; x_wconf 72' lang='lat' dir='ltr'>Bornssia,</span> <span class='ocrx_word' id='word_1_666' title='bbox 1584 976 1723 999; x_wconf 86' lang='lat' dir='ltr'>bibliotheca</span> <span class='ocrx_word' id='word_1_667' title='bbox 1740 978 1825 1006; x_wconf 76' lang='lat' dir='ltr'>Regia,</span> <span class='ocrx_word' id='word_1_668' title='bbox 1841 978 1927 1000; x_wconf 88' lang='lat' dir='ltr'>collect.</span> <span class='ocrx_word' id='word_1_669' title='bbox 1939 978 1993 1000; x_wconf 83' lang='lat' dir='ltr'>Am-</span> 
     </span>
     <span class='ocr_line' id='line_1_79' title="bbox 1144 1023 1993 1050; baseline 0.001 -5"><span class='ocrx_word' id='word_1_670' title='bbox 1144 1023 1264 1050; x_wconf 78' lang='lat' dir='ltr'>ploniana,</span> <span class='ocrx_word' id='word_1_671' title='bbox 1281 1023 1333 1046; x_wconf 88' lang='lat' dir='ltr'>eod.</span> <span class='ocrx_word' id='word_1_672' title='bbox 1352 1023 1389 1045; x_wconf 83' lang='lat'>98.</span> <span class='ocrx_word' id='word_1_673' title='bbox 1407 1024 1480 1046; x_wconf 82' lang='lat' dir='ltr'>chart.</span> <span class='ocrx_word' id='word_1_674' title='bbox 1496 1024 1520 1046; x_wconf 88' lang='lat' dir='ltr'>in</span> <span class='ocrx_word' id='word_1_675' title='bbox 1538 1023 1558 1046; x_wconf 79' lang='grc'>4,</span> <span class='ocrx_word' id='word_1_676' title='bbox 1577 1029 1637 1046; x_wconf 92' lang='lat' dir='ltr'>saec.</span> <span class='ocrx_word' id='word_1_677' title='bbox 1654 1024 1714 1046; x_wconf 87' lang='lat' dir='ltr'>XlV.</span> <span class='ocrx_word' id='word_1_678' title='bbox 1732 1024 1843 1046; x_wconf 86' lang='lat' dir='ltr'>exeuntis.</span> <span class='ocrx_word' id='word_1_679' title='bbox 1854 1036 1885 1041; x_wconf 89' lang='lat'>—-</span> <span class='ocrx_word' id='word_1_680' title='bbox 1896 1024 1943 1046; x_wconf 91' lang='lat' dir='ltr'>Fol.</span> <span class='ocrx_word' id='word_1_681' title='bbox 1955 1024 1993 1046; x_wconf 84' lang='lat'>99.</span> 
     </span>
     <span class='ocr_line' id='line_1_80' title="bbox 1145 1070 1994 1100; baseline 0.002 -8"><span class='ocrx_word' id='word_1_682' title='bbox 1145 1076 1167 1092; x_wconf 95' lang='lat' dir='ltr'>v.</span> <span class='ocrx_word' id='word_1_683' title='bbox 1186 1070 1284 1098; x_wconf 81' lang='lat' dir='ltr'>legitur:</span> <span class='ocrx_word' id='word_1_684' title='bbox 1310 1070 1393 1100; x_wconf 81' lang='lat' dir='ltr'>Incipit</span> <span class='ocrx_word' id='word_1_685' title='bbox 1417 1071 1535 1094; x_wconf 87' lang='lat' dir='ltr'>tractatus</span> <span class='ocrx_word' id='word_1_686' title='bbox 1553 1071 1719 1094; x_wconf 77' lang='lat' dir='ltr'>Bonacentnre</span> <span class='ocrx_word' id='word_1_687' title='bbox 1736 1070 1763 1094; x_wconf 89' lang='lat' dir='ltr'>de</span> <span class='ocrx_word' id='word_1_688' title='bbox 1781 1070 1896 1100; x_wconf 70' lang='lat' dir='ltr'>yradibus</span> <span class='ocrx_word' id='word_1_689' title='bbox 1914 1076 1994 1094; x_wconf 82' lang='lat' dir='ltr'>ascen-</span> 
     </span>
     <span class='ocr_line' id='line_1_81' title="bbox 1145 1116 1994 1147; baseline 0.002 -8"><span class='ocrx_word' id='word_1_690' title='bbox 1145 1116 1215 1140; x_wconf 83' lang='lat' dir='ltr'>dendi</span> <span class='ocrx_word' id='word_1_691' title='bbox 1232 1117 1256 1139; x_wconf 89' lang='lat' dir='ltr'>in</span> <span class='ocrx_word' id='word_1_692' title='bbox 1272 1124 1355 1140; x_wconf 72' lang='lat' dir='ltr'>veram</span> <span class='ocrx_word' id='word_1_693' title='bbox 1371 1117 1525 1147; x_wconf 83' lang='lat' dir='ltr'>sapientiam,</span> <span class='ocrx_word' id='word_1_694' title='bbox 1544 1121 1565 1140; x_wconf 90' lang='lat' dir='ltr'>et</span> <span class='ocrx_word' id='word_1_695' title='bbox 1582 1118 1665 1141; x_wconf 86' lang='lat' dir='ltr'>desinit</span> <span class='ocrx_word' id='word_1_696' title='bbox 1683 1118 1720 1141; x_wconf 81' lang='lat' dir='ltr'>sol.</span> <span class='ocrx_word' id='word_1_697' title='bbox 1742 1119 1791 1141; x_wconf 92' lang='lat'>107.</span> <span class='ocrx_word' id='word_1_698' title='bbox 1809 1117 1900 1141; x_wconf 68' lang='lat' dir='ltr'>verbis:</span> <span class='ocrx_word' id='word_1_699' title='bbox 1918 1119 1940 1141; x_wconf 91' lang='lat' dir='ltr'>et</span> <span class='ocrx_word' id='word_1_700' title='bbox 1950 1117 1994 1141; x_wconf 85' lang='lat' dir='ltr'>ltoc</span> 
     </span>
     <span class='ocr_line' id='line_1_82' title="bbox 1145 1164 1330 1194; baseline 0 -7"><span class='ocrx_word' id='word_1_701' title='bbox 1145 1165 1178 1187; x_wconf 82' lang='lat' dir='ltr'>esl</span> <span class='ocrx_word' id='word_1_702' title='bbox 1195 1164 1330 1194; x_wconf 81' lang='lat' dir='ltr'>Seraphim.</span> 
     </span>
    </p>

    <p class='ocr_par' dir='ltr' id='par_1_21' title="bbox 1146 1211 1995 1430">
     <span class='ocr_line' id='line_1_83' title="bbox 1208 1211 1994 1240; baseline 0.001 -6"><span class='ocrx_word' id='word_1_703' title='bbox 1208 1212 1245 1234; x_wconf 87' lang='lat'>72.</span> <span class='ocrx_word' id='word_1_704' title='bbox 1266 1211 1365 1240; x_wconf 81' lang='lat' dir='ltr'>Ibidem,</span> <span class='ocrx_word' id='word_1_705' title='bbox 1383 1212 1435 1235; x_wconf 87' lang='lat' dir='ltr'>cod.</span> <span class='ocrx_word' id='word_1_706' title='bbox 1458 1213 1474 1234; x_wconf 96' lang='lat'>1.</span> <span class='ocrx_word' id='word_1_707' title='bbox 1493 1213 1516 1234; x_wconf 91' lang='lat' dir='ltr'>in</span> <span class='ocrx_word' id='word_1_708' title='bbox 1534 1213 1555 1235; x_wconf 79' lang='lat'>8.</span> <span class='ocrx_word' id='word_1_709' title='bbox 1572 1214 1644 1235; x_wconf 86' lang='lat' dir='ltr'>chart.</span> <span class='ocrx_word' id='word_1_710' title='bbox 1670 1219 1729 1235; x_wconf 88' lang='lat' dir='ltr'>saec.</span> <span class='ocrx_word' id='word_1_711' title='bbox 1748 1213 1799 1235; x_wconf 80' lang='lat' dir='ltr'>XV.</span> <span class='ocrx_word' id='word_1_712' title='bbox 1816 1225 1847 1229; x_wconf 97' lang='lat'><strong>—</strong></span> <span class='ocrx_word' id='word_1_713' title='bbox 1865 1213 1927 1235; x_wconf 92' lang='lat' dir='ltr'>Folio</span> <span class='ocrx_word' id='word_1_714' title='bbox 1945 1213 1994 1235; x_wconf 91' lang='lat' dir='ltr'>siue</span> 
     </span>
     <span class='ocr_line' id='line_1_84' title="bbox 1146 1260 1994 1290; baseline 0.002 -9"><span class='ocrx_word' id='word_1_715' title='bbox 1146 1265 1243 1282; x_wconf 87' lang='lat' dir='ltr'>numero</span> <span class='ocrx_word' id='word_1_716' title='bbox 1261 1262 1326 1287; x_wconf 82' lang='lat' dir='ltr'>parte</span> <span class='ocrx_word' id='word_1_717' title='bbox 1349 1262 1410 1282; x_wconf 77' lang='lat' dir='ltr'>recta</span> <span class='ocrx_word' id='word_1_718' title='bbox 1428 1260 1508 1288; x_wconf 78' lang='lat' dir='ltr'>incipit</span> <span class='ocrx_word' id='word_1_719' title='bbox 1523 1260 1641 1283; x_wconf 84' lang='lat' dir='ltr'>absolute:</span> <span class='ocrx_word' id='word_1_720' title='bbox 1659 1260 1728 1288; x_wconf 78' lang='lat' dir='ltr'>Ecce,</span> <span class='ocrx_word' id='word_1_721' title='bbox 1746 1260 1861 1290; x_wconf 82' lang='lat' dir='ltr'>descripsi</span> <span class='ocrx_word' id='word_1_722' title='bbox 1882 1266 1934 1283; x_wconf 85' lang='lat' dir='ltr'>eam</span> <span class='ocrx_word' id='word_1_723' title='bbox 1951 1263 1994 1283; x_wconf 88' lang='lat' dir='ltr'>etc.</span> 
     </span>
     <span class='ocr_line' id='line_1_85' title="bbox 1146 1306 1994 1336; baseline 0.002 -8"><span class='ocrx_word' id='word_1_724' title='bbox 1146 1306 1233 1329; x_wconf 86' lang='lat' dir='ltr'>Desinit</span> <span class='ocrx_word' id='word_1_725' title='bbox 1245 1309 1269 1329; x_wconf 89' lang='lat' dir='ltr'>ut</span> <span class='ocrx_word' id='word_1_726' title='bbox 1282 1307 1304 1328; x_wconf 90' lang='lat' dir='ltr'>in</span> <span class='ocrx_word' id='word_1_727' title='bbox 1317 1306 1392 1329; x_wconf 79' lang='lat' dir='ltr'>editis.</span> <span class='ocrx_word' id='word_1_728' title='bbox 1405 1307 1439 1329; x_wconf 84' lang='lat' dir='ltr'>Ad</span> <span class='ocrx_word' id='word_1_729' title='bbox 1456 1308 1542 1329; x_wconf 83' lang='lat' dir='ltr'>calcem</span> <span class='ocrx_word' id='word_1_730' title='bbox 1561 1307 1669 1330; x_wconf 81' lang='lat' dir='ltr'>additur:</span> <span class='ocrx_word' id='word_1_731' title='bbox 1681 1307 1788 1336; x_wconf 75' lang='lat' dir='ltr'>Ea‘plicit</span> <span class='ocrx_word' id='word_1_732' title='bbox 1802 1307 1947 1330; x_wconf 77' lang='lat' dir='ltr'>tractatulus</span> <span class='ocrx_word' id='word_1_733' title='bbox 1959 1306 1994 1330; x_wconf 87' lang='lat' dir='ltr'>bo-</span> 
     </span>
     <span class='ocr_line' id='line_1_86' title="bbox 1146 1352 1995 1382; baseline 0.002 -7"><span class='ocrx_word' id='word_1_734' title='bbox 1146 1359 1193 1376; x_wconf 80' lang='lat' dir='ltr'>nus</span> <span class='ocrx_word' id='word_1_735' title='bbox 1210 1352 1237 1376; x_wconf 83' lang='lat' dir='ltr'>de</span> <span class='ocrx_word' id='word_1_736' title='bbox 1253 1352 1369 1382; x_wconf 70' lang='lat' dir='ltr'>reyintine</span> <span class='ocrx_word' id='word_1_737' title='bbox 1386 1353 1529 1376; x_wconf 79' lang='lat' dir='ltr'>consciencie</span> <span class='ocrx_word' id='word_1_738' title='bbox 1546 1353 1621 1376; x_wconf 80' lang='lat' dir='ltr'>editus</span> <span class='ocrx_word' id='word_1_739' title='bbox 1633 1359 1648 1376; x_wconf 88' lang='grc'>11</span> <span class='ocrx_word' id='word_1_740' title='bbox 1660 1354 1830 1377; x_wconf 78' lang='lat' dir='ltr'>Bonauentura</span> <span class='ocrx_word' id='word_1_741' title='bbox 1843 1353 1964 1376; x_wconf 77' lang='lat' dir='ltr'>cardinali</span> <span class='ocrx_word' id='word_1_742' title='bbox 1974 1355 1995 1377; x_wconf 82' lang='lat' dir='ltr'>el</span> 
     </span>
     <span class='ocr_line' id='line_1_87' title="bbox 1147 1399 1772 1430; baseline 0 -7"><span class='ocrx_word' id='word_1_743' title='bbox 1147 1399 1301 1423; x_wconf 78' lang='lat' dir='ltr'>intitulatur:</span> <span class='ocrx_word' id='word_1_744' title='bbox 1322 1400 1452 1423; x_wconf 83' lang='lat' dir='ltr'>Ternarius</span> <span class='ocrx_word' id='word_1_745' title='bbox 1470 1401 1642 1423; x_wconf 65' lang='lat' dir='ltr'>bonaventura.</span> <span class='ocrx_word' id='word_1_746' title='bbox 1661 1400 1772 1430; x_wconf 58' lang='lat' dir='ltr'>Eapttcit.</span> 
     </span>
    </p>

    <p class='ocr_par' dir='ltr' id='par_1_22' title="bbox 1146 1447 1998 1754">
     <span class='ocr_line' id='line_1_88' title="bbox 1209 1447 1995 1476; baseline 0.001 -7"><span class='ocrx_word' id='word_1_747' title='bbox 1209 1447 1248 1470; x_wconf 86' lang='lat'>73.</span> <span class='ocrx_word' id='word_1_748' title='bbox 1266 1447 1365 1475; x_wconf 82' lang='lat' dir='ltr'>Ibidem,</span> <span class='ocrx_word' id='word_1_749' title='bbox 1386 1448 1439 1470; x_wconf 88' lang='lat' dir='ltr'>cod.</span> <span class='ocrx_word' id='word_1_750' title='bbox 1460 1448 1494 1470; x_wconf 84' lang='lat'>13.</span> <span class='ocrx_word' id='word_1_751' title='bbox 1512 1447 1534 1469; x_wconf 91' lang='lat' dir='ltr'>in</span> <span class='ocrx_word' id='word_1_752' title='bbox 1553 1448 1574 1469; x_wconf 84' lang='lat'>8.</span> <span class='ocrx_word' id='word_1_753' title='bbox 1591 1449 1776 1470; x_wconf 62' lang='grc'><strong>0031130005-</strong></span> <span class='ocrx_word' id='word_1_754' title='bbox 1788 1448 1836 1470; x_wconf 82' lang='lat' dir='ltr'>Hoc</span> <span class='ocrx_word' id='word_1_755' title='bbox 1855 1448 1995 1476; x_wconf 82' lang='lat' dir='ltr'>opusculum</span> 
     </span>
     <span class='ocr_line' id='line_1_89' title="bbox 1147 1494 1995 1522; baseline 0 -6"><span class='ocrx_word' id='word_1_756' title='bbox 1147 1494 1227 1522; x_wconf 83' lang='lat' dir='ltr'>incipit</span> <span class='ocrx_word' id='word_1_757' title='bbox 1244 1495 1280 1516; x_wconf 86' lang='grc'><strong>101.</strong></span> <span class='ocrx_word' id='word_1_758' title='bbox 1299 1494 1336 1516; x_wconf 93' lang='lat'>67.</span> <span class='ocrx_word' id='word_1_759' title='bbox 1353 1500 1372 1516; x_wconf 93' lang='lat' dir='ltr'>r.</span> <span class='ocrx_word' id='word_1_760' title='bbox 1390 1494 1440 1516; x_wconf 88' lang='lat' dir='ltr'>sine</span> <span class='ocrx_word' id='word_1_761' title='bbox 1457 1495 1501 1516; x_wconf 89' lang='lat' dir='ltr'>ullo</span> <span class='ocrx_word' id='word_1_762' title='bbox 1520 1494 1598 1518; x_wconf 69' lang='lat' dir='ltr'>titulo:</span> <span class='ocrx_word' id='word_1_763' title='bbox 1617 1494 1701 1516; x_wconf 84' lang='lat' dir='ltr'>desinit</span> <span class='ocrx_word' id='word_1_764' title='bbox 1712 1495 1749 1516; x_wconf 86' lang='grc'><strong>101.</strong></span> <span class='ocrx_word' id='word_1_765' title='bbox 1767 1494 1805 1516; x_wconf 81' lang='lat'>78.</span> <span class='ocrx_word' id='word_1_766' title='bbox 1823 1500 1846 1516; x_wconf 81' lang='lat' dir='ltr'>v.</span> <span class='ocrx_word' id='word_1_767' title='bbox 1864 1495 1886 1516; x_wconf 94' lang='lat' dir='ltr'>in</span> <span class='ocrx_word' id='word_1_768' title='bbox 1904 1501 1955 1522; x_wconf 86' lang='lat' dir='ltr'>cap.</span> <span class='ocrx_word' id='word_1_769' title='bbox 1973 1495 1995 1516; x_wconf 86' lang='lat'>3.</span> 
     </span>
     <span class='ocr_line' id='line_1_90' title="bbox 1147 1541 1996 1571; baseline 0.002 -8"><span class='ocrx_word' id='word_1_770' title='bbox 1147 1548 1170 1564; x_wconf 94' lang='lat' dir='ltr'>n.</span> <span class='ocrx_word' id='word_1_771' title='bbox 1187 1542 1209 1564; x_wconf 87' lang='lat'>7.</span> <span class='ocrx_word' id='word_1_772' title='bbox 1227 1548 1267 1569; x_wconf 84' lang='lat' dir='ltr'>per</span> <span class='ocrx_word' id='word_1_773' title='bbox 1285 1541 1372 1564; x_wconf 69' lang='lat' dir='ltr'>verba:</span> <span class='ocrx_word' id='word_1_774' title='bbox 1390 1541 1499 1565; x_wconf 84' lang='lat' dir='ltr'>osculum</span> <span class='ocrx_word' id='word_1_775' title='bbox 1520 1543 1541 1565; x_wconf 86' lang='lat' dir='ltr'>et</span> <span class='ocrx_word' id='word_1_776' title='bbox 1563 1541 1716 1571; x_wconf 69' lang='lat' dir='ltr'>ampleoeunz,</span> <span class='ocrx_word' id='word_1_777' title='bbox 1742 1547 1788 1571; x_wconf 79' lang='lat' dir='ltr'>quo</span> <span class='ocrx_word' id='word_1_778' title='bbox 1813 1547 1856 1565; x_wconf 82' lang='lat' dir='ltr'>nos</span> <span class='ocrx_word' id='word_1_779' title='bbox 1880 1541 1996 1571; x_wconf 75' lang='lat' dir='ltr'>perducat</span> 
     </span>
     <span class='ocr_line' id='line_1_91' title="bbox 1148 1588 1996 1619; baseline 0.001 -7"><span class='ocrx_word' id='word_1_780' title='bbox 1148 1589 1191 1619; x_wconf 82' lang='lat' dir='ltr'>qui</span> <span class='ocrx_word' id='word_1_781' title='bbox 1206 1595 1261 1613; x_wconf 80' lang='lat' dir='ltr'>cuni</span> <span class='ocrx_word' id='word_1_782' title='bbox 1279 1590 1350 1612; x_wconf 83' lang='lat' dir='ltr'>Patre</span> <span class='ocrx_word' id='word_1_783' title='bbox 1368 1591 1390 1612; x_wconf 85' lang='lat' dir='ltr'>et</span> <span class='ocrx_word' id='word_1_784' title='bbox 1407 1588 1499 1619; x_wconf 82' lang='lat' dir='ltr'>Spiritu</span> <span class='ocrx_word' id='word_1_785' title='bbox 1516 1590 1598 1612; x_wconf 75' lang='lat' dir='ltr'>sancto</span> <span class='ocrx_word' id='word_1_786' title='bbox 1616 1588 1670 1612; x_wconf 74' lang='lat' dir='ltr'>eicit</span> <span class='ocrx_word' id='word_1_787' title='bbox 1687 1591 1707 1612; x_wconf 85' lang='lat' dir='ltr'>et</span> <span class='ocrx_word' id='word_1_788' title='bbox 1724 1590 1809 1618; x_wconf 65' lang='lat' dir='ltr'>reanat</span> <span class='ocrx_word' id='word_1_789' title='bbox 1826 1588 1849 1612; x_wconf 87' lang='lat' dir='ltr'>in</span> <span class='ocrx_word' id='word_1_790' title='bbox 1867 1589 1948 1612; x_wconf 85' lang='lat' dir='ltr'>secula</span> <span class='ocrx_word' id='word_1_791' title='bbox 1965 1596 1996 1613; x_wconf 87' lang='lat' dir='ltr'>se-</span> 
     </span>
     <span class='ocr_line' id='line_1_92' title="bbox 1148 1635 1998 1666; baseline 0.001 -7"><span class='ocrx_word' id='word_1_792' title='bbox 1148 1636 1267 1659; x_wconf 82' lang='lat' dir='ltr'>culorum.</span> <span class='ocrx_word' id='word_1_793' title='bbox 1285 1637 1368 1659; x_wconf 80' lang='lat' dir='ltr'>Anien.</span> <span class='ocrx_word' id='word_1_794' title='bbox 1387 1637 1435 1659; x_wconf 85' lang='lat' dir='ltr'>Deo</span> <span class='ocrx_word' id='word_1_795' title='bbox 1452 1635 1558 1665; x_wconf 73' lang='lat' dir='ltr'>yracias.</span> <span class='ocrx_word' id='word_1_796' title='bbox 1577 1635 1660 1660; x_wconf 78' lang='lat' dir='ltr'>Gloria</span> <span class='ocrx_word' id='word_1_797' title='bbox 1676 1636 1723 1666; x_wconf 79' lang='lat' dir='ltr'>[ine</span> <span class='ocrx_word' id='word_1_798' title='bbox 1740 1642 1825 1659; x_wconf 83' lang='lat' dir='ltr'>carens</span> <span class='ocrx_word' id='word_1_799' title='bbox 1849 1636 1880 1660; x_wconf 82' lang='lat' dir='ltr'>sit</span> <span class='ocrx_word' id='word_1_800' title='bbox 1906 1638 1941 1660; x_wconf 86' lang='lat' dir='ltr'>ter</span> <span class='ocrx_word' id='word_1_801' title='bbox 1954 1637 1998 1666; x_wconf 86' lang='lat' dir='ltr'>pia</span> 
     </span>
     <span class='ocr_line' id='line_1_93' title="bbox 1146 1682 1997 1713; baseline 0.002 -7"><span class='ocrx_word' id='word_1_802' title='bbox 1146 1690 1244 1713; x_wconf 83' lang='lat' dir='ltr'>parcns.</span> <span class='ocrx_word' id='word_1_803' title='bbox 1258 1683 1363 1713; x_wconf 72' lang='lat' dir='ltr'>Ea‘plicit</span> <span class='ocrx_word' id='word_1_804' title='bbox 1375 1683 1518 1706; x_wconf 82' lang='lat' dir='ltr'>tractatulus</span> <span class='ocrx_word' id='word_1_805' title='bbox 1531 1683 1606 1706; x_wconf 86' lang='lat' dir='ltr'>bonus</span> <span class='ocrx_word' id='word_1_806' title='bbox 1618 1682 1645 1706; x_wconf 86' lang='lat' dir='ltr'>de</span> <span class='ocrx_word' id='word_1_807' title='bbox 1657 1683 1772 1713; x_wconf 70' lang='lat' dir='ltr'>reqimine</span> <span class='ocrx_word' id='word_1_808' title='bbox 1784 1684 1937 1712; x_wconf 80' lang='lat' dir='ltr'>consciencie,</span> <span class='ocrx_word' id='word_1_809' title='bbox 1953 1684 1997 1708; x_wconf 83' lang='lat' dir='ltr'>edi-</span> 
     </span>
     <span class='ocr_line' id='line_1_94' title="bbox 1147 1729 1637 1754; baseline 0 -1"><span class='ocrx_word' id='word_1_810' title='bbox 1147 1732 1185 1754; x_wconf 86' lang='lat' dir='ltr'>tus</span> <span class='ocrx_word' id='word_1_811' title='bbox 1202 1737 1217 1754; x_wconf 89' lang='lat' dir='ltr'>a</span> <span class='ocrx_word' id='word_1_812' title='bbox 1235 1731 1404 1753; x_wconf 80' lang='lat' dir='ltr'>Bonarentura</span> <span class='ocrx_word' id='word_1_813' title='bbox 1421 1730 1542 1753; x_wconf 85' lang='lat' dir='ltr'>cardinali</span> <span class='ocrx_word' id='word_1_814' title='bbox 1559 1729 1637 1753; x_wconf 59' lang='grc' dir='ltr'>Γ1477.</span> 
     </span>
    </p>

    <p class='ocr_par' dir='ltr' id='par_1_23' title="bbox 1146 1777 2000 2135">
     <span class='ocr_line' id='line_1_95' title="bbox 1211 1777 1996 1806; baseline 0 -5"><span class='ocrx_word' id='word_1_815' title='bbox 1211 1778 1250 1801; x_wconf 75' lang='grc'><strong>74.</strong></span> <span class='ocrx_word' id='word_1_816' title='bbox 1267 1778 1415 1806; x_wconf 74' lang='lat' dir='ltr'>Florentiae,</span> <span class='ocrx_word' id='word_1_817' title='bbox 1433 1777 1572 1800; x_wconf 82' lang='lat' dir='ltr'>bibliotheca</span> <span class='ocrx_word' id='word_1_818' title='bbox 1585 1778 1721 1805; x_wconf 84' lang='lat' dir='ltr'>Nationalis,</span> <span class='ocrx_word' id='word_1_819' title='bbox 1739 1778 1791 1801; x_wconf 85' lang='lat' dir='ltr'>cod.</span> <span class='ocrx_word' id='word_1_820' title='bbox 1809 1778 1863 1801; x_wconf 92' lang='lat' dir='ltr'>Vlll.</span> <span class='ocrx_word' id='word_1_821' title='bbox 1882 1779 1908 1801; x_wconf 88' lang='grc' dir='ltr'><strong>Β.</strong></span> <span class='ocrx_word' id='word_1_822' title='bbox 1932 1779 1996 1802; x_wconf 77' lang='grc'><strong>1817.</strong></span> 
     </span>
     <span class='ocr_line' id='line_1_96' title="bbox 1149 1824 1998 1853; baseline 0.001 -6"><span class='ocrx_word' id='word_1_823' title='bbox 1149 1824 1247 1848; x_wconf 83' lang='lat' dir='ltr'>membr.</span> <span class='ocrx_word' id='word_1_824' title='bbox 1265 1830 1325 1847; x_wconf 88' lang='lat' dir='ltr'>saec.</span> <span class='ocrx_word' id='word_1_825' title='bbox 1344 1825 1399 1853; x_wconf 73' lang='lat' dir='ltr'>XV,</span> <span class='ocrx_word' id='word_1_826' title='bbox 1425 1825 1454 1847; x_wconf 88' lang='lat' dir='ltr'>de</span> <span class='ocrx_word' id='word_1_827' title='bbox 1471 1831 1518 1853; x_wconf 85' lang='lat' dir='ltr'>quo</span> <span class='ocrx_word' id='word_1_828' title='bbox 1536 1824 1605 1847; x_wconf 89' lang='lat' dir='ltr'>locuti</span> <span class='ocrx_word' id='word_1_829' title='bbox 1622 1830 1704 1847; x_wconf 78' lang='lat' dir='ltr'>sumus</span> <span class='ocrx_word' id='word_1_830' title='bbox 1729 1827 1785 1847; x_wconf 87' lang='lat' dir='ltr'>tom.</span> <span class='ocrx_word' id='word_1_831' title='bbox 1803 1825 1831 1847; x_wconf 84' lang='lat' dir='ltr'>V.</span> <span class='ocrx_word' id='word_1_832' title='bbox 1848 1831 1903 1853; x_wconf 80' lang='lat' dir='ltr'>pag.</span> <span class='ocrx_word' id='word_1_833' title='bbox 1921 1825 1998 1848; x_wconf 86' lang='lat' dir='ltr'>XXlX</span> 
     </span>
     <span class='ocr_line' id='line_1_97' title="bbox 1148 1871 1998 1900; baseline 0.001 -5"><span class='ocrx_word' id='word_1_834' title='bbox 1148 1879 1170 1895; x_wconf 92' lang='lat' dir='ltr'>n.</span> <span class='ocrx_word' id='word_1_835' title='bbox 1188 1873 1226 1895; x_wconf 73' lang='lat'>39,</span> <span class='ocrx_word' id='word_1_836' title='bbox 1245 1885 1276 1888; x_wconf 85' lang='lat'>—</span> <span class='ocrx_word' id='word_1_837' title='bbox 1293 1872 1372 1900; x_wconf 85' lang='lat' dir='ltr'>Incipit</span> <span class='ocrx_word' id='word_1_838' title='bbox 1390 1872 1427 1894; x_wconf 91' lang='grc'><strong>101.</strong></span> <span class='ocrx_word' id='word_1_839' title='bbox 1448 1872 1481 1894; x_wconf 89' lang='lat'>17.</span> <span class='ocrx_word' id='word_1_840' title='bbox 1499 1878 1518 1894; x_wconf 82' lang='lat' dir='ltr'>r.</span> <span class='ocrx_word' id='word_1_841' title='bbox 1537 1871 1581 1894; x_wconf 79' lang='lat' dir='ltr'>s&#39;ub</span> <span class='ocrx_word' id='word_1_842' title='bbox 1599 1871 1678 1894; x_wconf 85' lang='lat' dir='ltr'>titulo:</span> <span class='ocrx_word' id='word_1_843' title='bbox 1693 1871 1834 1895; x_wconf 88' lang='lat' dir='ltr'>Trinarium</span> <span class='ocrx_word' id='word_1_844' title='bbox 1846 1871 1873 1895; x_wconf 79' lang='lat' dir='ltr'>de</span> <span class='ocrx_word' id='word_1_845' title='bbox 1887 1872 1935 1896; x_wconf 77' lang='lat' dir='ltr'>vita</span> <span class='ocrx_word' id='word_1_846' title='bbox 1946 1878 1998 1896; x_wconf 83' lang='lat' dir='ltr'>con-</span> 
     </span>
     <span class='ocr_line' id='line_1_98' title="bbox 1148 1919 1997 1949; baseline 0 -6"><span class='ocrx_word' id='word_1_847' title='bbox 1148 1919 1286 1949; x_wconf 72' lang='lat' dir='ltr'>templativa</span> <span class='ocrx_word' id='word_1_848' title='bbox 1311 1919 1485 1942; x_wconf 79' lang='lat' dir='ltr'>Bonacenture.</span> <span class='ocrx_word' id='word_1_849' title='bbox 1507 1919 1594 1941; x_wconf 88' lang='lat' dir='ltr'>Desinit</span> <span class='ocrx_word' id='word_1_850' title='bbox 1612 1919 1649 1941; x_wconf 87' lang='grc'><strong>101.</strong></span> <span class='ocrx_word' id='word_1_851' title='bbox 1667 1920 1704 1941; x_wconf 85' lang='lat'>22.</span> <span class='ocrx_word' id='word_1_852' title='bbox 1720 1926 1760 1941; x_wconf 88' lang='lat' dir='ltr'>v.:</span> <span class='ocrx_word' id='word_1_853' title='bbox 1778 1921 1800 1942; x_wconf 86' lang='lat' dir='ltr'>et</span> <span class='ocrx_word' id='word_1_854' title='bbox 1816 1919 1859 1943; x_wconf 84' lang='lat' dir='ltr'>boc</span> <span class='ocrx_word' id='word_1_855' title='bbox 1877 1921 1913 1943; x_wconf 84' lang='lat' dir='ltr'>est</span> <span class='ocrx_word' id='word_1_856' title='bbox 1928 1919 1997 1943; x_wconf 80' lang='lat' dir='ltr'>Sera-</span> 
     </span>
     <span class='ocr_line' id='line_1_99' title="bbox 1146 1965 1997 1997; baseline 0.001 -8"><span class='ocrx_word' id='word_1_857' title='bbox 1146 1967 1222 1997; x_wconf 83' lang='lat' dir='ltr'>phim.</span> <span class='ocrx_word' id='word_1_858' title='bbox 1239 1966 1275 1990; x_wconf 83' lang='lat' dir='ltr'>Ad</span> <span class='ocrx_word' id='word_1_859' title='bbox 1292 1973 1336 1996; x_wconf 82' lang='lat' dir='ltr'>que</span> <span class='ocrx_word' id='word_1_860' title='bbox 1353 1972 1396 1989; x_wconf 86' lang='lat' dir='ltr'>nos</span> <span class='ocrx_word' id='word_1_861' title='bbox 1418 1965 1550 1995; x_wconf 81' lang='lat' dir='ltr'>perducere</span> <span class='ocrx_word' id='word_1_862' title='bbox 1575 1965 1686 1995; x_wconf 68' lang='lat' dir='ltr'>sliynetur</span> <span class='ocrx_word' id='word_1_863' title='bbox 1712 1965 1754 1995; x_wconf 79' lang='lat' dir='ltr'>qni</span> <span class='ocrx_word' id='word_1_864' title='bbox 1770 1967 1806 1989; x_wconf 85' lang='lat' dir='ltr'>est</span> <span class='ocrx_word' id='word_1_865' title='bbox 1822 1965 1955 1990; x_wconf 82' lang='lat' dir='ltr'>benedictus</span> <span class='ocrx_word' id='word_1_866' title='bbox 1973 1966 1997 1990; x_wconf 87' lang='lat' dir='ltr'>in</span> 
     </span>
     <span class='ocr_line' id='line_1_100' title="bbox 1148 2012 2000 2043; baseline 0 -6"><span class='ocrx_word' id='word_1_867' title='bbox 1148 2013 1228 2037; x_wconf 82' lang='lat' dir='ltr'>secula</span> <span class='ocrx_word' id='word_1_868' title='bbox 1245 2013 1390 2037; x_wconf 81' lang='lat' dir='ltr'>seculorum.</span> <span class='ocrx_word' id='word_1_869' title='bbox 1408 2014 1490 2035; x_wconf 83' lang='lat' dir='ltr'>Amen.</span> <span class='ocrx_word' id='word_1_870' title='bbox 1510 2012 1614 2042; x_wconf 62' lang='lat' dir='ltr'>Explicit</span> <span class='ocrx_word' id='word_1_871' title='bbox 1631 2012 1689 2035; x_wconf 86' lang='lat' dir='ltr'>liber</span> <span class='ocrx_word' id='word_1_872' title='bbox 1715 2012 1742 2036; x_wconf 86' lang='lat' dir='ltr'>de</span> <span class='ocrx_word' id='word_1_873' title='bbox 1768 2013 1859 2042; x_wconf 85' lang='lat' dir='ltr'>triplici</span> <span class='ocrx_word' id='word_1_874' title='bbox 1883 2014 1934 2040; x_wconf 78' lang='lat' dir='ltr'>ria,</span> <span class='ocrx_word' id='word_1_875' title='bbox 1958 2014 2000 2043; x_wconf 79' lang='lat' dir='ltr'>qui</span> 
     </span>
     <span class='ocr_line' id='line_1_101' title="bbox 1149 2059 1998 2089; baseline 0 -6"><span class='ocrx_word' id='word_1_876' title='bbox 1149 2062 1248 2083; x_wconf 80' lang='lat' dir='ltr'>vocatur</span> <span class='ocrx_word' id='word_1_877' title='bbox 1269 2060 1420 2088; x_wconf 84' lang='lat' dir='ltr'>Trinarium,</span> <span class='ocrx_word' id='word_1_878' title='bbox 1446 2059 1588 2089; x_wconf 82' lang='lat' dir='ltr'>compilatus</span> <span class='ocrx_word' id='word_1_879' title='bbox 1603 2066 1648 2089; x_wconf 84' lang='lat' dir='ltr'>per</span> <span class='ocrx_word' id='word_1_880' title='bbox 1666 2060 1690 2082; x_wconf 89' lang='lat' dir='ltr'>B.</span> <span class='ocrx_word' id='word_1_881' title='bbox 1708 2060 1904 2083; x_wconf 79' lang='lat' dir='ltr'>Bonaventuram</span> <span class='ocrx_word' id='word_1_882' title='bbox 1923 2060 1998 2084; x_wconf 86' lang='lat' dir='ltr'>cardi-</span> 
     </span>
     <span class='ocr_line' id='line_1_102' title="bbox 1148 2106 1640 2135; baseline -0.004 -5"><span class='ocrx_word' id='word_1_883' title='bbox 1148 2107 1241 2135; x_wconf 76' lang='lat' dir='ltr'>nalem,</span> <span class='ocrx_word' id='word_1_884' title='bbox 1261 2106 1357 2130; x_wconf 82' lang='lat' dir='ltr'>Ordinis</span> <span class='ocrx_word' id='word_1_885' title='bbox 1374 2107 1492 2130; x_wconf 85' lang='lat' dir='ltr'>Fratrum</span> <span class='ocrx_word' id='word_1_886' title='bbox 1508 2106 1640 2130; x_wconf 64' lang='lat' dir='ltr'>Minorem.</span> 
     </span>
    </p>

    <p class='ocr_par' dir='ltr' id='par_1_24' title="bbox 1149 2153 1999 2278">
     <span class='ocr_line' id='line_1_103' title="bbox 1212 2153 1998 2182; baseline 0 -6"><span class='ocrx_word' id='word_1_887' title='bbox 1212 2154 1251 2176; x_wconf 80' lang='lat'>75.</span> <span class='ocrx_word' id='word_1_888' title='bbox 1268 2153 1367 2181; x_wconf 77' lang='lat' dir='ltr'>Ibidem,</span> <span class='ocrx_word' id='word_1_889' title='bbox 1386 2153 1437 2175; x_wconf 83' lang='lat' dir='ltr'>cod.</span> <span class='ocrx_word' id='word_1_890' title='bbox 1455 2153 1550 2176; x_wconf 82' lang='lat' dir='ltr'>XXXV.</span> <span class='ocrx_word' id='word_1_891' title='bbox 1564 2153 1590 2175; x_wconf 94' lang='lat' dir='ltr'>D.</span> <span class='ocrx_word' id='word_1_892' title='bbox 1603 2153 1657 2175; x_wconf 81' lang='lat'>237.</span> <span class='ocrx_word' id='word_1_893' title='bbox 1669 2155 1740 2176; x_wconf 88' lang='lat' dir='ltr'>chart.</span> <span class='ocrx_word' id='word_1_894' title='bbox 1753 2166 1783 2170; x_wconf 97' lang='lat'><strong>—</strong></span> <span class='ocrx_word' id='word_1_895' title='bbox 1794 2154 1840 2176; x_wconf 86' lang='lat' dir='ltr'>Fol.</span> <span class='ocrx_word' id='word_1_896' title='bbox 1857 2154 1861 2176; x_wconf 94' lang='lat'>1</span> <span class='ocrx_word' id='word_1_897' title='bbox 1873 2154 1890 2175; x_wconf 93' lang='lat'>1.</span> <span class='ocrx_word' id='word_1_898' title='bbox 1903 2154 1998 2182; x_wconf 77' lang='lat' dir='ltr'>legitur:</span> 
     </span>
     <span class='ocr_line' id='line_1_104' title="bbox 1149 2199 1999 2230; baseline 0.001 -7"><span class='ocrx_word' id='word_1_899' title='bbox 1149 2200 1234 2230; x_wconf 88' lang='lat' dir='ltr'>Incipit</span> <span class='ocrx_word' id='word_1_900' title='bbox 1241 2200 1356 2230; x_wconf 63' lang='lat' dir='ltr'>prolapus</span> <span class='ocrx_word' id='word_1_901' title='bbox 1367 2199 1390 2222; x_wconf 83' lang='lat' dir='ltr'>in</span> <span class='ocrx_word' id='word_1_902' title='bbox 1399 2200 1507 2223; x_wconf 79' lang='lat' dir='ltr'>Parvum</span> <span class='ocrx_word' id='word_1_903' title='bbox 1520 2199 1607 2223; x_wconf 84' lang='lat' dir='ltr'>bonum</span> <span class='ocrx_word' id='word_1_904' title='bbox 1619 2200 1644 2224; x_wconf 87' lang='lat' dir='ltr'>S.</span> <span class='ocrx_word' id='word_1_905' title='bbox 1654 2201 1844 2229; x_wconf 72' lang='lat' dir='ltr'>Bonaeenturue,</span> <span class='ocrx_word' id='word_1_906' title='bbox 1855 2200 1919 2230; x_wconf 83' lang='lat' dir='ltr'>quod</span> <span class='ocrx_word' id='word_1_907' title='bbox 1928 2201 1999 2224; x_wconf 84' lang='lat' dir='ltr'>etiam</span> 
     </span>
     <span class='ocr_line' id='line_1_105' title="bbox 1150 2247 1997 2278; baseline 0 -7"><span class='ocrx_word' id='word_1_908' title='bbox 1150 2247 1288 2271; x_wconf 83' lang='lat' dir='ltr'>Incendium</span> <span class='ocrx_word' id='word_1_909' title='bbox 1304 2247 1395 2271; x_wconf 83' lang='lat' dir='ltr'>amoris</span> <span class='ocrx_word' id='word_1_910' title='bbox 1418 2247 1513 2275; x_wconf 83' lang='lat' dir='ltr'>dicitur,</span> <span class='ocrx_word' id='word_1_911' title='bbox 1531 2247 1567 2270; x_wconf 81' lang='lat' dir='ltr'>cel</span> <span class='ocrx_word' id='word_1_912' title='bbox 1583 2247 1690 2277; x_wconf 66' lang='lat' dir='ltr'>repimen</span> <span class='ocrx_word' id='word_1_913' title='bbox 1707 2247 1854 2271; x_wconf 84' lang='lat' dir='ltr'>conscientie.</span> <span class='ocrx_word' id='word_1_914' title='bbox 1873 2248 1997 2278; x_wconf 73' lang='lat' dir='ltr'>Eciyilans</span> 
     </span>
    </p>
   </div>
   <div class='ocr_carea' id='block_1_9' title="bbox 1127 2295 1999 2324">
    <p class='ocr_par' dir='ltr' id='par_1_25' title="bbox 1127 2295 1999 2324">
     <span class='ocr_line' id='line_1_106' title="bbox 1127 2295 1999 2324; baseline 0.001 -8"><span class='ocrx_word' id='word_1_915' title='bbox 1127 2313 1129 2316; x_wconf 92' lang='lat'>.</span> <span class='ocrx_word' id='word_1_916' title='bbox 1150 2301 1205 2318; x_wconf 69' lang='lat' dir='ltr'>vcero</span> <span class='ocrx_word' id='word_1_917' title='bbox 1223 2298 1278 2322; x_wconf 75' lang='lat' dir='ltr'>etc,</span> <span class='ocrx_word' id='word_1_918' title='bbox 1296 2295 1400 2324; x_wconf 85' lang='lat' dir='ltr'>sequitur</span> <span class='ocrx_word' id='word_1_919' title='bbox 1418 2298 1442 2317; x_wconf 89' lang='lat' dir='ltr'>ut</span> <span class='ocrx_word' id='word_1_920' title='bbox 1460 2295 1481 2317; x_wconf 91' lang='lat' dir='ltr'>in</span> <span class='ocrx_word' id='word_1_921' title='bbox 1498 2295 1565 2317; x_wconf 84' lang='lat' dir='ltr'>editis</span> <span class='ocrx_word' id='word_1_922' title='bbox 1582 2301 1657 2323; x_wconf 81' lang='lat' dir='ltr'>usque</span> <span class='ocrx_word' id='word_1_923' title='bbox 1681 2295 1710 2317; x_wconf 90' lang='lat' dir='ltr'>ad</span> <span class='ocrx_word' id='word_1_924' title='bbox 1734 2295 1770 2317; x_wconf 85' lang='grc'><strong>101.</strong></span> <span class='ocrx_word' id='word_1_925' title='bbox 1789 2295 1826 2317; x_wconf 82' lang='grc'><strong>39.</strong></span> <span class='ocrx_word' id='word_1_926' title='bbox 1844 2301 1867 2317; x_wconf 66' lang='lat' dir='ltr'>V.</span> <span class='ocrx_word' id='word_1_927' title='bbox 1885 2295 1942 2318; x_wconf 90' lang='lat' dir='ltr'>Hinc</span> <span class='ocrx_word' id='word_1_928' title='bbox 1959 2295 1999 2317; x_wconf 92' lang='lat' dir='ltr'>ad-</span> 
     </span>
    </p>
   </div>
   <div class='ocr_carea' id='block_1_10' title="bbox 1148 2340 2001 2983">
    <p class='ocr_par' dir='ltr' id='par_1_26' title="bbox 1150 2340 1999 2459">
     <span class='ocr_line' id='line_1_107' title="bbox 1150 2340 1999 2371; baseline 0 -7"><span class='ocrx_word' id='word_1_929' title='bbox 1150 2342 1211 2364; x_wconf 90' lang='lat' dir='ltr'>ditur</span> <span class='ocrx_word' id='word_1_930' title='bbox 1221 2349 1226 2363; x_wconf 92' lang='lat'>:</span> <span class='ocrx_word' id='word_1_931' title='bbox 1245 2341 1290 2364; x_wconf 84' lang='lat' dir='ltr'>Deo</span> <span class='ocrx_word' id='word_1_932' title='bbox 1307 2340 1410 2371; x_wconf 64' lang='lat' dir='ltr'>arucias.</span> <span class='ocrx_word' id='word_1_933' title='bbox 1425 2340 1488 2364; x_wconf 86' lang='lat' dir='ltr'>Finit</span> <span class='ocrx_word' id='word_1_934' title='bbox 1499 2341 1606 2364; x_wconf 73' lang='lat' dir='ltr'>Parrum</span> <span class='ocrx_word' id='word_1_935' title='bbox 1618 2340 1706 2364; x_wconf 84' lang='lat' dir='ltr'>bonum</span> <span class='ocrx_word' id='word_1_936' title='bbox 1719 2341 1754 2364; x_wconf 83' lang='lat' dir='ltr'>vel</span> <span class='ocrx_word' id='word_1_937' title='bbox 1765 2341 1871 2371; x_wconf 68' lang='lat' dir='ltr'>reqiinen</span> <span class='ocrx_word' id='word_1_938' title='bbox 1883 2341 1999 2365; x_wconf 85' lang='lat' dir='ltr'>conscien-</span> 
     </span>
     <span class='ocr_line' id='line_1_108' title="bbox 1151 2387 1999 2417; baseline 0 -5"><span class='ocrx_word' id='word_1_939' title='bbox 1151 2389 1184 2412; x_wconf 85' lang='lat' dir='ltr'>cie</span> <span class='ocrx_word' id='word_1_940' title='bbox 1201 2388 1227 2412; x_wconf 88' lang='lat' dir='ltr'>S.</span> <span class='ocrx_word' id='word_1_941' title='bbox 1245 2389 1423 2415; x_wconf 79' lang='lat' dir='ltr'>Bonacenture,</span> <span class='ocrx_word' id='word_1_942' title='bbox 1443 2387 1507 2417; x_wconf 80' lang='lat' dir='ltr'>quod</span> <span class='ocrx_word' id='word_1_943' title='bbox 1523 2389 1622 2411; x_wconf 77' lang='lat' dir='ltr'>uocatur</span> <span class='ocrx_word' id='word_1_944' title='bbox 1633 2387 1687 2417; x_wconf 85' lang='lat' dir='ltr'>fons</span> <span class='ocrx_word' id='word_1_945' title='bbox 1699 2387 1744 2411; x_wconf 80' lang='lat' dir='ltr'>uite</span> <span class='ocrx_word' id='word_1_946' title='bbox 1755 2387 1793 2411; x_wconf 75' lang='lat' dir='ltr'>vel</span> <span class='ocrx_word' id='word_1_947' title='bbox 1804 2387 1862 2411; x_wconf 86' lang='lat' dir='ltr'>Stim</span> <span class='ocrx_word' id='word_1_948' title='bbox 1868 2387 1924 2411; x_wconf 79' lang='lat' dir='ltr'>ulus</span> <span class='ocrx_word' id='word_1_949' title='bbox 1935 2394 1999 2412; x_wconf 85' lang='lat' dir='ltr'>amo-</span> 
     </span>
     <span class='ocr_line' id='line_1_109' title="bbox 1150 2435 1321 2459; baseline -0.006 -1"><span class='ocrx_word' id='word_1_950' title='bbox 1150 2435 1193 2459; x_wconf 88' lang='lat' dir='ltr'>ris.</span> <span class='ocrx_word' id='word_1_951' title='bbox 1210 2435 1321 2459; x_wconf 79' lang='lat' dir='ltr'>MDXVI.</span> 
     </span>
    </p>

    <p class='ocr_par' dir='ltr' id='par_1_27' title="bbox 1148 2481 2001 2793">
     <span class='ocr_line' id='line_1_110' title="bbox 1213 2481 1997 2509; baseline 0.001 -5"><span class='ocrx_word' id='word_1_952' title='bbox 1213 2483 1251 2504; x_wconf 87' lang='lat'>76.</span> <span class='ocrx_word' id='word_1_953' title='bbox 1277 2481 1377 2509; x_wconf 79' lang='lat' dir='ltr'>Ibidem,</span> <span class='ocrx_word' id='word_1_954' title='bbox 1402 2481 1539 2504; x_wconf 86' lang='lat' dir='ltr'>bibliotheca</span> <span class='ocrx_word' id='word_1_955' title='bbox 1567 2482 1848 2509; x_wconf 79' lang='lat' dir='ltr'>Mediceo-Laurentiana,</span> <span class='ocrx_word' id='word_1_956' title='bbox 1877 2482 1928 2505; x_wconf 89' lang='lat' dir='ltr'>cod.</span> <span class='ocrx_word' id='word_1_957' title='bbox 1958 2482 1997 2505; x_wconf 76' lang='lat'>51.</span> 
     </span>
     <span class='ocr_line' id='line_1_111' title="bbox 1152 2529 1999 2559; baseline 0 -7"><span class='ocrx_word' id='word_1_958' title='bbox 1152 2530 1214 2559; x_wconf 87' lang='lat' dir='ltr'>(olim</span> <span class='ocrx_word' id='word_1_959' title='bbox 1232 2529 1443 2553; x_wconf 87' lang='lat' dir='ltr'>Camaldulensium</span> <span class='ocrx_word' id='word_1_960' title='bbox 1466 2529 1525 2558; x_wconf 89' lang='lat'>116.)</span> <span class='ocrx_word' id='word_1_961' title='bbox 1543 2530 1616 2551; x_wconf 82' lang='lat' dir='ltr'>chart.</span> <span class='ocrx_word' id='word_1_962' title='bbox 1633 2535 1693 2551; x_wconf 83' lang='lat' dir='ltr'>saec.</span> <span class='ocrx_word' id='word_1_963' title='bbox 1713 2529 1765 2551; x_wconf 89' lang='lat' dir='ltr'>XV.</span> <span class='ocrx_word' id='word_1_964' title='bbox 1782 2542 1812 2545; x_wconf 90' lang='lat'>--</span> <span class='ocrx_word' id='word_1_965' title='bbox 1831 2529 1921 2552; x_wconf 90' lang='lat' dir='ltr'>Titulus</span> <span class='ocrx_word' id='word_1_966' title='bbox 1943 2536 1999 2558; x_wconf 86' lang='lat' dir='ltr'>opu-</span> 
     </span>
     <span class='ocr_line' id='line_1_112' title="bbox 1151 2575 2000 2605; baseline 0 -6"><span class='ocrx_word' id='word_1_967' title='bbox 1151 2577 1207 2599; x_wconf 86' lang='lat' dir='ltr'>sculi</span> <span class='ocrx_word' id='word_1_968' title='bbox 1225 2576 1344 2599; x_wconf 75' lang='lat' dir='ltr'>exhibetur</span> <span class='ocrx_word' id='word_1_969' title='bbox 1363 2576 1400 2598; x_wconf 85' lang='lat' dir='ltr'>sol.</span> <span class='ocrx_word' id='word_1_970' title='bbox 1419 2575 1470 2598; x_wconf 71' lang='grc'><strong>148.</strong></span> <span class='ocrx_word' id='word_1_971' title='bbox 1491 2582 1509 2598; x_wconf 91' lang='lat' dir='ltr'>r.</span> <span class='ocrx_word' id='word_1_972' title='bbox 1528 2577 1571 2598; x_wconf 88' lang='lat' dir='ltr'>hoc</span> <span class='ocrx_word' id='word_1_973' title='bbox 1597 2576 1683 2598; x_wconf 90' lang='lat' dir='ltr'>modo:</span> <span class='ocrx_word' id='word_1_974' title='bbox 1709 2575 1793 2605; x_wconf 82' lang='lat' dir='ltr'>Incipit</span> <span class='ocrx_word' id='word_1_975' title='bbox 1810 2575 1903 2599; x_wconf 87' lang='lat' dir='ltr'>libellus</span> <span class='ocrx_word' id='word_1_976' title='bbox 1926 2582 2000 2605; x_wconf 81' lang='lat' dir='ltr'>quan—</span> 
     </span>
     <span class='ocr_line' id='line_1_113' title="bbox 1151 2621 2001 2652; baseline -0.001 -7"><span class='ocrx_word' id='word_1_977' title='bbox 1151 2624 1202 2646; x_wconf 84' lang='lat' dir='ltr'>tum</span> <span class='ocrx_word' id='word_1_978' title='bbox 1219 2622 1251 2646; x_wconf 86' lang='lat' dir='ltr'>ad</span> <span class='ocrx_word' id='word_1_979' title='bbox 1267 2622 1383 2652; x_wconf 85' lang='lat' dir='ltr'>triplicem</span> <span class='ocrx_word' id='word_1_980' title='bbox 1409 2621 1483 2650; x_wconf 77' lang='lat' dir='ltr'>viam,</span> <span class='ocrx_word' id='word_1_981' title='bbox 1502 2628 1548 2651; x_wconf 86' lang='lat' dir='ltr'>per</span> <span class='ocrx_word' id='word_1_982' title='bbox 1564 2628 1637 2651; x_wconf 82' lang='lat' dir='ltr'>quam</span> <span class='ocrx_word' id='word_1_983' title='bbox 1651 2621 1791 2651; x_wconf 77' lang='lat' dir='ltr'>pervenitur</span> <span class='ocrx_word' id='word_1_984' title='bbox 1809 2621 1841 2644; x_wconf 86' lang='lat' dir='ltr'>ad</span> <span class='ocrx_word' id='word_1_985' title='bbox 1856 2628 1940 2645; x_wconf 74' lang='lat' dir='ltr'>ceram</span> <span class='ocrx_word' id='word_1_986' title='bbox 1962 2628 2001 2644; x_wconf 88' lang='lat' dir='ltr'>sa-</span> 
     </span>
     <span class='ocr_line' id='line_1_114' title="bbox 1148 2668 1999 2699; baseline -0.001 -7"><span class='ocrx_word' id='word_1_987' title='bbox 1148 2669 1275 2699; x_wconf 80' lang='lat' dir='ltr'>pientium,</span> <span class='ocrx_word' id='word_1_988' title='bbox 1293 2676 1309 2692; x_wconf 90' lang='lat' dir='ltr'>a</span> <span class='ocrx_word' id='word_1_989' title='bbox 1324 2669 1402 2699; x_wconf 62' lang='lat' dir='ltr'>fratre</span> <span class='ocrx_word' id='word_1_990' title='bbox 1427 2669 1596 2692; x_wconf 76' lang='lat' dir='ltr'>Bonacentura</span> <span class='ocrx_word' id='word_1_991' title='bbox 1621 2668 1777 2698; x_wconf 81' lang='lat' dir='ltr'>compositus,</span> <span class='ocrx_word' id='word_1_992' title='bbox 1803 2668 1844 2698; x_wconf 81' lang='lat' dir='ltr'>qui</span> <span class='ocrx_word' id='word_1_993' title='bbox 1860 2670 1895 2692; x_wconf 86' lang='lat' dir='ltr'>est</span> <span class='ocrx_word' id='word_1_994' title='bbox 1911 2668 1939 2692; x_wconf 81' lang='lat' dir='ltr'>de</span> <span class='ocrx_word' id='word_1_995' title='bbox 1957 2668 1999 2691; x_wconf 88' lang='lat' dir='ltr'>Or-</span> 
     </span>
     <span class='ocr_line' id='line_1_115' title="bbox 1152 2715 1999 2745; baseline -0.002 -6"><span class='ocrx_word' id='word_1_996' title='bbox 1152 2715 1205 2740; x_wconf 84' lang='lat' dir='ltr'>dine</span> <span class='ocrx_word' id='word_1_997' title='bbox 1222 2716 1339 2739; x_wconf 83' lang='lat' dir='ltr'>Fratrum</span> <span class='ocrx_word' id='word_1_998' title='bbox 1355 2715 1478 2739; x_wconf 81' lang='lat' dir='ltr'>Minorum</span> <span class='ocrx_word' id='word_1_999' title='bbox 1495 2717 1516 2738; x_wconf 82' lang='lat' dir='ltr'>el</span> <span class='ocrx_word' id='word_1_1000' title='bbox 1532 2715 1646 2745; x_wconf 71' lang='lat' dir='ltr'>maqister</span> <span class='ocrx_word' id='word_1_1001' title='bbox 1670 2715 1694 2738; x_wconf 88' lang='lat' dir='ltr'>in</span> <span class='ocrx_word' id='word_1_1002' title='bbox 1716 2715 1840 2745; x_wconf 71' lang='lat' dir='ltr'>tlteoloaia.</span> <span class='ocrx_word' id='word_1_1003' title='bbox 1858 2715 1946 2738; x_wconf 85' lang='lat' dir='ltr'>Desinit</span> <span class='ocrx_word' id='word_1_1004' title='bbox 1963 2715 1999 2738; x_wconf 83' lang='grc'><strong>101.</strong></span> 
     </span>
     <span class='ocr_line' id='line_1_116' title="bbox 1153 2762 1613 2793; baseline -0.002 -7"><span class='ocrx_word' id='word_1_1005' title='bbox 1153 2764 1206 2787; x_wconf 84' lang='grc'><strong>160.</strong></span> <span class='ocrx_word' id='word_1_1006' title='bbox 1225 2770 1243 2787; x_wconf 86' lang='lat' dir='ltr'>r.</span> <span class='ocrx_word' id='word_1_1007' title='bbox 1261 2763 1354 2786; x_wconf 73' lang='lat' dir='ltr'>verbis:</span> <span class='ocrx_word' id='word_1_1008' title='bbox 1372 2764 1401 2787; x_wconf 87' lang='lat' dir='ltr'>Et</span> <span class='ocrx_word' id='word_1_1009' title='bbox 1418 2763 1461 2786; x_wconf 82' lang='lat' dir='ltr'>lioc</span> <span class='ocrx_word' id='word_1_1010' title='bbox 1478 2762 1613 2793; x_wconf 81' lang='lat' dir='ltr'>Seraphim.</span> 
     </span>
    </p>

    <p class='ocr_par' dir='ltr' id='par_1_28' title="bbox 1153 2809 1999 2983">
     <span class='ocr_line' id='line_1_117' title="bbox 1214 2809 1999 2839; baseline -0.003 -6"><span class='ocrx_word' id='word_1_1011' title='bbox 1214 2811 1252 2833; x_wconf 93' lang='lat'>77.</span> <span class='ocrx_word' id='word_1_1012' title='bbox 1271 2810 1369 2839; x_wconf 79' lang='lat' dir='ltr'>Ibidem,</span> <span class='ocrx_word' id='word_1_1013' title='bbox 1387 2810 1525 2833; x_wconf 85' lang='lat' dir='ltr'>bibliotheca</span> <span class='ocrx_word' id='word_1_1014' title='bbox 1543 2810 1707 2837; x_wconf 84' lang='lat' dir='ltr'>Riccardiana‚</span> <span class='ocrx_word' id='word_1_1015' title='bbox 1725 2810 1777 2833; x_wconf 91' lang='lat' dir='ltr'>cod.</span> <span class='ocrx_word' id='word_1_1016' title='bbox 1789 2809 1923 2833; x_wconf 88' lang='lat' dir='ltr'>CCCXLlX.</span> <span class='ocrx_word' id='word_1_1017' title='bbox 1936 2810 1999 2832; x_wconf 85' lang='lat' dir='ltr'>char-</span> 
     </span>
     <span class='ocr_line' id='line_1_118' title="bbox 1153 2856 1998 2885; baseline -0.004 -4"><span class='ocrx_word' id='word_1_1018' title='bbox 1153 2862 1196 2881; x_wconf 79' lang='lat' dir='ltr'>tac.</span> <span class='ocrx_word' id='word_1_1019' title='bbox 1213 2858 1259 2880; x_wconf 84' lang='lat' dir='ltr'>iam</span> <span class='ocrx_word' id='word_1_1020' title='bbox 1276 2858 1406 2885; x_wconf 82' lang='lat' dir='ltr'>descriptus</span> <span class='ocrx_word' id='word_1_1021' title='bbox 1431 2861 1486 2880; x_wconf 86' lang='lat' dir='ltr'>tom.</span> <span class='ocrx_word' id='word_1_1022' title='bbox 1505 2857 1532 2879; x_wconf 96' lang='lat' dir='ltr'>V.</span> <span class='ocrx_word' id='word_1_1023' title='bbox 1552 2863 1605 2885; x_wconf 82' lang='lat' dir='ltr'>pag.</span> <span class='ocrx_word' id='word_1_1024' title='bbox 1623 2857 1722 2880; x_wconf 88' lang='lat' dir='ltr'>XXXlV</span> <span class='ocrx_word' id='word_1_1025' title='bbox 1739 2864 1762 2879; x_wconf 93' lang='lat' dir='ltr'>n.</span> <span class='ocrx_word' id='word_1_1026' title='bbox 1777 2858 1798 2880; x_wconf 90' lang='lat'>2.</span> <span class='ocrx_word' id='word_1_1027' title='bbox 1811 2869 1842 2874; x_wconf 90' lang='lat'><strong>—</strong></span> <span class='ocrx_word' id='word_1_1028' title='bbox 1854 2856 1998 2885; x_wconf 86' lang='lat' dir='ltr'>Opusculum</span> 
     </span>
     <span class='ocr_line' id='line_1_119' title="bbox 1153 2903 1997 2934; baseline -0.004 -6"><span class='ocrx_word' id='word_1_1029' title='bbox 1153 2906 1233 2934; x_wconf 87' lang='lat' dir='ltr'>incipit</span> <span class='ocrx_word' id='word_1_1030' title='bbox 1250 2906 1285 2928; x_wconf 78' lang='lat' dir='ltr'>sol.</span> <span class='ocrx_word' id='word_1_1031' title='bbox 1303 2905 1342 2928; x_wconf 78' lang='lat'>79.</span> <span class='ocrx_word' id='word_1_1032' title='bbox 1359 2911 1380 2927; x_wconf 91' lang='lat' dir='ltr'>v.</span> <span class='ocrx_word' id='word_1_1033' title='bbox 1399 2908 1421 2928; x_wconf 81' lang='lat' dir='ltr'>et</span> <span class='ocrx_word' id='word_1_1034' title='bbox 1438 2905 1523 2927; x_wconf 88' lang='lat' dir='ltr'>desinit</span> <span class='ocrx_word' id='word_1_1035' title='bbox 1540 2906 1577 2927; x_wconf 82' lang='lat'>88.</span> <span class='ocrx_word' id='word_1_1036' title='bbox 1594 2911 1630 2933; x_wconf 74' lang='lat' dir='ltr'>v.‚</span> <span class='ocrx_word' id='word_1_1037' title='bbox 1648 2907 1673 2927; x_wconf 89' lang='lat' dir='ltr'>ut</span> <span class='ocrx_word' id='word_1_1038' title='bbox 1690 2905 1713 2927; x_wconf 90' lang='lat' dir='ltr'>in</span> <span class='ocrx_word' id='word_1_1039' title='bbox 1731 2905 1809 2932; x_wconf 82' lang='lat' dir='ltr'>editis,</span> <span class='ocrx_word' id='word_1_1040' title='bbox 1827 2904 1881 2926; x_wconf 88' lang='lat' dir='ltr'>dein</span> <span class='ocrx_word' id='word_1_1041' title='bbox 1893 2903 1997 2926; x_wconf 79' lang='lat' dir='ltr'>additur:</span> 
     </span>
     <span class='ocr_line' id='line_1_120' title="bbox 1153 2951 1933 2983; baseline -0.004 -6"><span class='ocrx_word' id='word_1_1042' title='bbox 1153 2954 1215 2977; x_wconf 85' lang='lat' dir='ltr'>Haec</span> <span class='ocrx_word' id='word_1_1043' title='bbox 1232 2952 1371 2983; x_wconf 79' lang='lat' dir='ltr'>compendia</span> <span class='ocrx_word' id='word_1_1044' title='bbox 1387 2952 1521 2982; x_wconf 86' lang='lat' dir='ltr'>composuit</span> <span class='ocrx_word' id='word_1_1045' title='bbox 1535 2951 1647 2976; x_wconf 82' lang='lat' dir='ltr'>dominus</span> <span class='ocrx_word' id='word_1_1046' title='bbox 1663 2952 1740 2982; x_wconf 71' lang='lat' dir='ltr'>stater</span> <span class='ocrx_word' id='word_1_1047' title='bbox 1757 2953 1933 2976; x_wconf 77' lang='lat' dir='ltr'>Bonaventnra.</span> 
     </span>
    </p>
   </div>
  </div>
 </body>
</html>
