<?xml version="1.0" encoding="UTF-8"?>
<!DOCTYPE html PUBLIC "-//W3C//DTD XHTML 1.0 Transitional//EN"
    "http://www.w3.org/TR/xhtml1/DTD/xhtml1-transitional.dtd">
<html xmlns="http://www.w3.org/1999/xhtml" xml:lang="en" lang="en">
 <head>
  <title>
</title>
<meta http-equiv="Content-Type" content="text/html;charset=utf-8" />
  <meta name='ocr-system' content='tesseract 3.04.00' />
  <meta name='ocr-capabilities' content='ocr_page ocr_carea ocr_par ocr_line ocrx_word'/>
</head>
<body>
  <div class='ocr_page' id='page_1' title='image "./doctorisseraphic08bona_0566.png"; bbox 0 0 2133 3317; ppageno 0'>
   <div class='ocr_carea' id='block_1_1' title="bbox 136 442 231 484">
    <p class='ocr_par' dir='ltr' id='par_1_1' title="bbox 136 442 231 484">
     <span class='ocr_line' id='line_1_1' title="bbox 136 442 231 461; baseline -0.011 0"><span class='ocrx_word' id='word_1_1' title='bbox 136 442 231 461; x_wconf 76' lang='lat' dir='ltr'><em>Panionia</em></span> 
     </span>
     <span class='ocr_line' id='line_1_2' title="bbox 155 467 213 484; baseline -0.017 0"><span class='ocrx_word' id='word_1_2' title='bbox 155 467 213 484; x_wconf 79' lang='lat' dir='ltr'><em>sexta.</em></span> 
     </span>
    </p>
   </div>
   <div class='ocr_carea' id='block_1_2' title="bbox 113 768 244 840">
    <p class='ocr_par' dir='ltr' id='par_1_2' title="bbox 113 768 244 840">
     <span class='ocr_line' id='line_1_3' title="bbox 119 768 244 788; baseline -0.008 0"><span class='ocrx_word' id='word_1_3' title='bbox 119 769 147 788; x_wconf 77' lang='lat' dir='ltr'><em>De</em></span> <span class='ocrx_word' id='word_1_4' title='bbox 156 768 244 787; x_wconf 83' lang='lat' dir='ltr'><em>contiuua</em></span> 
     </span>
     <span class='ocr_line' id='line_1_4' title="bbox 113 792 244 811; baseline -0.008 0"><span class='ocrx_word' id='word_1_5' title='bbox 113 792 199 811; x_wconf 80' lang='lat' dir='ltr'><em>oratione</em></span> <span class='ocrx_word' id='word_1_6' title='bbox 211 792 244 811; x_wconf 85' lang='lat' dir='ltr'><em>tri-</em></span> 
     </span>
     <span class='ocr_line' id='line_1_5' title="bbox 114 816 166 840; baseline -0.019 -5"><span class='ocrx_word' id='word_1_7' title='bbox 114 816 166 840; x_wconf 82' lang='lat' dir='ltr'>plici.</span> 
     </span>
    </p>
   </div>
   <div class='ocr_carea' id='block_1_3' title="bbox 257 216 316 245">
    <p class='ocr_par' dir='ltr' id='par_1_3' title="bbox 257 216 316 245">
     <span class='ocr_line' id='line_1_6' title="bbox 257 216 316 245; baseline 0.017 -1"><span class='ocrx_word' id='word_1_8' title='bbox 257 216 316 245; x_wconf 71' lang='lat'><em>434</em></span> 
     </span>
    </p>
   </div>
   <div class='ocr_carea' id='block_1_4' title="bbox 257 290 1115 1458">
    <p class='ocr_par' dir='ltr' id='par_1_4' title="bbox 258 290 1108 371">
     <span class='ocr_line' id='line_1_7' title="bbox 258 290 1108 331; baseline -0.007 -7"><span class='ocrx_word' id='word_1_9' title='bbox 258 295 301 324; x_wconf 91' lang='lat' dir='ltr'><em>vel</em></span> <span class='ocrx_word' id='word_1_10' title='bbox 322 294 475 331; x_wconf 90' lang='lat' dir='ltr'><em>superioris</em></span> <span class='ocrx_word' id='word_1_11' title='bbox 503 293 714 325; x_wconf 83' lang='lat' dir='ltr'><em>auctoritatem,</em></span> <span class='ocrx_word' id='word_1_12' title='bbox 744 291 787 320; x_wconf 87' lang='lat' dir='ltr'><em>vel</em></span> <span class='ocrx_word' id='word_1_13' title='bbox 812 299 876 319; x_wconf 92' lang='lat' dir='ltr'><em>cum</em></span> <span class='ocrx_word' id='word_1_14' title='bbox 898 290 1045 319; x_wconf 82' lang='lat' dir='ltr'><em>ordinatur</em></span> <span class='ocrx_word' id='word_1_15' title='bbox 1074 291 1108 319; x_wconf 87' lang='lat' dir='ltr'><em>ad</em></span> 
     </span>
     <span class='ocr_line' id='line_1_8' title="bbox 258 339 641 371; baseline -0.013 0"><span class='ocrx_word' id='word_1_16' title='bbox 258 341 417 371; x_wconf 86' lang='lat' dir='ltr'><em>scandalum</em></span> <span class='ocrx_word' id='word_1_17' title='bbox 440 339 641 369; x_wconf 85' lang='lat' dir='ltr'><em>suscitandum.</em></span> 
     </span>
    </p>

    <p class='ocr_par' dir='ltr' id='par_1_5' title="bbox 257 384 1115 1458">
     <span class='ocr_line' id='line_1_9' title="bbox 339 384 1109 423; baseline -0.005 -7"><span class='ocrx_word' id='word_1_18' title='bbox 339 389 364 416; x_wconf 82' lang='lat'><em>9.</em></span> <span class='ocrx_word' id='word_1_19' title='bbox 388 388 439 415; x_wconf 88' lang='lat' dir='ltr'><em>Pro</em></span> <span class='ocrx_word' id='word_1_20' title='bbox 461 389 541 415; x_wconf 86' lang='lat' dir='ltr'><em>sexta</em></span> <span class='ocrx_word' id='word_1_21' title='bbox 556 388 635 422; x_wconf 88' lang='lat' dir='ltr'><em>parte</em></span> <span class='ocrx_word' id='word_1_22' title='bbox 650 385 759 414; x_wconf 88' lang='lat' dir='ltr'><em>subdit:</em></span> <span class='ocrx_word' id='word_1_23' title='bbox 776 384 832 413; x_wconf 78' lang='lat' dir='ltr'><em>Sed</em></span> <span class='ocrx_word' id='word_1_24' title='bbox 846 385 1016 419; x_wconf 80' lang='lat' dir='ltr'><em>attendant,</em></span> <span class='ocrx_word' id='word_1_25' title='bbox 1032 385 1109 423; x_wconf 80' lang='lat' dir='ltr'><em>quod</em></span> 
     </span>
     <span class='ocr_line' id='line_1_10' title="bbox 258 430 1107 472; baseline -0.005 -9"><span class='ocrx_word' id='word_1_26' title='bbox 258 443 347 472; x_wconf 72' lang='lat' dir='ltr'><em>super</em></span> <span class='ocrx_word' id='word_1_27' title='bbox 374 433 475 462; x_wconf 79' lang='lat' dir='ltr'><em>omnia</em></span> <span class='ocrx_word' id='word_1_28' title='bbox 503 433 671 461; x_wconf 80' lang='lat' dir='ltr'><em>desiderare</em></span> <span class='ocrx_word' id='word_1_29' title='bbox 703 431 803 460; x_wconf 82' lang='lat' dir='ltr'><em>debent</em></span> <span class='ocrx_word' id='word_1_30' title='bbox 830 430 935 460; x_wconf 74' lang='lat' dir='ltr'><em>habere</em></span> <span class='ocrx_word' id='word_1_31' title='bbox 966 431 1107 468; x_wconf 79' lang='lat' dir='ltr'><em>spiritum</em></span> 
     </span>
     <span class='ocr_line' id='line_1_11' title="bbox 260 479 1109 518; baseline -0.005 -7"><span class='ocrx_word' id='word_1_32' title='bbox 260 481 393 515; x_wconf 85' lang='lat' dir='ltr'><em>Domini,</em></span> <span class='ocrx_word' id='word_1_33' title='bbox 416 489 499 518; x_wconf 89' lang='lat' dir='ltr'><em>quem</em></span> <span class='ocrx_word' id='word_1_34' title='bbox 521 481 629 516; x_wconf 85' lang='lat' dir='ltr'><em>supral</em></span> <span class='ocrx_word' id='word_1_35' title='bbox 651 479 723 507; x_wconf 80' lang='lat' dir='ltr'>dixit</span> <span class='ocrx_word' id='word_1_36' title='bbox 747 479 887 516; x_wconf 78' lang='lat' dir='ltr'><em>spiritum</em></span> <span class='ocrx_word' id='word_1_37' title='bbox 914 482 1034 507; x_wconf 79' lang='lat' dir='ltr'><em>sanctae</em></span> <span class='ocrx_word' id='word_1_38' title='bbox 1062 479 1109 508; x_wconf 75' lang='lat' dir='ltr'><em>cle-</em></span> 
     </span>
     <span class='ocr_line' id='line_1_12' title="bbox 257 526 1109 563; baseline -0.004 -6"><span class='ocrx_word' id='word_1_39' title='bbox 257 528 390 557; x_wconf 81' lang='lat' dir='ltr'><em>votionis.</em></span> <span class='ocrx_word' id='word_1_40' title='bbox 407 528 459 556; x_wconf 88' lang='lat' dir='ltr'><em>Ista</em></span> <span class='ocrx_word' id='word_1_41' title='bbox 478 538 491 552; x_wconf 71' lang='grc' dir='ltr'><em>(ι</em></span> <span class='ocrx_word' id='word_1_42' title='bbox 506 527 615 555; x_wconf 91' lang='lat' dir='ltr'><em>devotio</em></span> <span class='ocrx_word' id='word_1_43' title='bbox 636 529 678 555; x_wconf 89' lang='lat' dir='ltr'><em>est</em></span> <span class='ocrx_word' id='word_1_44' title='bbox 700 526 762 563; x_wconf 90' lang='lat' dir='ltr'><em>pius</em></span> <span class='ocrx_word' id='word_1_45' title='bbox 777 530 805 555; x_wconf 87' lang='lat' dir='ltr'><em>et</em></span> <span class='ocrx_word' id='word_1_46' title='bbox 819 526 933 555; x_wconf 90' lang='lat' dir='ltr'><em>humilis</em></span> <span class='ocrx_word' id='word_1_47' title='bbox 952 526 1067 555; x_wconf 84' lang='lat' dir='ltr'><em>affectus</em></span> <span class='ocrx_word' id='word_1_48' title='bbox 1081 526 1109 554; x_wconf 90' lang='lat' dir='ltr'><em>in</em></span> 
     </span>
     <span class='ocr_line' id='line_1_13' title="bbox 258 573 1110 611; baseline -0.004 -7"><span class='ocrx_word' id='word_1_49' title='bbox 258 576 346 604; x_wconf 90' lang='lat' dir='ltr'><em>Deum</em></span> <span class='ocrx_word' id='word_1_50' title='bbox 362 587 389 609; x_wconf 83' lang='lat'><em>»‚</em></span> <span class='ocrx_word' id='word_1_51' title='bbox 411 574 459 611; x_wconf 90' lang='lat' dir='ltr'><em>qui</em></span> <span class='ocrx_word' id='word_1_52' title='bbox 485 582 522 602; x_wconf 79' lang='lat' dir='ltr'><em>ex</em></span> <span class='ocrx_word' id='word_1_53' title='bbox 550 573 762 610; x_wconf 83' lang='lat' dir='ltr'><em>compunctione</em></span> <span class='ocrx_word' id='word_1_54' title='bbox 790 576 949 610; x_wconf 82' lang='lat' dir='ltr'><em>generatur.</em></span> <span class='ocrx_word' id='word_1_55' title='bbox 980 574 1014 601; x_wconf 82' lang='lat' dir='ltr'><em>Et</em></span> <span class='ocrx_word' id='word_1_56' title='bbox 1041 581 1110 601; x_wconf 80' lang='lat' dir='ltr'><em>san-</em></span> 
     </span>
     <span class='ocr_line' id='line_1_14' title="bbox 258 620 1111 658; baseline -0.004 -7"><span class='ocrx_word' id='word_1_57' title='bbox 258 626 336 651; x_wconf 83' lang='lat' dir='ltr'><em>ctam</em></span> <span class='ocrx_word' id='word_1_58' title='bbox 358 621 421 650; x_wconf 81' lang='lat' dir='ltr'><em>eius</em></span> <span class='ocrx_word' id='word_1_59' title='bbox 443 621 647 658; x_wconf 75' lang='lat' dir='ltr'><em>operationem.</em></span> <span class='ocrx_word' id='word_1_60' title='bbox 677 620 772 649; x_wconf 77' lang='lat' dir='ltr'>Oratio</span> <span class='ocrx_word' id='word_1_61' title='bbox 797 620 869 649; x_wconf 92' lang='lat' dir='ltr'><em>enim</em></span> <span class='ocrx_word' id='word_1_62' title='bbox 892 620 958 649; x_wconf 89' lang='lat' dir='ltr'><em>dicit</em></span> <span class='ocrx_word' id='word_1_63' title='bbox 980 620 1111 657; x_wconf 73' lang='lat' dir='ltr'><em>Spiritus</em></span> 
     </span>
     <span class='ocr_line' id='line_1_15' title="bbox 259 666 1110 706; baseline -0.004 -9"><span class='ocrx_word' id='word_1_64' title='bbox 259 668 472 706; x_wconf 74' lang='lat' dir='ltr'><em>operationem,</em></span> <span class='ocrx_word' id='word_1_65' title='bbox 505 667 571 704; x_wconf 87' lang='lat' dir='ltr'><em>quia</em></span> <span class='ocrx_word' id='word_1_66' title='bbox 601 667 703 695; x_wconf 87' lang='lat' dir='ltr'><em>dicitur</em></span> <span class='ocrx_word' id='word_1_67' title='bbox 735 666 769 695; x_wconf 90' lang='lat' dir='ltr'><em>ad</em></span> <span class='ocrx_word' id='word_1_68' title='bbox 801 667 936 695; x_wconf 86' lang='lat' dir='ltr'><em>Romanos</em></span> <span class='ocrx_word' id='word_1_69' title='bbox 964 669 1061 695; x_wconf 85' lang='lat' dir='ltr'><em>octavo</em></span> <span class='ocrx_word' id='word_1_70' title='bbox 1081 666 1110 694; x_wconf 82' lang='lat'><em>²:</em></span> 
     </span>
     <span class='ocr_line' id='line_1_16' title="bbox 262 713 1112 753; baseline -0.004 -9"><span class='ocrx_word' id='word_1_71' title='bbox 262 716 392 753; x_wconf 74' lang='lat' dir='ltr'><em>Spiritus</em></span> <span class='ocrx_word' id='word_1_72' title='bbox 418 714 550 752; x_wconf 73' lang='lat' dir='ltr'><em>postulat</em></span> <span class='ocrx_word' id='word_1_73' title='bbox 566 722 624 751; x_wconf 80' lang='lat' dir='ltr'><em>pro</em></span> <span class='ocrx_word' id='word_1_74' title='bbox 645 713 728 742; x_wconf 72' lang='lat' dir='ltr'><em>nobis</em></span> <span class='ocrx_word' id='word_1_75' title='bbox 748 713 904 751; x_wconf 70' lang='lat' dir='ltr'><em>yemitibns</em></span> <span class='ocrx_word' id='word_1_76' title='bbox 925 713 1112 742; x_wconf 81' lang='lat' dir='ltr'><em>inenarrabi-</em></span> 
     </span>
     <span class='ocr_line' id='line_1_17' title="bbox 262 760 1113 798; baseline -0.004 -7"><span class='ocrx_word' id='word_1_77' title='bbox 262 762 346 791; x_wconf 76' lang='lat' dir='ltr'><em>libus.</em></span> <span class='ocrx_word' id='word_1_78' title='bbox 359 779 398 783; x_wconf 91' lang='lat'>—</span> <span class='ocrx_word' id='word_1_79' title='bbox 412 762 507 790; x_wconf 73' lang='lat' dir='ltr'><em>Orare</em></span> <span class='ocrx_word' id='word_1_80' title='bbox 521 770 634 798; x_wconf 78' lang='lat' dir='ltr'><em>semper</em></span> <span class='ocrx_word' id='word_1_81' title='bbox 648 761 689 789; x_wconf 81' lang='lat' dir='ltr'><em>ad</em></span> <span class='ocrx_word' id='word_1_82' title='bbox 706 761 797 789; x_wconf 74' lang='lat' dir='ltr'><em>Deum</em></span> <span class='ocrx_word' id='word_1_83' title='bbox 809 761 819 777; x_wconf 83' lang='lat'>³</span> <span class='ocrx_word' id='word_1_84' title='bbox 836 769 915 797; x_wconf 76' lang='lat' dir='ltr'><em>puro</em></span> <span class='ocrx_word' id='word_1_85' title='bbox 938 760 1040 794; x_wconf 76' lang='lat' dir='ltr'><em>corde‚·</em></span> <span class='ocrx_word' id='word_1_86' title='bbox 1059 761 1113 789; x_wconf 92' lang='lat' dir='ltr'><em>Lu-</em></span> 
     </span>
     <span class='ocr_line' id='line_1_18' title="bbox 261 808 1111 845; baseline -0.005 -7"><span class='ocrx_word' id='word_1_87' title='bbox 261 818 309 839; x_wconf 98' lang='lat' dir='ltr'><em>cae</em></span> <span class='ocrx_word' id='word_1_88' title='bbox 330 809 437 838; x_wconf 91' lang='lat' dir='ltr'><em>decimo</em></span> <span class='ocrx_word' id='word_1_89' title='bbox 459 811 574 837; x_wconf 84' lang='lat' dir='ltr'><em>octavo:</em></span> <span class='ocrx_word' id='word_1_90' title='bbox 603 808 719 845; x_wconf 80' lang='lat' dir='ltr'><em>Oportet</em></span> <span class='ocrx_word' id='word_1_91' title='bbox 746 816 858 844; x_wconf 78' lang='lat' dir='ltr'><em>semper</em></span> <span class='ocrx_word' id='word_1_92' title='bbox 887 815 974 835; x_wconf 72' lang='lat' dir='ltr'><em>orare</em></span> <span class='ocrx_word' id='word_1_93' title='bbox 1002 811 1027 835; x_wconf 82' lang='lat' dir='ltr'><em>et</em></span> <span class='ocrx_word' id='word_1_94' title='bbox 1054 815 1111 835; x_wconf 83' lang='lat' dir='ltr'><em>non</em></span> 
     </span>
     <span class='ocr_line' id='line_1_19' title="bbox 261 854 1111 893; baseline -0.004 -8"><span class='ocrx_word' id='word_1_95' title='bbox 261 856 397 893; x_wconf 77' lang='lat' dir='ltr'><em>desieere;</em></span> <span class='ocrx_word' id='word_1_96' title='bbox 419 859 446 884; x_wconf 91' lang='lat' dir='ltr'><em>et</em></span> <span class='ocrx_word' id='word_1_97' title='bbox 468 855 573 892; x_wconf 92' lang='lat' dir='ltr'><em>primae</em></span> <span class='ocrx_word' id='word_1_98' title='bbox 587 855 621 883; x_wconf 91' lang='lat' dir='ltr'><em>ad</em></span> <span class='ocrx_word' id='word_1_99' title='bbox 640 855 899 884; x_wconf 74' lang='lat' dir='ltr'><em>Thessalonicenses</em></span> <span class='ocrx_word' id='word_1_100' title='bbox 914 855 1027 891; x_wconf 87' lang='lat' dir='ltr'><em>quinto:</em></span> <span class='ocrx_word' id='word_1_101' title='bbox 1044 854 1111 882; x_wconf 81' lang='lat' dir='ltr'><em>Sine</em></span> 
     </span>
     <span class='ocr_line' id='line_1_20' title="bbox 260 901 1112 938; baseline -0.004 -6"><span class='ocrx_word' id='word_1_102' title='bbox 260 903 474 933; x_wconf 70' lang='lat' dir='ltr'><em>intermissione</em></span> <span class='ocrx_word' id='word_1_103' title='bbox 495 906 584 931; x_wconf 77' lang='lat' dir='ltr'><em>orate.</em></span> <span class='ocrx_word' id='word_1_104' title='bbox 608 903 661 930; x_wconf 89' lang='lat' dir='ltr'><em>Hoc</em></span> <span class='ocrx_word' id='word_1_105' title='bbox 683 904 777 930; x_wconf 83' lang='lat' dir='ltr'><em>autem</em></span> <span class='ocrx_word' id='word_1_106' title='bbox 792 901 928 938; x_wconf 76' lang='lat' dir='ltr'><em>triplicem</em></span> <span class='ocrx_word' id='word_1_107' title='bbox 945 901 1028 930; x_wconf 88' lang='lat' dir='ltr'><em>habet</em></span> <span class='ocrx_word' id='word_1_108' title='bbox 1050 909 1112 930; x_wconf 89' lang='lat' dir='ltr'><em>sen-</em></span> 
     </span>
     <span class='ocr_line' id='line_1_21' title="bbox 260 948 1111 987; baseline -0.004 -8"><span class='ocrx_word' id='word_1_109' title='bbox 260 959 338 985; x_wconf 91' lang='lat' dir='ltr'><em>sum,</em></span> <span class='ocrx_word' id='word_1_110' title='bbox 360 958 482 987; x_wconf 82' lang='lat' dir='ltr'><em>quorum</em></span> <span class='ocrx_word' id='word_1_111' title='bbox 497 950 553 978; x_wconf 93' lang='lat' dir='ltr'><em>duo</em></span> <span class='ocrx_word' id='word_1_112' title='bbox 569 952 723 986; x_wconf 82' lang='lat' dir='ltr'><em>tanguntur</em></span> <span class='ocrx_word' id='word_1_113' title='bbox 744 949 771 977; x_wconf 91' lang='lat' dir='ltr'><em>in</em></span> <span class='ocrx_word' id='word_1_114' title='bbox 793 948 888 977; x_wconf 89' lang='lat' dir='ltr'><em>Glossa</em></span> <span class='ocrx_word' id='word_1_115' title='bbox 902 949 991 977; x_wconf 88' lang='lat' dir='ltr'><em>Lucae</em></span> <span class='ocrx_word' id='word_1_116' title='bbox 1005 948 1111 976; x_wconf 90' lang='lat' dir='ltr'><em>decimo</em></span> 
     </span>
     <span class='ocr_line' id='line_1_22' title="bbox 260 995 1112 1034; baseline -0.005 -7"><span class='ocrx_word' id='word_1_117' title='bbox 260 1001 398 1027; x_wconf 61' lang='lat' dir='ltr'><em>octavo⁴z</em></span> <span class='ocrx_word' id='word_1_118' title='bbox 426 1009 438 1022; x_wconf 89' lang='lat'>«</span> <span class='ocrx_word' id='word_1_119' title='bbox 455 997 524 1034; x_wconf 87' lang='lat' dir='ltr'><em>Quia</em></span> <span class='ocrx_word' id='word_1_120' title='bbox 544 1005 657 1034; x_wconf 80' lang='lat' dir='ltr'><em>semper</em></span> <span class='ocrx_word' id='word_1_121' title='bbox 682 1005 771 1024; x_wconf 79' lang='lat' dir='ltr'><em>orare</em></span> <span class='ocrx_word' id='word_1_122' title='bbox 792 998 834 1024; x_wconf 88' lang='lat' dir='ltr'><em>est</em></span> <span class='ocrx_word' id='word_1_123' title='bbox 855 995 1000 1024; x_wconf 87' lang='lat' dir='ltr'><em>canonicas</em></span> <span class='ocrx_word' id='word_1_124' title='bbox 1028 995 1112 1023; x_wconf 87' lang='lat' dir='ltr'><em>horas</em></span> 
     </span>
     <span class='ocr_line' id='line_1_23' title="bbox 260 1041 1111 1082; baseline -0.006 -8"><span class='ocrx_word' id='word_1_125' title='bbox 260 1045 383 1082; x_wconf 87' lang='lat' dir='ltr'><em>quotidie</em></span> <span class='ocrx_word' id='word_1_126' title='bbox 404 1044 497 1073; x_wconf 90' lang='lat' dir='ltr'><em>debito</em></span> <span class='ocrx_word' id='word_1_127' title='bbox 519 1043 599 1072; x_wconf 90' lang='lat' dir='ltr'><em>modo</em></span> <span class='ocrx_word' id='word_1_128' title='bbox 620 1043 721 1071; x_wconf 85' lang='lat' dir='ltr'><em>dicere.</em></span> <span class='ocrx_word' id='word_1_129' title='bbox 745 1043 827 1076; x_wconf 84' lang='lat' dir='ltr'><em>Item,</em></span> <span class='ocrx_word' id='word_1_130' title='bbox 850 1050 960 1079; x_wconf 83' lang='lat' dir='ltr'><em>semper</em></span> <span class='ocrx_word' id='word_1_131' title='bbox 982 1044 1044 1070; x_wconf 87' lang='lat' dir='ltr'><em>orat</em></span> <span class='ocrx_word' id='word_1_132' title='bbox 1063 1041 1111 1078; x_wconf 89' lang='lat' dir='ltr'><em>qui</em></span> 
     </span>
     <span class='ocr_line' id='line_1_24' title="bbox 261 1090 1113 1128; baseline -0.005 -7"><span class='ocrx_word' id='word_1_133' title='bbox 261 1100 370 1128; x_wconf 77' lang='lat' dir='ltr'><em>semper</em></span> <span class='ocrx_word' id='word_1_134' title='bbox 391 1091 461 1120; x_wconf 88' lang='lat' dir='ltr'><em>bene</em></span> <span class='ocrx_word' id='word_1_135' title='bbox 482 1091 578 1127; x_wconf 79' lang='lat' dir='ltr'><em>agit».</em></span> <span class='ocrx_word' id='word_1_136' title='bbox 602 1090 694 1119; x_wconf 91' lang='lat' dir='ltr'><em>Tertio</em></span> <span class='ocrx_word' id='word_1_137' title='bbox 716 1090 811 1124; x_wconf 89' lang='lat' dir='ltr'><em>modo,</em></span> <span class='ocrx_word' id='word_1_138' title='bbox 834 1097 944 1126; x_wconf 81' lang='lat' dir='ltr'><em>semper</em></span> <span class='ocrx_word' id='word_1_139' title='bbox 966 1097 1047 1117; x_wconf 88' lang='lat' dir='ltr'><em>orare</em></span> <span class='ocrx_word' id='word_1_140' title='bbox 1071 1091 1113 1117; x_wconf 88' lang='lat' dir='ltr'><em>est</em></span> 
     </span>
     <span class='ocr_line' id='line_1_25' title="bbox 262 1136 1112 1176; baseline -0.004 -9"><span class='ocrx_word' id='word_1_141' title='bbox 262 1140 391 1176; x_wconf 90' lang='lat' dir='ltr'><em>spiritum</em></span> <span class='ocrx_word' id='word_1_142' title='bbox 414 1138 568 1167; x_wconf 84' lang='lat' dir='ltr'><em>devotionis</em></span> <span class='ocrx_word' id='word_1_143' title='bbox 590 1146 699 1174; x_wconf 80' lang='lat' dir='ltr'><em>semper</em></span> <span class='ocrx_word' id='word_1_144' title='bbox 728 1137 922 1166; x_wconf 85' lang='lat' dir='ltr'><em>inviolabiliter</em></span> <span class='ocrx_word' id='word_1_145' title='bbox 947 1136 1112 1170; x_wconf 86' lang='lat' dir='ltr'><em>observare,</em></span> 
     </span>
     <span class='ocr_line' id='line_1_26' title="bbox 262 1183 1114 1223; baseline -0.004 -9"><span class='ocrx_word' id='word_1_146' title='bbox 262 1194 333 1223; x_wconf 87' lang='lat' dir='ltr'><em>quae</em></span> <span class='ocrx_word' id='word_1_147' title='bbox 356 1185 449 1214; x_wconf 87' lang='lat' dir='ltr'><em>habita</em></span> <span class='ocrx_word' id='word_1_148' title='bbox 471 1185 542 1213; x_wconf 89' lang='lat' dir='ltr'><em>inter</em></span> <span class='ocrx_word' id='word_1_149' title='bbox 565 1192 759 1221; x_wconf 86' lang='lat' dir='ltr'><em>quascumque</em></span> <span class='ocrx_word' id='word_1_150' title='bbox 773 1183 968 1220; x_wconf 76' lang='lat' dir='ltr'><em>occupationes</em></span> <span class='ocrx_word' id='word_1_151' title='bbox 984 1183 1052 1212; x_wconf 87' lang='lat' dir='ltr'><em>solet</em></span> <span class='ocrx_word' id='word_1_152' title='bbox 1067 1190 1114 1219; x_wconf 84' lang='lat' dir='ltr'><em>ge-</em></span> 
     </span>
     <span class='ocr_line' id='line_1_27' title="bbox 261 1230 1113 1269; baseline -0.004 -8"><span class='ocrx_word' id='word_1_153' title='bbox 261 1233 376 1262; x_wconf 81' lang='lat' dir='ltr'><em>mitibus</em></span> <span class='ocrx_word' id='word_1_154' title='bbox 397 1236 424 1261; x_wconf 87' lang='lat' dir='ltr'><em>et</em></span> <span class='ocrx_word' id='word_1_155' title='bbox 445 1232 573 1269; x_wconf 85' lang='lat' dir='ltr'><em>suspiriis</em></span> <span class='ocrx_word' id='word_1_156' title='bbox 601 1231 834 1260; x_wconf 80' lang='lat' dir='ltr'><em>inenarrabilibus</em></span> <span class='ocrx_word' id='word_1_157' title='bbox 862 1230 964 1259; x_wconf 76' lang='lat' dir='ltr'><em>Christi</em></span> <span class='ocrx_word' id='word_1_158' title='bbox 993 1230 1113 1258; x_wconf 85' lang='lat' dir='ltr'><em>clemen-</em></span> 
     </span>
     <span class='ocr_line' id='line_1_28' title="bbox 262 1277 1113 1316; baseline -0.005 -7"><span class='ocrx_word' id='word_1_159' title='bbox 262 1280 327 1309; x_wconf 83' lang='lat' dir='ltr'><em>tiam</em></span> <span class='ocrx_word' id='word_1_160' title='bbox 350 1280 501 1316; x_wconf 87' lang='lat' dir='ltr'><em>implorare</em></span> <span class='ocrx_word' id='word_1_161' title='bbox 523 1278 779 1315; x_wconf 76' lang='lat' dir='ltr'><em>imperceptibiliter</em></span> <span class='ocrx_word' id='word_1_162' title='bbox 792 1278 811 1305; x_wconf 87' lang='lat'><em>⁵.</em></span> <span class='ocrx_word' id='word_1_163' title='bbox 835 1278 865 1306; x_wconf 85' lang='lat' dir='ltr'><em>Et</em></span> <span class='ocrx_word' id='word_1_164' title='bbox 886 1277 919 1306; x_wconf 87' lang='lat' dir='ltr'><em>ad</em></span> <span class='ocrx_word' id='word_1_165' title='bbox 935 1278 988 1306; x_wconf 86' lang='lat' dir='ltr'><em>hoc</em></span> <span class='ocrx_word' id='word_1_166' title='bbox 1003 1277 1048 1306; x_wconf 87' lang='lat' dir='ltr'><em>hic</em></span> <span class='ocrx_word' id='word_1_167' title='bbox 1064 1277 1113 1305; x_wconf 82' lang='lat' dir='ltr'><em>Re-</em></span> 
     </span>
     <span class='ocr_line' id='line_1_29' title="bbox 262 1325 1114 1364; baseline -0.004 -9"><span class='ocrx_word' id='word_1_168' title='bbox 262 1327 342 1364; x_wconf 83' lang='lat' dir='ltr'><em>gula,</em></span> <span class='ocrx_word' id='word_1_169' title='bbox 364 1329 396 1355; x_wconf 90' lang='lat' dir='ltr'><em>ut</em></span> <span class='ocrx_word' id='word_1_170' title='bbox 417 1326 563 1360; x_wconf 82' lang='lat' dir='ltr'><em>existimo,</em></span> <span class='ocrx_word' id='word_1_171' title='bbox 586 1325 756 1354; x_wconf 81' lang='lat' dir='ltr'><em>manuducit.</em></span> <span class='ocrx_word' id='word_1_172' title='bbox 779 1326 888 1353; x_wconf 86' lang='lat' dir='ltr'><em>Fratres</em></span> <span class='ocrx_word' id='word_1_173' title='bbox 904 1325 989 1361; x_wconf 74' lang='lat' dir='ltr'><em>igitur</em></span> <span class='ocrx_word' id='word_1_174' title='bbox 1004 1332 1114 1361; x_wconf 87' lang='lat' dir='ltr'><em>semper</em></span> 
     </span>
     <span class='ocr_line' id='line_1_30' title="bbox 262 1371 1115 1408; baseline -0.005 -6"><span class='ocrx_word' id='word_1_175' title='bbox 262 1377 374 1402; x_wconf 85' lang='lat' dir='ltr'><em>orantes</em></span> <span class='ocrx_word' id='word_1_176' title='bbox 402 1373 534 1402; x_wconf 81' lang='lat' dir='ltr'><em>accidiam</em></span> <span class='ocrx_word' id='word_1_177' title='bbox 561 1380 577 1400; x_wconf 89' lang='lat' dir='ltr'><em>a</em></span> <span class='ocrx_word' id='word_1_178' title='bbox 605 1380 633 1401; x_wconf 85' lang='lat' dir='ltr'><em>se</em></span> <span class='ocrx_word' id='word_1_179' title='bbox 662 1372 818 1400; x_wconf 84' lang='lat' dir='ltr'><em>excludunt</em></span> <span class='ocrx_word' id='word_1_180' title='bbox 843 1375 870 1400; x_wconf 88' lang='lat' dir='ltr'><em>et</em></span> <span class='ocrx_word' id='word_1_181' title='bbox 899 1379 948 1408; x_wconf 88' lang='lat' dir='ltr'><em>per</em></span> <span class='ocrx_word' id='word_1_182' title='bbox 970 1371 1115 1399; x_wconf 79' lang='lat' dir='ltr'><em>ieiunium</em></span> 
     </span>
     <span class='ocr_line' id='line_1_31' title="bbox 262 1418 1114 1458; baseline -0.004 -9"><span class='ocrx_word' id='word_1_183' title='bbox 262 1420 370 1458; x_wconf 66' lang='lat' dir='ltr'><em>gandii</em></span> <span class='ocrx_word' id='word_1_184' title='bbox 383 1428 464 1448; x_wconf 90' lang='lat' dir='ltr'><em>omne</em></span> <span class='ocrx_word' id='word_1_185' title='bbox 480 1420 589 1448; x_wconf 85' lang='lat' dir='ltr'><em>carnale</em></span> <span class='ocrx_word' id='word_1_186' title='bbox 605 1419 733 1447; x_wconf 88' lang='lat' dir='ltr'><em>solatium</em></span> <span class='ocrx_word' id='word_1_187' title='bbox 750 1419 847 1455; x_wconf 80' lang='lat' dir='ltr'><em>procul</em></span> <span class='ocrx_word' id='word_1_188' title='bbox 864 1418 985 1455; x_wconf 86' lang='lat' dir='ltr'><em>pellunt,</em></span> <span class='ocrx_word' id='word_1_189' title='bbox 1007 1418 1055 1447; x_wconf 86' lang='lat' dir='ltr'><em>ubi</em></span> <span class='ocrx_word' id='word_1_190' title='bbox 1070 1426 1114 1446; x_wconf 87' lang='lat' dir='ltr'><em>ca-</em></span> 
     </span>
    </p>
   </div>
   <div class='ocr_carea' id='block_1_5' title="bbox 494 212 1777 244">
    <p class='ocr_par' dir='ltr' id='par_1_6' title="bbox 494 212 1777 244">
     <span class='ocr_line' id='line_1_32' title="bbox 494 212 1777 244; baseline -0.002 0"><span class='ocrx_word' id='word_1_191' title='bbox 494 215 692 244; x_wconf 89' lang='lat' dir='ltr'>OPUSCULUM</span> <span class='ocrx_word' id='word_1_192' title='bbox 714 214 780 242; x_wconf 87' lang='lat' dir='ltr'><em>XVl.</em></span> <span class='ocrx_word' id='word_1_193' title='bbox 802 212 978 241; x_wconf 84' lang='lat' dir='ltr'>EXPOSITIO</span> <span class='ocrx_word' id='word_1_194' title='bbox 999 212 1101 241; x_wconf 85' lang='lat' dir='ltr'>SUPER</span> <span class='ocrx_word' id='word_1_195' title='bbox 1124 212 1277 241; x_wconf 75' lang='lat' dir='ltr'>REGULAM</span> <span class='ocrx_word' id='word_1_196' title='bbox 1299 213 1453 241; x_wconf 79' lang='lat' dir='ltr'><strong>FRATRUM</strong></span> <span class='ocrx_word' id='word_1_197' title='bbox 1474 212 1637 241; x_wconf 85' lang='lat' dir='ltr'><em>MINORUM.</em></span> <span class='ocrx_word' id='word_1_198' title='bbox 1659 212 1727 241; x_wconf 73' lang='lat' dir='ltr'><em>CAP.</em></span> <span class='ocrx_word' id='word_1_199' title='bbox 1746 213 1777 241; x_wconf 85' lang='lat' dir='ltr'><em>X.</em></span> 
     </span>
    </p>
   </div>
   <div class='ocr_carea' id='block_1_6' title="bbox 1163 290 2021 1453">
    <p class='ocr_par' dir='ltr' id='par_1_7' title="bbox 1163 290 2013 366">
     <span class='ocr_line' id='line_1_33' title="bbox 1163 290 2013 328; baseline 0.001 -10"><span class='ocrx_word' id='word_1_200' title='bbox 1163 290 1251 319; x_wconf 87' lang='lat' dir='ltr'><em>venda</em></span> <span class='ocrx_word' id='word_1_201' title='bbox 1272 294 1314 319; x_wconf 87' lang='lat' dir='ltr'><em>est</em></span> <span class='ocrx_word' id='word_1_202' title='bbox 1335 291 1458 320; x_wconf 87' lang='lat' dir='ltr'><em>haeresis</em></span> <span class='ocrx_word' id='word_1_203' title='bbox 1479 291 1721 325; x_wconf 86' lang='lat' dir='ltr'><em>Massalianorum,</em></span> <span class='ocrx_word' id='word_1_204' title='bbox 1747 298 1818 328; x_wconf 89' lang='lat' dir='ltr'><em>quae</em></span> <span class='ocrx_word' id='word_1_205' title='bbox 1840 291 1960 319; x_wconf 87' lang='lat' dir='ltr'><em>habetur</em></span> <span class='ocrx_word' id='word_1_206' title='bbox 1982 291 2013 319; x_wconf 94' lang='lat' dir='ltr'><em>li-</em></span> 
     </span>
     <span class='ocr_line' id='line_1_34' title="bbox 1163 337 1487 366; baseline 0.003 -1"><span class='ocrx_word' id='word_1_207' title='bbox 1163 337 1214 365; x_wconf 88' lang='lat' dir='ltr'><em>bro</em></span> <span class='ocrx_word' id='word_1_208' title='bbox 1234 337 1268 366; x_wconf 90' lang='lat' dir='ltr'><em>de</em></span> <span class='ocrx_word' id='word_1_209' title='bbox 1290 337 1455 366; x_wconf 84' lang='lat' dir='ltr'><em>Haeresibus</em></span> <span class='ocrx_word' id='word_1_210' title='bbox 1466 338 1487 365; x_wconf 68' lang='grc' dir='ltr'><em>θ.</em></span> 
     </span>
    </p>

    <p class='ocr_par' dir='ltr' id='par_1_8' title="bbox 1165 383 2020 1257">
     <span class='ocr_line' id='line_1_35' title="bbox 1246 383 2013 421; baseline 0.001 -9"><span class='ocrx_word' id='word_1_211' title='bbox 1246 385 1289 412; x_wconf 88' lang='grc'><em>10.</em></span> <span class='ocrx_word' id='word_1_212' title='bbox 1312 384 1363 412; x_wconf 89' lang='lat' dir='ltr'><em>Pro</em></span> <span class='ocrx_word' id='word_1_213' title='bbox 1385 384 1502 421; x_wconf 86' lang='lat' dir='ltr'><em>septima</em></span> <span class='ocrx_word' id='word_1_214' title='bbox 1522 387 1601 421; x_wconf 86' lang='lat' dir='ltr'><em>parte</em></span> <span class='ocrx_word' id='word_1_215' title='bbox 1622 384 1715 413; x_wconf 80' lang='lat' dir='ltr'><em>addit:</em></span> <span class='ocrx_word' id='word_1_216' title='bbox 1740 385 1773 413; x_wconf 80' lang='lat' dir='ltr'><em>Et</em></span> <span class='ocrx_word' id='word_1_217' title='bbox 1795 383 1899 413; x_wconf 75' lang='lat' dir='ltr'><em>habere</em></span> <span class='ocrx_word' id='word_1_218' title='bbox 1920 383 2013 414; x_wconf 73' lang='lat' dir='ltr'><em>Inimi-</em></span> 
     </span>
     <span class='ocr_line' id='line_1_36' title="bbox 1165 430 2016 468; baseline 0.001 -9"><span class='ocrx_word' id='word_1_219' title='bbox 1165 430 1274 459; x_wconf 72' lang='lat' dir='ltr'><em>litottem</em></span> <span class='ocrx_word' id='word_1_220' title='bbox 1294 430 1341 459; x_wconf 80' lang='lat' dir='ltr'><em>et⁷</em></span> <span class='ocrx_word' id='word_1_221' title='bbox 1364 431 1548 467; x_wconf 77' lang='lat' dir='ltr'><em>patientiam.</em></span> <span class='ocrx_word' id='word_1_222' title='bbox 1578 431 1730 460; x_wconf 88' lang='lat' dir='ltr'><em>Praemittit</em></span> <span class='ocrx_word' id='word_1_223' title='bbox 1758 431 1942 460; x_wconf 88' lang='lat' dir='ltr'><em>humilitatem</em></span> <span class='ocrx_word' id='word_1_224' title='bbox 1972 440 2016 468; x_wconf 89' lang='lat' dir='ltr'><em>pa-</em></span> 
     </span>
     <span class='ocr_line' id='line_1_37' title="bbox 1167 477 2015 514; baseline 0.002 -9"><span class='ocrx_word' id='word_1_225' title='bbox 1167 477 1293 511; x_wconf 81' lang='lat' dir='ltr'><em>tientiae,</em></span> <span class='ocrx_word' id='word_1_226' title='bbox 1322 477 1388 514; x_wconf 85' lang='lat' dir='ltr'><em>quia</em></span> <span class='ocrx_word' id='word_1_227' title='bbox 1414 477 1627 506; x_wconf 83' lang='lat' dir='ltr'><em>fundamentum</em></span> <span class='ocrx_word' id='word_1_228' title='bbox 1649 478 1710 507; x_wconf 88' lang='lat' dir='ltr'><em>eius</em></span> <span class='ocrx_word' id='word_1_229' title='bbox 1731 481 1787 512; x_wconf 87' lang='lat' dir='ltr'><em>est,</em></span> <span class='ocrx_word' id='word_1_230' title='bbox 1810 479 1882 507; x_wconf 85' lang='lat' dir='ltr'><em>sicut</em></span> <span class='ocrx_word' id='word_1_231' title='bbox 1903 481 2015 508; x_wconf 89' lang='lat' dir='ltr'><em>econtra</em></span> 
     </span>
     <span class='ocr_line' id='line_1_38' title="bbox 1166 523 2016 561; baseline 0 -8"><span class='ocrx_word' id='word_1_232' title='bbox 1166 523 1298 560; x_wconf 88' lang='lat' dir='ltr'><em>superbia</em></span> <span class='ocrx_word' id='word_1_233' title='bbox 1322 526 1364 552; x_wconf 86' lang='lat' dir='ltr'><em>est</em></span> <span class='ocrx_word' id='word_1_234' title='bbox 1388 523 1601 552; x_wconf 82' lang='lat' dir='ltr'><em>fundamentum</em></span> <span class='ocrx_word' id='word_1_235' title='bbox 1626 524 1828 561; x_wconf 86' lang='lat' dir='ltr'><em>impatientiae;</em></span> <span class='ocrx_word' id='word_1_236' title='bbox 1854 525 2016 553; x_wconf 88' lang='lat' dir='ltr'><em>Proverbio—</em></span> 
     </span>
     <span class='ocr_line' id='line_1_39' title="bbox 1166 570 2016 609; baseline 0.002 -10"><span class='ocrx_word' id='word_1_237' title='bbox 1166 579 1229 599; x_wconf 89' lang='lat' dir='ltr'><em>rum</em></span> <span class='ocrx_word' id='word_1_238' title='bbox 1251 570 1358 599; x_wconf 90' lang='lat' dir='ltr'><em>decimo</em></span> <span class='ocrx_word' id='word_1_239' title='bbox 1380 571 1481 599; x_wconf 86' lang='lat' dir='ltr'><em>tertio:</em></span> <span class='ocrx_word' id='word_1_240' title='bbox 1511 571 1591 599; x_wconf 78' lang='lat' dir='ltr'><em>Inter</em></span> <span class='ocrx_word' id='word_1_241' title='bbox 1616 571 1756 608; x_wconf 72' lang='lat' dir='ltr'><em>superbos</em></span> <span class='ocrx_word' id='word_1_242' title='bbox 1779 580 1892 608; x_wconf 80' lang='lat' dir='ltr'><em>semper</em></span> <span class='ocrx_word' id='word_1_243' title='bbox 1914 571 2016 609; x_wconf 74' lang='lat' dir='ltr'><em>iuryia</em></span> 
     </span>
     <span class='ocr_line' id='line_1_40' title="bbox 1166 617 2015 654; baseline 0.001 -8"><span class='ocrx_word' id='word_1_244' title='bbox 1166 622 1243 646; x_wconf 76' lang='lat' dir='ltr'><em>sunt.</em></span> <span class='ocrx_word' id='word_1_245' title='bbox 1266 618 1301 646; x_wconf 91' lang='lat' dir='ltr'><em>In</em></span> <span class='ocrx_word' id='word_1_246' title='bbox 1319 617 1536 654; x_wconf 74' lang='lat' dir='ltr'><em>perseeutione,</em></span> <span class='ocrx_word' id='word_1_247' title='bbox 1552 625 1624 654; x_wconf 89' lang='lat' dir='ltr'><em>quae</em></span> <span class='ocrx_word' id='word_1_248' title='bbox 1639 620 1680 646; x_wconf 91' lang='lat' dir='ltr'><em>est</em></span> <span class='ocrx_word' id='word_1_249' title='bbox 1694 618 1847 647; x_wconf 86' lang='lat' dir='ltr'><em>adversitas</em></span> <span class='ocrx_word' id='word_1_250' title='bbox 1861 618 1898 646; x_wconf 80' lang='lat' dir='ltr'><em>ab</em></span> <span class='ocrx_word' id='word_1_251' title='bbox 1916 622 2015 653; x_wconf 74' lang='lat' dir='ltr'><em>extra,</em></span> 
     </span>
     <span class='ocr_line' id='line_1_41' title="bbox 1167 664 2015 701; baseline 0.002 -9"><span class='ocrx_word' id='word_1_252' title='bbox 1167 668 1191 693; x_wconf 79' lang='lat' dir='ltr'><em>et</em></span> <span class='ocrx_word' id='word_1_253' title='bbox 1212 664 1266 693; x_wconf 76' lang='lat' dir='ltr'><em>in³</em></span> <span class='ocrx_word' id='word_1_254' title='bbox 1292 664 1482 701; x_wconf 71' lang='lat' dir='ltr'><em>infirmitate,</em></span> <span class='ocrx_word' id='word_1_255' title='bbox 1511 672 1583 701; x_wconf 88' lang='lat' dir='ltr'><em>quae</em></span> <span class='ocrx_word' id='word_1_256' title='bbox 1611 668 1651 693; x_wconf 88' lang='lat' dir='ltr'><em>est</em></span> <span class='ocrx_word' id='word_1_257' title='bbox 1680 665 1833 694; x_wconf 85' lang='lat' dir='ltr'><em>adversitas</em></span> <span class='ocrx_word' id='word_1_258' title='bbox 1861 664 1897 693; x_wconf 84' lang='lat' dir='ltr'><em>ab</em></span> <span class='ocrx_word' id='word_1_259' title='bbox 1926 665 2015 694; x_wconf 80' lang='lat' dir='ltr'><em>intra.</em></span> 
     </span>
     <span class='ocr_line' id='line_1_42' title="bbox 1168 711 2017 748; baseline 0.001 -8"><span class='ocrx_word' id='word_1_260' title='bbox 1168 712 1199 740; x_wconf 89' lang='lat' dir='ltr'><em>Et</em></span> <span class='ocrx_word' id='word_1_261' title='bbox 1220 712 1286 740; x_wconf 83' lang='lat' dir='ltr'><em>dicit</em></span> <span class='ocrx_word' id='word_1_262' title='bbox 1307 712 1339 740; x_wconf 83' lang='lat' dir='ltr'><em>in</em></span> <span class='ocrx_word' id='word_1_263' title='bbox 1357 711 1573 748; x_wconf 81' lang='lat' dir='ltr'><em>persecutione,</em></span> <span class='ocrx_word' id='word_1_264' title='bbox 1595 712 1677 748; x_wconf 87' lang='lat' dir='ltr'><em>quia,</em></span> <span class='ocrx_word' id='word_1_265' title='bbox 1699 712 1836 741; x_wconf 88' lang='lat' dir='ltr'><em>secundae</em></span> <span class='ocrx_word' id='word_1_266' title='bbox 1864 712 1898 741; x_wconf 91' lang='lat' dir='ltr'><em>ad</em></span> <span class='ocrx_word' id='word_1_267' title='bbox 1927 712 2017 741; x_wconf 91' lang='lat' dir='ltr'><em>Timo-</em></span> 
     </span>
     <span class='ocr_line' id='line_1_43' title="bbox 1168 758 2017 796; baseline 0.001 -9"><span class='ocrx_word' id='word_1_268' title='bbox 1168 759 1263 787; x_wconf 90' lang='lat' dir='ltr'><em>theum</em></span> <span class='ocrx_word' id='word_1_269' title='bbox 1294 759 1391 792; x_wconf 81' lang='lat' dir='ltr'><em>tertie,</em></span> <span class='ocrx_word' id='word_1_270' title='bbox 1424 766 1538 792; x_wconf 76' lang='lat' dir='ltr'><em>onmeS,</em></span> <span class='ocrx_word' id='word_1_271' title='bbox 1571 758 1623 796; x_wconf 76' lang='lat' dir='ltr'><em>qm&#39;</em></span> <span class='ocrx_word' id='word_1_272' title='bbox 1650 759 1698 795; x_wconf 84' lang='lat' dir='ltr'><em>pie</em></span> <span class='ocrx_word' id='word_1_273' title='bbox 1729 758 1829 787; x_wconf 78' lang='lat' dir='ltr'><em>volunt</em></span> <span class='ocrx_word' id='word_1_274' title='bbox 1860 759 1956 787; x_wconf 83' lang='lat' dir='ltr'><em>vivere</em></span> <span class='ocrx_word' id='word_1_275' title='bbox 1986 759 2017 788; x_wconf 83' lang='lat' dir='ltr'><em>in</em></span> 
     </span>
     <span class='ocr_line' id='line_1_44' title="bbox 1170 805 2018 843; baseline 0.001 -9"><span class='ocrx_word' id='word_1_276' title='bbox 1170 805 1285 834; x_wconf 75' lang='lat' dir='ltr'><em>Christo</em></span> <span class='ocrx_word' id='word_1_277' title='bbox 1314 806 1397 839; x_wconf 77' lang='lat' dir='ltr'><em>Iesu,</em></span> <span class='ocrx_word' id='word_1_278' title='bbox 1423 805 1653 842; x_wconf 74' lang='lat' dir='ltr'><em>persecutionem</em></span> <span class='ocrx_word' id='word_1_279' title='bbox 1673 806 1833 842; x_wconf 78' lang='lat' dir='ltr'><em>patientur.</em></span> <span class='ocrx_word' id='word_1_280' title='bbox 1856 806 1940 841; x_wconf 83' lang='lat' dir='ltr'><em>item,</em></span> <span class='ocrx_word' id='word_1_281' title='bbox 1962 806 2018 843; x_wconf 86' lang='lat' dir='ltr'><em>pri-</em></span> 
     </span>
     <span class='ocr_line' id='line_1_45' title="bbox 1168 851 2018 890; baseline 0.001 -10"><span class='ocrx_word' id='word_1_282' title='bbox 1168 860 1229 881; x_wconf 86' lang='lat' dir='ltr'><em>mae</em></span> <span class='ocrx_word' id='word_1_283' title='bbox 1250 852 1284 880; x_wconf 91' lang='lat' dir='ltr'><em>ad</em></span> <span class='ocrx_word' id='word_1_284' title='bbox 1304 852 1462 881; x_wconf 85' lang='lat' dir='ltr'><em>Corinthios</em></span> <span class='ocrx_word' id='word_1_285' title='bbox 1490 855 1609 889; x_wconf 86' lang='lat' dir='ltr'><em>quarto:</em></span> <span class='ocrx_word' id='word_1_286' title='bbox 1644 852 1737 890; x_wconf 79' lang='lat' dir='ltr'><em>Usque</em></span> <span class='ocrx_word' id='word_1_287' title='bbox 1763 852 1794 880; x_wconf 87' lang='lat' dir='ltr'><em>in</em></span> <span class='ocrx_word' id='word_1_288' title='bbox 1815 851 1891 881; x_wconf 74' lang='lat' dir='ltr'><em>lianc</em></span> <span class='ocrx_word' id='word_1_289' title='bbox 1913 851 2018 881; x_wconf 78' lang='lat' dir='ltr'><em>horam</em></span> 
     </span>
     <span class='ocr_line' id='line_1_46' title="bbox 1168 899 2018 932; baseline 0.001 -5"><span class='ocrx_word' id='word_1_290' title='bbox 1168 900 1318 928; x_wconf 76' lang='lat' dir='ltr'><em>esurimus</em></span> <span class='ocrx_word' id='word_1_291' title='bbox 1339 903 1364 927; x_wconf 75' lang='lat' dir='ltr'><em>et</em></span> <span class='ocrx_word' id='word_1_292' title='bbox 1383 899 1501 927; x_wconf 76' lang='lat' dir='ltr'><em>sitimus</em></span> <span class='ocrx_word' id='word_1_293' title='bbox 1509 909 1519 932; x_wconf 88' lang='lat'><em>;</em></span> <span class='ocrx_word' id='word_1_294' title='bbox 1540 899 1577 928; x_wconf 88' lang='lat' dir='ltr'><em>ibi</em></span> <span class='ocrx_word' id='word_1_295' title='bbox 1599 899 1735 928; x_wconf 82' lang='lat' dir='ltr'><em>Glossa⁹:</em></span> <span class='ocrx_word' id='word_1_296' title='bbox 1763 911 1776 924; x_wconf 84' lang='lat'><strong><em>«</em></strong></span> <span class='ocrx_word' id='word_1_297' title='bbox 1791 899 1887 928; x_wconf 85' lang='lat' dir='ltr'><em>Libere</em></span> <span class='ocrx_word' id='word_1_298' title='bbox 1908 903 1936 928; x_wconf 91' lang='lat' dir='ltr'><em>et</em></span> <span class='ocrx_word' id='word_1_299' title='bbox 1960 899 2018 928; x_wconf 89' lang='lat' dir='ltr'><em>sine</em></span> 
     </span>
     <span class='ocr_line' id='line_1_47' title="bbox 1169 946 2019 984; baseline 0.001 -9"><span class='ocrx_word' id='word_1_300' title='bbox 1169 947 1327 975; x_wconf 83' lang='lat' dir='ltr'><em>adulatione</em></span> <span class='ocrx_word' id='word_1_301' title='bbox 1349 947 1493 975; x_wconf 78' lang='lat' dir='ltr'><em>veritatem</em></span> <span class='ocrx_word' id='word_1_302' title='bbox 1516 946 1707 983; x_wconf 83' lang='lat' dir='ltr'><em>praedicantes</em></span> <span class='ocrx_word' id='word_1_303' title='bbox 1721 950 1748 976; x_wconf 85' lang='lat' dir='ltr'><em>et</em></span> <span class='ocrx_word' id='word_1_304' title='bbox 1763 950 1839 984; x_wconf 82' lang='lat' dir='ltr'><em>gesta</em></span> <span class='ocrx_word' id='word_1_305' title='bbox 1860 955 1961 984; x_wconf 88' lang='lat' dir='ltr'><em>pravae</em></span> <span class='ocrx_word' id='word_1_306' title='bbox 1979 947 2019 976; x_wconf 88' lang='lat' dir='ltr'><em>vi-</em></span> 
     </span>
     <span class='ocr_line' id='line_1_48' title="bbox 1170 993 2017 1031; baseline 0.001 -9"><span class='ocrx_word' id='word_1_307' title='bbox 1170 997 1213 1023; x_wconf 88' lang='lat' dir='ltr'><em>tae</em></span> <span class='ocrx_word' id='word_1_308' title='bbox 1234 997 1383 1031; x_wconf 81' lang='lat' dir='ltr'><em>arguentes</em></span> <span class='ocrx_word' id='word_1_309' title='bbox 1412 993 1529 1030; x_wconf 82' lang='lat' dir='ltr'><em>gratiam</em></span> <span class='ocrx_word' id='word_1_310' title='bbox 1556 1002 1610 1022; x_wconf 89' lang='lat' dir='ltr'><em>non</em></span> <span class='ocrx_word' id='word_1_311' title='bbox 1632 993 1736 1022; x_wconf 89' lang='lat' dir='ltr'><em>habent</em></span> <span class='ocrx_word' id='word_1_312' title='bbox 1756 994 1829 1031; x_wconf 90' lang='lat' dir='ltr'><em>apud</em></span> <span class='ocrx_word' id='word_1_313' title='bbox 1851 994 1977 1023; x_wconf 89' lang='lat' dir='ltr'><em>homines</em></span> <span class='ocrx_word' id='word_1_314' title='bbox 1990 1006 2017 1023; x_wconf 89' lang='lat'><em>».</em></span> 
     </span>
     <span class='ocr_line' id='line_1_49' title="bbox 1169 1040 2019 1078; baseline 0.001 -9"><span class='ocrx_word' id='word_1_315' title='bbox 1169 1058 1208 1061; x_wconf 97' lang='lat'><strong>—</strong></span> <span class='ocrx_word' id='word_1_316' title='bbox 1229 1041 1267 1069; x_wconf 77' lang='lat' dir='ltr'><em>Ad</em></span> <span class='ocrx_word' id='word_1_317' title='bbox 1289 1041 1448 1077; x_wconf 87' lang='lat' dir='ltr'><em>patientiam</em></span> <span class='ocrx_word' id='word_1_318' title='bbox 1471 1041 1497 1069; x_wconf 91' lang='lat' dir='ltr'><em>in</em></span> <span class='ocrx_word' id='word_1_319' title='bbox 1520 1040 1693 1077; x_wconf 72' lang='lat' dir='ltr'><em>infirmitate</em></span> <span class='ocrx_word' id='word_1_320' title='bbox 1708 1041 1844 1077; x_wconf 84' lang='lat' dir='ltr'><em>pertinet,</em></span> <span class='ocrx_word' id='word_1_321' title='bbox 1860 1041 1956 1078; x_wconf 86' lang='lat' dir='ltr'><em>paucis</em></span> <span class='ocrx_word' id='word_1_322' title='bbox 1970 1041 2019 1070; x_wconf 91' lang='lat' dir='ltr'><em>ob-</em></span> 
     </span>
     <span class='ocr_line' id='line_1_50' title="bbox 1170 1088 2020 1125; baseline 0.001 -9"><span class='ocrx_word' id='word_1_323' title='bbox 1170 1088 1274 1125; x_wconf 86' lang='lat' dir='ltr'><em>sequiis</em></span> <span class='ocrx_word' id='word_1_324' title='bbox 1303 1088 1454 1125; x_wconf 81' lang='lat' dir='ltr'><em>paucisque</em></span> <span class='ocrx_word' id='word_1_325' title='bbox 1483 1088 1613 1117; x_wconf 87' lang='lat' dir='ltr'><em>remediis</em></span> <span class='ocrx_word' id='word_1_326' title='bbox 1641 1090 1801 1117; x_wconf 87' lang='lat' dir='ltr'><em>contentum</em></span> <span class='ocrx_word' id='word_1_327' title='bbox 1834 1096 1910 1123; x_wconf 89' lang='lat' dir='ltr'><em>esse,</em></span> <span class='ocrx_word' id='word_1_328' title='bbox 1941 1088 2020 1117; x_wconf 85' lang='lat' dir='ltr'><em>iuxta</em></span> 
     </span>
     <span class='ocr_line' id='line_1_51' title="bbox 1170 1134 2020 1172; baseline 0.002 -10"><span class='ocrx_word' id='word_1_329' title='bbox 1170 1135 1338 1171; x_wconf 83' lang='lat' dir='ltr'><em>exigentiam</em></span> <span class='ocrx_word' id='word_1_330' title='bbox 1355 1134 1536 1171; x_wconf 79' lang='lat' dir='ltr'><em>paupertatis,</em></span> <span class='ocrx_word' id='word_1_331' title='bbox 1551 1138 1583 1163; x_wconf 87' lang='lat' dir='ltr'><em>ut</em></span> <span class='ocrx_word' id='word_1_332' title='bbox 1597 1142 1734 1163; x_wconf 87' lang='lat' dir='ltr'><em>memores</em></span> <span class='ocrx_word' id='word_1_333' title='bbox 1749 1134 1804 1163; x_wconf 88' lang='lat' dir='ltr'><em>sint</em></span> <span class='ocrx_word' id='word_1_334' title='bbox 1818 1135 1936 1169; x_wconf 84' lang='lat' dir='ltr'><em>Fratres,</em></span> <span class='ocrx_word' id='word_1_335' title='bbox 1951 1143 2020 1172; x_wconf 87' lang='lat' dir='ltr'><em>quo-</em></span> 
     </span>
     <span class='ocr_line' id='line_1_52' title="bbox 1172 1181 2019 1218; baseline 0.001 -8"><span class='ocrx_word' id='word_1_336' title='bbox 1172 1182 1252 1210; x_wconf 92' lang='lat' dir='ltr'><em>modo</em></span> <span class='ocrx_word' id='word_1_337' title='bbox 1281 1182 1345 1210; x_wconf 91' lang='lat' dir='ltr'><em>olim</em></span> <span class='ocrx_word' id='word_1_338' title='bbox 1369 1181 1496 1210; x_wconf 87' lang='lat' dir='ltr'><em>monachi</em></span> <span class='ocrx_word' id='word_1_339' title='bbox 1518 1182 1681 1218; x_wconf 83' lang='lat' dir='ltr'><em>languentes</em></span> <span class='ocrx_word' id='word_1_340' title='bbox 1702 1190 1775 1218; x_wconf 84' lang='lat' dir='ltr'><em>aqua</em></span> <span class='ocrx_word' id='word_1_341' title='bbox 1795 1181 1894 1218; x_wconf 86' lang='lat' dir='ltr'><em>frigida</em></span> <span class='ocrx_word' id='word_1_342' title='bbox 1916 1181 1964 1210; x_wconf 85' lang='lat' dir='ltr'><em>vix</em></span> <span class='ocrx_word' id='word_1_343' title='bbox 1985 1181 2019 1211; x_wconf 87' lang='lat' dir='ltr'><em>ad</em></span> 
     </span>
     <span class='ocr_line' id='line_1_53' title="bbox 1172 1228 1585 1257; baseline 0 -1"><span class='ocrx_word' id='word_1_344' title='bbox 1172 1228 1365 1257; x_wconf 85' lang='lat' dir='ltr'><em>sufficientiam</em></span> <span class='ocrx_word' id='word_1_345' title='bbox 1388 1228 1540 1256; x_wconf 86' lang='lat' dir='ltr'><em>utebantur</em></span> <span class='ocrx_word' id='word_1_346' title='bbox 1553 1228 1585 1256; x_wconf 82' lang='lat'><em>1⁰.</em></span> 
     </span>
    </p>

    <p class='ocr_par' dir='ltr' id='par_1_9' title="bbox 1170 1275 2021 1453">
     <span class='ocr_line' id='line_1_54' title="bbox 1253 1275 2021 1314; baseline 0.001 -11"><span class='ocrx_word' id='word_1_347' title='bbox 1253 1277 1296 1304; x_wconf 79' lang='grc'><em>11.</em></span> <span class='ocrx_word' id='word_1_348' title='bbox 1320 1276 1346 1303; x_wconf 92' lang='lat' dir='ltr'><em>ln</em></span> <span class='ocrx_word' id='word_1_349' title='bbox 1370 1275 1467 1304; x_wconf 88' lang='lat' dir='ltr'><em>ultima</em></span> <span class='ocrx_word' id='word_1_350' title='bbox 1487 1278 1566 1312; x_wconf 88' lang='lat' dir='ltr'><em>parte</em></span> <span class='ocrx_word' id='word_1_351' title='bbox 1588 1275 1699 1304; x_wconf 86' lang='lat' dir='ltr'><em>subdit:</em></span> <span class='ocrx_word' id='word_1_352' title='bbox 1724 1276 1757 1304; x_wconf 84' lang='lat' dir='ltr'><em>Et</em></span> <span class='ocrx_word' id='word_1_353' title='bbox 1774 1275 1894 1312; x_wconf 63' lang='lat' dir='ltr'><em>diligere</em></span> <span class='ocrx_word' id='word_1_354' title='bbox 1908 1284 1954 1304; x_wconf 87' lang='lat' dir='ltr'><em>eos</em></span> <span class='ocrx_word' id='word_1_355' title='bbox 1968 1275 2021 1314; x_wconf 81' lang='lat' dir='ltr'><em>qui</em></span> 
     </span>
     <span class='ocr_line' id='line_1_55' title="bbox 1170 1321 2019 1360; baseline 0.001 -10"><span class='ocrx_word' id='word_1_356' title='bbox 1170 1331 1224 1351; x_wconf 86' lang='lat' dir='ltr'><em>nos</em></span> <span class='ocrx_word' id='word_1_357' title='bbox 1244 1325 1478 1360; x_wconf 75' lang='lat' dir='ltr'><em>persequimtur,</em></span> <span class='ocrx_word' id='word_1_358' title='bbox 1501 1322 1588 1355; x_wconf 83' lang='lat' dir='ltr'><em>facto,</em></span> <span class='ocrx_word' id='word_1_359' title='bbox 1610 1325 1634 1350; x_wconf 84' lang='lat' dir='ltr'><em>et</em></span> <span class='ocrx_word' id='word_1_360' title='bbox 1656 1321 1887 1359; x_wconf 71' lang='lat' dir='ltr'><em>reprehendunt,</em></span> <span class='ocrx_word' id='word_1_361' title='bbox 1910 1322 2019 1351; x_wconf 86' lang='lat' dir='ltr'><em>irratio-</em></span> 
     </span>
     <span class='ocr_line' id='line_1_56' title="bbox 1171 1369 2020 1406; baseline 0 -9"><span class='ocrx_word' id='word_1_362' title='bbox 1171 1369 1316 1403; x_wconf 86' lang='lat' dir='ltr'><em>nabiliter,</em></span> <span class='ocrx_word' id='word_1_363' title='bbox 1338 1373 1364 1397; x_wconf 85' lang='lat' dir='ltr'><em>et</em></span> <span class='ocrx_word' id='word_1_364' title='bbox 1384 1372 1535 1406; x_wconf 68' lang='lat' dir='ltr'><em>ctiyuunt,</em></span> <span class='ocrx_word' id='word_1_365' title='bbox 1558 1369 1767 1398; x_wconf 84' lang='lat' dir='ltr'><em>rationabiliter.</em></span> <span class='ocrx_word' id='word_1_366' title='bbox 1786 1369 1864 1405; x_wconf 76' lang='lat' dir='ltr'><em>Quia</em></span> <span class='ocrx_word' id='word_1_367' title='bbox 1878 1369 1950 1398; x_wconf 81' lang='lat' dir='ltr'><em>dicit</em></span> <span class='ocrx_word' id='word_1_368' title='bbox 1965 1369 2020 1398; x_wconf 91' lang='lat' dir='ltr'><em>Do-</em></span> 
     </span>
     <span class='ocr_line' id='line_1_57' title="bbox 1171 1416 2019 1453; baseline 0.001 -9"><span class='ocrx_word' id='word_1_369' title='bbox 1171 1417 1287 1450; x_wconf 77' lang='lat' dir='ltr'><em>minus,</em></span> <span class='ocrx_word' id='word_1_370' title='bbox 1304 1416 1433 1445; x_wconf 86' lang='lat' dir='ltr'><em>Matthaei</em></span> <span class='ocrx_word' id='word_1_371' title='bbox 1449 1416 1546 1453; x_wconf 85' lang='lat' dir='ltr'><em>quinto</em></span> <span class='ocrx_word' id='word_1_372' title='bbox 1559 1417 1580 1433; x_wconf 80' lang='lat'><em>1¹</em></span> <span class='ocrx_word' id='word_1_373' title='bbox 1593 1427 1599 1444; x_wconf 90' lang='lat'><strong>:</strong></span> <span class='ocrx_word' id='word_1_374' title='bbox 1616 1416 1732 1453; x_wconf 75' lang='lat' dir='ltr'><em>Diliyite</em></span> <span class='ocrx_word' id='word_1_375' title='bbox 1746 1416 1881 1445; x_wconf 77' lang='lat' dir='ltr'><em>inimicos</em></span> <span class='ocrx_word' id='word_1_376' title='bbox 1895 1420 2019 1451; x_wconf 79' lang='lat' dir='ltr'><em>vestros,</em></span> 
     </span>
    </p>
   </div>
   <div class='ocr_carea' id='block_1_7' title="bbox 889 1508 1407 1514">
    <p class='ocr_par' dir='ltr' id='par_1_10' title="bbox 889 1508 1407 1514">
     <span class='ocr_line' id='line_1_58' title="bbox 889 1508 1407 1514; baseline 0 0"><span class='ocrx_word' id='word_1_377' title='bbox 889 1508 1407 1514; x_wconf 95' lang='lat' dir='ltr'><em> </em></span> 
     </span>
    </p>
   </div>
   <div class='ocr_carea' id='block_1_8' title="bbox 264 1571 1124 3051">
    <p class='ocr_par' dir='ltr' id='par_1_11' title="bbox 264 1571 1119 2034">
     <span class='ocr_line' id='line_1_59' title="bbox 265 1571 1116 1601; baseline -0.004 -4"><span class='ocrx_word' id='word_1_378' title='bbox 265 1571 446 1597; x_wconf 67' lang='lat' dir='ltr'><em>detrahentesv.</em></span> <span class='ocrx_word' id='word_1_379' title='bbox 471 1574 582 1601; x_wconf 58' lang='lat' dir='ltr'><em>August„</em></span> <span class='ocrx_word' id='word_1_380' title='bbox 610 1575 711 1595; x_wconf 83' lang='lat' dir='ltr'><em>Euarrat.</em></span> <span class='ocrx_word' id='word_1_381' title='bbox 736 1573 758 1595; x_wconf 87' lang='lat' dir='ltr'><em>iu</em></span> <span class='ocrx_word' id='word_1_382' title='bbox 785 1574 820 1595; x_wconf 81' lang='lat' dir='ltr'><em>Ps.</em></span> <span class='ocrx_word' id='word_1_383' title='bbox 844 1574 900 1600; x_wconf 48' lang='grc' dir='ltr'><em>ι132,</em></span> <span class='ocrx_word' id='word_1_384' title='bbox 919 1580 941 1595; x_wconf 92' lang='grc' dir='ltr'><em>ιι.</em></span> <span class='ocrx_word' id='word_1_385' title='bbox 965 1574 1003 1601; x_wconf 72' lang='grc'><em>12,</em></span> <span class='ocrx_word' id='word_1_386' title='bbox 1021 1572 1116 1595; x_wconf 81' lang='lat' dir='ltr'><em>adducit</em></span> 
     </span>
     <span class='ocr_line' id='line_1_60' title="bbox 264 1611 1116 1642; baseline -0.001 -7"><span class='ocrx_word' id='word_1_387' title='bbox 264 1614 332 1636; x_wconf 69' lang='lat' dir='ltr'><em>Eccli.</em></span> <span class='ocrx_word' id='word_1_388' title='bbox 351 1614 392 1641; x_wconf 82' lang='lat'><em>33,</em></span> <span class='ocrx_word' id='word_1_389' title='bbox 411 1614 440 1636; x_wconf 87' lang='lat'><em>5:</em></span> <span class='ocrx_word' id='word_1_390' title='bbox 463 1623 471 1633; x_wconf 75' lang='lat' dir='ltr'><em>a</em></span> <span class='ocrx_word' id='word_1_391' title='bbox 485 1614 543 1641; x_wconf 87' lang='lat' dir='ltr'><em>Quid</em></span> <span class='ocrx_word' id='word_1_392' title='bbox 563 1617 611 1635; x_wconf 88' lang='lat' dir='ltr'><em>est:</em></span> <span class='ocrx_word' id='word_1_393' title='bbox 638 1612 782 1636; x_wconf 76' lang='lat' dir='ltr'><em>Pruecortlia</em></span> <span class='ocrx_word' id='word_1_394' title='bbox 800 1612 863 1642; x_wconf 64' lang='lat' dir='ltr'><em>sulm</em></span> <span class='ocrx_word' id='word_1_395' title='bbox 878 1612 941 1636; x_wconf 72' lang='lat' dir='ltr'><em>sicut</em></span> <span class='ocrx_word' id='word_1_396' title='bbox 957 1614 1010 1635; x_wconf 74' lang='lat' dir='ltr'><em>rom</em></span> <span class='ocrx_word' id='word_1_397' title='bbox 1029 1611 1116 1635; x_wconf 75' lang='lat' dir='ltr'><em>curri?</em></span> 
     </span>
     <span class='ocr_line' id='line_1_61' title="bbox 264 1651 1117 1680; baseline -0.002 -5"><span class='ocrx_word' id='word_1_398' title='bbox 264 1653 366 1675; x_wconf 87' lang='lat' dir='ltr'><em>Foenum</em></span> <span class='ocrx_word' id='word_1_399' title='bbox 386 1656 461 1680; x_wconf 85' lang='lat' dir='ltr'><em>portat</em></span> <span class='ocrx_word' id='word_1_400' title='bbox 478 1655 499 1674; x_wconf 84' lang='lat' dir='ltr'><em>ct</em></span> <span class='ocrx_word' id='word_1_401' title='bbox 517 1655 654 1674; x_wconf 80' lang='lat' dir='ltr'><em>murmurat.</em></span> <span class='ocrx_word' id='word_1_402' title='bbox 673 1653 720 1674; x_wconf 71' lang='lat' dir='ltr'><em>Nou</em></span> <span class='ocrx_word' id='word_1_403' title='bbox 739 1652 801 1674; x_wconf 88' lang='lat' dir='ltr'><em>enim</em></span> <span class='ocrx_word' id='word_1_404' title='bbox 820 1655 895 1679; x_wconf 82' lang='lat' dir='ltr'><em>potest</em></span> <span class='ocrx_word' id='word_1_405' title='bbox 912 1655 961 1674; x_wconf 87' lang='lat' dir='ltr'><em>rota</em></span> <span class='ocrx_word' id='word_1_406' title='bbox 979 1651 1037 1673; x_wconf 78' lang='lat' dir='ltr'><em>carri</em></span> <span class='ocrx_word' id='word_1_407' title='bbox 1054 1651 1117 1679; x_wconf 89' lang='lat' dir='ltr'><em>quie-</em></span> 
     </span>
     <span class='ocr_line' id='line_1_62' title="bbox 265 1690 1115 1717; baseline -0.002 -3"><span class='ocrx_word' id='word_1_408' title='bbox 265 1698 329 1714; x_wconf 83' lang='lat' dir='ltr'><em>scere</em></span> <span class='ocrx_word' id='word_1_409' title='bbox 347 1698 357 1713; x_wconf 83' lang='lat' dir='ltr'><em>a</em></span> <span class='ocrx_word' id='word_1_410' title='bbox 377 1697 505 1713; x_wconf 88' lang='lat' dir='ltr'><em>murmure.</em></span> <span class='ocrx_word' id='word_1_411' title='bbox 524 1691 559 1713; x_wconf 80' lang='lat' dir='ltr'><em>Sit:</em></span> <span class='ocrx_word' id='word_1_412' title='bbox 577 1694 631 1713; x_wconf 87' lang='lat' dir='ltr'><em>suut</em></span> <span class='ocrx_word' id='word_1_413' title='bbox 650 1691 714 1713; x_wconf 89' lang='lat' dir='ltr'><em>multi</em></span> <span class='ocrx_word' id='word_1_414' title='bbox 732 1692 824 1717; x_wconf 75' lang='lat' dir='ltr'><em>iratres3</em></span> <span class='ocrx_word' id='word_1_415' title='bbox 839 1697 881 1713; x_wconf 90' lang='lat' dir='ltr'><em>non</em></span> <span class='ocrx_word' id='word_1_416' title='bbox 896 1690 998 1712; x_wconf 88' lang='lat' dir='ltr'><em>habitant</em></span> <span class='ocrx_word' id='word_1_417' title='bbox 1010 1690 1031 1712; x_wconf 91' lang='lat' dir='ltr'><em>in</em></span> <span class='ocrx_word' id='word_1_418' title='bbox 1045 1696 1115 1712; x_wconf 89' lang='lat' dir='ltr'><em>uuum</em></span> 
     </span>
     <span class='ocr_line' id='line_1_63' title="bbox 265 1730 1117 1758; baseline -0.001 -6"><span class='ocrx_word' id='word_1_419' title='bbox 265 1731 307 1753; x_wconf 85' lang='lat' dir='ltr'><em>nisi</em></span> <span class='ocrx_word' id='word_1_420' title='bbox 325 1737 424 1758; x_wconf 87' lang='lat' dir='ltr'><em>corpore</em></span> <span class='ocrx_word' id='word_1_421' title='bbox 438 1740 446 1750; x_wconf 78' lang='lat' dir='ltr'>u</span> <span class='ocrx_word' id='word_1_422' title='bbox 468 1733 510 1752; x_wconf 87' lang='lat' dir='ltr'><em>etc.</em></span> <span class='ocrx_word' id='word_1_423' title='bbox 529 1730 572 1752; x_wconf 82' lang='lat' dir='ltr'><em>Cir.</em></span> <span class='ocrx_word' id='word_1_424' title='bbox 593 1733 647 1752; x_wconf 83' lang='lat' dir='ltr'><em>tom.</em></span> <span class='ocrx_word' id='word_1_425' title='bbox 667 1730 710 1752; x_wconf 69' lang='lat' dir='ltr'><em>Vll.</em></span> <span class='ocrx_word' id='word_1_426' title='bbox 729 1736 783 1758; x_wconf 75' lang='lat' dir='ltr'><em>pag.</em></span> <span class='ocrx_word' id='word_1_427' title='bbox 802 1730 859 1755; x_wconf 72' lang='lat'><em>382,</em></span> <span class='ocrx_word' id='word_1_428' title='bbox 873 1733 924 1752; x_wconf 83' lang='lat' dir='ltr'><em>nota</em></span> <span class='ocrx_word' id='word_1_429' title='bbox 943 1730 965 1751; x_wconf 80' lang='lat'><em>8.</em></span> <span class='ocrx_word' id='word_1_430' title='bbox 983 1733 1005 1751; x_wconf 91' lang='lat' dir='ltr'><em>et</em></span> <span class='ocrx_word' id='word_1_431' title='bbox 1025 1730 1059 1751; x_wconf 86' lang='grc'><em>10.</em></span> <span class='ocrx_word' id='word_1_432' title='bbox 1078 1730 1117 1751; x_wconf 79' lang='lat' dir='ltr'><em>Bo-</em></span> 
     </span>
     <span class='ocr_line' id='line_1_64' title="bbox 265 1769 1117 1797; baseline -0.002 -5"><span class='ocrx_word' id='word_1_433' title='bbox 265 1776 319 1792; x_wconf 85' lang='lat' dir='ltr'><em>nav.</em></span> <span class='ocrx_word' id='word_1_434' title='bbox 342 1771 383 1792; x_wconf 82' lang='lat' dir='ltr'><em>loc.</em></span> <span class='ocrx_word' id='word_1_435' title='bbox 402 1770 438 1792; x_wconf 79' lang='lat' dir='ltr'><em>cit.</em></span> <span class='ocrx_word' id='word_1_436' title='bbox 456 1769 500 1792; x_wconf 90' lang='lat' dir='ltr'><em>suh</em></span> <span class='ocrx_word' id='word_1_437' title='bbox 522 1771 564 1791; x_wconf 88' lang='lat' dir='ltr'><em>hoc</em></span> <span class='ocrx_word' id='word_1_438' title='bbox 576 1772 681 1797; x_wconf 86' lang='lat' dir='ltr'><em>respectu</em></span> <span class='ocrx_word' id='word_1_439' title='bbox 696 1770 904 1791; x_wconf 83' lang='lat' dir='ltr'><em>murmurationem</em></span> <span class='ocrx_word' id='word_1_440' title='bbox 918 1769 1041 1795; x_wconf 74' lang='lat' dir='ltr'><em>describit,</em></span> <span class='ocrx_word' id='word_1_441' title='bbox 1053 1769 1117 1797; x_wconf 87' lang='lat' dir='ltr'><em>quod</em></span> 
     </span>
     <span class='ocr_line' id='line_1_65' title="bbox 265 1808 1117 1837; baseline -0.002 -5"><span class='ocrx_word' id='word_1_442' title='bbox 265 1810 294 1832; x_wconf 85' lang='lat' dir='ltr'><em>sit</em></span> <span class='ocrx_word' id='word_1_443' title='bbox 313 1818 325 1829; x_wconf 84' lang='lat'><em>‹&lt;</em></span> <span class='ocrx_word' id='word_1_444' title='bbox 337 1809 467 1836; x_wconf 82' lang='lat' dir='ltr'><em>oblocutio,</em></span> <span class='ocrx_word' id='word_1_445' title='bbox 493 1815 553 1837; x_wconf 88' lang='lat' dir='ltr'><em>quae</em></span> <span class='ocrx_word' id='word_1_446' title='bbox 571 1815 612 1831; x_wconf 78' lang='lat' dir='ltr'><em>nec</em></span> <span class='ocrx_word' id='word_1_447' title='bbox 630 1809 724 1831; x_wconf 87' lang='lat' dir='ltr'><em>omnino</em></span> <span class='ocrx_word' id='word_1_448' title='bbox 742 1809 879 1836; x_wconf 82' lang='lat' dir='ltr'><em>exprimitur</em></span> <span class='ocrx_word' id='word_1_449' title='bbox 902 1814 943 1831; x_wconf 85' lang='lat' dir='ltr'><em>nee</em></span> <span class='ocrx_word' id='word_1_450' title='bbox 968 1808 1064 1830; x_wconf 77' lang='lat' dir='ltr'><em>omnino</em></span> <span class='ocrx_word' id='word_1_451' title='bbox 1082 1815 1117 1830; x_wconf 89' lang='lat' dir='ltr'><em>re-</em></span> 
     </span>
     <span class='ocr_line' id='line_1_66' title="bbox 266 1848 1117 1876; baseline -0.001 -5"><span class='ocrx_word' id='word_1_452' title='bbox 266 1849 348 1872; x_wconf 87' lang='lat' dir='ltr'><em>ticetur</em></span> <span class='ocrx_word' id='word_1_453' title='bbox 360 1858 383 1871; x_wconf 75' lang='lat' dir='ltr'><em>u.</em></span> <span class='ocrx_word' id='word_1_454' title='bbox 400 1848 458 1871; x_wconf 81' lang='lat' dir='ltr'><em>lbid.</em></span> <span class='ocrx_word' id='word_1_455' title='bbox 477 1849 498 1870; x_wconf 93' lang='lat' dir='ltr'><em>in</em></span> <span class='ocrx_word' id='word_1_456' title='bbox 517 1855 536 1870; x_wconf 88' lang='lat' dir='ltr'><em>c.</em></span> <span class='ocrx_word' id='word_1_457' title='bbox 556 1849 597 1875; x_wconf 75' lang='lat' dir='ltr'><em>ie,</em></span> <span class='ocrx_word' id='word_1_458' title='bbox 615 1848 637 1870; x_wconf 84' lang='lat'><em>7.</em></span> <span class='ocrx_word' id='word_1_459' title='bbox 656 1855 678 1870; x_wconf 92' lang='grc' dir='ltr'><em>ιι.</em></span> <span class='ocrx_word' id='word_1_460' title='bbox 701 1849 734 1870; x_wconf 88' lang='grc'><em>10.</em></span> <span class='ocrx_word' id='word_1_461' title='bbox 747 1849 805 1870; x_wconf 79' lang='lat' dir='ltr'><em>lianc</em></span> <span class='ocrx_word' id='word_1_462' title='bbox 818 1848 1117 1876; x_wconf 83' lang='lat' dir='ltr'><em>insinuatdescriptionem,</em></span> 
     </span>
     <span class='ocr_line' id='line_1_67' title="bbox 266 1887 1116 1918; baseline -0.002 -7"><span class='ocrx_word' id='word_1_463' title='bbox 266 1889 328 1918; x_wconf 88' lang='lat' dir='ltr'><em>quod</em></span> <span class='ocrx_word' id='word_1_464' title='bbox 348 1889 397 1916; x_wconf 83' lang='lat' dir='ltr'><em>ipsa</em></span> <span class='ocrx_word' id='word_1_465' title='bbox 415 1888 444 1910; x_wconf 89' lang='lat' dir='ltr'><em>sit</em></span> <span class='ocrx_word' id='word_1_466' title='bbox 461 1888 591 1910; x_wconf 87' lang='lat' dir='ltr'><em>susurrium</em></span> <span class='ocrx_word' id='word_1_467' title='bbox 609 1887 676 1910; x_wconf 74' lang='lat' dir='ltr'><em>vei-bi</em></span> <span class='ocrx_word' id='word_1_468' title='bbox 694 1888 781 1916; x_wconf 74' lang='lat' dir='ltr'><em>dolosi3</em></span> <span class='ocrx_word' id='word_1_469' title='bbox 800 1888 829 1910; x_wconf 85' lang='lat' dir='ltr'><em>de</em></span> <span class='ocrx_word' id='word_1_470' title='bbox 851 1894 898 1916; x_wconf 88' lang='lat' dir='ltr'><em>quo</em></span> <span class='ocrx_word' id='word_1_471' title='bbox 921 1888 960 1910; x_wconf 81' lang='lat' dir='ltr'><em>etr.</em></span> <span class='ocrx_word' id='word_1_472' title='bbox 982 1888 1042 1915; x_wconf 83' lang='lat' dir='ltr'><em>[lug.</em></span> <span class='ocrx_word' id='word_1_473' title='bbox 1062 1894 1073 1909; x_wconf 89' lang='lat' dir='ltr'><em>a</em></span> <span class='ocrx_word' id='word_1_474' title='bbox 1092 1888 1116 1910; x_wconf 84' lang='lat' dir='ltr'><em>S.</em></span> 
     </span>
     <span class='ocr_line' id='line_1_68' title="bbox 266 1927 1118 1955; baseline -0.001 -5"><span class='ocrx_word' id='word_1_475' title='bbox 266 1928 337 1955; x_wconf 72' lang='lat' dir='ltr'><em>Vict.⁷</em></span> <span class='ocrx_word' id='word_1_476' title='bbox 356 1928 385 1950; x_wconf 81' lang='lat' dir='ltr'><em>de</em></span> <span class='ocrx_word' id='word_1_477' title='bbox 403 1927 524 1950; x_wconf 79' lang='lat' dir='ltr'><em>Fructibus</em></span> <span class='ocrx_word' id='word_1_478' title='bbox 542 1927 617 1949; x_wconf 81' lang='lat' dir='ltr'><em>carnis</em></span> <span class='ocrx_word' id='word_1_479' title='bbox 640 1930 661 1949; x_wconf 88' lang='lat' dir='ltr'><em>et</em></span> <span class='ocrx_word' id='word_1_480' title='bbox 683 1927 790 1955; x_wconf 85' lang='lat' dir='ltr'><em>spiritus,</em></span> <span class='ocrx_word' id='word_1_481' title='bbox 809 1933 828 1948; x_wconf 75' lang='lat' dir='ltr'><em>r.</em></span> <span class='ocrx_word' id='word_1_482' title='bbox 847 1927 868 1949; x_wconf 79' lang='lat'><em>5.</em></span> <span class='ocrx_word' id='word_1_483' title='bbox 886 1927 957 1949; x_wconf 90' lang='lat' dir='ltr'><em>Datur</em></span> <span class='ocrx_word' id='word_1_484' title='bbox 974 1927 1042 1949; x_wconf 85' lang='lat' dir='ltr'><em>etiam</em></span> <span class='ocrx_word' id='word_1_485' title='bbox 1061 1927 1118 1949; x_wconf 83' lang='lat' dir='ltr'><em>haec</em></span> 
     </span>
     <span class='ocr_line' id='line_1_69' title="bbox 267 1966 1119 1994; baseline -0.001 -5"><span class='ocrx_word' id='word_1_486' title='bbox 267 1967 458 1989; x_wconf 86' lang='lat' dir='ltr'><em>murmurationis</em></span> <span class='ocrx_word' id='word_1_487' title='bbox 482 1966 600 1989; x_wconf 77' lang='lat' dir='ltr'><em>delinitio:</em></span> <span class='ocrx_word' id='word_1_488' title='bbox 620 1966 769 1989; x_wconf 78' lang='lat' dir='ltr'><em>Murmuratio</em></span> <span class='ocrx_word' id='word_1_489' title='bbox 787 1969 821 1988; x_wconf 89' lang='lat' dir='ltr'><em>est</em></span> <span class='ocrx_word' id='word_1_490' title='bbox 839 1966 921 1988; x_wconf 86' lang='lat' dir='ltr'><em>iniusta</em></span> <span class='ocrx_word' id='word_1_491' title='bbox 948 1967 1043 1994; x_wconf 86' lang='lat' dir='ltr'><em>querela</em></span> <span class='ocrx_word' id='word_1_492' title='bbox 1066 1973 1119 1989; x_wconf 81' lang='lat' dir='ltr'><em>cou—</em></span> 
     </span>
     <span class='ocr_line' id='line_1_70' title="bbox 267 2005 962 2034; baseline -0.003 -5"><span class='ocrx_word' id='word_1_493' title='bbox 267 2010 300 2029; x_wconf 84' lang='lat' dir='ltr'><em>tra</em></span> <span class='ocrx_word' id='word_1_494' title='bbox 319 2007 451 2034; x_wconf 83' lang='lat' dir='ltr'><em>superiores</em></span> <span class='ocrx_word' id='word_1_495' title='bbox 469 2007 563 2028; x_wconf 85' lang='lat' dir='ltr'><em>latenter</em></span> <span class='ocrx_word' id='word_1_496' title='bbox 582 2006 707 2028; x_wconf 88' lang='lat' dir='ltr'><em>multorum</em></span> <span class='ocrx_word' id='word_1_497' title='bbox 726 2005 823 2028; x_wconf 87' lang='lat' dir='ltr'><em>auribus</em></span> <span class='ocrx_word' id='word_1_498' title='bbox 841 2006 962 2027; x_wconf 81' lang='lat' dir='ltr'><em>inculcata.</em></span> 
     </span>
    </p>

    <p class='ocr_par' dir='ltr' id='par_1_12' title="bbox 268 2044 1119 2346">
     <span class='ocr_line' id='line_1_71' title="bbox 331 2044 1117 2073; baseline -0.001 -6"><span class='ocrx_word' id='word_1_499' title='bbox 331 2045 337 2057; x_wconf 84' lang='lat'>¹</span> <span class='ocrx_word' id='word_1_500' title='bbox 357 2045 413 2073; x_wconf 87' lang='lat' dir='ltr'><em>Cap.</em></span> <span class='ocrx_word' id='word_1_501' title='bbox 431 2045 453 2067; x_wconf 77' lang='lat'><em>5.</em></span> <span class='ocrx_word' id='word_1_502' title='bbox 470 2058 499 2060; x_wconf 97' lang='lat'><strong>—</strong></span> <span class='ocrx_word' id='word_1_503' title='bbox 518 2045 650 2067; x_wconf 76' lang='lat' dir='ltr'><em>Devotionis</em></span> <span class='ocrx_word' id='word_1_504' title='bbox 676 2045 778 2067; x_wconf 79' lang='lat' dir='ltr'><em>definitio</em></span> <span class='ocrx_word' id='word_1_505' title='bbox 804 2048 838 2067; x_wconf 85' lang='lat' dir='ltr'><em>est</em></span> <span class='ocrx_word' id='word_1_506' title='bbox 859 2051 886 2066; x_wconf 83' lang='lat' dir='ltr'><em>ex</em></span> <span class='ocrx_word' id='word_1_507' title='bbox 909 2044 967 2067; x_wconf 91' lang='lat' dir='ltr'><em>libro</em></span> <span class='ocrx_word' id='word_1_508' title='bbox 985 2045 1014 2067; x_wconf 82' lang='lat' dir='ltr'><em>de</em></span> <span class='ocrx_word' id='word_1_509' title='bbox 1032 2044 1117 2072; x_wconf 76' lang='lat' dir='ltr'><em>spiritu</em></span> 
     </span>
     <span class='ocr_line' id='line_1_72' title="bbox 268 2083 1119 2113; baseline -0.001 -6"><span class='ocrx_word' id='word_1_510' title='bbox 268 2088 289 2107; x_wconf 89' lang='lat' dir='ltr'><em>et</em></span> <span class='ocrx_word' id='word_1_511' title='bbox 306 2085 380 2107; x_wconf 85' lang='lat' dir='ltr'><em>anima</em></span> <span class='ocrx_word' id='word_1_512' title='bbox 400 2084 467 2113; x_wconf 87' lang='lat' dir='ltr'><em>(inter</em></span> <span class='ocrx_word' id='word_1_513' title='bbox 485 2090 555 2111; x_wconf 90' lang='lat' dir='ltr'><em>opera</em></span> <span class='ocrx_word' id='word_1_514' title='bbox 573 2085 692 2113; x_wconf 69' lang='lat' dir='ltr'><em>August),</em></span> <span class='ocrx_word' id='word_1_515' title='bbox 705 2091 724 2106; x_wconf 78' lang='lat' dir='ltr'><em>c.</em></span> <span class='ocrx_word' id='word_1_516' title='bbox 739 2085 784 2106; x_wconf 77' lang='lat'><em>50:</em></span> <span class='ocrx_word' id='word_1_517' title='bbox 801 2083 953 2111; x_wconf 86' lang='lat' dir='ltr'><em>Compunctio</em></span> <span class='ocrx_word' id='word_1_518' title='bbox 966 2088 1011 2110; x_wconf 86' lang='lat' dir='ltr'><em>est,</em></span> <span class='ocrx_word' id='word_1_519' title='bbox 1024 2084 1119 2112; x_wconf 87' lang='lat' dir='ltr'><em>quando</em></span> 
     </span>
     <span class='ocr_line' id='line_1_73' title="bbox 268 2123 1118 2150; baseline -0.002 -4"><span class='ocrx_word' id='word_1_520' title='bbox 268 2131 295 2146; x_wconf 81' lang='lat' dir='ltr'><em>ex</em></span> <span class='ocrx_word' id='word_1_521' title='bbox 312 2124 495 2146; x_wconf 79' lang='lat' dir='ltr'><em>consideratione</em></span> <span class='ocrx_word' id='word_1_522' title='bbox 514 2124 626 2144; x_wconf 83' lang='lat' dir='ltr'><em>malorum</em></span> <span class='ocrx_word' id='word_1_523' title='bbox 646 2129 741 2144; x_wconf 83' lang='lat' dir='ltr'><em>suorum</em></span> <span class='ocrx_word' id='word_1_524' title='bbox 759 2129 799 2144; x_wconf 74' lang='lat' dir='ltr'><em>ror</em></span> <span class='ocrx_word' id='word_1_525' title='bbox 817 2123 905 2144; x_wconf 89' lang='lat' dir='ltr'><em>interno</em></span> <span class='ocrx_word' id='word_1_526' title='bbox 917 2123 996 2145; x_wconf 88' lang='lat' dir='ltr'><em>dolore</em></span> <span class='ocrx_word' id='word_1_527' title='bbox 1010 2123 1118 2150; x_wconf 79' lang='lat' dir='ltr'><em>tangitur.</em></span> 
     </span>
     <span class='ocr_line' id='line_1_74' title="bbox 269 2162 1119 2189; baseline -0.002 -4"><span class='ocrx_word' id='word_1_528' title='bbox 269 2163 365 2185; x_wconf 66' lang='lat' dir='ltr'><em>Devotio</em></span> <span class='ocrx_word' id='word_1_529' title='bbox 382 2166 416 2185; x_wconf 85' lang='lat' dir='ltr'><em>est</em></span> <span class='ocrx_word' id='word_1_530' title='bbox 434 2162 486 2189; x_wconf 90' lang='lat' dir='ltr'><em>pius</em></span> <span class='ocrx_word' id='word_1_531' title='bbox 503 2165 524 2184; x_wconf 87' lang='lat' dir='ltr'><em>et</em></span> <span class='ocrx_word' id='word_1_532' title='bbox 542 2162 635 2184; x_wconf 89' lang='lat' dir='ltr'><em>humilis</em></span> <span class='ocrx_word' id='word_1_533' title='bbox 652 2162 746 2183; x_wconf 73' lang='lat' dir='ltr'><em>affectus</em></span> <span class='ocrx_word' id='word_1_534' title='bbox 765 2162 785 2183; x_wconf 92' lang='lat' dir='ltr'><em>in</em></span> <span class='ocrx_word' id='word_1_535' title='bbox 804 2162 891 2183; x_wconf 85' lang='lat' dir='ltr'><em>Deum:</em></span> <span class='ocrx_word' id='word_1_536' title='bbox 914 2162 1005 2183; x_wconf 89' lang='lat' dir='ltr'><em>humilis</em></span> <span class='ocrx_word' id='word_1_537' title='bbox 1023 2168 1049 2183; x_wconf 83' lang='lat' dir='ltr'><em>ex</em></span> <span class='ocrx_word' id='word_1_538' title='bbox 1067 2168 1119 2184; x_wconf 86' lang='lat' dir='ltr'><em>con-</em></span> 
     </span>
     <span class='ocr_line' id='line_1_75' title="bbox 269 2201 1119 2229; baseline -0.002 -5"><span class='ocrx_word' id='word_1_539' title='bbox 269 2202 362 2225; x_wconf 84' lang='lat' dir='ltr'><em>scientia</em></span> <span class='ocrx_word' id='word_1_540' title='bbox 388 2202 526 2224; x_wconf 74' lang='lat' dir='ltr'><em>infirmitatis</em></span> <span class='ocrx_word' id='word_1_541' title='bbox 553 2202 671 2229; x_wconf 83' lang='lat' dir='ltr'><em>propriae,</em></span> <span class='ocrx_word' id='word_1_542' title='bbox 697 2201 750 2228; x_wconf 83' lang='lat' dir='ltr'><em>pius</em></span> <span class='ocrx_word' id='word_1_543' title='bbox 772 2207 798 2222; x_wconf 82' lang='lat' dir='ltr'><em>ex</em></span> <span class='ocrx_word' id='word_1_544' title='bbox 820 2201 1004 2223; x_wconf 80' lang='lat' dir='ltr'><em>consideratione</em></span> <span class='ocrx_word' id='word_1_545' title='bbox 1027 2201 1119 2223; x_wconf 68' lang='lat' dir='ltr'><em>divinae</em></span> 
     </span>
     <span class='ocr_line' id='line_1_76' title="bbox 270 2239 1119 2266; baseline -0.002 -4"><span class='ocrx_word' id='word_1_546' title='bbox 270 2240 414 2262; x_wconf 84' lang='lat' dir='ltr'><em>clementiae.</em></span> <span class='ocrx_word' id='word_1_547' title='bbox 431 2240 508 2262; x_wconf 82' lang='lat' dir='ltr'><em>Oratio</em></span> <span class='ocrx_word' id='word_1_548' title='bbox 526 2242 559 2261; x_wconf 87' lang='lat' dir='ltr'><em>est</em></span> <span class='ocrx_word' id='word_1_549' title='bbox 577 2240 659 2261; x_wconf 82' lang='lat' dir='ltr'><em>mentis</em></span> <span class='ocrx_word' id='word_1_550' title='bbox 678 2240 783 2266; x_wconf 65' lang='lat' dir='ltr'><em>devotio,</em></span> <span class='ocrx_word' id='word_1_551' title='bbox 798 2239 818 2261; x_wconf 89' lang='lat' dir='ltr'><em>id</em></span> <span class='ocrx_word' id='word_1_552' title='bbox 832 2242 866 2261; x_wconf 86' lang='lat' dir='ltr'><em>est</em></span> <span class='ocrx_word' id='word_1_553' title='bbox 878 2239 998 2261; x_wconf 68' lang='lat' dir='ltr'><em>conversio</em></span> <span class='ocrx_word' id='word_1_554' title='bbox 1012 2239 1032 2260; x_wconf 93' lang='grc' dir='ltr'><em>ιιι</em></span> <span class='ocrx_word' id='word_1_555' title='bbox 1046 2239 1119 2261; x_wconf 87' lang='lat' dir='ltr'><em>Deum</em></span> 
     </span>
     <span class='ocr_line' id='line_1_77' title="bbox 270 2278 1119 2307; baseline -0.001 -6"><span class='ocrx_word' id='word_1_556' title='bbox 270 2285 311 2307; x_wconf 87' lang='lat' dir='ltr'><em>per</em></span> <span class='ocrx_word' id='word_1_557' title='bbox 329 2280 394 2307; x_wconf 88' lang='lat' dir='ltr'><em>pium</em></span> <span class='ocrx_word' id='word_1_558' title='bbox 412 2282 433 2301; x_wconf 92' lang='lat' dir='ltr'><em>et</em></span> <span class='ocrx_word' id='word_1_559' title='bbox 451 2279 562 2301; x_wconf 87' lang='lat' dir='ltr'><em>humilem</em></span> <span class='ocrx_word' id='word_1_560' title='bbox 579 2279 694 2301; x_wconf 76' lang='lat' dir='ltr'><em>affectum.</em></span> <span class='ocrx_word' id='word_1_561' title='bbox 708 2279 807 2300; x_wconf 75' lang='lat' dir='ltr'><em>Affectus</em></span> <span class='ocrx_word' id='word_1_562' title='bbox 819 2281 853 2300; x_wconf 84' lang='lat' dir='ltr'><em>est</em></span> <span class='ocrx_word' id='word_1_563' title='bbox 865 2281 990 2306; x_wconf 84' lang='lat' dir='ltr'><em>spontanea</em></span> <span class='ocrx_word' id='word_1_564' title='bbox 1003 2278 1119 2306; x_wconf 81' lang='lat' dir='ltr'><em>quaedam</em></span> 
     </span>
     <span class='ocr_line' id='line_1_78' title="bbox 271 2318 845 2346; baseline -0.003 -5"><span class='ocrx_word' id='word_1_565' title='bbox 271 2324 297 2341; x_wconf 80' lang='lat' dir='ltr'><em>ac</em></span> <span class='ocrx_word' id='word_1_566' title='bbox 314 2318 388 2341; x_wconf 87' lang='lat' dir='ltr'><em>dulcis</em></span> <span class='ocrx_word' id='word_1_567' title='bbox 406 2318 478 2346; x_wconf 89' lang='lat' dir='ltr'><em>ipsius</em></span> <span class='ocrx_word' id='word_1_568' title='bbox 496 2318 565 2340; x_wconf 85' lang='lat' dir='ltr'><em>animi</em></span> <span class='ocrx_word' id='word_1_569' title='bbox 583 2318 612 2340; x_wconf 88' lang='lat' dir='ltr'><em>ad</em></span> <span class='ocrx_word' id='word_1_570' title='bbox 631 2318 704 2340; x_wconf 89' lang='lat' dir='ltr'><em>Deum</em></span> <span class='ocrx_word' id='word_1_571' title='bbox 722 2318 845 2340; x_wconf 85' lang='lat' dir='ltr'><em>inclinatio.</em></span> 
     </span>
    </p>

    <p class='ocr_par' dir='ltr' id='par_1_13' title="bbox 270 2356 1122 2661">
     <span class='ocr_line' id='line_1_79' title="bbox 334 2356 1121 2385; baseline -0.001 -6"><span class='ocrx_word' id='word_1_572' title='bbox 334 2356 343 2369; x_wconf 69' lang='lat'>2</span> <span class='ocrx_word' id='word_1_573' title='bbox 362 2357 426 2379; x_wconf 74' lang='lat' dir='ltr'><em>Vers.</em></span> <span class='ocrx_word' id='word_1_574' title='bbox 445 2358 486 2384; x_wconf 69' lang='lat'><em>26,</em></span> <span class='ocrx_word' id='word_1_575' title='bbox 504 2363 573 2385; x_wconf 84' lang='lat' dir='ltr'><em>quem</em></span> <span class='ocrx_word' id='word_1_576' title='bbox 592 2357 701 2385; x_wconf 70' lang='lat' dir='ltr'><em>August,</em></span> <span class='ocrx_word' id='word_1_577' title='bbox 722 2357 792 2384; x_wconf 84' lang='lat' dir='ltr'><em>Epist.</em></span> <span class='ocrx_word' id='word_1_578' title='bbox 815 2357 864 2379; x_wconf 90' lang='grc'>130.</span> <span class='ocrx_word' id='word_1_579' title='bbox 883 2357 947 2383; x_wconf 87' lang='lat' dir='ltr'><em>(alias</em></span> <span class='ocrx_word' id='word_1_580' title='bbox 966 2357 1026 2378; x_wconf 58' lang='lat' dir='ltr'><em>iffi.)</em></span> <span class='ocrx_word' id='word_1_581' title='bbox 1045 2363 1064 2379; x_wconf 87' lang='lat' dir='ltr'><em>c.</em></span> <span class='ocrx_word' id='word_1_582' title='bbox 1087 2357 1121 2378; x_wconf 77' lang='lat'><em>15.</em></span> 
     </span>
     <span class='ocr_line' id='line_1_80' title="bbox 270 2395 1120 2424; baseline -0.001 -5"><span class='ocrx_word' id='word_1_583' title='bbox 270 2403 293 2419; x_wconf 88' lang='lat' dir='ltr'><em>n.</em></span> <span class='ocrx_word' id='word_1_584' title='bbox 311 2397 352 2423; x_wconf 77' lang='lat'><em>28,</em></span> <span class='ocrx_word' id='word_1_585' title='bbox 370 2397 399 2418; x_wconf 84' lang='lat' dir='ltr'><em>ita</em></span> <span class='ocrx_word' id='word_1_586' title='bbox 417 2397 527 2424; x_wconf 73' lang='lat' dir='ltr'><em>explicat:</em></span> <span class='ocrx_word' id='word_1_587' title='bbox 547 2396 636 2418; x_wconf 80' lang='lat' dir='ltr'><em>Dictum</em></span> <span class='ocrx_word' id='word_1_588' title='bbox 654 2396 741 2424; x_wconf 80' lang='lat' dir='ltr'><em>quippe</em></span> <span class='ocrx_word' id='word_1_589' title='bbox 759 2399 793 2418; x_wconf 76' lang='lat' dir='ltr'><em>est</em></span> <span class='ocrx_word' id='word_1_590' title='bbox 810 2395 944 2424; x_wconf 76' lang='lat' dir='ltr'><em>interpella!</em></span> <span class='ocrx_word' id='word_1_591' title='bbox 956 2401 1000 2424; x_wconf 83' lang='lat' dir='ltr'><em>pre</em></span> <span class='ocrx_word' id='word_1_592' title='bbox 1013 2395 1120 2423; x_wconf 68' lang='lat' dir='ltr'><em>Sanctis,</em></span> 
     </span>
     <span class='ocr_line' id='line_1_81' title="bbox 271 2434 1120 2464; baseline 0 -7"><span class='ocrx_word' id='word_1_593' title='bbox 271 2436 326 2464; x_wconf 84' lang='lat' dir='ltr'><em>quia</em></span> <span class='ocrx_word' id='word_1_594' title='bbox 343 2436 488 2463; x_wconf 83' lang='lat' dir='ltr'><em>interpellare</em></span> <span class='ocrx_word' id='word_1_595' title='bbox 507 2436 602 2457; x_wconf 71' lang='lat' dir='ltr'><em>§anctos</em></span> <span class='ocrx_word' id='word_1_596' title='bbox 620 2436 682 2461; x_wconf 82' lang='lat' dir='ltr'><em>facit,</em></span> <span class='ocrx_word' id='word_1_597' title='bbox 699 2436 758 2457; x_wconf 81' lang='lat' dir='ltr'><em>sicut</em></span> <span class='ocrx_word' id='word_1_598' title='bbox 775 2435 862 2457; x_wconf 83' lang='lat' dir='ltr'><em>dictum</em></span> <span class='ocrx_word' id='word_1_599' title='bbox 881 2438 915 2457; x_wconf 88' lang='lat' dir='ltr'><em>est</em></span> <span class='ocrx_word' id='word_1_600' title='bbox 927 2434 1002 2464; x_wconf 89' lang='lat' dir='ltr'><em>[Deut.</em></span> <span class='ocrx_word' id='word_1_601' title='bbox 1020 2435 1058 2461; x_wconf 82' lang='grc'><em>13,</em></span> <span class='ocrx_word' id='word_1_602' title='bbox 1071 2434 1120 2464; x_wconf 85' lang='grc'>3.];</span> 
     </span>
     <span class='ocr_line' id='line_1_82' title="bbox 274 2474 1120 2504; baseline -0.002 -6"><span class='ocrx_word' id='word_1_603' title='bbox 274 2476 357 2498; x_wconf 78' lang='lat' dir='ltr'><em>Tentat</em></span> <span class='ocrx_word' id='word_1_604' title='bbox 373 2481 414 2498; x_wconf 54' lang='lat' dir='ltr'><em>*ros</em></span> <span class='ocrx_word' id='word_1_605' title='bbox 432 2474 549 2498; x_wconf 82' lang='lat' dir='ltr'><em>Dominus</em></span> <span class='ocrx_word' id='word_1_606' title='bbox 570 2475 633 2497; x_wconf 76' lang='lat' dir='ltr'><em>Deus</em></span> <span class='ocrx_word' id='word_1_607' title='bbox 655 2476 741 2501; x_wconf 68' lang='lat' dir='ltr'><em>vester,</em></span> <span class='ocrx_word' id='word_1_608' title='bbox 760 2476 787 2497; x_wconf 80' lang='lat' dir='ltr'><em>ut</em></span> <span class='ocrx_word' id='word_1_609' title='bbox 802 2474 874 2503; x_wconf 73' lang='lat' dir='ltr'><em>sciat,</em></span> <span class='ocrx_word' id='word_1_610' title='bbox 891 2474 913 2497; x_wconf 82' lang='lat' dir='ltr'><em>si</em></span> <span class='ocrx_word' id='word_1_611' title='bbox 929 2474 1034 2504; x_wconf 71' lang='lat' dir='ltr'><em>[liliqctt&#39;is</em></span> <span class='ocrx_word' id='word_1_612' title='bbox 1052 2480 1120 2502; x_wconf 77' lang='lat' dir='ltr'><em>eum,</em></span> 
     </span>
     <span class='ocr_line' id='line_1_83' title="bbox 272 2514 1122 2543; baseline -0.001 -7"><span class='ocrx_word' id='word_1_613' title='bbox 272 2516 316 2536; x_wconf 88' lang='lat' dir='ltr'><em>hoc</em></span> <span class='ocrx_word' id='word_1_614' title='bbox 333 2517 378 2541; x_wconf 73' lang='lat' dir='ltr'><em>est,</em></span> <span class='ocrx_word' id='word_1_615' title='bbox 397 2517 421 2536; x_wconf 84' lang='lat' dir='ltr'><em>ut</em></span> <span class='ocrx_word' id='word_1_616' title='bbox 438 2514 495 2536; x_wconf 85' lang='lat' dir='ltr'><em>scire</em></span> <span class='ocrx_word' id='word_1_617' title='bbox 513 2520 555 2536; x_wconf 86' lang='lat' dir='ltr'><em>vos</em></span> <span class='ocrx_word' id='word_1_618' title='bbox 573 2514 647 2536; x_wconf 80' lang='lat' dir='ltr'><em>saciat.</em></span> <span class='ocrx_word' id='word_1_619' title='bbox 665 2514 809 2542; x_wconf 84' lang='lat' dir='ltr'><em>interpellare</em></span> <span class='ocrx_word' id='word_1_620' title='bbox 822 2514 898 2542; x_wconf 84' lang='lat' dir='ltr'><em>itaque</em></span> <span class='ocrx_word' id='word_1_621' title='bbox 911 2515 1007 2536; x_wconf 70' lang='lat' dir='ltr'><em>sanctos</em></span> <span class='ocrx_word' id='word_1_622' title='bbox 1021 2514 1072 2536; x_wconf 80' lang='lat' dir='ltr'><em>tacit</em></span> <span class='ocrx_word' id='word_1_623' title='bbox 1084 2519 1122 2543; x_wconf 65' lang='lat' dir='ltr'><em>gye-</em></span> 
     </span>
     <span class='ocr_line' id='line_1_84' title="bbox 272 2552 1121 2581; baseline -0.001 -6"><span class='ocrx_word' id='word_1_624' title='bbox 272 2553 368 2576; x_wconf 77' lang='lat' dir='ltr'><em>mitibzts</em></span> <span class='ocrx_word' id='word_1_625' title='bbox 387 2552 601 2581; x_wconf 69' lang='lat' dir='ltr'><em>inenarrabilibus,</em></span> <span class='ocrx_word' id='word_1_626' title='bbox 622 2553 736 2581; x_wconf 82' lang='lat' dir='ltr'><em>inspirans</em></span> <span class='ocrx_word' id='word_1_627' title='bbox 754 2554 786 2575; x_wconf 85' lang='lat' dir='ltr'><em>cis</em></span> <span class='ocrx_word' id='word_1_628' title='bbox 803 2553 945 2575; x_wconf 83' lang='lat' dir='ltr'><em>desiderium</em></span> <span class='ocrx_word' id='word_1_629' title='bbox 964 2553 1032 2575; x_wconf 81' lang='lat' dir='ltr'><em>etiam</em></span> <span class='ocrx_word' id='word_1_630' title='bbox 1045 2553 1121 2575; x_wconf 87' lang='lat' dir='ltr'><em>adhuc</em></span> 
     </span>
     <span class='ocr_line' id='line_1_85' title="bbox 272 2592 1121 2621; baseline 0 -7"><span class='ocrx_word' id='word_1_631' title='bbox 272 2593 404 2620; x_wconf 76' lang='lat' dir='ltr'><em>incognitae</em></span> <span class='ocrx_word' id='word_1_632' title='bbox 422 2596 496 2614; x_wconf 87' lang='lat' dir='ltr'><em>tantae</em></span> <span class='ocrx_word' id='word_1_633' title='bbox 514 2592 557 2619; x_wconf 86' lang='lat' dir='ltr'><em>rei,</em></span> <span class='ocrx_word' id='word_1_634' title='bbox 575 2599 645 2621; x_wconf 81' lang='lat' dir='ltr'><em>quam</em></span> <span class='ocrx_word' id='word_1_635' title='bbox 668 2598 709 2620; x_wconf 88' lang='lat' dir='ltr'><em>per</em></span> <span class='ocrx_word' id='word_1_636' title='bbox 734 2593 868 2620; x_wconf 86' lang='lat' dir='ltr'><em>patientiam</em></span> <span class='ocrx_word' id='word_1_637' title='bbox 895 2595 1056 2620; x_wconf 80' lang='lat' dir='ltr'><em>exspectamus</em></span> <span class='ocrx_word' id='word_1_638' title='bbox 1079 2595 1121 2614; x_wconf 81' lang='lat' dir='ltr'><em>etc.</em></span> 
     </span>
     <span class='ocr_line' id='line_1_86' title="bbox 273 2631 817 2661; baseline -0.002 -7"><span class='ocrx_word' id='word_1_639' title='bbox 273 2631 319 2654; x_wconf 81' lang='lat' dir='ltr'><em>Cfr.</em></span> <span class='ocrx_word' id='word_1_640' title='bbox 336 2632 406 2659; x_wconf 85' lang='lat' dir='ltr'><em>Epist.</em></span> <span class='ocrx_word' id='word_1_641' title='bbox 429 2632 478 2654; x_wconf 80' lang='grc'>194.</span> <span class='ocrx_word' id='word_1_642' title='bbox 498 2632 563 2661; x_wconf 78' lang='lat' dir='ltr'><em>(alias</em></span> <span class='ocrx_word' id='word_1_643' title='bbox 582 2632 643 2660; x_wconf 80' lang='grc'>105.)</span> <span class='ocrx_word' id='word_1_644' title='bbox 662 2638 682 2654; x_wconf 88' lang='lat' dir='ltr'><em>c.</em></span> <span class='ocrx_word' id='word_1_645' title='bbox 700 2632 721 2654; x_wconf 89' lang='lat'><em>4.</em></span> <span class='ocrx_word' id='word_1_646' title='bbox 739 2638 761 2653; x_wconf 91' lang='grc' dir='ltr'><em>ιι.</em></span> <span class='ocrx_word' id='word_1_647' title='bbox 783 2632 817 2653; x_wconf 74' lang='lat' dir='ltr'><em>ld.</em></span> 
     </span>
    </p>

    <p class='ocr_par' dir='ltr' id='par_1_14' title="bbox 277 2668 1122 2736">
     <span class='ocr_line' id='line_1_87' title="bbox 336 2668 1122 2699; baseline -0.001 -7"><span class='ocrx_word' id='word_1_648' title='bbox 336 2668 345 2682; x_wconf 75' lang='lat'>³</span> <span class='ocrx_word' id='word_1_649' title='bbox 362 2671 447 2693; x_wconf 75' lang='lat' dir='ltr'><em>Textus</em></span> <span class='ocrx_word' id='word_1_650' title='bbox 459 2671 576 2698; x_wconf 82' lang='lat' dir='ltr'><em>originalis</em></span> <span class='ocrx_word' id='word_1_651' title='bbox 588 2670 619 2693; x_wconf 76' lang='lat' dir='ltr'><em>at]</em></span> <span class='ocrx_word' id='word_1_652' title='bbox 630 2677 692 2693; x_wconf 79' lang='lat' dir='ltr'><em>eum..</em></span> <span class='ocrx_word' id='word_1_653' title='bbox 704 2683 734 2686; x_wconf 19' lang='grc' dir='ltr'><em>ᾔ</em></span> <span class='ocrx_word' id='word_1_654' title='bbox 747 2671 796 2692; x_wconf 84' lang='grc' dir='ltr'>[)ιιο</span> <span class='ocrx_word' id='word_1_655' title='bbox 809 2676 874 2699; x_wconf 87' lang='lat' dir='ltr'><em>seqq.</em></span> <span class='ocrx_word' id='word_1_656' title='bbox 892 2670 934 2692; x_wconf 84' lang='lat' dir='ltr'><em>loci</em></span> <span class='ocrx_word' id='word_1_657' title='bbox 953 2674 1005 2692; x_wconf 83' lang='lat' dir='ltr'><em>suut</em></span> <span class='ocrx_word' id='word_1_658' title='bbox 1017 2671 1071 2692; x_wconf 84' lang='lat' dir='ltr'><em>Luc.</em></span> <span class='ocrx_word' id='word_1_659' title='bbox 1086 2670 1122 2696; x_wconf 53' lang='lat'><em>«18,</em></span> 
     </span>
     <span class='ocr_line' id='line_1_88' title="bbox 277 2710 567 2736; baseline 0 -5"><span class='ocrx_word' id='word_1_660' title='bbox 277 2710 296 2731; x_wconf 89' lang='grc'><em>1.</em></span> <span class='ocrx_word' id='word_1_661' title='bbox 313 2712 335 2732; x_wconf 88' lang='lat' dir='ltr'><em>et</em></span> <span class='ocrx_word' id='word_1_662' title='bbox 353 2711 366 2731; x_wconf 96' lang='lat' dir='ltr'><em>l.</em></span> <span class='ocrx_word' id='word_1_663' title='bbox 385 2711 466 2732; x_wconf 88' lang='lat' dir='ltr'><em>Thess.</em></span> <span class='ocrx_word' id='word_1_664' title='bbox 485 2710 511 2736; x_wconf 76' lang='lat'><em>5,</em></span> <span class='ocrx_word' id='word_1_665' title='bbox 534 2710 567 2732; x_wconf 85' lang='grc'><em>17.</em></span> 
     </span>
    </p>

    <p class='ocr_par' dir='ltr' id='par_1_15' title="bbox 275 2748 1124 2971">
     <span class='ocr_line' id='line_1_89' title="bbox 337 2748 1123 2777; baseline -0.001 -6"><span class='ocrx_word' id='word_1_666' title='bbox 337 2748 347 2761; x_wconf 77' lang='lat'>4</span> <span class='ocrx_word' id='word_1_667' title='bbox 365 2749 454 2771; x_wconf 78' lang='lat' dir='ltr'><em>Scilicet</em></span> <span class='ocrx_word' id='word_1_668' title='bbox 466 2749 590 2772; x_wconf 72' lang='lat' dir='ltr'><em>ordinarit!</em></span> <span class='ocrx_word' id='word_1_669' title='bbox 604 2749 626 2770; x_wconf 90' lang='grc' dir='ltr'><em>ιιι</em></span> <span class='ocrx_word' id='word_1_670' title='bbox 635 2750 690 2771; x_wconf 82' lang='lat' dir='ltr'><em>Luc.</em></span> <span class='ocrx_word' id='word_1_671' title='bbox 707 2750 739 2777; x_wconf 75' lang='lat'><em>18,</em></span> <span class='ocrx_word' id='word_1_672' title='bbox 758 2750 774 2770; x_wconf 92' lang='grc'><em>1.</em></span> <span class='ocrx_word' id='word_1_673' title='bbox 787 2748 860 2777; x_wconf 83' lang='lat' dir='ltr'><em>(apud</em></span> <span class='ocrx_word' id='word_1_674' title='bbox 872 2749 988 2776; x_wconf 78' lang='lat' dir='ltr'><em>Lyranum</em></span> <span class='ocrx_word' id='word_1_675' title='bbox 999 2754 1025 2770; x_wconf 84' lang='lat' dir='ltr'><em>ex</em></span> <span class='ocrx_word' id='word_1_676' title='bbox 1038 2748 1123 2776; x_wconf 86' lang='lat' dir='ltr'><em>Beda):</em></span> 
     </span>
     <span class='ocr_line' id='line_1_90' title="bbox 275 2788 1124 2817; baseline -0.002 -6"><span class='ocrx_word' id='word_1_677' title='bbox 275 2788 372 2817; x_wconf 81' lang='lat' dir='ltr'><em>Semper</em></span> <span class='ocrx_word' id='word_1_678' title='bbox 390 2794 474 2816; x_wconf 72' lang='lat' dir='ltr'><em>orare,</em></span> <span class='ocrx_word' id='word_1_679' title='bbox 492 2794 585 2816; x_wconf 86' lang='lat' dir='ltr'><em>semper</em></span> <span class='ocrx_word' id='word_1_680' title='bbox 603 2788 718 2810; x_wconf 81' lang='lat' dir='ltr'><em>canonicis</em></span> <span class='ocrx_word' id='word_1_681' title='bbox 736 2789 798 2810; x_wconf 83' lang='lat' dir='ltr'><em>horis</em></span> <span class='ocrx_word' id='word_1_682' title='bbox 815 2788 918 2816; x_wconf 81' lang='lat' dir='ltr'><em>quotidie</em></span> <span class='ocrx_word' id='word_1_683' title='bbox 933 2788 1062 2810; x_wconf 84' lang='lat' dir='ltr'><em>secundum</em></span> <span class='ocrx_word' id='word_1_684' title='bbox 1075 2793 1124 2809; x_wconf 89' lang='lat' dir='ltr'><em>mo—</em></span> 
     </span>
     <span class='ocr_line' id='line_1_91' title="bbox 276 2826 1124 2856; baseline -0.001 -7"><span class='ocrx_word' id='word_1_685' title='bbox 276 2833 324 2849; x_wconf 90' lang='lat' dir='ltr'><em>rem</em></span> <span class='ocrx_word' id='word_1_686' title='bbox 342 2827 471 2853; x_wconf 75' lang='lat' dir='ltr'><em>Ecclesiae3</em></span> <span class='ocrx_word' id='word_1_687' title='bbox 490 2828 526 2849; x_wconf 69' lang='lat' dir='ltr'><em>vel</em></span> <span class='ocrx_word' id='word_1_688' title='bbox 543 2828 598 2856; x_wconf 84' lang='lat' dir='ltr'><em>quia</em></span> <span class='ocrx_word' id='word_1_689' title='bbox 619 2828 692 2849; x_wconf 89' lang='lat' dir='ltr'><em>iustus</em></span> <span class='ocrx_word' id='word_1_690' title='bbox 718 2827 846 2849; x_wconf 82' lang='lat' dir='ltr'><em>secuudum</em></span> <span class='ocrx_word' id='word_1_691' title='bbox 869 2827 941 2849; x_wconf 90' lang='lat' dir='ltr'><em>Deum</em></span> <span class='ocrx_word' id='word_1_692' title='bbox 965 2827 1041 2849; x_wconf 82' lang='lat' dir='ltr'><em>onmia</em></span> <span class='ocrx_word' id='word_1_693' title='bbox 1065 2826 1124 2854; x_wconf 79' lang='lat' dir='ltr'><em>gerit</em></span> 
     </span>
     <span class='ocr_line' id='line_1_92' title="bbox 276 2866 1122 2895; baseline -0.001 -7"><span class='ocrx_word' id='word_1_694' title='bbox 276 2867 311 2888; x_wconf 79' lang='lat' dir='ltr'><em>vel</em></span> <span class='ocrx_word' id='word_1_695' title='bbox 329 2866 390 2888; x_wconf 76' lang='lat' dir='ltr'><em>dicit.</em></span> <span class='ocrx_word' id='word_1_696' title='bbox 410 2867 507 2894; x_wconf 81' lang='lat' dir='ltr'><em>Semper</em></span> <span class='ocrx_word' id='word_1_697' title='bbox 523 2870 573 2888; x_wconf 86' lang='lat' dir='ltr'><em>orat</em></span> <span class='ocrx_word' id='word_1_698' title='bbox 591 2867 630 2895; x_wconf 88' lang='lat' dir='ltr'><em>qui</em></span> <span class='ocrx_word' id='word_1_699' title='bbox 643 2873 735 2894; x_wconf 82' lang='lat' dir='ltr'><em>semper</em></span> <span class='ocrx_word' id='word_1_700' title='bbox 747 2867 795 2894; x_wconf 73' lang='lat' dir='ltr'><em>agit</em></span> <span class='ocrx_word' id='word_1_701' title='bbox 808 2866 867 2888; x_wconf 64' lang='lat' dir='ltr'><em>bon‘a</em></span> <span class='ocrx_word' id='word_1_702' title='bbox 876 2883 881 2893; x_wconf 94' lang='lat'><em>,</em></span> <span class='ocrx_word' id='word_1_703' title='bbox 894 2872 935 2888; x_wconf 90' lang='lat' dir='ltr'><em>nec</em></span> <span class='ocrx_word' id='word_1_704' title='bbox 948 2866 1032 2888; x_wconf 88' lang='lat' dir='ltr'><em>desinit</em></span> <span class='ocrx_word' id='word_1_705' title='bbox 1044 2871 1122 2893; x_wconf 83' lang='lat' dir='ltr'><em>orare,</em></span> 
     </span>
     <span class='ocr_line' id='line_1_93' title="bbox 276 2904 1122 2928; baseline -0.001 -2"><span class='ocrx_word' id='word_1_706' title='bbox 276 2905 319 2926; x_wconf 86' lang='lat' dir='ltr'><em>nisi</em></span> <span class='ocrx_word' id='word_1_707' title='bbox 336 2911 389 2926; x_wconf 89' lang='lat' dir='ltr'><em>cum</em></span> <span class='ocrx_word' id='word_1_708' title='bbox 408 2905 491 2927; x_wconf 84' lang='lat' dir='ltr'><em>desiuit</em></span> <span class='ocrx_word' id='word_1_709' title='bbox 509 2905 581 2928; x_wconf 87' lang='lat' dir='ltr'><em>iustus</em></span> <span class='ocrx_word' id='word_1_710' title='bbox 598 2912 656 2928; x_wconf 87' lang='lat' dir='ltr'><em>esse.</em></span> <span class='ocrx_word' id='word_1_711' title='bbox 673 2905 717 2928; x_wconf 85' lang='lat' dir='ltr'><em>Csr.</em></span> <span class='ocrx_word' id='word_1_712' title='bbox 735 2906 812 2927; x_wconf 86' lang='lat' dir='ltr'><em>Glossa</em></span> <span class='ocrx_word' id='word_1_713' title='bbox 830 2904 954 2928; x_wconf 70' lang='lat' dir='ltr'><em>ordinaria</em></span> <span class='ocrx_word' id='word_1_714' title='bbox 974 2905 996 2926; x_wconf 94' lang='lat' dir='ltr'><em>in</em></span> <span class='ocrx_word' id='word_1_715' title='bbox 1014 2905 1029 2927; x_wconf 90' lang='lat'><em>1.</em></span> <span class='ocrx_word' id='word_1_716' title='bbox 1042 2904 1122 2926; x_wconf 83' lang='lat' dir='ltr'><em>Thess.</em></span> 
     </span>
     <span class='ocr_line' id='line_1_94' title="bbox 277 2943 954 2971; baseline 0.001 -6"><span class='ocrx_word' id='word_1_717' title='bbox 277 2943 304 2970; x_wconf 78' lang='lat'><em>5,</em></span> <span class='ocrx_word' id='word_1_718' title='bbox 325 2944 359 2965; x_wconf 77' lang='lat'><em>17.</em></span> <span class='ocrx_word' id='word_1_719' title='bbox 376 2947 398 2965; x_wconf 85' lang='lat' dir='ltr'><em>et</em></span> <span class='ocrx_word' id='word_1_720' title='bbox 416 2945 515 2971; x_wconf 83' lang='lat' dir='ltr'><em>Bonav.,</em></span> <span class='ocrx_word' id='word_1_721' title='bbox 533 2944 662 2967; x_wconf 86' lang='lat' dir='ltr'><em>Comment.</em></span> <span class='ocrx_word' id='word_1_722' title='bbox 680 2945 701 2966; x_wconf 93' lang='grc' dir='ltr'><em>ιιι</em></span> <span class='ocrx_word' id='word_1_723' title='bbox 721 2946 774 2967; x_wconf 86' lang='lat' dir='ltr'><em>Luc.</em></span> <span class='ocrx_word' id='word_1_724' title='bbox 797 2945 835 2971; x_wconf 80' lang='lat' dir='ltr'><em>ts,</em></span> <span class='ocrx_word' id='word_1_725' title='bbox 857 2945 874 2966; x_wconf 88' lang='grc'><em>1.</em></span> <span class='ocrx_word' id='word_1_726' title='bbox 893 2951 913 2966; x_wconf 85' lang='grc' dir='ltr'><em>ιι.</em></span> <span class='ocrx_word' id='word_1_727' title='bbox 932 2945 954 2966; x_wconf 75' lang='grc'><em>2.</em></span> 
     </span>
    </p>

    <p class='ocr_par' dir='ltr' id='par_1_16' title="bbox 277 2981 1123 3051">
     <span class='ocr_line' id='line_1_95' title="bbox 340 2981 1123 3013; baseline -0.001 -8"><span class='ocrx_word' id='word_1_728' title='bbox 340 2982 349 2994; x_wconf 81' lang='lat'>⁵</span> <span class='ocrx_word' id='word_1_729' title='bbox 367 2984 417 3005; x_wconf 81' lang='lat' dir='ltr'><em>Vat.</em></span> <span class='ocrx_word' id='word_1_730' title='bbox 426 3000 431 3009; x_wconf 90' lang='lat'><em>,</em></span> <span class='ocrx_word' id='word_1_731' title='bbox 443 2984 628 3011; x_wconf 86' lang='lat' dir='ltr'><em>interpunctione</em></span> <span class='ocrx_word' id='word_1_732' title='bbox 640 2984 726 3006; x_wconf 77' lang='lat' dir='ltr'><em>variata</em></span> <span class='ocrx_word' id='word_1_733' title='bbox 738 2992 742 3005; x_wconf 92' lang='lat'><strong>:</strong></span> <span class='ocrx_word' id='word_1_734' title='bbox 756 2983 895 3013; x_wconf 76' lang='lat' dir='ltr'><em>implorare.</em></span> <span class='ocrx_word' id='word_1_735' title='bbox 907 2981 1123 3012; x_wconf 72' lang='lat' dir='ltr'><em>lmperceptsbz&#39;titer</em></span> 
     </span>
     <span class='ocr_line' id='line_1_96' title="bbox 277 3021 621 3051; baseline 0 -7"><span class='ocrx_word' id='word_1_736' title='bbox 277 3021 347 3045; x_wconf 77' lang='lat' dir='ltr'><em>etium.</em></span> <span class='ocrx_word' id='word_1_737' title='bbox 364 3021 396 3044; x_wconf 81' lang='lat' dir='ltr'><em>ud</em></span> <span class='ocrx_word' id='word_1_738' title='bbox 412 3021 455 3045; x_wconf 82' lang='lat' dir='ltr'><em>hoc</em></span> <span class='ocrx_word' id='word_1_739' title='bbox 473 3022 561 3051; x_wconf 69' lang='lat' dir='ltr'><em>Iieqttlu</em></span> <span class='ocrx_word' id='word_1_740' title='bbox 579 3026 621 3044; x_wconf 85' lang='lat' dir='ltr'><em>etc.</em></span> 
     </span>
    </p>
   </div>
   <div class='ocr_carea' id='block_1_9' title="bbox 1135 295 1155 3047">
    <p class='ocr_par' dir='ltr' id='par_1_17' title="bbox 1135 295 1155 3047">
     <span class='ocr_line' id='line_1_97' title="bbox 1135 295 1155 3047; baseline 0 0"><span class='ocrx_word' id='word_1_741' title='bbox 1135 295 1155 3047; x_wconf 95' lang='lat' dir='ltr'><em> </em></span> 
     </span>
    </p>
   </div>
   <div class='ocr_carea' id='block_1_10' title="bbox 1172 1570 2027 3050">
    <p class='ocr_par' dir='ltr' id='par_1_18' title="bbox 1172 1570 2025 2148">
     <span class='ocr_line' id='line_1_98' title="bbox 1235 1570 2023 1599; baseline 0 -6"><span class='ocrx_word' id='word_1_742' title='bbox 1235 1570 1244 1583; x_wconf 74' lang='lat'>⁰</span> <span class='ocrx_word' id='word_1_743' title='bbox 1262 1572 1351 1593; x_wconf 80' lang='lat' dir='ltr'><em>Scilicet</em></span> <span class='ocrx_word' id='word_1_744' title='bbox 1369 1571 1431 1599; x_wconf 87' lang='lat' dir='ltr'><em>apud</em></span> <span class='ocrx_word' id='word_1_745' title='bbox 1450 1571 1622 1599; x_wconf 75' lang='lat' dir='ltr'><em>Augustinum3</em></span> <span class='ocrx_word' id='word_1_746' title='bbox 1640 1571 1728 1593; x_wconf 86' lang='lat' dir='ltr'><em>haeres.</em></span> <span class='ocrx_word' id='word_1_747' title='bbox 1741 1570 1786 1592; x_wconf 78' lang='lat'><em>57:</em></span> <span class='ocrx_word' id='word_1_748' title='bbox 1805 1571 1947 1593; x_wconf 72' lang='lat' dir='ltr'><em>Postremum</em></span> <span class='ocrx_word' id='word_1_749' title='bbox 1960 1571 2023 1599; x_wconf 88' lang='lat' dir='ltr'><em>ponit</em></span> 
     </span>
     <span class='ocr_line' id='line_1_99' title="bbox 1172 1610 2023 1638; baseline 0 -5"><span class='ocrx_word' id='word_1_750' title='bbox 1172 1611 1314 1638; x_wconf 82' lang='lat' dir='ltr'><em>Epiphanius</em></span> <span class='ocrx_word' id='word_1_751' title='bbox 1331 1610 1537 1633; x_wconf 63' lang='lat' dir='ltr'><em>illnssulianorum</em></span> <span class='ocrx_word' id='word_1_752' title='bbox 1555 1611 1683 1637; x_wconf 78' lang='lat' dir='ltr'><em>haeresim;</em></span> <span class='ocrx_word' id='word_1_753' title='bbox 1709 1610 1772 1638; x_wconf 89' lang='lat' dir='ltr'><em>quod</em></span> <span class='ocrx_word' id='word_1_754' title='bbox 1798 1616 1882 1632; x_wconf 90' lang='lat' dir='ltr'><em>nomen</em></span> <span class='ocrx_word' id='word_1_755' title='bbox 1901 1616 1928 1632; x_wconf 82' lang='lat' dir='ltr'><em>ex</em></span> <span class='ocrx_word' id='word_1_756' title='bbox 1944 1610 2023 1638; x_wconf 84' lang='lat' dir='ltr'><em>lingua</em></span> 
     </span>
     <span class='ocr_line' id='line_1_100' title="bbox 1173 1645 2024 1680; baseline 0 -9"><span class='ocrx_word' id='word_1_757' title='bbox 1173 1651 1229 1677; x_wconf 68' lang='lat' dir='ltr'><em>Syra</em></span> <span class='ocrx_word' id='word_1_758' title='bbox 1248 1653 1296 1677; x_wconf 69' lang='lat' dir='ltr'><em>est,</em></span> <span class='ocrx_word' id='word_1_759' title='bbox 1317 1650 1403 1671; x_wconf 82' lang='lat' dir='ltr'><em>Graece</em></span> <span class='ocrx_word' id='word_1_760' title='bbox 1430 1651 1506 1671; x_wconf 82' lang='lat' dir='ltr'><em>autem</em></span> <span class='ocrx_word' id='word_1_761' title='bbox 1525 1648 1633 1671; x_wconf 89' lang='lat' dir='ltr'><em>dicuntur</em></span> <span class='ocrx_word' id='word_1_762' title='bbox 1650 1645 1761 1680; x_wconf 70' lang='grc' dir='ltr'>Εὒχὶται,</span> <span class='ocrx_word' id='word_1_763' title='bbox 1779 1648 1809 1671; x_wconf 90' lang='lat' dir='ltr'><em>ab</em></span> <span class='ocrx_word' id='word_1_764' title='bbox 1827 1649 1914 1671; x_wconf 85' lang='lat' dir='ltr'><em>orando</em></span> <span class='ocrx_word' id='word_1_765' title='bbox 1931 1649 1964 1671; x_wconf 89' lang='lat' dir='ltr'><em>sic</em></span> <span class='ocrx_word' id='word_1_766' title='bbox 1987 1655 2024 1677; x_wconf 86' lang='lat' dir='ltr'><em>ap-</em></span> 
     </span>
     <span class='ocr_line' id='line_1_101' title="bbox 1173 1688 2023 1717; baseline -0.001 -6"><span class='ocrx_word' id='word_1_767' title='bbox 1173 1689 1256 1717; x_wconf 78' lang='lat' dir='ltr'><em>pellati.</em></span> <span class='ocrx_word' id='word_1_768' title='bbox 1278 1689 1377 1711; x_wconf 85' lang='lat' dir='ltr'><em>Tantum</em></span> <span class='ocrx_word' id='word_1_769' title='bbox 1395 1688 1455 1711; x_wconf 92' lang='lat' dir='ltr'><em>enim</em></span> <span class='ocrx_word' id='word_1_770' title='bbox 1474 1692 1550 1716; x_wconf 74' lang='lat' dir='ltr'><em>orant,</em></span> <span class='ocrx_word' id='word_1_771' title='bbox 1569 1692 1593 1711; x_wconf 89' lang='lat' dir='ltr'><em>ut</em></span> <span class='ocrx_word' id='word_1_772' title='bbox 1611 1689 1644 1710; x_wconf 88' lang='lat' dir='ltr'><em>eis</em></span> <span class='ocrx_word' id='word_1_773' title='bbox 1660 1688 1699 1717; x_wconf 85' lang='lat' dir='ltr'><em>qui</em></span> <span class='ocrx_word' id='word_1_774' title='bbox 1718 1689 1761 1711; x_wconf 89' lang='lat' dir='ltr'><em>hoc</em></span> <span class='ocrx_word' id='word_1_775' title='bbox 1774 1689 1803 1711; x_wconf 85' lang='lat' dir='ltr'><em>de</em></span> <span class='ocrx_word' id='word_1_776' title='bbox 1816 1688 1858 1711; x_wconf 89' lang='lat' dir='ltr'><em>illis</em></span> <span class='ocrx_word' id='word_1_777' title='bbox 1872 1689 1977 1716; x_wconf 80' lang='lat' dir='ltr'><em>audiunt,</em></span> <span class='ocrx_word' id='word_1_778' title='bbox 1990 1689 2023 1711; x_wconf 88' lang='lat' dir='ltr'><em>in-</em></span> 
     </span>
     <span class='ocr_line' id='line_1_102' title="bbox 1173 1727 2022 1757; baseline 0 -7"><span class='ocrx_word' id='word_1_779' title='bbox 1173 1728 1284 1751; x_wconf 74' lang='lat' dir='ltr'><em>credibile</em></span> <span class='ocrx_word' id='word_1_780' title='bbox 1309 1728 1423 1750; x_wconf 79' lang='lat' dir='ltr'><em>videatur.</em></span> <span class='ocrx_word' id='word_1_781' title='bbox 1451 1728 1507 1750; x_wconf 75' lang='lat' dir='ltr'><em>Nam</em></span> <span class='ocrx_word' id='word_1_782' title='bbox 1533 1734 1586 1750; x_wconf 90' lang='lat' dir='ltr'><em>cum</em></span> <span class='ocrx_word' id='word_1_783' title='bbox 1605 1728 1717 1750; x_wconf 86' lang='lat' dir='ltr'><em>Dominus</em></span> <span class='ocrx_word' id='word_1_784' title='bbox 1734 1728 1815 1750; x_wconf 85' lang='lat' dir='ltr'><em>dixerit</em></span> <span class='ocrx_word' id='word_1_785' title='bbox 1833 1728 1897 1757; x_wconf 87' lang='lat' dir='ltr'><em>[Luc.</em></span> <span class='ocrx_word' id='word_1_786' title='bbox 1916 1728 1957 1756; x_wconf 80' lang='lat' dir='ltr'><em>lS,</em></span> <span class='ocrx_word' id='word_1_787' title='bbox 1976 1727 2022 1757; x_wconf 59' lang='lat' dir='ltr'><em>NJ:</em></span> 
     </span>
     <span class='ocr_line' id='line_1_103' title="bbox 1176 1765 2022 1797; baseline -0.001 -8"><span class='ocrx_word' id='word_1_788' title='bbox 1176 1766 1271 1796; x_wconf 78' lang='lat' dir='ltr'><em>Oportet</em></span> <span class='ocrx_word' id='word_1_789' title='bbox 1288 1773 1380 1796; x_wconf 80' lang='lat' dir='ltr'><em>semper</em></span> <span class='ocrx_word' id='word_1_790' title='bbox 1398 1772 1470 1789; x_wconf 72' lang='lat' dir='ltr'><em>orare</em></span> <span class='ocrx_word' id='word_1_791' title='bbox 1486 1768 1509 1789; x_wconf 78' lang='lat' dir='ltr'><em>et</em></span> <span class='ocrx_word' id='word_1_792' title='bbox 1524 1772 1572 1789; x_wconf 76' lang='lat' dir='ltr'><em>non</em></span> <span class='ocrx_word' id='word_1_793' title='bbox 1590 1765 1698 1797; x_wconf 74' lang='lat' dir='ltr'><em>deficere,</em></span> <span class='ocrx_word' id='word_1_794' title='bbox 1718 1769 1740 1788; x_wconf 88' lang='lat' dir='ltr'><em>et</em></span> <span class='ocrx_word' id='word_1_795' title='bbox 1757 1766 1880 1794; x_wconf 82' lang='lat' dir='ltr'><em>Apostolus</em></span> <span class='ocrx_word' id='word_1_796' title='bbox 1897 1765 1924 1795; x_wconf 92' lang='lat' dir='ltr'><em>[l.</em></span> <span class='ocrx_word' id='word_1_797' title='bbox 1943 1767 2022 1788; x_wconf 83' lang='lat' dir='ltr'><em>Thess.</em></span> 
     </span>
     <span class='ocr_line' id='line_1_104' title="bbox 1174 1805 2024 1834; baseline 0 -6"><span class='ocrx_word' id='word_1_798' title='bbox 1174 1806 1200 1833; x_wconf 80' lang='lat'><em>5,</em></span> <span class='ocrx_word' id='word_1_799' title='bbox 1223 1807 1282 1834; x_wconf 79' lang='lat'><em>17.]:</em></span> <span class='ocrx_word' id='word_1_800' title='bbox 1309 1805 1365 1829; x_wconf 77' lang='lat' dir='ltr'><em>Sine</em></span> <span class='ocrx_word' id='word_1_801' title='bbox 1382 1805 1556 1829; x_wconf 78' lang='lat' dir='ltr'><em>intermissione</em></span> <span class='ocrx_word' id='word_1_802' title='bbox 1573 1807 1652 1833; x_wconf 78' lang='lat' dir='ltr'><em>orate,</em></span> <span class='ocrx_word' id='word_1_803' title='bbox 1670 1805 1733 1834; x_wconf 85' lang='lat' dir='ltr'><em>quod</em></span> <span class='ocrx_word' id='word_1_804' title='bbox 1751 1806 1874 1827; x_wconf 82' lang='lat' dir='ltr'><em>sanissime</em></span> <span class='ocrx_word' id='word_1_805' title='bbox 1890 1806 1923 1828; x_wconf 89' lang='lat' dir='ltr'><em>sic</em></span> <span class='ocrx_word' id='word_1_806' title='bbox 1940 1805 2024 1833; x_wconf 85' lang='lat' dir='ltr'><em>accipi-</em></span> 
     </span>
     <span class='ocr_line' id='line_1_105' title="bbox 1174 1844 2022 1873; baseline -0.001 -5"><span class='ocrx_word' id='word_1_807' title='bbox 1174 1849 1222 1873; x_wconf 82' lang='lat' dir='ltr'><em>tur,</em></span> <span class='ocrx_word' id='word_1_808' title='bbox 1241 1849 1264 1868; x_wconf 91' lang='lat' dir='ltr'><em>ut</em></span> <span class='ocrx_word' id='word_1_809' title='bbox 1282 1846 1344 1868; x_wconf 90' lang='lat' dir='ltr'><em>nullo</em></span> <span class='ocrx_word' id='word_1_810' title='bbox 1362 1845 1399 1867; x_wconf 88' lang='lat' dir='ltr'><em>die</em></span> <span class='ocrx_word' id='word_1_811' title='bbox 1417 1845 1595 1867; x_wconf 85' lang='lat' dir='ltr'><em>intermittantur</em></span> <span class='ocrx_word' id='word_1_812' title='bbox 1613 1848 1674 1867; x_wconf 85' lang='lat' dir='ltr'><em>certa</em></span> <span class='ocrx_word' id='word_1_813' title='bbox 1693 1848 1796 1873; x_wconf 86' lang='lat' dir='ltr'><em>tempora</em></span> <span class='ocrx_word' id='word_1_814' title='bbox 1816 1844 1909 1873; x_wconf 88' lang='lat' dir='ltr'><em>orandi;</em></span> <span class='ocrx_word' id='word_1_815' title='bbox 1935 1845 1971 1867; x_wconf 91' lang='lat' dir='ltr'><em>isti</em></span> <span class='ocrx_word' id='word_1_816' title='bbox 1994 1845 2022 1867; x_wconf 86' lang='lat' dir='ltr'><em>ita</em></span> 
     </span>
     <span class='ocr_line' id='line_1_106' title="bbox 1174 1884 2024 1912; baseline -0.001 -5"><span class='ocrx_word' id='word_1_817' title='bbox 1174 1886 1243 1908; x_wconf 89' lang='lat' dir='ltr'><em>nimis</em></span> <span class='ocrx_word' id='word_1_818' title='bbox 1261 1886 1304 1907; x_wconf 79' lang='lat' dir='ltr'><em>hoc</em></span> <span class='ocrx_word' id='word_1_819' title='bbox 1323 1885 1418 1912; x_wconf 78' lang='lat' dir='ltr'><em>faciunt,</em></span> <span class='ocrx_word' id='word_1_820' title='bbox 1437 1888 1461 1906; x_wconf 90' lang='lat' dir='ltr'><em>ut</em></span> <span class='ocrx_word' id='word_1_821' title='bbox 1478 1884 1531 1906; x_wconf 85' lang='lat' dir='ltr'><em>hinc</em></span> <span class='ocrx_word' id='word_1_822' title='bbox 1550 1884 1705 1907; x_wconf 85' lang='lat' dir='ltr'><em>iudicarentur</em></span> <span class='ocrx_word' id='word_1_823' title='bbox 1723 1884 1781 1906; x_wconf 86' lang='lat' dir='ltr'><em>iuter</em></span> <span class='ocrx_word' id='word_1_824' title='bbox 1804 1884 1931 1906; x_wconf 87' lang='lat' dir='ltr'><em>haereticos</em></span> <span class='ocrx_word' id='word_1_825' title='bbox 1952 1884 2024 1906; x_wconf 89' lang='lat' dir='ltr'><em>nomi-</em></span> 
     </span>
     <span class='ocr_line' id='line_1_107' title="bbox 1174 1923 2023 1951; baseline -0.001 -5"><span class='ocrx_word' id='word_1_826' title='bbox 1174 1924 1244 1946; x_wconf 87' lang='lat' dir='ltr'><em>nandi</em></span> <span class='ocrx_word' id='word_1_827' title='bbox 1262 1927 1305 1946; x_wconf 90' lang='lat' dir='ltr'><em>etc.</em></span> <span class='ocrx_word' id='word_1_828' title='bbox 1322 1923 1367 1946; x_wconf 84' lang='lat' dir='ltr'><em>Csr.</em></span> <span class='ocrx_word' id='word_1_829' title='bbox 1384 1930 1453 1951; x_wconf 85' lang='lat' dir='ltr'><em>supra</em></span> <span class='ocrx_word' id='word_1_830' title='bbox 1471 1923 1557 1951; x_wconf 77' lang='lat' dir='ltr'><em>Opusc,</em></span> <span class='ocrx_word' id='word_1_831' title='bbox 1576 1923 1614 1945; x_wconf 79' lang='lat' dir='ltr'><em>Xl.</em></span> <span class='ocrx_word' id='word_1_832' title='bbox 1640 1923 1751 1951; x_wconf 75' lang='lat' dir='ltr'><em>Apologia</em></span> <span class='ocrx_word' id='word_1_833' title='bbox 1779 1928 1921 1950; x_wconf 86' lang='lat' dir='ltr'><em>pauperum,</em></span> <span class='ocrx_word' id='word_1_834' title='bbox 1943 1928 1962 1945; x_wconf 82' lang='lat' dir='ltr'><em>e.</em></span> <span class='ocrx_word' id='word_1_835' title='bbox 1987 1923 2023 1945; x_wconf 71' lang='lat'><em>⁴2.</em></span> 
     </span>
     <span class='ocr_line' id='line_1_108' title="bbox 1175 1961 2025 1990; baseline -0.002 -5"><span class='ocrx_word' id='word_1_836' title='bbox 1175 1969 1197 1985; x_wconf 91' lang='lat' dir='ltr'><em>n.</em></span> <span class='ocrx_word' id='word_1_837' title='bbox 1219 1963 1256 1989; x_wconf 83' lang='grc'><em>15,</em></span> <span class='ocrx_word' id='word_1_838' title='bbox 1275 1962 1313 1985; x_wconf 87' lang='lat' dir='ltr'><em>ubi</em></span> <span class='ocrx_word' id='word_1_839' title='bbox 1331 1963 1360 1985; x_wconf 86' lang='lat' dir='ltr'><em>de</em></span> <span class='ocrx_word' id='word_1_840' title='bbox 1378 1962 1506 1984; x_wconf 80' lang='lat' dir='ltr'><em>eorundem</em></span> <span class='ocrx_word' id='word_1_841' title='bbox 1525 1968 1616 1989; x_wconf 89' lang='lat' dir='ltr'><em>errore,</em></span> <span class='ocrx_word' id='word_1_842' title='bbox 1639 1961 1703 1990; x_wconf 88' lang='lat' dir='ltr'><em>quod</em></span> <span class='ocrx_word' id='word_1_843' title='bbox 1724 1970 1735 1982; x_wconf 64' lang='lat' dir='ltr'>m</span> <span class='ocrx_word' id='word_1_844' title='bbox 1748 1961 1868 1984; x_wconf 86' lang='lat' dir='ltr'><em>monachis</em></span> <span class='ocrx_word' id='word_1_845' title='bbox 1892 1967 1939 1984; x_wconf 89' lang='lat' dir='ltr'><em>non</em></span> <span class='ocrx_word' id='word_1_846' title='bbox 1960 1961 2025 1984; x_wconf 90' lang='lat' dir='ltr'><em>liceat</em></span> 
     </span>
     <span class='ocr_line' id='line_1_109' title="bbox 1175 2000 2024 2029; baseline 0 -5"><span class='ocrx_word' id='word_1_847' title='bbox 1175 2002 1339 2025; x_wconf 87' lang='lat' dir='ltr'><em>sustentandae</em></span> <span class='ocrx_word' id='word_1_848' title='bbox 1357 2002 1418 2024; x_wconf 85' lang='lat' dir='ltr'><em>vitae</em></span> <span class='ocrx_word' id='word_1_849' title='bbox 1435 2007 1491 2024; x_wconf 87' lang='lat' dir='ltr'><em>suae</em></span> <span class='ocrx_word' id='word_1_850' title='bbox 1509 2007 1577 2023; x_wconf 88' lang='lat' dir='ltr'><em>causa</em></span> <span class='ocrx_word' id='word_1_851' title='bbox 1595 2001 1681 2029; x_wconf 89' lang='lat' dir='ltr'><em>aliquid</em></span> <span class='ocrx_word' id='word_1_852' title='bbox 1701 2001 1791 2029; x_wconf 83' lang='lat' dir='ltr'><em>operari</em></span> <span class='ocrx_word' id='word_1_853' title='bbox 1805 2009 1827 2022; x_wconf 74' lang='grc' dir='ltr'><em>ι».</em></span> <span class='ocrx_word' id='word_1_854' title='bbox 1841 2001 1884 2023; x_wconf 86' lang='lat' dir='ltr'><em>Pro</em></span> <span class='ocrx_word' id='word_1_855' title='bbox 1901 2000 2024 2024; x_wconf 78' lang='lat' dir='ltr'><em>Massalia-</em></span> 
     </span>
     <span class='ocr_line' id='line_1_110' title="bbox 1175 2039 2024 2069; baseline -0.002 -5"><span class='ocrx_word' id='word_1_856' title='bbox 1175 2048 1262 2065; x_wconf 83' lang='lat' dir='ltr'><em>norum</em></span> <span class='ocrx_word' id='word_1_857' title='bbox 1274 2042 1343 2064; x_wconf 84' lang='lat' dir='ltr'><em>codd.</em></span> <span class='ocrx_word' id='word_1_858' title='bbox 1355 2044 1376 2063; x_wconf 83' lang='lat' dir='ltr'><em>ct</em></span> <span class='ocrx_word' id='word_1_859' title='bbox 1388 2041 1441 2063; x_wconf 86' lang='lat' dir='ltr'><em>edd.</em></span> <span class='ocrx_word' id='word_1_860' title='bbox 1453 2046 1576 2068; x_wconf 87' lang='lat' dir='ltr'><em>perperam</em></span> <span class='ocrx_word' id='word_1_861' title='bbox 1588 2039 1794 2068; x_wconf 75' lang='lat' dir='ltr'><em>Massilianorimt,</em></span> <span class='ocrx_word' id='word_1_862' title='bbox 1809 2046 1869 2069; x_wconf 88' lang='lat' dir='ltr'><em>quae</em></span> <span class='ocrx_word' id='word_1_863' title='bbox 1881 2040 1947 2062; x_wconf 88' lang='lat' dir='ltr'><em>lectio</em></span> <span class='ocrx_word' id='word_1_864' title='bbox 1956 2040 2024 2062; x_wconf 84' lang='lat' dir='ltr'><em>etiam</em></span> 
     </span>
     <span class='ocr_line' id='line_1_111' title="bbox 1176 2079 2025 2108; baseline -0.002 -5"><span class='ocrx_word' id='word_1_865' title='bbox 1176 2082 1196 2103; x_wconf 91' lang='lat' dir='ltr'><em>in</em></span> <span class='ocrx_word' id='word_1_866' title='bbox 1208 2082 1245 2103; x_wconf 89' lang='lat' dir='ltr'><em>ed.</em></span> <span class='ocrx_word' id='word_1_867' title='bbox 1260 2081 1354 2103; x_wconf 78' lang='lat' dir='ltr'><em>Maurin.</em></span> <span class='ocrx_word' id='word_1_868' title='bbox 1367 2081 1389 2102; x_wconf 91' lang='lat' dir='ltr'><em>in</em></span> <span class='ocrx_word' id='word_1_869' title='bbox 1403 2084 1455 2102; x_wconf 88' lang='lat' dir='ltr'><em>nota</em></span> <span class='ocrx_word' id='word_1_870' title='bbox 1470 2081 1571 2102; x_wconf 77' lang='lat' dir='ltr'><em>affertur.</em></span> <span class='ocrx_word' id='word_1_871' title='bbox 1583 2079 1627 2102; x_wconf 76' lang='lat' dir='ltr'><em>Cir.</em></span> <span class='ocrx_word' id='word_1_872' title='bbox 1640 2080 1758 2107; x_wconf 58' lang='lat' dir='ltr'><em>Damaso,</em></span> <span class='ocrx_word' id='word_1_873' title='bbox 1770 2079 1800 2102; x_wconf 88' lang='lat' dir='ltr'><em>de</em></span> <span class='ocrx_word' id='word_1_874' title='bbox 1812 2079 1941 2108; x_wconf 82' lang='lat' dir='ltr'><em>Haeresib.,</em></span> <span class='ocrx_word' id='word_1_875' title='bbox 1953 2086 1976 2102; x_wconf 91' lang='lat' dir='ltr'><em>n.</em></span> <span class='ocrx_word' id='word_1_876' title='bbox 1988 2080 2025 2102; x_wconf 79' lang='lat'><em>80.</em></span> 
     </span>
     <span class='ocr_line' id='line_1_112' title="bbox 1175 2118 1864 2148; baseline -0.003 -6"><span class='ocrx_word' id='word_1_877' title='bbox 1175 2132 1206 2136; x_wconf 97' lang='lat'><strong>—</strong></span> <span class='ocrx_word' id='word_1_878' title='bbox 1224 2120 1255 2142; x_wconf 92' lang='lat' dir='ltr'><em>De</em></span> <span class='ocrx_word' id='word_1_879' title='bbox 1273 2119 1359 2142; x_wconf 76' lang='lat' dir='ltr'><em>ieiunio</em></span> <span class='ocrx_word' id='word_1_880' title='bbox 1377 2118 1461 2148; x_wconf 58' lang='lat' dir='ltr'><em>gaudii</em></span> <span class='ocrx_word' id='word_1_881' title='bbox 1478 2120 1518 2140; x_wconf 87' lang='lat' dir='ltr'><em>csr.</em></span> <span class='ocrx_word' id='word_1_882' title='bbox 1536 2124 1605 2146; x_wconf 85' lang='lat' dir='ltr'><em>supra</em></span> <span class='ocrx_word' id='word_1_883' title='bbox 1624 2124 1678 2146; x_wconf 80' lang='lat' dir='ltr'><em>pag.</em></span> <span class='ocrx_word' id='word_1_884' title='bbox 1698 2118 1754 2145; x_wconf 75' lang='lat'><em>409,</em></span> <span class='ocrx_word' id='word_1_885' title='bbox 1773 2122 1824 2140; x_wconf 90' lang='lat' dir='ltr'><em>nota</em></span> <span class='ocrx_word' id='word_1_886' title='bbox 1843 2118 1864 2140; x_wconf 81' lang='lat'><em>7.</em></span> 
     </span>
    </p>

    <p class='ocr_par' dir='ltr' id='par_1_19' title="bbox 1238 2157 2024 2186">
     <span class='ocr_line' id='line_1_113' title="bbox 1238 2157 2024 2186; baseline -0.003 -5"><span class='ocrx_word' id='word_1_887' title='bbox 1238 2157 1246 2170; x_wconf 90' lang='lat'>⁷</span> <span class='ocrx_word' id='word_1_888' title='bbox 1265 2159 1350 2181; x_wconf 84' lang='lat' dir='ltr'><em>Textus</em></span> <span class='ocrx_word' id='word_1_889' title='bbox 1362 2158 1479 2186; x_wconf 76' lang='lat' dir='ltr'><em>originalis</em></span> <span class='ocrx_word' id='word_1_890' title='bbox 1491 2158 1574 2179; x_wconf 88' lang='lat' dir='ltr'><em>omittit</em></span> <span class='ocrx_word' id='word_1_891' title='bbox 1586 2159 1614 2180; x_wconf 84' lang='lat' dir='ltr'><em>et.</em></span> <span class='ocrx_word' id='word_1_892' title='bbox 1626 2170 1657 2174; x_wconf 90' lang='lat'><strong>—</strong></span> <span class='ocrx_word' id='word_1_893' title='bbox 1669 2158 1725 2179; x_wconf 90' lang='lat' dir='ltr'><em>Dein</em></span> <span class='ocrx_word' id='word_1_894' title='bbox 1738 2158 1849 2185; x_wconf 82' lang='lat' dir='ltr'><em>allegatur</em></span> <span class='ocrx_word' id='word_1_895' title='bbox 1858 2158 1924 2180; x_wconf 87' lang='lat' dir='ltr'><em>Prov.</em></span> <span class='ocrx_word' id='word_1_896' title='bbox 1939 2158 1975 2185; x_wconf 84' lang='grc'><em>13,</em></span> <span class='ocrx_word' id='word_1_897' title='bbox 1989 2158 2024 2180; x_wconf 59' lang='grc'><em>110.</em></span> 
     </span>
    </p>

    <p class='ocr_par' dir='ltr' id='par_1_20' title="bbox 1176 2196 2026 2262">
     <span class='ocr_line' id='line_1_114' title="bbox 1240 2196 2026 2225; baseline -0.001 -6"><span class='ocrx_word' id='word_1_898' title='bbox 1240 2196 1249 2210; x_wconf 66' lang='lat'>³</span> <span class='ocrx_word' id='word_1_899' title='bbox 1267 2198 1288 2219; x_wconf 88' lang='lat' dir='ltr'><em>ln</em></span> <span class='ocrx_word' id='word_1_900' title='bbox 1307 2200 1368 2219; x_wconf 84' lang='lat' dir='ltr'><em>textu</em></span> <span class='ocrx_word' id='word_1_901' title='bbox 1386 2196 1492 2224; x_wconf 78' lang='lat' dir='ltr'><em>originali</em></span> <span class='ocrx_word' id='word_1_902' title='bbox 1516 2196 1581 2218; x_wconf 85' lang='lat' dir='ltr'><em>deest</em></span> <span class='ocrx_word' id='word_1_903' title='bbox 1604 2196 1634 2218; x_wconf 81' lang='lat' dir='ltr'><em>iu.</em></span> <span class='ocrx_word' id='word_1_904' title='bbox 1653 2208 1683 2212; x_wconf 89' lang='lat'><em>-—</em></span> <span class='ocrx_word' id='word_1_905' title='bbox 1700 2196 1750 2218; x_wconf 85' lang='lat' dir='ltr'><em>Duo</em></span> <span class='ocrx_word' id='word_1_906' title='bbox 1776 2202 1842 2225; x_wconf 88' lang='lat' dir='ltr'><em>seqq.</em></span> <span class='ocrx_word' id='word_1_907' title='bbox 1868 2197 1911 2219; x_wconf 90' lang='lat' dir='ltr'><em>loci</em></span> <span class='ocrx_word' id='word_1_908' title='bbox 1935 2197 2026 2224; x_wconf 81' lang='lat' dir='ltr'><em>allegati</em></span> 
     </span>
     <span class='ocr_line' id='line_1_115' title="bbox 1176 2234 1693 2262; baseline -0.006 -3"><span class='ocrx_word' id='word_1_909' title='bbox 1176 2240 1230 2259; x_wconf 87' lang='lat' dir='ltr'><em>sunt</em></span> <span class='ocrx_word' id='word_1_910' title='bbox 1248 2237 1271 2258; x_wconf 88' lang='lat' dir='ltr'><em>ll.</em></span> <span class='ocrx_word' id='word_1_911' title='bbox 1290 2236 1350 2258; x_wconf 89' lang='lat' dir='ltr'><em>Tim.</em></span> <span class='ocrx_word' id='word_1_912' title='bbox 1368 2236 1396 2262; x_wconf 80' lang='lat'><em>3,</em></span> <span class='ocrx_word' id='word_1_913' title='bbox 1415 2236 1450 2257; x_wconf 71' lang='grc'><em>12.</em></span> <span class='ocrx_word' id='word_1_914' title='bbox 1470 2238 1492 2257; x_wconf 88' lang='lat' dir='ltr'><em>et</em></span> <span class='ocrx_word' id='word_1_915' title='bbox 1510 2235 1524 2256; x_wconf 96' lang='grc'><em>1.</em></span> <span class='ocrx_word' id='word_1_916' title='bbox 1542 2234 1592 2257; x_wconf 89' lang='lat' dir='ltr'><em>Cor.</em></span> <span class='ocrx_word' id='word_1_917' title='bbox 1612 2234 1637 2261; x_wconf 90' lang='lat'><em>4,</em></span> <span class='ocrx_word' id='word_1_918' title='bbox 1659 2235 1693 2256; x_wconf 88' lang='lat' dir='ltr'><em>lt.</em></span> 
     </span>
    </p>

    <p class='ocr_par' dir='ltr' id='par_1_21' title="bbox 1176 2273 2026 2460">
     <span class='ocr_line' id='line_1_116' title="bbox 1239 2273 2025 2302; baseline -0.003 -5"><span class='ocrx_word' id='word_1_919' title='bbox 1239 2275 1248 2287; x_wconf 74' lang='lat'><em>‘³</em></span> <span class='ocrx_word' id='word_1_920' title='bbox 1265 2276 1343 2297; x_wconf 84' lang='lat' dir='ltr'><em>Glossa</em></span> <span class='ocrx_word' id='word_1_921' title='bbox 1361 2274 1486 2297; x_wconf 77' lang='lat' dir='ltr'><em>ordinaria</em></span> <span class='ocrx_word' id='word_1_922' title='bbox 1504 2275 1527 2296; x_wconf 93' lang='grc' dir='ltr'><em>ιιι</em></span> <span class='ocrx_word' id='word_1_923' title='bbox 1546 2275 1559 2296; x_wconf 95' lang='lat' dir='ltr'><em>l.</em></span> <span class='ocrx_word' id='word_1_924' title='bbox 1577 2273 1630 2297; x_wconf 90' lang='lat' dir='ltr'><em>Cor.</em></span> <span class='ocrx_word' id='word_1_925' title='bbox 1648 2273 1672 2301; x_wconf 89' lang='lat'><em>4,</em></span> <span class='ocrx_word' id='word_1_926' title='bbox 1690 2274 1723 2296; x_wconf 86' lang='grc'><em>11,</em></span> <span class='ocrx_word' id='word_1_927' title='bbox 1737 2274 1800 2301; x_wconf 89' lang='lat' dir='ltr'><em>apud</em></span> <span class='ocrx_word' id='word_1_928' title='bbox 1812 2274 1945 2302; x_wconf 76' lang='lat' dir='ltr'><em>Lyranum:</em></span> <span class='ocrx_word' id='word_1_929' title='bbox 1960 2283 1970 2294; x_wconf 72' lang='grc' dir='ltr'><strong>α</strong></span> <span class='ocrx_word' id='word_1_930' title='bbox 1984 2274 2025 2296; x_wconf 87' lang='lat' dir='ltr'><em>Ve-</em></span> 
     </span>
     <span class='ocr_line' id='line_1_117' title="bbox 1176 2313 2026 2343; baseline -0.002 -5"><span class='ocrx_word' id='word_1_931' title='bbox 1176 2316 1266 2338; x_wconf 87' lang='lat' dir='ltr'><em>ritatem</em></span> <span class='ocrx_word' id='word_1_932' title='bbox 1284 2315 1444 2343; x_wconf 83' lang='lat' dir='ltr'><em>praedicantes</em></span> <span class='ocrx_word' id='word_1_933' title='bbox 1461 2314 1559 2341; x_wconf 75' lang='lat' dir='ltr'><em>gratiam</em></span> <span class='ocrx_word' id='word_1_934' title='bbox 1577 2320 1624 2335; x_wconf 92' lang='lat' dir='ltr'><em>non</em></span> <span class='ocrx_word' id='word_1_935' title='bbox 1637 2313 1723 2335; x_wconf 89' lang='lat' dir='ltr'><em>habent</em></span> <span class='ocrx_word' id='word_1_936' title='bbox 1735 2314 1798 2341; x_wconf 88' lang='lat' dir='ltr'><em>apud</em></span> <span class='ocrx_word' id='word_1_937' title='bbox 1811 2314 1916 2336; x_wconf 86' lang='lat' dir='ltr'><em>homines</em></span> <span class='ocrx_word' id='word_1_938' title='bbox 1928 2321 1949 2341; x_wconf 74' lang='lat'><em>”3</em></span> <span class='ocrx_word' id='word_1_939' title='bbox 1962 2314 2026 2341; x_wconf 84' lang='lat' dir='ltr'><em>apud</em></span> 
     </span>
     <span class='ocr_line' id='line_1_118' title="bbox 1178 2352 2025 2380; baseline -0.002 -3"><span class='ocrx_word' id='word_1_940' title='bbox 1178 2356 1235 2377; x_wconf 82' lang='lat' dir='ltr'><em>Petr.</em></span> <span class='ocrx_word' id='word_1_941' title='bbox 1253 2354 1391 2380; x_wconf 82' lang='lat' dir='ltr'><em>Lombard.,</em></span> <span class='ocrx_word' id='word_1_942' title='bbox 1410 2354 1431 2376; x_wconf 94' lang='lat' dir='ltr'><em>in</em></span> <span class='ocrx_word' id='word_1_943' title='bbox 1449 2353 1549 2375; x_wconf 82' lang='lat' dir='ltr'><em>eundem</em></span> <span class='ocrx_word' id='word_1_944' title='bbox 1568 2353 1624 2380; x_wconf 80' lang='lat' dir='ltr'><em>loc,</em></span> <span class='ocrx_word' id='word_1_945' title='bbox 1637 2353 1685 2380; x_wconf 84' lang='lat' dir='ltr'><em>ipsa</em></span> <span class='ocrx_word' id='word_1_946' title='bbox 1699 2352 1831 2380; x_wconf 76' lang='lat' dir='ltr'><em>exhibetur,</em></span> <span class='ocrx_word' id='word_1_947' title='bbox 1843 2353 1902 2375; x_wconf 90' lang='lat' dir='ltr'><em>sicut</em></span> <span class='ocrx_word' id='word_1_948' title='bbox 1913 2359 1925 2375; x_wconf 91' lang='lat' dir='ltr'><em>a</em></span> <span class='ocrx_word' id='word_1_949' title='bbox 1938 2353 2025 2375; x_wconf 83' lang='lat' dir='ltr'><em>Bonav.</em></span> 
     </span>
     <span class='ocr_line' id='line_1_119' title="bbox 1177 2392 2026 2422; baseline -0.002 -6"><span class='ocrx_word' id='word_1_950' title='bbox 1177 2395 1300 2422; x_wconf 80' lang='lat' dir='ltr'><em>profertur,</em></span> <span class='ocrx_word' id='word_1_951' title='bbox 1314 2396 1335 2416; x_wconf 91' lang='lat' dir='ltr'><em>et</em></span> <span class='ocrx_word' id='word_1_952' title='bbox 1347 2397 1422 2415; x_wconf 84' lang='lat' dir='ltr'><em>sumta</em></span> <span class='ocrx_word' id='word_1_953' title='bbox 1441 2397 1475 2415; x_wconf 88' lang='lat' dir='ltr'><em>est</em></span> <span class='ocrx_word' id='word_1_954' title='bbox 1492 2399 1518 2415; x_wconf 78' lang='lat' dir='ltr'><em>ex</em></span> <span class='ocrx_word' id='word_1_955' title='bbox 1535 2393 1665 2415; x_wconf 84' lang='lat' dir='ltr'><em>Comment.</em></span> <span class='ocrx_word' id='word_1_956' title='bbox 1682 2393 1703 2414; x_wconf 90' lang='lat' dir='ltr'><em>in</em></span> <span class='ocrx_word' id='word_1_957' title='bbox 1722 2394 1737 2415; x_wconf 92' lang='lat' dir='ltr'><em>l.</em></span> <span class='ocrx_word' id='word_1_958' title='bbox 1755 2392 1805 2415; x_wconf 89' lang='lat' dir='ltr'><em>Cor.</em></span> <span class='ocrx_word' id='word_1_959' title='bbox 1824 2392 1850 2419; x_wconf 88' lang='lat'><em>4,</em></span> <span class='ocrx_word' id='word_1_960' title='bbox 1865 2392 1900 2421; x_wconf 59' lang='lat' dir='ltr'><em>vlt,</em></span> <span class='ocrx_word' id='word_1_961' title='bbox 1913 2392 1977 2421; x_wconf 85' lang='lat' dir='ltr'><em>quod</em></span> <span class='ocrx_word' id='word_1_962' title='bbox 1989 2393 2026 2414; x_wconf 85' lang='lat' dir='ltr'><em>ha-</em></span> 
     </span>
     <span class='ocr_line' id='line_1_120' title="bbox 1178 2432 1550 2460; baseline -0.003 -5"><span class='ocrx_word' id='word_1_963' title='bbox 1178 2433 1245 2456; x_wconf 88' lang='lat' dir='ltr'><em>betur</em></span> <span class='ocrx_word' id='word_1_964' title='bbox 1263 2433 1320 2455; x_wconf 88' lang='lat' dir='ltr'><em>inter</em></span> <span class='ocrx_word' id='word_1_965' title='bbox 1337 2439 1408 2460; x_wconf 79' lang='lat' dir='ltr'><em>opera</em></span> <span class='ocrx_word' id='word_1_966' title='bbox 1426 2432 1550 2454; x_wconf 82' lang='lat' dir='ltr'><em>Ambrosii.</em></span> 
     </span>
    </p>

    <p class='ocr_par' dir='ltr' id='par_1_22' title="bbox 1178 2471 2027 3050">
     <span class='ocr_line' id='line_1_121' title="bbox 1242 2471 2024 2501; baseline -0.003 -7"><span class='ocrx_word' id='word_1_967' title='bbox 1242 2472 1261 2485; x_wconf 72' lang='lat'><em>¹⁰</em></span> <span class='ocrx_word' id='word_1_968' title='bbox 1279 2474 1310 2494; x_wconf 85' lang='lat' dir='ltr'><em>De</em></span> <span class='ocrx_word' id='word_1_969' title='bbox 1328 2472 1414 2501; x_wconf 82' lang='lat' dir='ltr'><em>quibus</em></span> <span class='ocrx_word' id='word_1_970' title='bbox 1432 2473 1472 2494; x_wconf 69' lang='lat' dir='ltr'><em>cfr.</em></span> <span class='ocrx_word' id='word_1_971' title='bbox 1491 2478 1562 2499; x_wconf 85' lang='lat' dir='ltr'><em>supra</em></span> <span class='ocrx_word' id='word_1_972' title='bbox 1580 2471 1665 2499; x_wconf 87' lang='lat' dir='ltr'><em>Opusc.</em></span> <span class='ocrx_word' id='word_1_973' title='bbox 1689 2471 1726 2493; x_wconf 82' lang='lat' dir='ltr'><em>XI.</em></span> <span class='ocrx_word' id='word_1_974' title='bbox 1750 2471 1862 2499; x_wconf 80' lang='lat' dir='ltr'><em>Apologia</em></span> <span class='ocrx_word' id='word_1_975' title='bbox 1883 2476 2024 2498; x_wconf 86' lang='lat' dir='ltr'><em>pauperum,</em></span> 
     </span>
     <span class='ocr_line' id='line_1_122' title="bbox 1178 2510 2024 2540; baseline -0.005 -5"><span class='ocrx_word' id='word_1_976' title='bbox 1178 2520 1197 2535; x_wconf 92' lang='lat' dir='ltr'><em>c.</em></span> <span class='ocrx_word' id='word_1_977' title='bbox 1216 2513 1237 2535; x_wconf 94' lang='grc'><em>·’3.</em></span> <span class='ocrx_word' id='word_1_978' title='bbox 1255 2519 1277 2534; x_wconf 89' lang='lat' dir='ltr'><em>n.</em></span> <span class='ocrx_word' id='word_1_979' title='bbox 1295 2513 1317 2534; x_wconf 75' lang='lat'><em>2.</em></span> <span class='ocrx_word' id='word_1_980' title='bbox 1334 2518 1400 2540; x_wconf 83' lang='lat' dir='ltr'><em>seqq.</em></span> <span class='ocrx_word' id='word_1_981' title='bbox 1416 2524 1447 2527; x_wconf 89' lang='lat'>—</span> <span class='ocrx_word' id='word_1_982' title='bbox 1465 2512 1516 2534; x_wconf 89' lang='lat' dir='ltr'><em>Vat.</em></span> <span class='ocrx_word' id='word_1_983' title='bbox 1534 2517 1586 2533; x_wconf 87' lang='lat' dir='ltr'><em>cum</em></span> <span class='ocrx_word' id='word_1_984' title='bbox 1609 2511 1640 2537; x_wconf 91' lang='lat' dir='ltr'><em>D,</em></span> <span class='ocrx_word' id='word_1_985' title='bbox 1666 2510 1747 2532; x_wconf 85' lang='lat' dir='ltr'><em>ceteris</em></span> <span class='ocrx_word' id='word_1_986' title='bbox 1765 2510 1832 2532; x_wconf 55' lang='lat' dir='ltr'><em>codd.</em></span> <span class='ocrx_word' id='word_1_987' title='bbox 1856 2512 1878 2532; x_wconf 87' lang='lat' dir='ltr'><em>et</em></span> <span class='ocrx_word' id='word_1_988' title='bbox 1895 2510 1932 2532; x_wconf 86' lang='lat' dir='ltr'><em>ed.</em></span> <span class='ocrx_word' id='word_1_989' title='bbox 1956 2510 1964 2531; x_wconf 62' lang='lat'><em>.1</em></span> <span class='ocrx_word' id='word_1_990' title='bbox 1992 2516 2024 2532; x_wconf 87' lang='lat' dir='ltr'><em>re-</em></span> 
     </span>
     <span class='ocr_line' id='line_1_123' title="bbox 1179 2549 2025 2579; baseline -0.004 -5"><span class='ocrx_word' id='word_1_991' title='bbox 1179 2551 1335 2579; x_wconf 70' lang='lat' dir='ltr'><em>fragantibus,</em></span> <span class='ocrx_word' id='word_1_992' title='bbox 1362 2551 1398 2573; x_wconf 88' lang='lat' dir='ltr'><em>hic</em></span> <span class='ocrx_word' id='word_1_993' title='bbox 1418 2551 1497 2573; x_wconf 84' lang='lat' dir='ltr'><em>addit:</em></span> <span class='ocrx_word' id='word_1_994' title='bbox 1516 2551 1537 2572; x_wconf 83' lang='lat' dir='ltr'><em>ln</em></span> <span class='ocrx_word' id='word_1_995' title='bbox 1555 2556 1613 2578; x_wconf 85' lang='lat' dir='ltr'><em>quo,</em></span> <span class='ocrx_word' id='word_1_996' title='bbox 1632 2550 1680 2572; x_wconf 86' lang='lat' dir='ltr'><em>sine</em></span> <span class='ocrx_word' id='word_1_997' title='bbox 1697 2549 1763 2577; x_wconf 79' lang='lat' dir='ltr'><em>gravi</em></span> <span class='ocrx_word' id='word_1_998' title='bbox 1781 2549 1857 2571; x_wconf 87' lang='lat' dir='ltr'><em>cordis</em></span> <span class='ocrx_word' id='word_1_999' title='bbox 1874 2549 1963 2577; x_wconf 84' lang='lat' dir='ltr'><em>gemitu</em></span> <span class='ocrx_word' id='word_1_1000' title='bbox 1980 2555 2025 2571; x_wconf 89' lang='lat' dir='ltr'><em>non</em></span> 
     </span>
     <span class='ocr_line' id='line_1_124' title="bbox 1179 2588 2026 2619; baseline -0.004 -6"><span class='ocrx_word' id='word_1_1001' title='bbox 1179 2591 1243 2619; x_wconf 85' lang='lat' dir='ltr'><em>dico,</em></span> <span class='ocrx_word' id='word_1_1002' title='bbox 1262 2591 1336 2618; x_wconf 80' lang='lat' dir='ltr'><em>magis</em></span> <span class='ocrx_word' id='word_1_1003' title='bbox 1361 2591 1509 2618; x_wconf 88' lang='lat' dir='ltr'><em>reperiuntur</em></span> <span class='ocrx_word' id='word_1_1004' title='bbox 1531 2590 1607 2611; x_wconf 62' lang='lat' dir='ltr'><em>vitiosi</em></span> <span class='ocrx_word' id='word_1_1005' title='bbox 1629 2595 1745 2616; x_wconf 88' lang='lat' dir='ltr'><em>pauperes</em></span> <span class='ocrx_word' id='word_1_1006' title='bbox 1771 2589 1792 2611; x_wconf 90' lang='lat' dir='ltr'><em>in</em></span> <span class='ocrx_word' id='word_1_1007' title='bbox 1814 2589 1905 2611; x_wconf 87' lang='lat' dir='ltr'><em>saeculo</em></span> <span class='ocrx_word' id='word_1_1008' title='bbox 1923 2589 1952 2611; x_wconf 87' lang='lat' dir='ltr'><em>ad</em></span> <span class='ocrx_word' id='word_1_1009' title='bbox 1970 2588 2026 2611; x_wconf 85' lang='lat' dir='ltr'><em>Reli-</em></span> 
     </span>
     <span class='ocr_line' id='line_1_125' title="bbox 1179 2626 2026 2658; baseline -0.004 -6"><span class='ocrx_word' id='word_1_1010' title='bbox 1179 2630 1271 2658; x_wconf 77' lang='lat' dir='ltr'><em>gionem</em></span> <span class='ocrx_word' id='word_1_1011' title='bbox 1290 2630 1415 2652; x_wconf 81' lang='lat' dir='ltr'><em>venientes.</em></span> <span class='ocrx_word' id='word_1_1012' title='bbox 1432 2629 1464 2651; x_wconf 88' lang='lat' dir='ltr'><em>De</em></span> <span class='ocrx_word' id='word_1_1013' title='bbox 1482 2627 1567 2657; x_wconf 88' lang='lat' dir='ltr'><em>quibus</em></span> <span class='ocrx_word' id='word_1_1014' title='bbox 1584 2628 1738 2655; x_wconf 75' lang='lat' dir='ltr'><em>Hieronymus</em></span> <span class='ocrx_word' id='word_1_1015' title='bbox 1763 2627 1794 2657; x_wconf 93' lang='lat' dir='ltr'><em>[D</em></span> <span class='ocrx_word' id='word_1_1016' title='bbox 1819 2627 1883 2650; x_wconf 84' lang='lat' dir='ltr'><em>addit</em></span> <span class='ocrx_word' id='word_1_1017' title='bbox 1899 2627 1924 2650; x_wconf 79' lang='lat' dir='ltr'><em>in</em></span> <span class='ocrx_word' id='word_1_1018' title='bbox 1940 2626 2026 2657; x_wconf 69' lang='lat' dir='ltr'><em>requici</em></span> 
     </span>
     <span class='ocr_line' id='line_1_126' title="bbox 1179 2666 2026 2696; baseline -0.004 -4"><span class='ocrx_word' id='word_1_1019' title='bbox 1179 2669 1211 2692; x_wconf 75' lang='lat' dir='ltr'><em>utI</em></span> <span class='ocrx_word' id='word_1_1020' title='bbox 1228 2668 1397 2696; x_wconf 73' lang='lat' dir='ltr'><em>Eustochium,</em></span> <span class='ocrx_word' id='word_1_1021' title='bbox 1417 2670 1464 2690; x_wconf 65' lang='lat' dir='ltr'><em>Yat⁴</em></span> <span class='ocrx_word' id='word_1_1022' title='bbox 1483 2667 1554 2690; x_wconf 86' lang='lat' dir='ltr'><em>habet</em></span> <span class='ocrx_word' id='word_1_1023' title='bbox 1571 2668 1592 2689; x_wconf 92' lang='lat' dir='ltr'><em>in</em></span> <span class='ocrx_word' id='word_1_1024' title='bbox 1611 2667 1716 2695; x_wconf 79' lang='lat' dir='ltr'><em>margine</em></span> <span class='ocrx_word' id='word_1_1025' title='bbox 1734 2667 1756 2689; x_wconf 83' lang='grc' dir='ltr'><em>ἱη</em></span> <span class='ocrx_word' id='word_1_1026' title='bbox 1775 2666 1882 2696; x_wconf 45' lang='lat' dir='ltr'><em>Epistola.</em></span> <span class='ocrx_word' id='word_1_1027' title='bbox 1898 2666 1930 2689; x_wconf 78' lang='lat' dir='ltr'><em>acl</em></span> <span class='ocrx_word' id='word_1_1028' title='bbox 1944 2666 2026 2690; x_wconf 78' lang='lat' dir='ltr'><em>Eusto-</em></span> 
     </span>
     <span class='ocr_line' id='line_1_127' title="bbox 1179 2707 2026 2737; baseline -0.004 -6"><span class='ocrx_word' id='word_1_1029' title='bbox 1179 2709 1259 2732; x_wconf 61' lang='lat' dir='ltr'><em>clitum</em></span> <span class='ocrx_word' id='word_1_1030' title='bbox 1275 2709 1314 2737; x_wconf 77' lang='lat'>(?)]</span> <span class='ocrx_word' id='word_1_1031' title='bbox 1342 2709 1390 2730; x_wconf 88' lang='lat' dir='ltr'><em>ait:</em></span> <span class='ocrx_word' id='word_1_1032' title='bbox 1416 2716 1427 2728; x_wconf 74' lang='grc' dir='ltr'><em>α</em></span> <span class='ocrx_word' id='word_1_1033' title='bbox 1446 2708 1527 2730; x_wconf 80' lang='lat' dir='ltr'><em>Mirum</em></span> <span class='ocrx_word' id='word_1_1034' title='bbox 1553 2707 1582 2730; x_wconf 87' lang='lat' dir='ltr'><em>de</em></span> <span class='ocrx_word' id='word_1_1035' title='bbox 1608 2707 1690 2729; x_wconf 78' lang='lat' dir='ltr'><em>infelici</em></span> <span class='ocrx_word' id='word_1_1036' title='bbox 1716 2707 1847 2729; x_wconf 86' lang='lat' dir='ltr'><em>conditione</em></span> <span class='ocrx_word' id='word_1_1037' title='bbox 1872 2707 2026 2735; x_wconf 88' lang='lat' dir='ltr'><em>plurimorum</em></span> 
     </span>
     <span class='ocr_line' id='line_1_128' title="bbox 1181 2745 2025 2777; baseline -0.004 -7"><span class='ocrx_word' id='word_1_1038' title='bbox 1181 2748 1209 2777; x_wconf 92' lang='lat' dir='ltr'><em>[D</em></span> <span class='ocrx_word' id='word_1_1039' title='bbox 1226 2748 1290 2770; x_wconf 86' lang='lat' dir='ltr'><em>addit</em></span> <span class='ocrx_word' id='word_1_1040' title='bbox 1307 2746 1452 2776; x_wconf 67' lang='lat' dir='ltr'><em>homiuum}</em></span> <span class='ocrx_word' id='word_1_1041' title='bbox 1470 2747 1526 2769; x_wconf 83' lang='lat' dir='ltr'><em>Sunt</em></span> <span class='ocrx_word' id='word_1_1042' title='bbox 1543 2746 1645 2768; x_wconf 85' lang='lat' dir='ltr'><em>nonnulli</em></span> <span class='ocrx_word' id='word_1_1043' title='bbox 1662 2746 1719 2768; x_wconf 60' lang='lat' dir='ltr'><em>viles</em></span> <span class='ocrx_word' id='word_1_1044' title='bbox 1741 2749 1763 2768; x_wconf 79' lang='lat' dir='ltr'><em>et</em></span> <span class='ocrx_word' id='word_1_1045' title='bbox 1780 2745 1863 2768; x_wconf 86' lang='lat' dir='ltr'><em>abiecti</em></span> <span class='ocrx_word' id='word_1_1046' title='bbox 1885 2746 1905 2767; x_wconf 92' lang='lat' dir='ltr'><em>in</em></span> <span class='ocrx_word' id='word_1_1047' title='bbox 1923 2745 2025 2773; x_wconf 79' lang='lat' dir='ltr'><em>saeculo,</em></span> 
     </span>
     <span class='ocr_line' id='line_1_129' title="bbox 1179 2785 2026 2816; baseline -0.004 -7"><span class='ocrx_word' id='word_1_1048' title='bbox 1179 2788 1219 2816; x_wconf 88' lang='lat' dir='ltr'><em>qui</em></span> <span class='ocrx_word' id='word_1_1049' title='bbox 1237 2787 1377 2816; x_wconf 85' lang='lat' dir='ltr'><em>quotidianis</em></span> <span class='ocrx_word' id='word_1_1050' title='bbox 1394 2785 1513 2808; x_wconf 84' lang='lat' dir='ltr'><em>laboribus</em></span> <span class='ocrx_word' id='word_1_1051' title='bbox 1530 2792 1555 2808; x_wconf 89' lang='lat' dir='ltr'><em>se</em></span> <span class='ocrx_word' id='word_1_1052' title='bbox 1573 2786 1631 2808; x_wconf 88' lang='lat' dir='ltr'><em>ultra</em></span> <span class='ocrx_word' id='word_1_1053' title='bbox 1648 2785 1710 2807; x_wconf 65' lang='lat' dir='ltr'><em>vires</em></span> <span class='ocrx_word' id='word_1_1054' title='bbox 1722 2785 1848 2813; x_wconf 78' lang='lat' dir='ltr'><em>affligentes</em></span> <span class='ocrx_word' id='word_1_1055' title='bbox 1860 2791 1903 2813; x_wconf 88' lang='lat' dir='ltr'><em>pro</em></span> <span class='ocrx_word' id='word_1_1056' title='bbox 1916 2785 1977 2807; x_wconf 70' lang='lat' dir='ltr'><em>rictu</em></span> <span class='ocrx_word' id='word_1_1057' title='bbox 1991 2790 2026 2807; x_wconf 88' lang='lat' dir='ltr'><em>ca-</em></span> 
     </span>
     <span class='ocr_line' id='line_1_130' title="bbox 1179 2823 2025 2854; baseline -0.004 -6"><span class='ocrx_word' id='word_1_1058' title='bbox 1179 2827 1278 2854; x_wconf 82' lang='lat' dir='ltr'><em>ptando,</em></span> <span class='ocrx_word' id='word_1_1059' title='bbox 1297 2826 1407 2848; x_wconf 84' lang='lat' dir='ltr'><em>vilissime</em></span> <span class='ocrx_word' id='word_1_1060' title='bbox 1429 2827 1451 2847; x_wconf 89' lang='lat' dir='ltr'><em>et</em></span> <span class='ocrx_word' id='word_1_1061' title='bbox 1477 2825 1514 2847; x_wconf 72' lang='lat' dir='ltr'><em>vix</em></span> <span class='ocrx_word' id='word_1_1062' title='bbox 1532 2825 1589 2847; x_wconf 84' lang='lat' dir='ltr'><em>raris</em></span> <span class='ocrx_word' id='word_1_1063' title='bbox 1607 2824 1664 2846; x_wconf 83' lang='lat' dir='ltr'><em>sabis</em></span> <span class='ocrx_word' id='word_1_1064' title='bbox 1687 2826 1708 2846; x_wconf 89' lang='lat' dir='ltr'><em>et</em></span> <span class='ocrx_word' id='word_1_1065' title='bbox 1724 2824 1787 2851; x_wconf 87' lang='lat' dir='ltr'><em>rapis</em></span> <span class='ocrx_word' id='word_1_1066' title='bbox 1817 2830 1869 2845; x_wconf 88' lang='lat' dir='ltr'><em>cum</em></span> <span class='ocrx_word' id='word_1_1067' title='bbox 1896 2823 2025 2845; x_wconf 87' lang='lat' dir='ltr'><em>hordeaceo</em></span> 
     </span>
     <span class='ocr_line' id='line_1_131' title="bbox 1180 2863 2027 2893; baseline -0.005 -5"><span class='ocrx_word' id='word_1_1068' title='bbox 1180 2872 1239 2893; x_wconf 83' lang='lat' dir='ltr'><em>pane</em></span> <span class='ocrx_word' id='word_1_1069' title='bbox 1257 2868 1394 2888; x_wconf 84' lang='lat' dir='ltr'><em>saturantur.</em></span> <span class='ocrx_word' id='word_1_1070' title='bbox 1420 2864 1477 2887; x_wconf 88' lang='lat' dir='ltr'><em>Cum</em></span> <span class='ocrx_word' id='word_1_1071' title='bbox 1501 2870 1557 2886; x_wconf 75' lang='lat' dir='ltr'><em>vero</em></span> <span class='ocrx_word' id='word_1_1072' title='bbox 1583 2864 1613 2886; x_wconf 81' lang='lat' dir='ltr'><em>ad</em></span> <span class='ocrx_word' id='word_1_1073' title='bbox 1638 2863 1718 2886; x_wconf 87' lang='lat' dir='ltr'><em>Christi</em></span> <span class='ocrx_word' id='word_1_1074' title='bbox 1745 2869 1849 2885; x_wconf 84' lang='lat' dir='ltr'><em>mensam</em></span> <span class='ocrx_word' id='word_1_1075' title='bbox 1871 2863 1983 2885; x_wconf 89' lang='lat' dir='ltr'><em>accedunt</em></span> <span class='ocrx_word' id='word_1_1076' title='bbox 2004 2865 2027 2884; x_wconf 87' lang='lat' dir='ltr'><em>et</em></span> 
     </span>
     <span class='ocr_line' id='line_1_132' title="bbox 1179 2902 2025 2931; baseline -0.005 -4"><span class='ocrx_word' id='word_1_1077' title='bbox 1179 2905 1262 2927; x_wconf 87' lang='lat' dir='ltr'><em>Christi</em></span> <span class='ocrx_word' id='word_1_1078' title='bbox 1280 2905 1382 2927; x_wconf 86' lang='lat' dir='ltr'><em>militiam</em></span> <span class='ocrx_word' id='word_1_1079' title='bbox 1401 2904 1540 2931; x_wconf 83' lang='lat' dir='ltr'><em>suscipiunt,</em></span> <span class='ocrx_word' id='word_1_1080' title='bbox 1558 2909 1613 2925; x_wconf 87' lang='lat' dir='ltr'><em>suae</em></span> <span class='ocrx_word' id='word_1_1081' title='bbox 1631 2903 1738 2930; x_wconf 82' lang='lat' dir='ltr'><em>egestatis</em></span> <span class='ocrx_word' id='word_1_1082' title='bbox 1756 2902 1832 2929; x_wconf 81' lang='lat' dir='ltr'><em>obliti,</em></span> <span class='ocrx_word' id='word_1_1083' title='bbox 1850 2902 1944 2924; x_wconf 87' lang='lat' dir='ltr'><em>lautiora</em></span> <span class='ocrx_word' id='word_1_1084' title='bbox 1958 2907 2025 2930; x_wconf 89' lang='lat' dir='ltr'><em>quae-</em></span> 
     </span>
     <span class='ocr_line' id='line_1_133' title="bbox 1180 2941 2026 2972; baseline -0.005 -6"><span class='ocrx_word' id='word_1_1085' title='bbox 1180 2947 1232 2966; x_wconf 90' lang='lat' dir='ltr'><em>runt</em></span> <span class='ocrx_word' id='word_1_1086' title='bbox 1256 2950 1326 2972; x_wconf 86' lang='lat' dir='ltr'><em>quam</em></span> <span class='ocrx_word' id='word_1_1087' title='bbox 1354 2943 1446 2970; x_wconf 78' lang='lat' dir='ltr'><em>milites,</em></span> <span class='ocrx_word' id='word_1_1088' title='bbox 1473 2943 1512 2971; x_wconf 89' lang='lat' dir='ltr'><em>qui</em></span> <span class='ocrx_word' id='word_1_1089' title='bbox 1535 2944 1588 2964; x_wconf 86' lang='lat' dir='ltr'><em>sunt</em></span> <span class='ocrx_word' id='word_1_1090' title='bbox 1610 2942 1693 2964; x_wconf 76' lang='lat' dir='ltr'><em>assueti</em></span> <span class='ocrx_word' id='word_1_1091' title='bbox 1713 2941 1847 2969; x_wconf 82' lang='lat' dir='ltr'><em>magnificis.</em></span> <span class='ocrx_word' id='word_1_1092' title='bbox 1865 2941 1926 2963; x_wconf 86' lang='lat' dir='ltr'><em>Haec</em></span> <span class='ocrx_word' id='word_1_1093' title='bbox 1948 2943 2026 2962; x_wconf 86' lang='lat' dir='ltr'><em>autem</em></span> 
     </span>
     <span class='ocr_line' id='line_1_134' title="bbox 1180 2979 2026 3009; baseline -0.002 -5"><span class='ocrx_word' id='word_1_1094' title='bbox 1180 2983 1256 3004; x_wconf 81' lang='lat' dir='ltr'><em>omnia</em></span> <span class='ocrx_word' id='word_1_1095' title='bbox 1274 2982 1296 3004; x_wconf 91' lang='grc' dir='ltr'><em>ιιι</em></span> <span class='ocrx_word' id='word_1_1096' title='bbox 1314 2982 1397 3005; x_wconf 86' lang='lat' dir='ltr'><em>Christi</em></span> <span class='ocrx_word' id='word_1_1097' title='bbox 1415 2985 1437 3004; x_wconf 84' lang='lat' dir='ltr'><em>et</em></span> <span class='ocrx_word' id='word_1_1098' title='bbox 1453 2982 1579 3009; x_wconf 86' lang='lat' dir='ltr'><em>apostolica</em></span> <span class='ocrx_word' id='word_1_1099' title='bbox 1597 2981 1641 3003; x_wconf 74' lang='lat' dir='ltr'><em>vita</em></span> <span class='ocrx_word' id='word_1_1100' title='bbox 1660 2982 1737 3003; x_wconf 91' lang='lat' dir='ltr'><em>locum</em></span> <span class='ocrx_word' id='word_1_1101' title='bbox 1755 2987 1800 3003; x_wconf 88' lang='lat' dir='ltr'><em>non</em></span> <span class='ocrx_word' id='word_1_1102' title='bbox 1818 2980 1903 3002; x_wconf 85' lang='lat' dir='ltr'><em>habent</em></span> <span class='ocrx_word' id='word_1_1103' title='bbox 1914 2988 1924 3000; x_wconf 72' lang='grc' dir='ltr'><em>ι)</em></span> <span class='ocrx_word' id='word_1_1104' title='bbox 1941 2979 1970 3008; x_wconf 93' lang='lat' dir='ltr'><em>[D</em></span> <span class='ocrx_word' id='word_1_1105' title='bbox 1987 2979 2026 3002; x_wconf 80' lang='grc' dir='ltr'>Ιια-</span> 
     </span>
     <span class='ocr_line' id='line_1_135' title="bbox 1181 3017 2025 3050; baseline -0.005 -6"><span class='ocrx_word' id='word_1_1106' title='bbox 1181 3020 1269 3050; x_wconf 67' lang='lat' dir='ltr'><em>beant]</em></span> <span class='ocrx_word' id='word_1_1107' title='bbox 1286 3022 1347 3043; x_wconf 84' lang='lat' dir='ltr'><em>Haec</em></span> <span class='ocrx_word' id='word_1_1108' title='bbox 1363 3021 1525 3048; x_wconf 72' lang='lat' dir='ltr'><em>Hieronymus.</em></span> <span class='ocrx_word' id='word_1_1109' title='bbox 1867 3018 1888 3031; x_wconf 79' lang='lat'><em>¹¹</em></span> <span class='ocrx_word' id='word_1_1110' title='bbox 1905 3019 1970 3041; x_wconf 90' lang='lat' dir='ltr'><em>Vers.</em></span> <span class='ocrx_word' id='word_1_1111' title='bbox 1988 3017 2025 3040; x_wconf 88' lang='lat'><em>44.</em></span> 
     </span>
    </p>
   </div>
   <div class='ocr_carea' id='block_1_11' title="bbox 2030 391 2106 416">
    <p class='ocr_par' dir='ltr' id='par_1_23' title="bbox 2030 391 2106 416">
     <span class='ocr_line' id='line_1_136' title="bbox 2030 391 2106 416; baseline 0.039 -6"><span class='ocrx_word' id='word_1_1112' title='bbox 2030 391 2106 416; x_wconf 79' lang='lat' dir='ltr'><em>Septima</em></span> 
     </span>
    </p>
   </div>
   <div class='ocr_carea' id='block_1_12' title="bbox 2035 1280 2119 1310">
    <p class='ocr_par' dir='ltr' id='par_1_24' title="bbox 2035 1280 2119 1310">
     <span class='ocr_line' id='line_1_137' title="bbox 2035 1280 2119 1310; baseline 0 -10"><span class='ocrx_word' id='word_1_1113' title='bbox 2035 1280 2108 1300; x_wconf 73' lang='lat' dir='ltr'><em>Octava.</em></span> <span class='ocrx_word' id='word_1_1114' title='bbox 2118 1303 2119 1310; x_wconf 16' lang='grc' dir='ltr'>ἵ</span> 
     </span>
    </p>
   </div>
  </div>
 </body>
</html>
