2133 3317
164 793 238 811 Petitur
251 798 295 811 con-

171 816 252 835 firmatio
260 816 295 835 Re-

172 840 234 864 gulae.

182 1450 289 1469 Cardinalis

165 1474 244 1494 loannes
257 1474 288 1493 de-

165 1497 226 1516 fendit
253 1498 288 1517 Re-

164 1521 234 1544 gulam.

315 241 371 269 512

313 318 483 347 celsitudinis
510 324 632 354 magnae.
659 316 697 345 Ad
718 324 802 353 quam
831 323 895 344 cum
911 317 921 332 1
946 315 1165 352 appropinquas-

313 369 354 394 set
383 368 410 393 et
439 364 491 392 sub
519 371 551 392 ea
572 366 661 397 stans,
682 362 770 399 ipsius
797 362 970 391 altitudinem
1000 362 1164 396 miraretur;

313 412 405 441 subito
427 413 535 439 tantum
558 410 650 438 divina
671 409 777 438 virtute
799 409 943 438 levabatur
964 409 991 437 in
1014 409 1117 442 altum,
1133 411 1165 436 ut

313 466 445 487 cacumen
471 457 643 494 contingeret
670 456 780 485 arboris
807 456 923 493 eiusque
952 464 1062 484 summa
1089 455 1163 483 facil-

312 505 376 533 lime
397 506 529 533 curvaret
549 503 583 532 ad
605 504 667 531 ima.
690 503 777 531 Huius
798 503 911 532 visionis
929 502 1105 539 praesagium
1122 502 1164 530 vir

312 552 368 580 Deo
400 551 499 588 plenus
527 551 683 587 intelligens
711 550 810 578 referri
838 549 873 578 ad
904 549 1164 578 condescensionem

311 598 477 635 apostolicae
498 597 653 634 dignitatis,
674 597 849 626 exhilaratus
871 600 912 625 est
933 596 1046 633 spiritu,
1061 595 1163 623 Fratri-

311 646 421 682 busque
442 645 500 673 suis
518 645 547 673 in
562 644 679 673 Domino
701 643 872 677 confortatis,
897 643 949 672 iter
971 651 1034 671 cum
1056 642 1096 671 eis
1116 650 1163 678 ag-

312 700 425 730 gressus
447 695 496 721 est.

392 740 418 767 9.
440 739 509 767 Cum
531 742 624 767 autem
645 738 678 767 ad
694 738 843 766 Romanam
859 737 966 766 curiam
992 736 1163 773 pervenisset

312 787 361 816 et²
384 787 561 815 introductus
582 788 654 814 esset
675 788 738 813 ante
759 787 938 821 conspectum
969 783 1075 812 Summi
1098 783 1163 811 Pon-

312 834 408 868 tificis,
431 833 561 870 exposuit
582 840 664 861 suum
686 832 877 869 propositum,
900 834 996 867 petens
1018 830 1162 859 humiliter

311 884 338 910 et
359 881 511 914 instanter,
540 879 728 916 supradictam
751 878 801 907 sibi
834 877 942 906 vivendi
966 877 1092 914 regulam
1114 885 1162 914 ap-

310 928 432 965 probari.
455 927 556 956 Videns
577 929 670 955 autem
692 926 793 954 Christi
809 924 953 959 Vicarius⁷
975 924 1105 953 dominus
1120 924 1162 952 ln-

309 975 456 1004 nocentius
478 974 593 1007 tertius,
616 974 658 1002 vir
681 974 779 1010 utique
801 972 935 1009 sapientia
951 972 1060 1006 clarus,
1077 971 1163 1000 admi-

311 1022 425 1051 randam
448 1022 474 1050 in
498 1021 558 1050 viro
580 1021 626 1049 Dei
650 1020 782 1057 simplicis
803 1019 887 1048 animi
910 1019 1076 1056 puritatem⁷
1098 1027 1163 1056 pro-

313 1069 394 1106 positi
417 1068 597 1098 constantiam
621 1068 796 1105 ignitumque
818 1067 968 1095 voluntatis
984 1069 1094 1095 sanctae
1108 1066 1163 1095 fer-

315 1116 443 1150 vorem³‚
464 1116 613 1144 inclinatus
643 1115 735 1143 animo
756 1117 813 1147 est,
835 1116 867 1142 ut
892 1113 968 1150 pium
997 1113 1164 1150 supplicanti

314 1164 461 1200 praeberet
491 1171 645 1192 assensum.
667 1162 780 1190 Distulit
810 1164 901 1190 tamen
930 1161 1065 1197 perficere
1089 1161 1163 1198 quod

311 1210 414 1239 Christi
436 1210 593 1247 postulabat
614 1209 819 1246 pauperculus,
842 1216 893 1245 pro
914 1216 946 1236 eo
967 1208 1041 1244 quod
1063 1208 1163 1244 aliqui-

310 1257 363 1286 bus
383 1257 417 1285 de
448 1256 636 1285 cardinalibus
668 1263 771 1284 novum
793 1254 899 1292 aliquid
930 1257 958 1283 et
980 1263 1066 1291 supra
1088 1254 1162 1283 vires

309 1304 446 1332 humanas
467 1303 588 1332 arduum
612 1302 763 1331 videretur.
786 1302 885 1330 Aderat
906 1304 999 1330 autem
1016 1301 1088 1330 inter
1103 1309 1161 1330 car-

305 1351 410 1379 dinales
440 1351 481 1379 vir
505 1349 695 1383 venerandus,
717 1349 846 1377 dominus
875 1348 988 1377 loannes
1009 1348 1043 1377 de
1065 1351 1160 1377 sancto

306 1398 405 1431 Paule,
427 1398 574 1434 episcopus
596 1396 767 1430 Sabinensis,
790 1395 879 1424 omnis
905 1395 1060 1424 sanctitatis
1084 1403 1160 1423 ama-

305 1448 349 1473 tor
370 1448 397 1473 et
419 1444 529 1473 adiutor
552 1451 708 1481 pauperum
730 1442 841 1471 Christi.
865 1442 917 1479 Qui
939 1442 1032 1470 divino
1053 1442 1158 1479 Spiritu

305 1492 509 1526 inflammatus,
525 1492 640 1519 Summo
655 1490 778 1519 Pontifici
800 1490 872 1518 dixit
892 1492 920 1518 et
934 1489 1069 1518 fratribus
1084 1490 1157 1518 suis:

310 1539 363 1567 «Si
386 1539 545 1575 petitionem
568 1538 699 1575 pauperis
728 1537 813 1565 huius
846 1540 977 1573 tanquam
1009 1536 1091 1565 nimis
1112 1545 1157 1565 ar-

304 1586 387 1615 duam
415 1593 571 1622 novamque
602 1584 770 1619 refellimus,
792 1592 857 1613 cum
879 1587 973 1620 petat,
996 1583 1156 1612 confirmari

305 1633 356 1662 sibi
378 1633 495 1661 formam
518 1632 691 1669 evangelicae
713 1631 801 1665 vitae;
823 1631 977 1660 cavendum
999 1635 1040 1659 est
1061 1630 1155 1665 nobis,

305 1688 339 1709 ne
360 1680 387 1708 in
410 1679 512 1708 Christi
545 1679 724 1716 Evangelium
746 1677 926 1706 offendamus.
960 1678 1027 1706 Nam
1049 1677 1070 1706 si
1092 1677 1156 1714 quis

304 1727 376 1756 intra
397 1726 571 1763 evangelicae
593 1725 769 1763 perfectionis
790 1724 996 1753 observantiam
1011 1727 1038 1753 et
1059 1727 1156 1752 votum

303 1774 390 1810 ipsius
411 1773 484 1801 dicat
505 1772 639 1801 contineri
662 1771 766 1808 aliquid
782 1779 886 1799 novum
902 1774 951 1799 aut
966 1770 1156 1799 irrationabile

303 1821 346 1849 vel
378 1820 547 1857 impossibile
568 1819 602 1848 ad
628 1818 835 1852 servandum&
867 1820 964 1846 contra
995 1818 1155 1852 Christum,

302 1867 441 1904 Evangelii
463 1869 620 1900 auctorem,
635 1866 828 1902 blasphemare
850 1865 1025 1894 convincitur
1041 1876 1067 1893 n.
1090 1865 1157 1901 Qui-

303 1915 356 1943 bus
377 1914 538 1951 propositis,
561 1921 705 1942 successor
719 1912 838 1950 Apostoli
854 1912 940 1946 Petri,
956 1920 1108 1941 conversus
1122 1911 1156 1940 ad

303 1969 455 1999 pauperem
481 1961 597 1995 Christi,
629 1960 715 1989 dixit:
742 1971 755 1985 «
771 1959 842 1994 Ora⁷
864 1959 919 1994 fili,
941 1959 975 1987 ad
996 1959 1154 1993 Christum,

366 2218 373 2231 ¹
392 2218 449 2241 Cod.
466 2219 484 2241 A
501 2217 566 2241 dum.

366 2258 375 2271 2
393 2257 572 2286 Retragantibus
588 2257 775 2286 ABGDEFG,
794 2257 815 2279 in
833 2257 886 2280 edd.
910 2260 932 2280 et
949 2257 1065 2279 nonnullis
1082 2257 1152 2279 codd.

302 2297 411 2320 additur:
433 2305 443 2317 a
455 2297 611 2319 adduceretur
627 2299 680 2319 ante
698 2299 847 2324 conspectum
866 2296 955 2318 Summi
974 2295 1101 2323 Pontificis‚
1119 2301 1155 2317 es-

303 2340 383 2366 setque
401 2336 485 2359 Christi
502 2336 610 2358 Vicarius
626 2336 649 2358 in
666 2336 751 2363 palatio
769 2335 927 2362 Lateranensi,
946 2335 967 2357 in
985 2336 1045 2363 loco,
1063 2335 1103 2364 qui
1120 2334 1155 2357 di-

302 2377 360 2399 citur
377 2375 520 2405 Speculum,
543 2375 708 2403 deambulans,
731 2375 782 2397 altis
804 2377 931 2403 occupatus
953 2373 1154 2401 meditationibus,

303 2415 386 2438 Christi
404 2415 517 2437 famulum
535 2417 646 2443 tanquam
664 2414 768 2442 ignotum
781 2414 866 2442 repulit
882 2414 1034 2441 indignanter.
1048 2414 1099 2442 Quo
1112 2414 1155 2435 hu-

303 2454 386 2477 militer
404 2455 464 2477 foras
482 2460 589 2482 egresso,
607 2454 711 2482 sequenti
729 2456 796 2476 nocte
814 2453 947 2476 huiusmodi
969 2453 1078 2475 revelatio
1096 2453 1153 2474 facta

302 2496 336 2516 est
353 2500 366 2516 a
384 2494 431 2516 Deo
450 2494 493 2521 ipsi
511 2494 608 2516 Summo
626 2493 735 2515 Pontifici,
756 2492 856 2515 Videbat
878 2499 990 2522 namque,
1007 2493 1065 2514 inter
1083 2491 1154 2520 pedes

303 2539 357 2556 suos
375 2533 476 2561 palmam
493 2533 604 2561 paulatim
622 2538 769 2555 succrescere
782 2535 804 2554 et
815 2532 836 2554 in
850 2531 958 2554 arborem
973 2532 1154 2560 pulcherrimam

302 2572 396 2594 elevari.
413 2573 438 2594 Et
455 2578 483 2594 eo
500 2572 610 2600 mirante,
627 2572 684 2601 quid
702 2573 758 2594 haec
770 2572 829 2593 visio
843 2572 912 2594 vellet
923 2571 1057 2598 ostendere,
1075 2570 1153 2592 divina

302 2612 340 2633 lux
357 2611 475 2639 impressit
492 2611 564 2634 menti
581 2611 654 2639 ipsius
667 2611 748 2633 Christi
767 2611 865 2639 Vicarii,
883 2611 948 2639 quod
965 2612 1022 2633 haec
1039 2611 1115 2638 palma
1132 2610 1155 2632 il-

302 2651 350 2673 lum
368 2657 511 2678 pauperem,
528 2657 597 2679 quem
617 2650 639 2672 in
657 2650 804 2678 praecedenti
817 2650 855 2672 die
866 2651 995 2678 repulerat,
1007 2649 1153 2678 designabat.

304 2690 329 2711 Et
341 2695 408 2712 mane
419 2690 523 2718 sequenti
541 2689 662 2712 mandavit
673 2695 715 2717 per
727 2696 781 2711 suos
794 2690 892 2712 famulos
904 2695 945 2717 per
960 2688 1044 2712 Urbem
1066 2689 1154 2711 dictum

304 2735 431 2757 pauperem
449 2729 538 2758 quaeri.
556 2730 630 2758 Quom
649 2729 767 2752 inventum
786 2729 845 2752 iuxta
863 2729 1000 2751 Lateranum
1013 2729 1036 2751 111
1049 2728 1154 2756 hospitali

304 2768 375 2790 sancti
394 2768 498 2794 Antonii,
516 2771 568 2790 ante
585 2771 735 2796 conspectum
758 2774 827 2791 suurn
850 2768 954 2791 celeriter
976 2768 1041 2790 iussit
1062 2767 1156 2790 adduci.

305 2807 444 2836 Cumque».
462 2808 577 2835 Respectu
595 2808 664 2830 huius
681 2808 844 2835 additamenti,
859 2808 923 2836 quod
940 2814 985 2830 non
1003 2810 1037 2830 est
1054 2813 1066 2829 a
1083 2807 1155 2829 Bona-

304 2850 415 2873 veniura,
433 2847 474 2869 sed
491 2846 521 2868 ab
538 2847 588 2869 eius
606 2847 628 2868 in
645 2847 777 2874 generalatu
800 2853 946 2874 successore,
967 2846 1108 2874 Hieronymo
1126 2846 1154 2868 de

305 2885 387 2907 Asculo
405 2885 571 2914 (ian-1279),
591 2888 697 2908 notentur
714 2886 809 2914 quaein
827 2885 948 2908 Chronicis
965 2886 1039 2908 XXlV
1057 2886 1155 2907 Genera-

304 2924 360 2946 lium
379 2924 434 2946 Ord.
452 2924 503 2946 Min.
522 2925 637 2953 (Analecta
651 2925 930 2952 Franciscana,t0m.1i1.
947 2931 1001 2952 pag.
1019 2924 1076 2951 365,
1095 2924 1155 2952 Qua-

305 2963 381 2985 racchi
394 2963 463 2991 11897)
476 2963 596 2991 leguntur:
607 2963 648 2986 Hic
657 2964 773 2986 Generalis
785 2964 874 2986 addidit
885 2964 1008 2991 Legendae
1020 2963 1079 2986 beati
1089 2963 1155 2985 Fran-

305 3001 358 3024 cisci
377 3008 417 3029 per
434 3002 554 3024 dominum
567 3003 668 3025 Fratrem
687 3003 873 3025 Bonaventuram
891 3003 1028 3030 compilatae
1046 3002 1106 3024 illam
1123 3002 1156 3023 vi-

305 3040 394 3062 sionem
412 3040 499 3062 domini
518 3041 593 3068 Papae
610 3041 734 3063 innocentii
751 3041 823 3068 tertii,
841 3041 935 3070 quando
953 3041 1046 3063 beatum
1064 3040 1155 3063 Franci-

705 237 904 267 OPUSCULUM
926 237 1014 265 XXlll.
1036 236 1188 265 LEGENDA
1210 237 1325 265 SANCTI
1346 236 1521 266 FRANCISCl.
1543 236 1612 265 CAP.
1635 236 1675 264 ΙΙΙ.

1221 318 1253 343 ut
1274 323 1352 343 suam
1375 315 1455 344 nobis
1475 323 1525 352 per
1546 318 1573 344 te
1594 315 1764 344 voluntatem
1786 315 1924 350 ostendat,
1939 324 1994 353 qua
2008 325 2066 346 cer-

1221 361 1276 389 tius
1291 361 1411 397 cognita,
1434 361 1490 390 tuis
1505 361 1556 398 piis
1570 361 1713 390 desideriis
1728 361 1855 390 securius
1874 370 2028 392 annuamus
2040 375 2065 392 ».

1303 409 1346 436 10.
1369 408 1572 445 Oinnipotentis
1593 412 1685 437 autem
1708 408 1756 437 Dei
1770 408 1907 443 famulus,
1929 411 2017 438 totum
2038 417 2133 442 sewi&

1221 455 1365 483 conferens
1386 455 1421 483 ad
1442 455 1595 489 orandum,
1618 455 1749 492 precibus
1770 455 1877 484 devotis
1897 455 2016 485 obtinuit
2040 461 2066 487 et

1220 501 1294 538 quod
1307 501 1317 518 ⁵
1339 501 1466 530 exterius
1487 501 1546 538 ipse
1567 501 1718 538 proferret,
1734 505 1762 531 et
1776 502 1850 539 quod
1865 502 1983 532 interius
1998 504 2067 541 Papa

1220 548 1343 576 sentiret.
1373 548 1440 576 Nam
1471 556 1535 576 cum
1568 548 1727 584 parabolam
1757 549 1790 577 de
1812 549 1896 578 divite
1917 557 1982 586 rege
2003 558 2065 580 cum

1219 595 1337 624 muliere
1359 595 1480 624 formosa
1501 598 1528 623 et
1550 603 1673 632 paupere
1688 596 1869 625 contrahente
1884 599 2025 633 gratanter
2040 602 2066 628 et

2082 442 2104 461 ad
2118 451 2133 470 μ

1219 641 1253 670 de
1275 641 1352 678 prole
1373 644 1502 678 suscepta
1530 641 1704 678 praeferente
1728 643 1886 679 generantis
1907 643 1980 680 regis
2001 644 2066 674 ima-
2114 646 2115 649 ’

1219 688 1326 726 ginem,
1348 696 1380 717 ac
1401 697 1450 725 per
1472 689 1525 717 hoc
1546 689 1688 717 educanda
1708 689 1742 718 de
1764 698 1858 719 mensa
1879 690 1975 727 ipsius,
1997 692 2066 722 sicut

1219 744 1235 764 a
1256 736 1312 764 Deo
1333 738 1493 772 acceperat,
1515 736 1668 770 retulisset3
1691 744 1727 765 ex
1749 736 1823 765 illius
1838 737 2066 774 interpretatione

1219 782 1383 811 subiunxit:
1410 794 1424 807 «
1439 783 1496 811 Non
1518 785 1560 811 est
1581 783 1801 817 formidandum,
1817 784 1892 821 quod
1912 784 1983 814 fame
2005 793 2066 823 per-

1219 832 1283 858 eant
1303 830 1407 858 aeterni
1430 830 1509 866 Regis
1530 829 1578 858 filii
1601 833 1628 858 et
1649 830 1780 864 heredes,
1796 831 1843 868 qui
1865 831 1899 860 ad
1920 831 2066 869 imaginem

1220 876 1299 913 Regis
1320 876 1421 905 Christi
1444 884 1493 913 per
1515 876 1634 913 Spiritus
1650 877 1736 905 sancti
1751 877 1883 906 virtutem
1897 877 1931 906 de
1946 886 2067 916 paupere
2111 907 2117 912 ,Α

1220 926 1309 952 matre
1329 923 1402 957 nati,
1424 926 1451 952 et
1472 923 1523 960 ipsi
1545 931 1595 960 per
1616 923 1745 960 spiritum
1767 925 1939 961 paupertatis
1960 926 2066 956 suntin

1221 971 1358 1008 Religione
1380 970 1551 1007 paupercula
1572 971 1730 1007 generandi.
1757 971 1782 999 Si
1804 966 1877 1000 enim
1900 972 1958 1001 Rex
1980 973 2066 1002 caelo-

1220 1026 1283 1046 rum
1305 1018 1492 1046 imitatoribus
1513 1018 1571 1046 suis
1593 1026 1710 1055 regnum
1733 1019 1869 1055 promittit
1890 1022 2033 1049 aeternnm
2045 1021 2065 1056 ⁶,

1220 1067 1324 1101 quanto
1347 1064 1433 1101 magis
1455 1064 1500 1093 illa
1522 1064 1760 1099 subministrabit,
1783 1073 1855 1102 quae
1883 1066 2066 1096 communiter

1220 1111 1339 1148 largitur
1371 1111 1450 1140 bonis
1481 1114 1508 1139 et
1529 1111 1609 1139 malis
1623 1123 1649 1139 ».
1672 1111 1747 1140 Hanc
1771 1120 1837 1149 ergo
1858 1113 2018 1149 parabolam
2040 1117 2066 1143 et

1220 1158 1390 1186 intellectum
1414 1158 1501 1195 ipsius
1522 1158 1623 1187 Christi
1639 1158 1765 1187 Vicarius
1780 1167 1842 1188 eum
1858 1159 2004 1197 diligenter
2018 1169 2066 1190 au-

1219 1205 1318 1239 disset,
1340 1205 1458 1233 miratus
1479 1207 1520 1233 est
1548 1205 1626 1234 valde
1657 1208 1684 1234 et
1715 1205 1904 1235 indubitanter
1925 1206 2066 1237 Christum

1219 1252 1343 1280 locutum
1362 1251 1389 1280 in
1404 1252 1516 1280 homine
1532 1252 1699 1289 recognovit.
1715 1252 1767 1281 Sed
1781 1255 1808 1281 et
1824 1253 1966 1288 visionem,
1982 1262 2065 1291 quam
2077 1255 2133 1278 vav„

1218 1302 1285 1328 tunc
1307 1299 1440 1336 temporis
1461 1307 1476 1328 e
1497 1299 1572 1328 caelo
1593 1303 1771 1336 perceperat,
1794 1300 1821 1328 in
1853 1301 1905 1329 hoc
1927 1301 1987 1330 viro
2007 1301 2066 1331 fore

1217 1346 1418 1383 complendam,
1441 1347 1546 1383 Spiritu
1567 1346 1660 1375 divino
1681 1350 1856 1384 suggerente,
1874 1348 2005 1377 firmavit.
2021 1349 2066 1378 Vi-

1216 1393 1298 1422 debat
1321 1401 1440 1430 namque
1462 1393 1489 1421 in
1512 1393 1628 1427 somnis,
1661 1397 1692 1422 ut
1720 1394 1831 1428 retulit,
1853 1394 2065 1424 Lateranensem

1215 1440 1357 1469 basilicam
1378 1440 1437 1469 fore
1459 1440 1617 1477 proximam
1639 1441 1692 1469 iam
1716 1441 1825 1475 ruinae,
1847 1450 1930 1478 quam
1953 1442 2064 1479 quidam

1215 1488 1298 1516 homo
1324 1488 1529 1524 pauperculus,
1551 1487 1677 1517 modicus
1709 1491 1736 1517 et
1757 1488 1920 1525 despectus,
1951 1489 2065 1526 proprio

1214 1534 1296 1563 dorso
1318 1534 1471 1568 submiSSO,
1496 1542 1530 1563 ne
1545 1534 1669 1569 caderet,
1691 1535 1871 1564 sustentabat.
1897 1536 2002 1570 «Vere,
2024 1536 2065 1565 in-

1213 1582 1287 1619 quit,
1310 1581 1355 1610 hic
1376 1581 1421 1610 ille
1442 1584 1502 1615 est,
1513 1581 1561 1618 qui
1576 1589 1660 1618 opere
1681 1585 1708 1610 et
1733 1582 1859 1611 doctriua
1879 1582 1981 1611 Christi
2004 1591 2064 1612 sus-

1214 1628 1331 1656 tentabit
1352 1628 1522 1656 Ecclesiam⁷
1537 1639 1565 1656 ».
1588 1628 1651 1657 Inde
1682 1629 1833 1666 praecipua
1853 1629 1998 1658 devotione
2020 1637 2063 1658 re-

1213 1676 1306 1712 pletus
1337 1675 1462 1712 petitioni
1494 1675 1556 1704 eius
1586 1683 1615 1704 se
1644 1683 1693 1712 per
1729 1676 1822 1704 omnia
1853 1676 1995 1705 inclinavit
2031 1684 2062 1706 ac

1212 1722 1314 1751 Christi
1337 1722 1473 1750 famulum
1495 1722 1607 1759 speciali
1629 1730 1739 1760 semper
1760 1731 1854 1752 amore
1874 1723 1981 1752 dilexit.
1999 1724 2063 1752 Pro-

1213 1769 1276 1798 inde
1304 1769 1443 1806 postulata
1473 1770 1608 1798 concessit
1636 1773 1663 1798 et
1683 1770 1775 1799 adhuc
1807 1771 1958 1800 concedere
1979 1771 2061 1808 plura

1213 1817 1348 1854 promisit.
1377 1817 1546 1854 Approbavit
1575 1817 1721 1854 Regulam,
1743 1817 1817 1846 dedit
1838 1817 1872 1846 de
1893 1818 2062 1855 poenitentia

1213 1864 1398 1901 praedicanda
1419 1864 1580 1893 mandatum
1602 1867 1629 1893 et
1657 1864 1733 1893 laicis
1753 1865 1896 1894 Fratribus
1917 1865 2062 1900 omnibus,

1213 1912 1261 1948 qui
1283 1919 1396 1940 servum
1419 1911 1468 1940 Dei
1489 1911 1601 1940 fuerant
1622 1911 1759 1946 comitati,
1780 1911 1845 1940 fecit
1866 1919 1983 1941 coronas
1997 1920 2061 1949 par-

1213 1958 1292 1987 vulas
1314 1958 1391 1991 fieri,
1414 1960 1446 1987 ut
1466 1958 1584 1987 verbum
1606 1958 1655 1987 Dei
1676 1958 1763 1987 libere
1784 1958 1977 1996 praedicarent
1988 1959 2009 1987 ⁸.

1212 2223 1277 2240 scum
1291 2220 1400 2246 tanquam
1413 2217 1518 2245 ignotum
1531 2217 1615 2245 repulit
1629 2217 1775 2245 indignanter
1792 2217 1821 2239 ab
1839 2217 1876 2239 illo
1893 2217 1959 2240 loco:
1979 2226 1990 2237 α
2002 2217 2060 2241 Cum

1211 2256 1282 2284 igitur
1293 2258 1353 2278 esset
1365 2255 1447 2278 Christi
1462 2256 1566 2278 Vicarius
1578 2256 1599 2278 111
1613 2257 1676 2283 1000,
1696 2256 1736 2285 qui
1749 2256 1832 2279 dicitur
1841 2255 1971 2286 Speculum
1979 2264 1991 2277 »
2007 2259 2060 2285 etc.;

1211 2302 1282 2324 quarn
1300 2295 1343 2317 sibi
1362 2295 1471 2318 dominus
1488 2296 1629 2323 Richardus‚
1642 2295 1699 2318 tituli
1711 2295 1783 2318 sancti
1794 2295 1876 2323 Angeli
1887 2295 1999 2318 diaconus
2010 2295 2061 2318 Car-

1212 2335 1306 2362 dinalis,
1323 2341 1396 2363 nepos
1413 2335 1517 2357 eiusdem
1536 2335 1624 2357 domini
1642 2335 1729 2363 Papae,
1746 2338 1815 2363 prout
1832 2334 1862 2357 ab
1887 2335 1969 2358 eodem
1991 2341 2061 2358 avun-

1211 2375 1263 2397 culo
1281 2380 1323 2396 suo
1345 2376 1477 2402 receperat,
1503 2374 1587 2396 devote
1609 2374 1728 2396 revelavit.
1751 2373 1796 2397 Ctr.
1817 2374 1958 2402 Wadding.‚
1981 2374 2061 2397 Annal.

1211 2413 1338 2440 Minorum,
1356 2416 1412 2435 tom.
1431 2414 1446 2436 l.
1464 2413 1493 2436 ad
1511 2413 1719 2441 31111111111210,11.
1738 2414 1762 2441 8,
1777 2412 1816 2435 11111
1834 2413 1902 2435 etiam
1921 2413 2060 2441 insinuatur,

1212 2453 1349 2475 miraculum
1365 2453 1421 2475 illud
1439 2453 1531 2480 insigne
1547 2453 1577 2475 de
1594 2458 1674 2479 caeco,
1691 2453 1780 2475 effossis
1796 2453 1843 2475 iam
1854 2453 1937 2481 oculis,
1955 2453 2006 2476 11100
2022 2453 2061 2475 (10-

1212 2495 1264 2514 113ῑο
1281 2492 1386 2515 additum
1404 2492 1473 2514 fuisse
1490 2492 1520 2514 ad
1538 2492 1607 2514 finem
1625 2492 1748 2520 Legendae
1759 2491 1789 2514 ab
1801 2492 1884 2514 eodem
1897 2492 1999 2514 Generali
2011 2492 2061 2514 Hie-

1211 2537 1318 2559 ronymo.
1335 2531 1380 2553 Csr.
1399 2534 1531 2559 praenotata
1549 2531 1661 2554 Chronica
1679 2537 1734 2559 pag.
1749 2531 1792 2553 358
1803 2549 1808 2559 ‚
1819 2530 1859 2553 ubi
1871 2531 1946 2553 solum
1964 2531 2060 2559 dicitur,

1212 2570 1345 2593 Generalem
1372 2570 1472 2593 eundem
1499 2570 1637 2593 certificasse
1661 2570 1788 2598 capitulum
1814 2570 1843 2592 de
1867 2570 1911 2592 isto
1933 2570 2060 2598 miraculo;

1212 2609 1373 2637 adiungimus,
1391 2609 1455 2638 quod
1473 2609 1496 2631 in
1507 2616 1553 2632 non
1571 2610 1651 2637 paucis
1668 2609 1736 2632 codd.
1755 2612 1778 2632 et
1789 2609 1843 2632 edd.
1854 2609 1977 2637 Legendae
1994 2609 2060 2632 mira-

1212 2649 1290 2671 culum
1308 2648 1363 2671 illud
1381 2655 1426 2671 non
1444 2648 1566 2671 invenitur.

1274 2687 1283 2700 ³³
1301 2688 1359 2710 Edd.
1384 2690 1462 2710 contra
1481 2687 1686 2710 ABCDEFGK
1708 2687 1797 2710 addunt
1820 2686 1910 2710 Christi
1927 2693 2059 2717 pauperem

1210 2725 1295 2749 mentis
1312 2732 1395 2749 amore
1413 2726 1577 2756 complectens.

1275 2765 1284 2778 ¹
1302 2766 1359 2788 Edd.
1376 2772 1430 2788 cum
1448 2766 1528 2794 paucis
1544 2766 1613 2788 codd.
1625 2765 1808 2789 observandum.

1274 2803 1283 2816 ⁵
1301 2805 1362 2827 Multi
1380 2805 1448 2828 codd.
1468 2805 1504 2827 1110
1520 2807 1543 2828 et
1560 2805 1628 2833 paulo
1646 2807 1698 2833 post
1715 2804 1778 2834 quid.

1274 2843 1283 2857 ‘³
1300 2845 1377 2867 Matth.
1397 2845 1439 2871 ie,
1457 2845 1493 2867 28.
1512 2851 1560 2873 seq.

1273 2882 1282 2895 ⁷
1301 2884 1345 2907 Csr.
1363 2884 1502 2912 Wadding„
1520 2884 1562 2906 loc.
1579 2884 1615 2906 cit.
1633 2883 1663 2906 ad
1680 2890 1715 2906 an.
1739 2884 1806 2910 1210,
1829 2890 1852 2906 n.
1878 2883 1912 2905 13.
1934 2889 1994 2912 seq.‚
2018 2882 2058 2905 ubi

1211 2923 1279 2945 etiam
1291 2923 1372 2945 similis
1384 2923 1464 2952 quinto
1477 2922 1506 2945 ab
1519 2924 1563 2945 hoc
1578 2928 1638 2945 anno
1651 2923 1709 2945 visio
1726 2922 1857 2945 Innocentio
1871 2924 1928 2944 sacta
1951 2924 2058 2950 respectu

1211 2963 1234 2984 S.
1250 2962 1366 2984 Dominici
1384 2963 1491 2984 refertur.

1275 2999 1284 3012 ⁸
1300 3002 1365 3023 Anno
1384 3001 1456 3029 11209;
1474 3002 1514 3023 cfr.
1532 3001 1639 3023 Analecta
1655 3001 1818 3028 Franciscana,
1835 3004 1890 3023 tom.
1908 3001 1938 3023 lll.
1959 3006 2013 3028 pag.
2030 3000 2056 3027 6,

1210 3043 1264 3063 nota
1282 3040 1303 3063 4.
1323 3042 1345 3062 et
1361 3040 1384 3062 in
1402 3040 1448 3062 fine
1464 3040 1651 3063 Additamentum
1671 3041 1691 3062 1.

2078 1818 2112 1861 ’Ἢ
2119 1823 2133 1863 1ἷέ
