2133 3317
276 219 321 248 XL
991 218 1234 247 PROLEGOMENA
1256 218 1284 246 C.
1306 218 1324 246 I.

278 298 353 320 fuerit.
371 298 456 320 Auctor
480 304 527 320 non
545 298 630 320 indicat
647 298 761 326 expressis
777 297 867 324 verbis,
890 303 914 319 se
936 303 1019 320 versus
1036 297 1127 325 aliaque

277 344 387 367 sumsisse
399 350 426 366 ex
444 345 619 372 Bonaventura3
637 343 692 366 dicit
708 347 785 366 tamen
802 343 908 372 (ibidem)
926 343 1054 366 versiculos
1074 351 1085 363 <x
1096 349 1127 366 θα]

277 391 383 414 aliorum
400 391 466 415 (lictis
484 393 505 415 et
521 398 537 414 α
555 391 646 414 Christo
664 391 718 414 Iesu
742 390 802 413 mihi
825 390 940 413 immissis
965 396 1126 418 compereram

279 439 319 468 (sic
329 439 344 468 1)
357 439 386 462 ad
398 439 480 462 Christi
497 439 559 461 vitae
576 438 700 461 faciliorem
715 438 869 466 recolligendo
882 438 1016 460 memoriam
1029 440 1051 460 et
1064 443 1128 465 prae-

277 487 348 509 sentis
359 489 431 509 status
448 486 563 508 miseriam
580 485 711 508 cordialiter
728 485 895 513 deplorandam
907 493 929 506 n.

341 533 373 555 De
390 533 439 555 aliis
456 532 568 555 similibus
585 531 768 559 expositionibus
786 531 847 553 vitae
864 530 947 553 Christi
963 533 1043 553 notatu
1056 531 1127 558 digna

277 583 311 603 est
328 580 406 602 notitia
425 580 514 608 aliqua,
532 585 592 608 quae
609 579 632 601 in
649 579 752 607 quodam
771 578 850 601 codice
868 577 1021 600 bibliothecae
1032 578 1126 600 Univer-

277 627 348 650 sitatis
365 626 540 649 Barcinonensis
557 625 637 653 (Catai.
655 626 662 647 ll
670 627 687 647 ⁰.
705 632 728 648 n.
747 626 767 647 3.
785 627 863 648 santos
888 625 981 653 padres,
999 625 1050 647 cod.
1068 631 1126 647 arm.

282 674 411 700 10-2-15,
429 674 500 695 chart.
519 673 541 695 in
559 673 596 695 sol.
613 679 672 695 saec.
692 673 765 702 XV.),
791 679 844 695 cum
868 679 915 701 quo
938 672 1046 694 convenit
1069 672 1127 695 alius

276 721 328 743 cod.
346 720 498 743 bibliothecae
514 720 673 742 Universitatis
691 719 848 746 Taurinensis,
867 719 965 742 membr.
988 725 1049 741 saec.
1066 719 1125 742 XIV.

276 767 298 789 in
317 767 352 789 sol.
372 766 432 795 (cod.
451 765 484 788 Ct.
501 766 538 788 lV.
557 766 612 794 35),
630 772 642 788 a
660 765 763 794 quodam
779 772 896 793 anonymo
908 766 1009 794 praefixa
1021 768 1055 788 est
1066 766 1127 788 codi-

276 814 308 837 cis
320 813 393 841 operi.
408 814 430 835 ln
453 813 529 841 primo
546 813 627 836 codice
643 813 727 841 legitur
744 813 781 835 sol.
800 813 824 835 fl:
846 821 856 833 ιι
867 813 975 841 Sequitur
993 813 1067 841 prima
1090 819 1127 835 ru-

276 861 338 883 brica
357 860 407 882 libri
425 860 550 889 sequentis.
570 861 595 882 Et
611 863 646 882 est
662 860 796 888 sciendum,
808 860 871 889 quod
884 860 994 882 dominus
1006 860 1125 882 Bonaven-

275 911 325 931 tura
344 908 395 930 tecit
411 908 514 936 primum
532 914 592 935 opus
609 908 638 930 de
656 908 702 930 vita
720 907 802 930 Christi
820 910 842 930 et
858 907 925 930 durat
937 907 996 930 circa
1009 907 1067 930 duas
1080 914 1126 929 ma-

276 960 319 976 nus
337 953 387 982 (sic)
407 953 488 981 papyri
500 962 522 976 n.
541 953 719 976 Observandum
732 956 766 976 est
778 953 826 981 hic,
838 953 874 975 his
886 952 965 975 verbis
978 959 1046 981 posse
1057 953 1125 981 signi-

275 1001 351 1028 ficar1‚
369 1001 437 1023 etiam
450 1007 509 1028 opus
521 1003 652 1029 extensum,
662 1001 727 1029 quod
744 1000 842 1023 habetur
854 1001 911 1022 inter
924 1000 1001 1029 spuria
1014 1001 1125 1028 opuscula

276 1049 298 1071 S.
315 1049 491 1071 Bonaventurae
508 1054 561 1071 cum
579 1049 643 1071 titulo
658 1047 820 1071 Meclttatz'oms
837 1047 864 1071 cle
880 1047 929 1071 vita
946 1049 1000 1071 lesu
1025 1047 1125 1076 Christi,

275 1096 314 1119 sed
329 1096 397 1118 etiam
414 1095 516 1125 Lz'fflzum
534 1095 606 1124 vitae,
626 1095 680 1124 quia
693 1095 768 1123 magis
781 1095 906 1123 respondet
917 1095 991 1123 spatio
1009 1095 1091 1123 papyri
1103 1097 1125 1117 et

274 1143 338 1171 operi
356 1142 467 1165 Ubertini.
485 1155 515 1158 —
530 1151 540 1163 ιι
551 1143 665 1171 Secundo⁷
678 1142 773 1171 quidam
786 1141 955 1165 Carthusiensis
973 1142 1037 1165 addit
1054 1142 1125 1164 multa

274 1192 296 1212 et
313 1189 345 1212 sic
363 1189 415 1212 fecit
431 1189 559 1212 secundum
582 1196 642 1217 opus
659 1189 688 1212 de
706 1189 751 1211 vita
770 1189 860 1218 Christi,
877 1192 899 1211 et
910 1189 979 1212 durat
995 1189 1056 1211 circa
1073 1191 1125 1211 octo

274 1242 358 1259 manus
375 1236 465 1264 papyri.
483 1248 514 1252 —
530 1236 615 1263 Tertio,
634 1236 697 1259 venit
721 1236 846 1259 Ubertinus
862 1240 885 1258 et
909 1236 999 1259 addidit
1024 1238 1125 1264 quatuor

274 1289 369 1310 manus,
387 1285 408 1306 et
425 1283 457 1306 sic
474 1286 528 1306 sunt
545 1283 669 1306 duodecim
688 1289 780 1305 manus.
797 1295 828 1300 —
845 1283 931 1311 Quarto
949 1283 1011 1305 venit
1028 1283 1124 1311 quidam

273 1329 413 1353 Caelestinus
438 1330 530 1353 Ordinis
555 1330 735 1353 Caelestinorum
762 1330 891 1352 Monasterii
914 1329 1060 1357 Parisiensis,
1083 1330 1125 1358 qui

274 1377 368 1399 meliora
386 1381 407 1399 et
424 1377 492 1399 flores
510 1377 579 1399 totius
596 1377 674 1405 operis
691 1380 713 1399 et
731 1377 770 1405 (ita
788 1377 809 1399 in
829 1380 904 1406 utroq.
917 1377 978 1405 cod.)
992 1377 1124 1405 composuit

273 1427 382 1453 quartum
400 1424 485 1447 librum
502 1425 552 1447 sive
569 1427 676 1453 quartum
695 1431 765 1453 opus,
783 1425 846 1454 quod
858 1425 970 1453 sequitur.
982 1425 1008 1447 Et
1020 1427 1053 1447 est
1065 1424 1124 1452 opti-

274 1478 338 1495 mum
358 1478 400 1500 pro
419 1472 524 1500 personis
549 1472 640 1495 devotis
657 1475 679 1494 et
697 1472 796 1494 maxime
813 1478 856 1500 pro
873 1472 916 1494 illis
933 1472 973 1500 qui
990 1472 1069 1494 volunt
1093 1472 1122 1493 sa-

273 1525 325 1542 cere
342 1526 469 1542 sermones.
487 1520 513 1541 Et
530 1519 590 1542 istud
608 1519 676 1542 durat
692 1520 752 1542 circa
771 1519 829 1542 duas
846 1525 930 1541 manus
947 1519 1043 1546 papyri,
1056 1521 1078 1541 et
1090 1520 1123 1541 est

273 1573 332 1595 opus
349 1567 438 1589 noviter
456 1568 554 1594 sactum,
571 1569 641 1594 prout
658 1569 720 1594 patet
737 1567 759 1588 in
776 1565 959 1595 sequentibus».

341 1614 384 1635 «ln
406 1613 498 1635 nomine
510 1616 602 1635 sanctae
615 1615 637 1635 et
654 1613 786 1635 individuae
799 1613 928 1640 Trinitatis,
947 1613 1017 1635 Patris
1034 1615 1056 1635 et
1072 1612 1122 1634 Filii

273 1663 295 1683 et
313 1660 411 1688 Spiritus
428 1660 507 1682 sancti.
525 1660 605 1682 Amen.
623 1660 703 1688 Incipit
719 1661 830 1688 prologus
842 1660 972 1683 orationum
986 1660 1009 1682 in
1021 1659 1067 1682 vita
1080 1660 1122 1682 Do-

273 1708 328 1730 mini
346 1708 417 1730 nostri
430 1708 479 1730 lesu
491 1707 581 1730 Christi.
599 1708 673 1735 Saepe
690 1710 785 1735 rogatus
802 1714 867 1736 sum,
886 1710 920 1735 ut,
936 1707 1055 1736 quomodo
1067 1707 1137 1737 sim-U

272 1755 323 1783 plex
340 1754 470 1783 Religiosus
487 1754 570 1777 debeat
586 1754 706 1782 potissime
723 1757 836 1783 quantum
854 1754 882 1776 ad
900 1754 1032 1776 interiorem
1050 1753 1121 1775 homi-

272 1809 326 1825 nem
343 1809 368 1825 se
386 1802 471 1824 habere
488 1804 510 1824 et
527 1804 631 1830 tempus,
650 1802 713 1831 quod
726 1804 787 1824 extra
799 1802 940 1824 necessarias
957 1801 1120 1829 occupationes

272 1849 315 1873 sibi
325 1852 401 1878 restat,
411 1849 552 1878 expendere,
562 1849 700 1877 aperirem...
713 1850 761 1871 Hoc
773 1849 892 1872 modicum
904 1850 1042 1877 opusculum
1053 1849 1121 1872 saciat

273 1904 310 1920 me
327 1897 439 1925 incipere,
458 1897 560 1919 mediare
577 1899 599 1919 et
616 1897 689 1919 finire.
705 1896 786 1919 Amen.
799 1897 893 1925 Explicit
904 1898 1028 1926 prologus,
1041 1898 1120 1927 incipit

271 1945 374 1967 intentio.
392 1957 422 1960 ——
440 1945 509 1972 lgitur
527 1944 660 1971 attendens,
678 1944 742 1973 quod
760 1944 825 1967 lectio
849 1944 940 1973 divina,
964 1945 1081 1969 meditatio
1098 1949 1120 1969 et

271 1991 344 2014 oratio
357 1991 441 2014 faciunt
453 1994 553 2013 mentem
566 1991 614 2013 Deo
626 1991 710 2019 iugiter
722 1991 859 2014 inhaerere»
872 1995 915 2014 etc.
924 1992 984 2014 —In
997 1993 1049 2015 cod.
1062 1993 1120 2015 Tau-

271 2039 358 2061 rinensi
375 2041 427 2066 post
445 2038 567 2066 prologum
593 2038 697 2067 sequitur
717 2038 795 2060 tabula
812 2038 971 2067 rubricarum,
989 2047 1050 2069 quae
1066 2044 1120 2064 sunt

274 2087 326 2109 132,
352 2087 382 2108 Ex
407 2088 506 2115 utroque
531 2086 611 2109 codice
638 2088 739 2113 constat,
765 2089 883 2109 auctorem
909 2087 977 2109 huius
1003 2088 1119 2116 opusculi,

273 2134 336 2163 quod
354 2136 450 2156 vocatur
469 2132 662 2161 &azioma-ium,
675 2139 725 2155 esse
737 2133 829 2156 Ordinis
840 2133 1019 2157 Caelestinorum
1033 2138 1055 2157 et
1071 2141 1121 2158 sae-

273 2180 317 2203 culi
335 2180 395 2202 XIV.

336 2228 451 2255 Scriptum
469 2227 572 2250 secundo
585 2227 634 2249 loco
646 2227 802 2254 nominatum,
815 2228 883 2256 quale
894 2234 953 2256 opus
967 2228 1045 2255 suerit,
1058 2232 1120 2251 certo

274 2274 428 2297 determInare
445 2280 489 2296 non
507 2280 639 2301 possumus.
659 2274 708 2296 Non
728 2276 806 2296 tamen
825 2274 978 2302 improbabile
999 2277 1045 2303 est,
1066 2276 1120 2298 illud

273 2328 331 2349 esse,
342 2321 371 2344 de
383 2327 430 2350 quo
442 2321 518 2349 agitur
527 2321 549 2343 in
560 2321 612 2344 cod.
624 2320 776 2344 bibliothecae
787 2321 885 2350 Capituli
898 2322 1000 2344 Toletani
1010 2322 1034 2344 in
1043 2323 1121 2351 Hispa-

273 2368 322 2396 nia,
332 2368 390 2396 sign.
404 2367 475 2390 Caion
488 2368 526 2390 21.
542 2368 559 2390 N
569 2368 587 2390 U
597 2368 624 2389 M.
637 2367 675 2390 34..
688 2367 709 2390 in
722 2369 744 2390 8.
758 2374 817 2390 saec.
830 2368 882 2390 XV.
894 2368 927 2391 lbi
939 2369 991 2391 solio
1008 2370 1025 2391 l.
1038 2376 1056 2392 r.
1068 2370 1121 2398 legi-

274 2418 325 2437 tur:
345 2423 356 2434 α
369 2414 449 2442 Incipit
466 2415 577 2443 prologus
594 2414 658 2442 libri,
676 2414 716 2443 qui
734 2415 860 2437 intitulatur
876 2415 1004 2438 Rosarium
1022 2417 1074 2439 Iesu
1099 2417 1121 2439 et

272 2462 356 2486 Maria.
369 2475 398 2477 —
415 2462 546 2484 Fasciculus
564 2463 671 2490 myrrhae
691 2462 787 2485 dilectus
804 2469 870 2485 meus
887 2463 955 2489 mihi.
973 2464 1031 2486 inter
1049 2463 1121 2487 ubera

273 2515 324 2532 mea
342 2509 532 2531 commorabitur.
550 2508 696 2532 Canticorum
715 2510 735 2531 1.
757 2509 896 2533 Praedilecte
907 2510 929 2532 in
942 2510 1032 2533 Christo
1044 2514 1120 2539 pater,

273 2557 339 2579 cuius
356 2562 440 2578 nomen
457 2556 559 2579 scribere
577 2556 700 2579 necessitas
716 2562 763 2579 non
782 2560 860 2584 urget;
878 2563 930 2580 cum
944 2558 1071 2580 secundum
1085 2564 1122 2580 ve-

274 2603 382 2626 nerabilis
406 2604 441 2626 Fr.
464 2603 567 2626 Ubertini
588 2604 617 2626 de
642 2604 726 2627 Ordine
752 2604 878 2633 minorum,
905 2605 1006 2627 doctoris
1032 2605 1121 2633 eximii,

273 2657 343 2679 quem
363 2651 419 2673 inter
436 2651 543 2673 doctores
560 2651 664 2673 moderni
683 2651 793 2679 temporis
810 2651 895 2673 iudicio
916 2658 968 2673 meo
993 2652 1071 2674 divina
1095 2652 1122 2674 ir-

274 2698 371 2720 radiatio
388 2698 488 2726 amplius
506 2698 635 2726 irradiavit,
653 2701 675 2720 et
691 2698 794 2721 caelestis
811 2698 905 2721 devotio
922 2698 1079 2721 abundantius
1092 2699 1122 2721 in-

274 2745 414 2772 flammavit,
432 2745 567 2767 sententiam
585 2748 607 2767 et
624 2745 761 2773 doctrinam,
784 2746 806 2767 in
829 2745 931 2768 secundo
948 2746 1046 2774 prologo
1070 2746 1121 2768 libri

274 2792 322 2819 sni,
340 2792 379 2820 qui
397 2792 523 2814 intitulatur
543 2793 573 2815 De
589 2791 676 2815 arbore
693 2792 824 2822 crucifixae
843 2792 901 2816 uitae
918 2794 979 2820 Iesu,
996 2793 1052 2815 nihil
1069 2800 1123 2821 gra-

275 2838 319 2861 tius
336 2839 423 2867 poteris
442 2840 537 2862 Iacere»
559 2843 601 2862 etc.
627 2840 714 2862 Deinde
740 2840 794 2863 dicit
811 2843 905 2863 auctor:
927 2850 938 2861 ιι
950 2842 1024 2863 Homo
1043 2841 1122 2863 aridus

276 2888 297 2907 et
313 2885 436 2908 indevotus
454 2892 480 2908 ac
505 2886 630 2909 dissolutus
656 2888 723 2909 trater
749 2893 802 2909 sum
828 2888 876 2910 solo
894 2888 987 2910 nomine
1004 2891 1026 2910 et
1043 2887 1121 2910 habitu

276 2932 450 2956 Cartlwsieusis
463 2941 485 2955 υ.
503 2934 525 2955 lu
544 2933 649 2961 margine
666 2934 764 2956 citantur
781 2940 851 2962 saepe
868 2938 985 2962 auctores,
1004 2938 1028 2957 ut
1050 2935 1122 2957 Bona-

275 2982 371 3002 yentura
390 2980 486 3008 eiusque
503 2980 567 3002 varia
585 2986 667 3008 opera,
685 2981 820 3008 praesertim
844 2981 900 3005 Vitis
916 2981 1024 3012 mystica.

1246 297 1268 319 d.
1286 297 1367 326 Porro,
1385 297 1415 319 (le
1432 296 1539 319 versibus
1556 297 1609 319 huic
1626 296 1738 325 opusculo
1756 296 1848 319 annexis
1865 297 1973 319 nonnulla
1987 295 2029 319 ob-

1182 343 1297 366 servanda
1315 346 1374 366 sunt.
1392 343 1542 366 Inveniuntur
1559 344 1619 365 enim
1637 343 1660 366 hi
1677 349 1724 365 non
1741 349 1793 365 raro
1810 343 1833 365 in
1858 342 1977 365 codicibus
1997 349 2029 365 se-

1183 390 1288 418 paratim,
1314 390 1362 412 sine
1387 391 1438 418 ipso
1458 391 1581 418 opusculo,
1599 390 1715 413 interdum
1733 390 1754 412 in
1772 391 1845 412 forma
1869 389 1981 417 genuina,
1997 390 2028 412 in-

1183 436 1273 458 terdum
1293 442 1349 459 vero
1365 437 1388 459 in
1408 438 1481 459 forma
1498 443 1542 459 non
1567 443 1650 465 parum
1676 441 1742 459 aucta
1762 440 1784 459 et
1809 439 1903 459 mutata.
1926 437 2029 459 Genuina

1184 484 1256 505 t'orma
1275 483 1372 506 habetur
1390 484 1412 505 in
1430 483 1583 506 bibliothecae
1601 484 1686 512 Regiae
1703 484 1856 506 Berolinensis
1868 483 1949 506 codice
1967 483 2029 512 (lilss.

1182 529 1251 552 theol.
1268 530 1339 551 Latin.
1358 530 1396 551 34,
1408 529 1430 551 in
1449 530 1509 559 sol.);
1527 530 1633 557 eandem,
1645 530 1685 553 sed
1698 530 1875 558 incompletam,
1893 536 1919 552 cx
1937 530 1980 552 alio
1993 536 2030 552 co-

1183 576 1234 599 dice
1251 576 1324 598 edidit
1340 576 1405 598 Mone
1418 576 1570 604 (Lateinische
1581 577 1687 605 Hymnen
1699 577 1740 600 des
1751 577 1870 604 Mittelalt.,
1882 579 1939 599 tom.
1955 577 1962 599 l
1975 582 2028 604 pag.

1183 623 1251 652 152),
1269 623 1324 652 quin
1343 623 1419 651 ipsum
1437 623 1613 646 Bonaventurae
1630 623 1730 646 libellum
1747 624 1845 647 noverit.
1862 624 1925 646 Aliae
1942 625 2030 646 formae

1183 673 1263 692 auctae
1281 673 1303 693 et
1320 670 1476 693 diversimode
1488 672 1588 693 mutatae
1606 671 1754 693 inveniuntur
1766 672 1787 693 in
1805 677 1862 694 msc.
1876 670 1996 694 codicibus
2008 673 2031 693 et

1182 718 1251 740 etiam
1270 718 1292 740 in
1313 718 1387 740 editis.
1405 718 1479 740 Unam
1501 718 1534 741 sic
1551 720 1662 741 mutatam
1680 719 1838 741 recensionem
1861 718 1945 746 habes,
1963 717 2030 741 bene-

1183 766 1235 788 vole
1252 766 1334 793 lector,
1351 767 1374 788 in
1391 765 1555 788 Additamento
1572 765 1629 787 infra
1648 765 1711 794 (pag.
1729 765 1768 795 86)
1786 772 1812 788 ex
1829 766 1932 794 quodam
1950 765 2030 788 codice

1183 812 1286 835 biblioth.
1303 813 1469 835 Laurentianae
1486 813 1631 841 (Florentiae)
1652 819 1664 835 a
1681 813 1748 835 nobis
1771 813 1943 841 transcriptam3
1960 812 2028 835 aliam

1183 862 1205 882 et
1221 859 1365 882 differentem
1383 859 1456 882 edidit
1466 859 1551 882 Bonelli
1571 859 1699 887 (Supplem.
1711 862 1764 886 etc.,
1782 861 1837 881 tom.
1853 859 1885 881 lll.
1898 859 1940 881 col.
1961 858 2029 888 1161)

1184 906 1306 929 habentem
1320 907 1348 929 19
1360 908 1467 935 strophas
1484 913 1538 929 cum
1554 907 1584 929 76
1597 906 1716 933 versibus,
1734 912 1833 935 [piarum
1847 906 1920 934 prima
1935 907 2030 934 stropha

1183 961 1225 983 pro
1244 953 1316 977 Cuius
1334 954 1377 984 flos
1394 954 1541 978 aromaticus
1558 954 1675 977 substituit
1693 953 1767 982 Quem
1779 953 1823 983 flos
1840 955 1945 977 eoeornat
1960 952 2030 983 fulgi-

1183 1000 1243 1030 dus;
1261 1001 1362 1024 secunda
1380 1002 1474 1029 stropha
1492 1003 1536 1023 est:
1549 1002 1623 1028 lesus,
1640 1001 1686 1023 Rex
1698 1001 1768 1029 Regis
1782 1001 1851 1023 Filius
1863 1013 1892 1017 —-
1910 1001 1983 1029 lesus,
2000 1000 2030 1023 de

1182 1049 1230 1071 Deo
1248 1051 1315 1071 natus
1331 1061 1363 1065 —
1379 1049 1441 1071 lesus
1458 1048 1588 1076 promissus
1605 1047 1710 1070 Patribus
1723 1060 1754 1064 —
1765 1048 1839 1075 lesus,
1852 1048 2029 1076 praefiguratus.

1183 1095 1291 1118 Similiter
1308 1098 1330 1118 et
1347 1098 1469 1124 sequentes
1481 1096 1591 1123 strophae
1608 1101 1655 1118 non
1668 1101 1750 1123 parum
1767 1101 1780 1117 a
1792 1095 1899 1123 genuinis
1914 1095 2029 1117 differunt.

1183 1142 1268 1165 Eadem
1286 1142 1426 1165 recensionis
1440 1143 1513 1164 forma
1539 1142 1654 1164 invenitur
1678 1142 1828 1169 Darmstadii,
1855 1141 1961 1164 biblioth.
1985 1141 2027 1164 Du·

1183 1189 1232 1218 cali,
1245 1189 1269 1211 in
1281 1189 1333 1211 cod.
1349 1196 1371 1211 n.
1390 1189 1459 1211 2777.
1477 1189 1514 1211 sol.
1532 1188 1569 1211 43.
1585 1195 1634 1217 seq.
1646 1201 1676 1205 —
1688 1187 1723 1210 Ab
1740 1188 1776 1211 his
1793 1188 1884 1211 diversa
1898 1190 1932 1210 est
1944 1188 1980 1210 illa
1996 1193 2029 1210 re-

1182 1236 1271 1263 censio,
1288 1242 1359 1265 quam
1378 1236 1439 1258 idem
1457 1236 1522 1258 lilone
1544 1236 1595 1265 (loc.
1613 1236 1661 1264 cit.,
1680 1242 1733 1264 pag.
1752 1235 1806 1265 450)
1824 1242 1851 1258 ex
1872 1235 1975 1264 quodam
1992 1241 2029 1258 co-

1182 1284 1233 1307 dice
1253 1283 1406 1306 bibliothecae
1423 1284 1549 1306 Karlsruhe
1567 1283 1649 1310 edidit,
1667 1282 1790 1305 habentem
1809 1283 1838 1305 20
1855 1284 1963 1311 strophas
1975 1289 2028 1305 cum

1182 1332 1211 1354 80
1229 1331 1347 1359 versibus,
1365 1332 1431 1354 cuius
1448 1331 1523 1359 prima
1540 1332 1635 1359 stropha
1651 1331 1760 1353 convenit
1777 1336 1830 1353 cum
1848 1337 1886 1358 ea,
1903 1336 1975 1359 quam
1990 1330 2030 1353 Bo-

1181 1379 1233 1401 nelli
1245 1378 1383 1407 publicavit,
1401 1378 1502 1401 secunda
1515 1384 1570 1401 vero
1583 1380 1629 1400 est:
1646 1378 1721 1405 lesus,
1733 1378 1763 1400 de
1775 1378 1840 1400 Patre
1855 1377 1946 1405 genitus
1958 1390 1989 1394 --
2001 1378 2028 1400 le·

1181 1433 1232 1454 sus,
1249 1426 1306 1448 liber
1323 1426 1426 1454 signatus
1443 1438 1473 1442 —
1492 1426 1566 1452 lesus,
1578 1426 1713 1448 Sanctorum
1727 1425 1839 1447 Dominus
1855 1437 1887 1441 —
1903 1425 1975 1453 lesus,
1992 1425 2030 1447 de-

1180 1473 1302 1496 sideratus.
1319 1474 1446 1502 Sequentes
1463 1473 1531 1495 etiam
1549 1473 1657 1500 strophae
1675 1472 1697 1494 in
1714 1473 1791 1495 multis
1808 1472 1916 1495 differunt
1933 1472 1962 1495 ab
1981 1472 2029 1495 aliis

1180 1520 1310 1548 praedictis.
1321 1520 1406 1543 Eadem
1418 1520 1521 1542 recensio
1538 1519 1657 1542 exhibetur
1666 1520 1690 1541 in
1699 1519 1773 1541 tribus
1790 1518 1911 1542 codicibus
1922 1518 2027 1541 biblioth.

1179 1568 1321 1590 Monacensis
1338 1568 1435 1596 Regiae,
1448 1568 1496 1590 scil.
1508 1568 1531 1589 in
1549 1567 1618 1589 codd.
1635 1568 1683 1589 Lat.
1702 1567 1790 1595 15312,
1807 1565 1883 1594 7488,
1902 1566 1986 1589 11430.
1998 1579 2029 1583 -

1178 1615 1263 1638 Omnes
1282 1617 1423 1637 memoratae
1446 1614 1591 1636 recensiones
1616 1616 1639 1636 et
1655 1614 1751 1635 sortasse
1776 1613 1844 1636 etiam
1870 1613 1927 1636 aliae
1944 1612 2029 1636 habent

1178 1664 1266 1684 mutato
1279 1661 1360 1684 ordine
1372 1661 1486 1689 plurimos
1498 1666 1580 1683 versus
1595 1666 1732 1683 communes
1743 1666 1796 1682 cum
1815 1660 1931 1688 genuinis,
1943 1660 1980 1682 alii
1992 1659 2029 1682 de-

1178 1709 1262 1737 promti
1283 1711 1337 1731 sunt
1353 1714 1379 1731 ex
1397 1708 1439 1731 illis
1451 1708 1575 1730 duodecim
1594 1707 1712 1736 versibus⁷
1729 1713 1789 1736 quos
1806 1713 1832 1730 ex
1850 1707 1919 1730 codd.
1937 1706 1992 1730 CW
2001 1708 2030 1735 Z,

1178 1755 1233 1778 infra
1251 1761 1305 1783 pag.
1323 1755 1364 1783 70,
1382 1758 1436 1777 nota
1458 1756 1462 1776 1
1485 1755 1614 1777 referimus.

1253 1803 1397 1825 Manifestum
1417 1805 1457 1831 est,
1475 1803 1580 1825 silversas
1592 1804 1633 1826 has
1644 1810 1755 1827 versuum
1774 1805 1920 1828 recensiones
1937 1811 1987 1828 esse
2004 1805 2033 1827 de

1177 1851 1264 1873 rivatas
1281 1856 1307 1873 ex
1326 1856 1372 1872 uno
1391 1851 1452 1873 sonte
1470 1851 1598 1879 primitivo,
1616 1852 1655 1880 qui
1673 1858 1717 1874 non
1736 1855 1812 1880 potest
1826 1859 1877 1875 esse
1893 1852 1937 1875 nisi
1954 1858 1980 1875 ea
1998 1859 2031 1875 re-

1178 1899 1270 1927 censio,
1287 1905 1347 1928 quae
1361 1899 1467 1921 omnium
1480 1902 1554 1921 aetate
1570 1899 1685 1928 antiquior
1702 1902 1736 1922 est
1753 1902 1823 1928 alque
1842 1899 1969 1928 respondet
1980 1906 2032 1928 par-

1178 1946 1239 1969 tibus
1251 1949 1272 1968 et
1284 1946 1389 1974 capitulis
1402 1946 1473 1974 ipsius
1491 1945 1593 1976 Liqtzum
1610 1946 1682 1973 vitae,
1700 1947 1766 1969 cuius
1782 1947 1943 1969 autlienticitas
1960 1949 1982 1969 et
1993 1947 2024 1969 in-

1178 1994 1272 2021 tegritas
1290 1995 1337 2016 sere
1354 1994 1399 2015 200
1417 1993 1523 2016 codicum
1536 1993 1670 2016 auctoritate
1687 1996 1709 2016 et
1726 1993 1775 2016 aliis
1792 1994 1883 2016 invictis
1899 1993 2027 2017 rationibus

1176 2039 1351 2068 comprobatur.
1368 2041 1464 2068 Insuper
1476 2041 1532 2063 haec
1549 2041 1634 2067 forma,
1651 2041 1781 2063 accuratius
1793 2041 1933 2068 examinata,
1945 2047 2026 2064 omnes

1177 2087 1233 2109 alias
1249 2087 1396 2109 recensiones
1413 2087 1492 2109 valore
1509 2089 1531 2109 et
1552 2087 1696 2115 congruitate
1714 2087 1821 2110 interlore
1838 2089 1932 2110 omnino
1954 2088 2025 2111 vincit

1177 2140 1203 2157 ac
1221 2135 1268 2157 sola
1286 2140 1339 2157 cum
1361 2134 1503 2162 expositione
1520 2134 1587 2157 libelli
1609 2135 1723 2157 convenit.
1746 2135 1803 2157 Hinc
1825 2135 2026 2164 supersedendum

1178 2181 1244 2204 nobis
1262 2188 1313 2204 esse
1330 2184 1439 2210 putamus
1456 2181 1486 2204 ab
1504 2182 1611 2204 ulteriore
1631 2182 1735 2205 examine
1752 2183 1878 2210 rationum,
1896 2182 1982 2212 quibus
1993 2184 2029 2206 vir

1178 2229 1273 2258 quidam
1286 2229 1368 2252 doctus
1380 2231 1464 2256 motus,
1474 2228 1571 2251 dubium
1584 2235 1635 2252 esse
1650 2230 1707 2257 vult,
1719 2236 1747 2252 an
1759 2236 1842 2252 versus
1854 2230 1876 2252 in
1888 2230 2029 2253 editionibus

1178 2279 1289 2305 tanquam
1308 2276 1499 2299 Bonaventuriani
1522 2276 1581 2298 allati
1607 2276 1682 2299 eidem
1705 2277 1749 2299 sint
1771 2277 1894 2300 tribuendi.
1909 2277 1950 2300 Hic
1966 2278 2027 2300 enim

1177 2323 1213 2346 vir
1231 2323 1254 2345 in
1267 2323 1401 2346 recensione
1418 2323 1520 2352 quadam
1533 2326 1675 2346 memoratae
1692 2324 1761 2346 huius
1773 2323 1840 2347 libelli
1853 2325 1967 2347 versionis
1979 2331 2028 2353 ger-

1179 2371 1283 2393 manicae
1301 2371 1372 2399 (apud
1390 2371 1490 2398 Herder‚
1502 2370 1608 2399 Friburgi
1622 2370 1703 2400 11886),
1722 2377 1791 2399 quam
1810 2371 1903 2394 inseruit
1921 2371 1978 2394 toliis
1989 2377 2027 2399 pe-

1178 2418 1271 2440 riodicis
1289 2417 1427 2441 Clzi-istlv'olze
1448 2417 1588 2446 Akudemie,
1609 2419 1687 2446 Draga,
1709 2419 1745 2440 12.
1763 2419 1837 2447 lahrg.
1859 2425 1882 2441 n.
1903 2419 1925 2447 1,
1948 2419 2025 2447 potius

1179 2464 1301 2487 verisimile
1318 2471 1369 2487 esse
1386 2465 1486 2493 putarit,
1499 2465 1572 2487 dictos
1589 2465 1618 2486 60
1636 2471 1718 2487 versus
1737 2467 1856 2493 excerptos
1874 2472 1924 2488 esse
1941 2472 1968 2489 ex
1985 2471 2024 2487 an-

1179 2511 1261 2534 teriore
1279 2514 1299 2533 et
1312 2511 1415 2539 longiore
1432 2511 1532 2538 cantico,
1552 2512 1616 2540 quod
1633 2514 1764 2539 praesentat
1783 2512 1835 2534 cod.
1853 2513 2023 2536 Darmstadien-

1178 2559 1209 2581 sis
1225 2559 1262 2580 vel
1280 2558 1349 2580 etiam
1367 2564 1394 2580 ex
1410 2558 1449 2580 illo
1466 2558 1529 2587 quod
1547 2560 1579 2580 est
1598 2558 1621 2581 in
1638 2558 1697 2581 libro
1714 2558 1793 2582 Arbor
1812 2559 1873 2582 vitae
1895 2560 2026 2591 crucifixae

1179 2606 1231 2628 Iesu
1249 2611 1261 2627 a
1278 2605 1314 2627 Fr.
1331 2604 1441 2627 Ubertino
1462 2611 1497 2627 an.
1517 2605 1577 2627 '1305
1595 2606 1731 2633 composito.
1748 2618 1779 2622 —
1797 2606 1842 2629 Sed
1864 2609 1955 2634 praeter
1980 2608 2027 2630 iam

1179 2652 1239 2675 dicta
1256 2653 1315 2674 hanc
1333 2652 1478 2680 hypothesim
1496 2652 1587 2680 penitus
1609 2655 1716 2675 evertunt
1738 2653 1767 2675 illi
1790 2653 1893 2682 codices,
1917 2655 1957 2683 qui
1980 2655 2025 2677 iam

1179 2699 1269 2722 saeculo
1287 2699 1342 2721 xiii.
1360 2699 1444 2721 exarati
1462 2702 1522 2721 sunt.

1242 2752 1262 2768 e.
1280 2747 1397 2768 Postremo
1423 2746 1570 2769 referendum
1588 2753 1639 2769 esse
1656 2746 1777 2775 duximus,
1802 2747 1899 2770 devotos
1916 2749 1959 2771 hos
1977 2754 2026 2771 ver-

1179 2800 1218 2816 sus
1241 2794 1263 2816 S.
1286 2794 1460 2816 Bonaventuiae
1483 2793 1528 2815 iam
1553 2799 1613 2815 sace.
1636 2794 1692 2816 Xlll.
1714 2795 1750 2817 vel
1775 2795 1856 2817 saltem
1882 2795 1941 2817 XIV.
1966 2795 2026 2818 notis

1180 2840 1329 2863 musicalibus
1351 2841 1380 2863 ad
1403 2840 1542 2863 cantandum
1565 2841 1685 2869 adaptatos
1702 2847 1759 2864 esse.
1777 2842 1825 2864 Hoc
1842 2843 1942 2864 referunt
1962 2843 2026 2865 chro-

1180 2888 1229 2910 nica
1247 2887 1281 2909 Fr.
1300 2887 1467 2909 Bartholomaei
1485 2887 1598 2916 Aquensis
1622 2887 1648 2910 Ο.
1666 2888 1760 2915 Praed.‚
1782 2891 1898 2911 asservata
1918 2889 2024 2916 Taurini,

1180 2934 1284 2957 biblioth.
1301 2934 1460 2957 Universitatis
1481 2935 1502 2956 in
1520 2935 1572 2957 cod.
1589 2936 1607 2958 G
1625 2936 1640 2957 ll
1658 2935 1700 2962 34,
1718 2934 1816 2958 membr.
1833 2941 1893 2958 saec.
1912 2936 1967 2958 Xlll.
1988 2936 2024 2958 vel

1180 2981 1239 3003 XIV.
1252 2980 1283 3003 lbi
1297 2981 1334 3003 t‘ol⁴
1349 2981 1386 3003 57.
1398 2981 1493 3008 legitur:
1509 2990 1520 3001 (ι
1530 2981 1567 3003 1110
1580 2981 1648 3004 etiam
1661 2985 1765 3009 tempore
1777 2982 1842 3004 floret
1854 2982 2027 3011 Bonaventura,
