2133 3317
772 216 1013 245 PROLEGOMENA
1035 218 1062 246 C.
1086 218 1125 246 ΙΙΙ.

354 294 490 325 Elenehus
510 294 639 325 codicum.

114 390 132 414 1.
148 389 239 415 Codice:
256 396 270 411 a
286 388 350 412 nubis
366 396 416 412 cum
433 388 503 413 textu
518 387 646 411 Veticanae
662 387 771 411 editionis
787 387 875 411 collati.

138 485 159 507 1.
176 483 325 513 Moyuntiae,
343 482 480 505 bibliotheca
498 482 603 510 Publica,
627 482 679 504 cod.
697 485 742 504 oct.
761 482 781 503 8.
800 487 917 509 progress.

75 530 182 555 CCCCVl.
200 530 293 553 miscell.
310 530 410 558 plurium
428 532 540 557 aetatum,
559 530 602 551 hoc
619 534 676 551 vero
687 528 826 556 opusculum
839 533 917 550 exara-

76 581 124 601 tum
140 577 182 600 tuit
197 582 257 599 saec.
275 576 326 599 XV.
343 589 372 592 —-
391 576 471 604 lncipit
487 576 536 598 sine
554 575 617 598 titulo
630 575 665 597 fol.
688 575 721 597 10.
738 581 768 597 r.:
787 574 917 604 Speculum

75 623 195 654 discipline
211 623 243 646 ad
259 623 357 646 honesta
378 622 496 646 tendentes
518 625 560 645 etc.
578 623 665 645 Desinit
691 623 727 645 tol.
745 622 782 644 34.
800 628 819 644 r.
845 625 869 645 ut
895 621 916 644 in

74 671 151 700 editis;
168 671 272 699 sequitur
296 670 361 692 index
387 669 540 697 capitulorum
566 669 686 697 utriusque
703 668 774 696 partis
798 674 852 691 cum
874 669 917 690 hac

74 717 177 741 rubrica:
203 717 379 740 Bonuventura.
396 715 492 739 Primus
509 715 567 738 liber
584 715 675 745 speculi
699 714 821 744 discipline
846 714 916 738 conti-

73 765 111 788 net
126 770 166 787 seu
183 762 266 792 recipit
282 763 358 786 XXX
373 762 486 792 capitula.
503 762 590 785 Deinde
605 762 710 785 additur:
729 771 740 782 a
753 761 847 789 Explicit
863 763 918 790 Spe-

74 812 150 835 culum
168 812 190 833 S.
207 811 380 838 Bonaventure,
403 810 467 838 quod
490 810 513 832 in
538 811 596 832 hanc
620 810 716 832 formam
740 809 860 832 redactum
883 812 917 832 est

74 865 87 882 a
102 859 137 881 Fr.
154 857 272 880 Bernardo
292 857 322 880 de
343 858 424 884 Bfflsa,
447 857 567 879 Provincie
591 856 721 885 Aquitanie.
743 856 800 878 Nam
824 855 853 878 ab
876 862 916 878 ore

74 905 96 928 S.
112 905 273 927 Bonaventure
299 904 340 926 fuit
363 904 475 931 scripturn
500 906 523 926 et
543 903 671 925 inordinate
687 903 799 925 relictum.
823 904 846 925 ln
869 909 916 932 quo

73 953 166 976 celestes
182 951 286 974 homines
302 957 379 974 mores
395 951 522 979 discerent,
539 950 625 979 quibus
636 951 782 978 proficerent.
800 951 837 972 Est
854 950 915 973 enim

74 999 96 1022 in
112 1005 139 1022 eo
156 1001 215 1021 tanta
237 1004 328 1021 morum
352 998 477 1026 elegantia,
501 1000 525 1020 ut
546 997 565 1020 si
587 997 639 1026 quis
661 997 744 1019 melius
764 997 817 1019 data
840 997 916 1026 aliqua

73 1048 179 1075 precepta
196 1045 317 1074 quaeierit‚
335 1044 470 1067 mortalibus
487 1044 574 1067 cunctis
591 1044 734 1072 perlustratis
746 1045 821 1066 celum
838 1046 917 1072 petere

72 1092 165 1116 habebit
175 1100 198 1114 n.
214 1105 244 1108 -
262 1092 362 1114 Eandem
380 1097 475 1120 prorsus
491 1094 569 1114 notam
581 1090 650 1113 habet
662 1091 730 1113 etiam
747 1091 817 1114 editio
832 1092 917 1119 Argen-

73 1139 117 1163 tina
133 1146 170 1162 an.
188 1139 260 1166 4495,
278 1145 332 1166 pars
348 1139 371 1161 ll.
390 1138 411 1161 in
429 1138 505 1161 tabula
523 1139 690 1166 opusculorum
708 1138 730 1160 ll.
749 1139 828 1166 partis.
845 1150 876 1155 —
894 1139 917 1160 ln

72 1188 147 1209 nostra
164 1185 265 1208 editione
281 1185 384 1213 signatur
401 1185 473 1207 littera
491 1186 515 1207 E.

134 1234 156 1255 2.
173 1231 304 1259 Monachii,
322 1231 460 1254 bibliotheca
485 1232 570 1260 Regia,
587 1232 640 1255 cod.
666 1232 735 1254 8094.
760 1233 830 1254 chart.
849 1232 872 1254 in
895 1233 916 1254 8.

73 1285 132 1302 saec.
148 1279 199 1302 XV.
215 1291 246 1296 -
262 1279 342 1307 Incipit
359 1279 396 1301 fol.
415 1279 435 1301 Ἰ1.
452 1285 472 1301 r.
494 1285 506 1301 a
524 1278 629 1301 rubrica:
646 1278 775 1308 Speculum
793 1278 916 1308 discipline

71 1326 221 1351 Novitiorum
238 1326 410 1349 Bonaventure.
428 1325 557 1355 Speculum
569 1325 691 1355 discipline
711 1325 743 1348 ad
762 1325 859 1349 honesta
872 1328 914 1348 etc.

72 1373 157 1396 Desinit
168 1374 206 1396 sol.
218 1373 255 1395 66.
268 1379 304 1395 tu:
322 1372 422 1395 Domino
435 1372 458 1395 id
466 1374 596 1402 prestante,
610 1372 649 1395 cui
664 1374 699 1396 est
714 1372 791 1396 honor
802 1374 825 1396 et
835 1373 915 1403 pluria

71 1419 96 1443 in
112 1418 192 1443 secula
208 1419 351 1443 seculorum.
369 1420 450 1442 Amen.
469 1419 533 1447 Sign.
550 1419 576 1442 C.

134 1466 155 1488 3.
172 1465 271 1494 Ibidem,
288 1466 340 1488 cod.
356 1466 425 1488 9068.
443 1467 515 1488 chart.
531 1466 554 1488 in
572 1466 594 1488 8.
611 1472 670 1489 saec.
688 1466 739 1489 XV.
756 1467 866 1489 exeuntis.
883 1478 913 1483 —

71 1513 116 1536 Fol.
134 1513 198 1536 229⁵
216 1512 300 1542 Incipit
313 1512 417 1542 prefatio
429 1512 454 1535 in.
465 1512 588 1542 speculum
605 1512 727 1542 discipline
743 1513 822 1536 sancti
836 1513 916 1536 Bona-

71 1561 176 1583 venture.
193 1559 322 1589 Speculum
338 1558 459 1588 discipline
475 1562 518 1582 etc.
530 1559 618 1582 Desinit
630 1562 653 1582 ut
665 1560 687 1582 in
702 1559 769 1582 editis
781 1560 818 1582 t'ol.
831 1560 884 1582 288.
897 1566 914 1582 r.

71 1613 124 1630 cum
140 1607 269 1630 additione:
287 1606 391 1636 Explicit
403 1606 525 1636 speculum
537 1606 617 1630 sancti
629 1607 800 1630 Bonaoenture.
813 1607 876 1635 Sign.
888 1607 914 1629 D.

133 1653 154 1676 4.
171 1653 282 1683 Neapoli,
300 1653 437 1676 bibliotheca
454 1653 588 1680 Nationalis,
605 1654 658 1676 cod.
675 1654 721 1676 Vll.
738 1654 761 1676 F.
779 1654 815 1676 35.
828 1654 916 1676 —Hoc

71 1707 130 1730 opus
146 1701 226 1729 incipit
248 1708 261 1723 a
285 1701 390 1724 rubrica:
414 1701 441 1723 In
463 1700 558 1724 'nomine
578 1702 659 1724 sancte
683 1703 705 1724 et
729 1700 847 1724 individae
867 1700 916 1724 Tri-

70 1748 150 1772 nitatis
167 1748 343 1778 beatissimeque
360 1747 458 1777 oirqinis
475 1747 551 1771 Mat-ie
568 1749 589 1770 et
606 1747 713 1771 omnium
724 1750 864 1771 sanctorum
883 1747 916 1770 in-

70 1795 125 1825 cipit
142 1794 213 1823 tiber,
233 1794 275 1824 qui
290 1794 377 1818 dicitur
399 1794 521 1824 speculum
547 1794 681 1824 discipline,
704 1794 793 1818 editum
813 1801 829 1817 a
850 1794 915 1818 beato

69 1843 238 1865 Bmmventura
255 1841 345 1864 ordinis
362 1841 491 1865 Minoi-um.
509 1841 638 1870 Speculum
655 1841 778 1871 discipline
794 1842 826 1865 ad
843 1842 913 1865 lione-

70 1890 107 1912 sta
124 1891 166 1912 etc.
185 1889 271 1911 Desinit
288 1891 312 1911 ut
328 1888 350 1910 in
369 1889 446 1911 editis:
464 1888 564 1911 Domino
581 1888 606 1911 id
618 1890 753 1918 prestante,
771 1889 811 1912 cui
826 1891 861 1912 est
876 1889 916 1913 Ιιο-

69 1941 115 1959 nor
132 1937 155 1959 et
170 1935 248 1965 qloria
265 1935 290 1958 in
311 1935 390 1958 secula
415 1935 560 1958 seculorum.
577 1936 659 1958 Amen.
677 1936 709 1958 De
727 1937 770 1959 hoc
787 1936 867 1959 codice
885 1937 914 1958 lo-

70 1983 117 2006 euti
133 1989 214 2006 sumus
231 1989 300 2011 supra
319 1988 372 2010 pag.
389 1982 495 2005 LXXXV
513 1988 534 2004 n.
557 1983 575 2004 1.
593 1983 656 2010 Sign.
676 1983 702 2005 Α.

133 2030 155 2052 5.
172 2029 271 2058 Ibidem,
289 2029 341 2052 cod.
354 2029 398 2052 Vll.
416 2030 443 2051 G.
454 2029 490 2052 51.
508 2030 579 2052 chart.
592 2036 651 2052 saec.
664 2030 715 2052 XV.
726 2030 786 2052 circa
801 2030 913 2052 medium.

71 2089 100 2093 —
118 2076 210 2105 incipit:
228 2077 253 2099 In
270 2076 365 2099 nomine
381 2077 461 2099 sancte
478 2077 500 2099 et
522 2075 640 2099 individue
663 2076 785 2100 Trinitatis
808 2076 929 2100 beatissi»

69 2129 152 2153 meque
168 2122 268 2153 virqinis
285 2122 361 2146 Μανία
378 2124 400 2146 et
410 2122 517 2146 omnium
534 2124 674 2146 sanctorum
691 2123 772 2152 incipit
789 2123 854 2151 liber,
872 2123 916 2153 qui

70 2168 156 2193 dicitur
172 2169 296 2199 speculum
317 2169 449 2199 discipline,
467 2169 542 2192 editus
564 2176 578 2192 a
597 2169 662 2193 beato
685 2170 854 2193 Bonaventura
877 2176 914 2193 oi·-

70 2215 131 2240 dinis
147 2215 276 2240 Minorum.
293 2215 422 2245 Speculum
439 2219 481 2238 etc.
499 2216 586 2239 Desinit
603 2219 627 2239 ut
645 2217 666 2238 in
684 2217 757 2239 editis.
775 2217 839 2245 Sign.
856 2218 880 2239 B.

132 2264 171 2286 His
187 2263 307 2286 codicibus
323 2263 402 2291 adiuti,
419 2266 505 2286 textum
528 2264 614 2286 sedulii
633 2266 655 2286 et
672 2264 708 2286 ed.
726 2264 850 2287 Vaticanae
868 2271 914 2287 me·

70 2310 114 2333 lius
130 2310 242 2338 castigare
258 2310 376 2338 potuimus
393 2313 415 2333 et
432 2311 461 2333 ad
479 2311 620 2338 primitivam
638 2311 735 2333 sormam
753 2311 872 2334 reducere.
891 2312 913 2334 ln

71 2356 175 2385 plurimis
191 2356 372 2380 correctionibus
389 2363 401 2379 a
419 2357 484 2380 nobis
501 2357 577 2385 tactis,
595 2358 729 2385 praesertim
752 2358 846 2380 minoris
864 2364 913 2380 mo-

71 2404 148 2432 menti,
165 2410 246 2427 omnes
262 2404 330 2427 codd.
348 2407 426 2427 contra
446 2404 578 2427 vaticanam
596 2405 730 2432 conspirant
747 2407 768 2427 et
785 2405 853 2427 etiam
875 2405 911 2427 ed.

71 2452 98 2480 2,
119 2457 191 2480 quae,
215 2452 266 2474 licet
290 2451 351 2474 vitiis
373 2451 546 2479 typographicis
571 2451 686 2478 abundet,
712 2452 811 2480 optimas
837 2454 912 2474 tamen

71 2499 196 2526 praesentis
212 2498 319 2521 editionis
335 2498 443 2520 lectiones
459 2504 529 2526 saepe
546 2498 713 2521 subministrat.
730 2500 753 2521 ln
775 2498 913 2521 lectionibus

68 2545 164 2568 maioris
180 2545 290 2568 momenti
302 2546 319 2567 Α
330 2545 346 2567 Β
363 2548 385 2567 et
402 2545 438 2567 ed.
451 2546 464 2567 2
483 2545 580 2571 (Brixiae
601 2545 668 2573 ¹504)
681 2546 819 2574 plerumque
830 2552 913 2568 conve-

71 2592 146 2619 niunt;
168 2591 238 2615 CDE
260 2592 413 2615 communiter
435 2592 504 2614 unius
525 2592 624 2615 t'amiliae
645 2593 754 2615 lectiones
776 2593 912 2620 ostenclunt3

72 2639 126 2662 vitia
143 2639 287 2667 particularia
304 2639 326 2661 in
344 2645 486 2668 unoquoque
502 2639 555 2662 cod.
572 2642 594 2662 et
612 2640 649 2662 ed.
672 2640 757 2668 passim
778 2643 911 2663 occurrunt.

71 2685 112 2709 Ed.
125 2686 132 2708 1
155 2686 287 2715 (Argentina
309 2686 375 2715 1495)
393 2687 493 2715 saepius,
505 2686 545 2709 sed
559 2693 603 2709 non
616 2693 720 2715 semper,
738 2687 846 2710 convenit
858 2693 911 2710 cum

71 2733 107 2755 ed.
125 2733 240 2756 Vaticana.

73 2825 102 2849 11.
119 2825 239 2850 Codices‘a
256 2826 319 2849 nobis
335 2833 385 2849 cum
401 2826 469 2850 textu
486 2827 612 2850 Vaticanae
632 2827 739 2851 editionis
760 2834 802 2850 non
824 2827 911 2851 collati.

134 2920 155 2942 6.
173 2921 294 2950 Auqustae
313 2920 478 2949 Trevirorum,
501 2920 638 2944 bibliotheca
662 2922 766 2949 Publica,
789 2922 839 2944 cod.
858 2922 912 2944 529.

73 2965 143 2995 (548.)
169 2966 266 2989 membr.
285 2967 305 2989 in
332 2968 352 2989 8.
377 2973 437 2989 saec.
463 2968 513 2990 XV.
531 2980 561 2985 --
579 2969 624 2991 Fol.
642 2970 678 2990 31.
701 2975 724 2991 v.
741 2971 792 2996 post
809 2968 910 2991 tabulam

163 3043 190 3067 S.
202 3044 293 3068 Bonan.
303 3057 333 3061 —
346 3045 415 3067 Tom.
426 3046 480 3068 Vlll.

1729 219 1817 248 XCVII

974 295 1127 322 capitulorum
1146 297 1241 324 legitur:
1259 297 1377 326 Proloyus
1394 297 1419 320 in
1439 297 1562 327 speculum
1585 297 1707 327 discipline
1727 304 1769 321 seu
1791 297 1817 320 li·

975 341 1060 365 bellum
1073 343 1100 366 de
1111 343 1215 367 minimis
1227 343 1259 366 ad
1270 344 1377 367 novitios.
1394 344 1523 374 Speculum
1541 344 1662 374 discipline
1677 345 1710 368 ad
1720 345 1818 369 honesta

974 389 1090 412 tendentes
1113 393 1154 413 etc.
1174 391 1260 414 Desinit
1269 392 1304 413 sol.
1325 398 1360 413 v.:
1379 391 1483 421 Ea'plicit
1497 392 1620 421 speculum
1634 391 1756 422 discipline
1773 396 1815 415 etc.

1036 436 1058 458 7.
1077 436 1175 465 Ibidem,
1193 438 1245 460 cod.
1262 438 1314 460 599.
1333 438 1383 467 (761
1391 438 1414 467 .),
1432 438 1460 461 de
1486 445 1533 467 quo
1559 439 1650 467 egimus
1667 445 1737 467 supra
1761 446 1815 467 pag.

974 483 1021 504 LlX
1039 489 1061 505 n.
1083 484 1101 505 l.
1125 496 1156 500 —
1174 484 1220 506 Hoc
1238 490 1296 512 opus
1313 488 1347 507 est
1365 485 1401 507 iol.
1426 491 1444 507 r.
1467 491 1512 507 non
1537 489 1657 508 numerato
1678 485 1721 508 sub
1740 486 1817 508 titulo:

975 530 1058 559 Incipit
1071 530 1189 559 proloqus
1214 530 1238 553 in
1263 531 1385 560 speculum
1410 531 1532 561 discipline
1548 531 1580 555 ad
1596 532 1702 556 novitios.
1721 532 1758 556 Ad
1779 532 1816 556 llo·

973 578 1039 600 nesta
1057 576 1173 600 tendentes
1190 581 1233 600 etc.
1251 578 1337 601 Desinit
1355 579 1392 601 101.
1409 585 1427 601 r.
1445 585 1498 601 cum
1525 581 1566 602 hae
1588 580 1718 602 additione:
1735 579 1816 610 Escpli-

974 622 1004 646 cit
1020 623 1143 652 speculum
1160 623 1281 654 discipline
1305 624 1337 648 ad
1360 625 1472 653 novitios,
1490 625 1554 655 quod
1574 632 1589 649 a
1605 626 1724 656 plerisque
1740 627 1816 650 Bona·

974 671 1071 692 uenture
1088 670 1239 698 inscribitur,
1256 671 1331 700 qnod,
1352 674 1440 701 quanto
1458 672 1549 702 eloquio
1566 673 1620 703 fiat,
1635 672 1782 703 principium
1794 674 1815 696 et

972 716 1027 744 finis
1044 716 1173 740 declarant.
1191 717 1233 740 Est
1249 718 1311 741 enim
1328 720 1444 742 tractatus
1462 720 1524 742 totus
1541 725 1631 743 aurens
1648 721 1670 743 et
1686 726 1758 743 suum
1775 726 1816 743 au-

973 765 1061 786 ctorem
1078 763 1158 787 virum
1172 764 1327 794 perspicuum
1345 765 1410 788 omni
1425 765 1549 789 sanctitate
1561 768 1582 790 et
1593 766 1707 796 religione
1722 767 1816 797 proclu-

973 811 1031 833 mat.
1047 811 1115 834 Anno
1134 811 1229 834 Domini
1244 811 1394 835 MCCCCA'C.

1037 857 1058 879 8.
1076 857 1192 886 Berolini,
1210 857 1347 881 bibliotheca
1366 860 1449 887 Regia,
1466 860 1519 882 cod.
1537 861 1606 883 theol.
1623 861 1659 883 lat.
1681 861 1729 884 172.
1742 863 1814 884 chart.

974 903 995 926 in
1013 904 1034 926 4.
1052 910 1111 926 saec.
1130 904 1180 926 XV.
1198 905 1257 927 circa
1270 906 1423 929 medietatem.
1437 920 1466 923 —
1478 907 1558 935 Incipit
1571 908 1608 930 101.
1621 909 1642 930 2.
1655 915 1672 930 r.
1685 915 1697 930 a
1710 908 1812 931 rubrica:

973 950 1090 980 Proloqus
1108 951 1131 974 in
1147 952 1270 981 speculum
1287 952 1407 982 discipline
1422 959 1465 976 seu
1482 953 1586 977 libellum
1603 954 1631 977 de
1648 955 1759 978 minimis.
1776 956 1817 978 De-

973 997 1026 1020 sinit
1043 998 1079 1020 iol.
1098 999 1134 1021 51.
1152 1005 1176 1021 v.
1193 1002 1217 1021 ut
1234 999 1256 1021 in
1274 999 1348 1022 editis.

1037 1045 1057 1066 9.
1075 1044 1175 1073 Ibidem,
1193 1046 1243 1068 cod.
1262 1047 1329 1068 theol.
1347 1047 1384 1069 lat.
1406 1047 1455 1069 163.
1473 1047 1570 1070 membr.
1595 1048 1617 1070 in
1636 1048 1656 1070 l.
1679 1055 1738 1071 saec.
1762 1050 1814 1072 XV.

973 1095 1026 1120 post
1042 1092 1154 1115 medium.
1171 1105 1201 1109 —
1218 1093 1262 1115 Fol.
1282 1094 1302 1115 2.
1320 1100 1340 1116 r.
1357 1094 1420 1122 operi
1438 1095 1592 1122 praemittitur
1614 1095 1719 1118 rubrica:
1736 1096 1816 1119 Prolo-

973 1145 1018 1169 yus
1036 1139 1058 1162 in
1076 1139 1199 1168 speculum
1216 1139 1338 1169 discipline
1353 1147 1395 1163 sen
1413 1140 1517 1164 libellum
1535 1141 1562 1164 de
1579 1142 1682 1165 minimis
1700 1142 1732 1165 ad
1754 1144 1816 1166 noci-

974 1185 1024 1209 tios.
1041 1186 1127 1208 Desinit
1145 1187 1181 1209 sol.
1199 1187 1236 1208 66.
1254 1194 1276 1209 v.
1294 1193 1346 1209 cum
1364 1188 1492 1210 additione:
1510 1188 1614 1218 Explicit
1636 1188 1663 1212 de
1684 1189 1814 1219 disciplina.

1037 1233 1072 1255 10.
1091 1232 1255 1262 Budapestini,
1273 1233 1408 1256 bibliotheca
1427 1235 1512 1257 Musaei
1534 1235 1655 1257 nationalis
1676 1236 1817 1264 Hungarici,

973 1280 1024 1303 cod.
1042 1281 1094 1302 Mss.
1111 1281 1147 1303 lat.
1165 1281 1203 1303 74.
1219 1282 1289 1303 chart.
1308 1282 1330 1303 in
1349 1281 1368 1303 4.
1387 1288 1447 1304 sace.
1459 1282 1511 1304 XV.
1522 1282 1633 1305 exeuntis.
1644 1295 1676 1299 —
1687 1283 1733 1305 Fol.
1749 1284 1814 1305 1.ν.;

972 1327 1091 1357 Incipiunt
1102 1327 1196 1351 rubrice
1207 1327 1232 1351 in
1244 1334 1302 1357 opus
1314 1328 1391 1352 sancti
1402 1329 1566 1352 Bonaeentvwe
1578 1329 1668 1352 ordinis
1680 1329 1814 1358 Minoi-um,

972 1374 1036 1404 quod
1051 1374 1187 1404 appellatur
1203 1374 1325 1404 speculum
1342 1375 1475 1404 discipline,
1493 1375 1647 1399 'utilissimum
1659 1375 1751 1406 quidem
1763 1376 1816 1400 reli-

972 1421 1051 1451 yiosis.
1069 1422 1154 1444 Desinit
1171 1422 1207 1444 101.
1226 1422 1262 1444 87.
1279 1428 1297 1444 r.
1316 1425 1339 1444 ut
1356 1422 1378 1444 in
1396 1422 1469 1445 editis.

1039 1470 1072 1492 11.
1090 1469 1235 1497 Colnzariae,
1261 1469 1399 1492 bibliotheca
1424 1469 1538 1497 Civitatis,
1563 1470 1615 1493 cod.
1637 1471 1737 1494 membr.
1754 1471 1776 1493 in
1794 1472 1815 1493 8.

972 1522 1031 1539 saec.
1050 1516 1101 1539 XV.
1118 1516 1163 1539 iam
1181 1519 1272 1539 notatus
1288 1522 1358 1544 supra
1376 1522 1430 1544 pag.
1448 1517 1549 1539 LXXVII
1566 1524 1588 1539 n.
1610 1518 1643 1539 ll.
1662 1530 1690 1533 —
1711 1518 1816 1545 Opuscu—

972 1563 1019 1585 lum
1037 1563 1115 1591 incipit
1132 1563 1168 1585 101.
1187 1563 1224 1585 57.
1240 1569 1259 1585 r.
1275 1562 1305 1585 ab
1323 1564 1365 1585 hac
1382 1563 1486 1586 rubrica:
1504 1563 1633 1593 Speculum
1645 1563 1765 1594 discipline
1776 1570 1815 1587 no-

973 1609 1085 1633 vitiorum
1103 1609 1273 1633 Bonneenture.
1293 1610 1328 1633 Ad
1344 1610 1441 1633 honesta
1466 1610 1583 1634 temlentes
1606 1614 1648 1633 etc.
1675 1611 1761 1634 Desinit
1778 1612 1815 1633 101.

973 1657 1027 1679 11211,
1044 1663 1079 1678 v.:
1098 1656 1197 1679 Domitio
1209 1655 1233 1678 id
1247 1657 1379 1685 prestante,
1392 1655 1431 1679 cui
1441 1657 1475 1679 est
1486 1656 1563 1679 houm*
1574 1657 1595 1679 et
1606 1656 1685 1686 qloria
1697 1656 1721 1679 in
1732 1656 1813 1680 secula

972 1703 1116 1727 seculorum-
1133 1704 1215 1726 Amen.

1040 1751 1072 1773 ¹2.
1091 1749 1213 1777 Coloniae,
1231 1749 1367 1772 bibliotheca
1384 1750 1515 1778 Gymnasii‚
1527 1750 1578 1773 cod.
1596 1751 1645 1773 166,
1656 1751 1727 1773 chart.
1740 1750 1762 1772 in
1775 1751 1812 1773 sol.

972 1803 1032 1820 saec.
1049 1798 1100 1820 XV.
1117 1810 1148 1814 —
1173 1798 1280 1820 Ultimum
1298 1803 1358 1825 opus
1375 1797 1454 1825 incipit
1477 1798 1514 1819 101.
1536 1803 1581 1820 11011
1603 1801 1724 1820 numerato
1746 1804 1757 1820 a
1779 1803 1814 1819 se-

972 1845 1050 1873 quenti
1068 1844 1171 1867 rubrica:
1189 1844 1306 1873 Proloyus
1324 1844 1348 1867 in
1364 1844 1487 1873 speculum
1504 1844 1625 1874 discipline
1644 1844 1692 1867 sive
1709 1844 1813 1867 libellum

972 1890 999 1914 de
1016 1891 1120 1914 minimis
1137 1891 1169 1914 ad
1185 1891 1291 1914 novitios.
1309 1891 1438 1920 Speculum
1455 1891 1576 1921 discipline
1597 1891 1628 1914 ad
1649 1891 1746 1915 honesta
1769 1893 1814 1914 ten-

971 1938 1049 1961 dentes
1066 1940 1109 1961 etc.
1128 1938 1212 1961 Desinit
1228 1944 1281 1960 cum
1298 1938 1456 1960 conclusione:
1475 1937 1581 1967 Esrplicit
1601 1937 1725 1967 speculum
1747 1937 1814 1961 disci-

970 1985 1033 2015 pline
1050 1985 1082 2008 ad
1099 1984 1197 2008 novitios
1213 1984 1329 2014 scriptum
1343 1991 1387 2014 per
1402 1984 1434 2014 fr.
1457 1984 1597 2007 Vallardum
1609 1984 1636 2007 de
1647 1985 1737 2008 Loeuen
1750 1991 1813 2008 anno

971 2031 1067 2055 Domini
1081 2031 1206 2054 millesimo
1224 2031 1433 2061 qadim-centesimo
1451 2031 1624 2061 septuapesimo
1641 2032 1745 2061 septimo.

1034 2078 1071 2100 13.
1089 2077 1261 2107 Gousluentiae,
1285 2077 1423 2100 bibliotheca
1444 2078 1574 2106 Gymnasii,
1596 2079 1648 2101 cod.
1672 2079 1723 2100 160.
1742 2080 1813 2101 chart.

971 2125 993 2146 in
1011 2125 1032 2147 8.
1050 2131 1109 2147 saec.
1127 2124 1178 2147 XV.
1195 2137 1226 2141 —
1243 2124 1290 2146 Hoc
1307 2130 1367 2152 opus
1387 2124 1466 2152 incipit
1486 2125 1522 2146 sol.
1545 2126 1563 2147 1.
1579 2131 1596 2147 r.
1621 2124 1710 2147 verbis:
1732 2124 1813 2148 Prolo-

970 2177 1015 2201 yus
1033 2171 1056 2194 in
1073 2171 1196 2201 speculum
1213 2171 1334 2200 discipline
1356 2170 1404 2194 sice
1422 2171 1526 2194 libellum
1548 2171 1575 2195 de
1596 2171 1700 2195 minimis
1722 2172 1754 2195 ad
1774 2178 1814 2195 no-

969 2219 1044 2242 vitios.
1062 2218 1190 2248 Speculum
1207 2218 1328 2247 discipline
1345 2221 1388 2241 etc.
1405 2218 1483 2241 Desint
1500 2213 1524 2240 ut
1541 2218 1563 2241 111
1585 2219 1652 2241 editis
1674 2225 1727 2241 curn
1751 2219 1813 2242 addi-

970 2267 1044 2288 tione:
1062 2265 1166 2295 Explicit
1182 2265 1305 2295 speculum
1322 2265 1450 2294 discipline.

1037 2312 1070 2334 ll.
1096 2311 1244 2341 Groninqae,
1271 2311 1408 2334 bibliotheca
1433 2312 1603 2339 Universssatis,
1628 2313 1678 2335 cod.
1704 2319 1723 2335 c.
1753 2315 1767 2335 t'.
1794 2320 1811 2335 s.

970 2361 1040 2382 chart.
1060 2360 1081 2381 in
1100 2359 1121 2381 4.
1137 2365 1196 2381 saec.
1215 2359 1264 2381 XV.
1283 2371 1312 2375 —
1331 2359 1375 2381 Fol.
1395 2359 1416 2380 ²2.
1433 2365 1463 2381 r.:
1476 2358 1685 2388 Incipitproloyus
1698 2359 1812 2389 inspecu-

971 2405 1021 2429 lum
1038 2405 1158 2435 discipline
1179 2405 1227 2428 sice
1249 2404 1354 2428 libellum
1377 2405 1404 2428 de
1420 2405 1525 2428 minimis
1542 2405 1574 2428 ad
1595 2405 1702 2429 novitios.
1727 2406 1813 2429 Desinit

971 2454 1007 2476 101.
1024 2453 1061 2475 55.
1079 2459 1096 2475 r.
1115 2452 1204 2475 verbis:
1222 2452 1325 2482 Earplicit
1342 2452 1370 2475 de
1386 2452 1518 2482 disciplina.

1034 2500 1070 2522 115.
1087 2499 1200 2529 Hasniae,
1226 2498 1363 2521 bibliotheca
1389 2499 1473 2527 Regia,
1498 2500 1550 2522 rod.
1574 2499 1642 2522 t590.
1658 2501 1729 2523 chart.
1747 2501 1769 2523 in
1788 2501 1809 2523 4.

969 2552 1029 2569 saec.
1046 2546 1097 2568 XV.
1108 2558 1138 2562 —
1150 2546 1197 2568 Hoc
1209 2552 1267 2573 opus
1280 2546 1359 2573 incipit
1370 2549 1422 2573 post
1433 2546 1474 2568 alia
1489 2547 1525 2568 101.
1539 2552 1584 2569 11011
1596 2550 1716 2570 numerato
1727 2551 1749 2570 et
1761 2548 1811 2570 sine

970 2593 1046 2615 titulo:
1063 2591 1191 2622 Speculum
1208 2592 1328 2621 discipline
1345 2591 1376 2615 ad
1393 2592 1490 2615 honesta
1506 2593 1623 2616 tendentes
1636 2596 1679 2616 etc.
1692 2594 1777 2617 Desinit
1789 2594 1811 2617 in

969 2639 1015 2661 fine
1032 2638 1117 2661 codicis
1134 2644 1186 2661 cum
1204 2638 1331 2661 additione:
1350 2638 1454 2668 Emplicit
1469 2639 1592 2668 speculum
1604 2639 1725 2669 discipline
1736 2640 1812 2662 Bona-

970 2686 1073 2708 venture.
1091 2685 1159 2708 Amic
1179 2684 1272 2707 Domini
1288 2685 1320 2709 M.
1337 2684 1417 2708 CCCC.
1433 2685 1606 2715 septuagyesimo
1623 2688 1712 2710 octauo.

1033 2733 1069 2754 lo.
1086 2731 1218 2760 Monacltii,
1236 2731 1373 2754 bibliotheca
1391 2732 1475 2760 Regia,
1493 2733 1544 2755 cod.
1567 2734 1653 2760 11923,
1665 2733 1694 2755 de
1706 2739 1753 2762 quo
1765 2733 1810 2761 egi-

970 2786 1022 2802 mus
1038 2785 1107 2807 supra
1125 2785 1179 2807 pag.
1196 2779 1229 2801 Lll
1247 2785 1269 2800 u.
1285 2779 1307 2801 7.
1324 2791 1355 2795 —
1371 2779 1417 2801 Fol.
1436 2779 1443 2801 l
1451 2780 1488 2801 09.
1505 2786 1536 2802 r.:
1555 2779 1639 2809 Incipit
1652 2779 1769 2809 proloyus
1786 2780 1811 2803 in

968 2826 1090 2856 speculam
1107 2825 1228 2855 discipline
1249 2831 1290 2849 seu
1309 2825 1412 2848 libellum
1430 2825 1457 2849 de
1473 2826 1577 2849 minimis
1594 2826 1626 2849 ad
1642 2827 1741 2850 novitios
1757 2833 1810 2850 san·

969 2873 1000 2897 cti
1017 2874 1180 2896 bonaventura
1196 2872 1299 2902 episcopi
1314 2875 1336 2896 et
1357 2872 1486 2897 cardinalis
1512 2873 1602 2897 ordinis
1627 2874 1756 2897 Minor-am.
1775 2874 1811 2897 Ad

969 2921 1110 2944 honestatem
1130 2920 1246 2943 tendentes
1263 2923 1305 2943 etc.
1324 2921 1409 2943 Desinit
1427 2922 1462 2943 sol.
1483 2921 1532 2943 146.
1550 2927 1584 2943 v.:
1603 2921 1702 2944 Domino
1721 2921 1744 2943 id
1757 2927 1809 2950 pre-

969 2969 1052 2995 stante,
1070 2967 1109 2990 cui
1125 2969 1158 2990 est
1175 2967 1250 2990 honor
1267 2969 1288 2990 et
1304 2967 1381 2997 plot-ia
1399 2967 1422 2990 in
1439 2968 1518 2991 secula
1535 2968 1678 2992 seculorum.
1697 2970 1778 2991 :inan

1668 3048 1714 3069 xlll
