2133 3317
763 227 1002 257 PROLEGOMENA
1024 228 1051 256 C.
1075 229 1102 256 ll.

69 309 188 334 voluntale
212 308 287 332 abuti.
311 307 455 337 Greyorius:
472 306 500 330 Si
521 306 574 336 quis
590 307 670 336 aperte
685 305 722 329 vel
746 305 843 328 occulte.
868 304 908 327 Ce-

69 359 116 379 tera
133 355 299 378 desiderantur.

131 403 167 425 28.
186 401 282 429 Ibidem,
299 401 351 424 cod.
367 401 438 423 9726.
454 401 525 423 chart.
549 400 572 422 in
598 400 635 422 fol.
660 405 720 422 saec.
737 399 788 421 XV.
809 411 840 414 —
860 398 908 420 Hoc

69 448 206 477 opusculum
223 447 302 475 incipit
318 448 354 470 t'ol.
372 447 410 469 70.
427 453 446 469 r.
467 445 557 469 verbis:
578 445 697 474 Proloyus
719 443 774 467 libri
790 444 908 467 Bonaven-

70 497 122 519 ture
138 493 267 518 cardinalis
284 495 307 517 et
321 493 424 517 doctoris
441 493 468 516 de
492 492 647 516 instructione
668 491 821 515 novitiorum.
839 491 910 513 Reno-

69 540 159 565 vamini
174 543 216 563 etc.
234 540 319 563 Desinit
331 540 369 562 rol.
385 540 423 562 74.
439 545 471 562 v.:
488 540 553 562 tanto
569 537 671 562 nobilius
689 538 778 567 quanto
795 543 809 560 a
827 536 909 559 multis

67 587 207 618 possidetur.
225 586 262 610 Ad
278 586 341 616 quod
356 592 400 610 nos
413 585 543 616 perducat,
561 584 603 615 qui
618 584 668 608 sine
691 584 738 614 fine
759 583 815 607 vivit
832 584 854 606 et
875 589 909 606 re-

69 636 128 665 ynat
143 634 167 657 in
183 633 263 658 secula
278 633 423 657 seculorum.
439 633 523 656 Amen.

133 681 170 703 29.
187 680 285 708 Ibidem,
303 680 355 703 cod.
372 679 441 701 9804.
457 680 529 701 chart.
551 678 572 700 in
591 678 612 700 4.
635 684 695 700 saec.
718 677 768 700 XV.
795 689 824 692 —
847 676 909 698 Folio

71 728 123 750 ⁴29.
139 734 158 749 r.
176 727 269 755 legitur:
289 726 372 756 Incipit
384 725 501 756 proloqus
519 724 575 748 libri
591 725 755 748 Bonaventure
771 721 909 746 cardinalis.

71 773 223 797 Renocamini
238 776 281 796 etc.
297 773 383 795 Desinit
400 773 437 795 fol.
457 772 507 794 140.
525 778 560 794 v.:
574 770 716 801 possidetur.
735 769 771 793 Ad
788 768 851 799 qnod
866 774 909 792 nos

67 820 189 851 perducat.
207 821 289 844 Amen.
306 819 410 849 Explicit
427 818 520 842 libellus
536 817 621 848 fratris
646 817 811 840 Bonaventure
833 815 860 838 de
878 815 909 838 in-

69 867 199 892 structione
215 866 367 890 novitiorum.

133 914 171 936 30.
189 913 288 941 Ibidem,
306 913 358 936 cod.
376 912 459 935 18568.
482 913 554 934 chart.
579 911 601 933 in
619 911 640 933 4.
658 916 719 933 saec.
735 910 785 932 XV.
801 921 832 926 ——
848 909 910 931 Folio

71 961 124 984 itt.
142 967 176 983 r.:
193 959 277 989 Incipit
293 959 374 983 tabula
392 958 447 982 libri
463 958 627 981 Bonaventure
643 957 671 980 de
686 956 832 980 institutione
848 956 910 979 novi-

70 1008 173 1036 tiorum;
189 1010 241 1036 post
265 1006 379 1030 tabulam:
398 1005 512 1036 Sequitur
534 1005 660 1035 prolapus.
688 1003 843 1028 Renovamini
867 1006 910 1026 etc.

70 1055 130 1079 Fin1s
146 1057 180 1078 est
197 1055 233 1077 fol.
249 1054 300 1076 ¹52.
316 1059 369 1076 cum
386 1053 515 1076 additione:
534 1051 638 1081 Eaplicit
658 1052 776 1074 tractatus
792 1051 911 1074 Bonaven-

70 1103 123 1126 ture
139 1099 269 1124 cardinalis
285 1101 308 1123 et
323 1099 426 1123 doctoris
443 1098 526 1122 eaimii
536 1097 563 1121 de
575 1097 720 1121 institutione
737 1096 911 1120 vitonacliorum

71 1146 216 1171 novitiorum
232 1147 254 1169 et
269 1144 439 1175 incipimitium.
456 1144 524 1168 Anno
544 1142 622 1167 4447.
638 1143 663 1166 in
675 1142 711 1166 die
721 1142 799 1166 sancti
810 1141 911 1166 Arsacii.

132 1194 171 1216 31.
187 1192 287 1220 Ibidem,
307 1192 358 1214 cod.
378 1191 460 1213 18970.
478 1192 550 1213 chart.
567 1191 590 1212 in
608 1191 629 1213 8.
654 1196 714 1212 saec.
737 1190 787 1212 XV.
806 1202 833 1205 —-
852 1190 912 1217 Opu-

70 1241 159 1264 sculum
177 1240 255 1268 incipit
272 1240 310 1262 rol.
336 1240 358 1261 3.
381 1238 426 1261 sub
442 1238 519 1260 titulo:
538 1237 664 1260 Tractatus
680 1235 843 1266 incipientibus
857 1242 912 1265 per-

70 1287 135 1311 utilis
152 1286 229 1310 sancti
244 1286 418 1309 Bonaventure.
435 1285 487 1307 Post
505 1283 606 1306 tabulam
618 1283 785 1312 capitulorum:
798 1282 911 1312 Sequitur

67 1333 192 1364 proloyus.
207 1331 362 1356 Renovamini
377 1335 420 1355 etc.
438 1331 523 1354 Desinit
535 1331 587 1353 folio
600 1331 638 1353 23.
654 1337 685 1353 r.:
697 1331 785 1359 quanto
798 1335 813 1352 a
829 1329 911 1352 multis

68 1379 210 1410 possidetur.
228 1379 265 1403 Ad
280 1379 343 1409 quod
358 1384 402 1402 nos
418 1378 534 1408 perducat
549 1380 592 1400 etc.
610 1376 714 1406 Eoeplicz't
731 1376 822 1400 libellus
834 1377 911 1399 Bona-

71 1428 169 1451 venture
185 1426 212 1450 de
229 1426 373 1450 institutione
389 1425 544 1448 novitiorum.
561 1425 629 1447 Anno
647 1425 673 1447 ut
688 1430 765 1453 supra
784 1422 859 1447 1485.

134 1475 171 1497 32.
188 1473 287 1502 Ibidem,
307 1473 443 1495 bibliotheca
460 1471 630 1499 Universitatis,
646 1471 698 1494 cod.
724 1471 745 1493 3.
762 1471 833 1493 chart.
851 1470 872 1493 in
890 1471 911 1492 8.

72 1527 131 1544 saec.
149 1521 200 1543 XV.
216 1533 247 1536 —
264 1520 324 1542 Folio
341 1520 380 1542 58.
397 1525 428 1541 r.:
446 1518 530 1548 Incipit
546 1519 663 1541 tractatus
679 1517 748 1540 valde
764 1516 829 1540 utilis
841 1516 869 1539 de
880 1516 912 1539 in-

72 1567 214 1598 formatione
231 1567 342 1590 iucenum
358 1565 503 1589 novitiorum
520 1564 609 1588 domini
625 1564 790 1587 Bonaventure
802 1563 912 1587 cardina-

74 1613 109 1637 lis.
126 1612 298 1643 Resormamini
313 1615 356 1635 etc.
374 1612 460 1634 Desinit
478 1612 514 1634 fol.
532 1611 570 1633 64.
586 1617 605 1633 r.
629 1610 718 1633 verbis:
736 1611 825 1639 quanto
842 1616 856 1632 a
873 1615 912 1632 no-

73 1659 194 1683 bilioribus
216 1658 360 1689 possidetur.
383 1657 420 1681 Ad
443 1657 506 1687 quod
522 1664 565 1680 nos
580 1656 696 1686 perducat
713 1656 755 1686 qai
770 1655 825 1679 vivit
841 1657 863 1678 et
878 1661 912 1678 re-

71 1707 131 1736 qnat
146 1706 171 1729 in
187 1705 268 1729 secula
284 1705 428 1729 seculorum.
444 1705 526 1727 Amen.

135 1754 173 1776 33.
192 1752 303 1783 Neapoli,
321 1752 458 1775 bibliotheca
476 1750 609 1776 Nationalis,
626 1750 678 1772 cod.
703 1750 748 1771 Vll.
770 1750 796 1772 G.
816 1749 851 1770 15.
874 1748 913 1770 mi-

75 1800 135 1823 scell.
152 1800 176 1822 iu
193 1799 215 1822 4.
231 1805 292 1822 saec.
303 1799 354 1821 XV.
367 1797 477 1821 exeuntis.
488 1809 520 1814 —
530 1796 672 1824 Opusculum
690 1798 724 1818 est
742 1796 777 1818 fol.
790 1795 828 1817 24.
839 1801 858 1817 r.
870 1794 913 1817 sub

73 1846 179 1870 rubrica:
197 1845 280 1875 Incipit
296 1845 366 1873 liber,
383 1844 425 1874 qui
449 1843 535 1867 dicitnr
551 1842 688 1873 informatio
713 1841 857 1865 novitiorum
881 1847 913 1864 se-

74 1892 178 1916 cundum
195 1891 345 1921 seraphicum
362 1890 481 1914 doctorem
497 1890 606 1913 sanctum
623 1889 816 1912 Bonaeenturam
833 1887 860 1911 cle
873 1887 914 1910 Or-

73 1939 127 1963 dine
143 1939 272 1963 Minornm.
290 1937 422 1967 Prologus:
450 1936 510 1960 Dicit
534 1934 674 1965 Apostolus.-
696 1933 850 1958 [tenebamini
871 1936 912 1956 etc.

74 1987 160 2010 Desinit
182 1985 261 2008 verbis
283 1991 334 2013 cap.
360 1985 394 2007 15.
419 1990 440 2006 n.
463 1984 498 2006 2.:
514 1988 630 2006 venenum
646 1981 757 2012 aspidum
777 1981 821 2005 sub
846 1980 914 2004 labiis

74 2039 164 2058 eornm.
183 2033 229 2056 Deo
247 2032 346 2062 qratzas.
363 2032 446 2055 Amen.

138 2080 175 2103 34.
192 2079 303 2106 Parisiis,
321 2078 458 2101 bibliotheca
477 2076 609 2104 Nationalis,
631 2075 683 2098 cod.
706 2074 789 2097 tom.
815 2074 913 2097 membr.

75 2128 98 2150 in
116 2128 151 2150 16.
169 2132 230 2149 saec.
247 2126 298 2148 XV.
315 2125 421 2148 ineuntis.
439 2136 470 2141 —
486 2123 548 2146 Folio
570 2123 608 2145 32.
629 2129 665 2145 v.:
690 2121 774 2151 Incipit
795 2122 915 2145 tractatus

75 2172 160 2203 fratris
177 2172 342 2195 Bonaventure
367 2170 395 2193 de
420 2169 587 2199 informatione
611 2168 723 2191 iuvenum
744 2169 766 2190 et
782 2166 914 2197 specialiter

75 2218 226 2242 novitiorum.
245 2217 328 2247 Incipit
342 2216 468 2246 prologus.
483 2214 655 2245 Reformamini
670 2217 714 2237 etc.
726 2215 748 2237 ln
761 2214 806 2236 fine
822 2213 914 2242 capituli

79 2265 116 2288 ⁴5.
132 2265 237 2288 additur:
254 2263 331 2287 Finito
349 2262 409 2286 libro
426 2263 456 2286 sit
473 2261 527 2285 laus
543 2263 564 2285 et
581 2261 659 2291 yloria
670 2261 725 2284 Xto.
738 2260 795 2283 Hinc
811 2259 915 2288 sequitur

76 2311 201 2340 capitulum
219 2310 248 2333 de
265 2310 344 2332 humili
362 2309 507 2336 obedientia,
525 2308 588 2336 quod
610 2307 694 2330 desinit
712 2305 803 2329 verbis:
827 2307 915 2336 quanto

76 2364 92 2381 a
107 2357 261 2381 nobilioribus
275 2356 419 2387 possidetur.
441 2355 478 2379 Ad
494 2355 557 2385 quod
578 2361 622 2378 nos
636 2354 753 2384 perducat
770 2353 811 2384 qui
824 2352 878 2377 vivit
894 2354 915 2376 et

76 2406 160 2434 reanat
176 2404 201 2427 in
216 2403 296 2427 secuta
312 2402 456 2427 seculorum.
474 2402 556 2425 Amen.

139 2451 176 2474 35.
194 2450 292 2478 Ibidem,
310 2450 362 2473 cod.
379 2449 449 2472 3758.
464 2450 537 2471 chart.
558 2454 617 2471 saec.
634 2448 685 2470 XV.
702 2460 733 2463 —
749 2446 836 2474 Regula
852 2445 916 2468 novi-

77 2498 160 2520 tiorum
178 2497 256 2525 incipit
273 2497 325 2519 tolio
345 2496 396 2518 tot.
413 2502 447 2518 v.:
464 2493 618 2519 Renovctmini
633 2493 658 2517 in
674 2493 776 2517 novitate
793 2496 835 2515 etc.
856 2491 916 2514 Desi-

78 2544 110 2567 nit
125 2550 178 2567 cum
195 2544 295 2567 editione
312 2544 349 2566 fol.
370 2543 419 2565 its,
432 2549 465 2565 να
477 2543 566 2572 quanto
577 2547 593 2564 a
603 2539 756 2564 nobilioribus
770 2538 913 2569 possidetur.

77 2588 114 2612 Ad
130 2589 193 2619 quod
208 2595 251 2613 nos
265 2589 381 2619 perducat
397 2590 440 2612 etc.

141 2636 179 2658 36.
196 2635 278 2660 Sancti
295 2635 361 2660 Galli
377 2636 400 2658 in
425 2635 541 2662 Helvetia,
558 2633 694 2657 bibliotheca
719 2633 847 2660 Pastorum,
864 2631 916 2654 cod.

78 2682 131 2705 78⁰.
148 2682 241 2705 miscell.
257 2682 280 2705 in
298 2682 318 2705 4.
336 2688 395 2705 saec.
413 2681 465 2705 XV.
480 2693 511 2698 —
536 2680 621 2708 Pagina
638 2680 683 2702 270
706 2679 785 2707 incipit
801 2680 844 2701 hoc
860 2684 916 2706 opu-

79 2728 166 2751 sculum
178 2728 227 2751 sine
239 2729 315 2751 titulo:
333 2727 502 2758 Reformamini
518 2730 561 2750 etc.
578 2726 663 2749 Desinit
679 2732 733 2754 pag.
753 2725 778 2747 31
786 2725 810 2747 11;
827 2725 916 2754 quanto

78 2780 94 2798 α
105 2774 220 2798 nobilibus
233 2774 374 2805 possidetur.
392 2773 428 2798 Ad
444 2773 508 2804 quod
523 2779 566 2797 nos
579 2772 697 2803 perducat
713 2771 755 2802 qui
770 2770 826 2795 vivit
842 2772 863 2794 et
879 2776 917 2793 re—

80 2823 137 2850 onat
153 2821 177 2845 in
193 2821 273 2845 secula
288 2821 432 2845 seculorum.
450 2822 532 2845 Amen.

141 2868 178 2891 37.
196 2868 294 2896 Ibidem,
313 2868 364 2891 cod.
383 2868 436 2890 938.
453 2869 524 2890 chart.
542 2867 563 2889 in
582 2867 602 2889 4.
624 2872 683 2889 saec.
702 2866 752 2888 XV.
769 2877 800 2881 —
816 2863 915 2887 Rubi-ica

80 2915 183 2942 opusculi
199 2915 318 2938 exhibetur
335 2921 389 2943 pag.
407 2915 451 2937 tte
469 2913 559 2936 verbis:
576 2912 660 2942 Incipit
676 2912 734 2936 liber
751 2912 916 2935 Bonczveniure

79 2961 108 2985 de
123 2961 265 2986 imitatione
282 2962 434 2986 novitiorum.
456 2961 512 2984 Hinc
529 2961 633 2990 sequitur
657 2959 732 2983 tabula
750 2959 915 2987 capitulorum,

1705 226 1803 255 LXXIX

965 305 1061 327 deinde:
1079 305 1162 334 Incipit
1183 305 1308 335 proloqus.
1334 304 1488 328 Renovamini
1503 307 1545 327 etc.
1569 304 1654 326 Desinit
1671 310 1725 332 pag.
1747 304 1783 326 141
1799 312 1804 326 :

965 353 1054 381 quanto
1071 358 1086 375 a
1103 351 1184 375 multis
1198 351 1341 382 possidetur.
1358 351 1395 375 Ad
1411 351 1474 382 quod
1493 357 1536 375 nos
1558 351 1676 381 perducat
1692 351 1734 380 qni
1749 351 1807 375 vivit

965 399 988 421 et
1003 400 1089 427 reynat
1103 405 1146 428 per
1164 399 1245 422 omnia
1260 399 1340 422 secula
1364 398 1507 422 seculorum.
1525 399 1606 421 Amen.
1624 397 1728 427 Eoeplz'cit
1746 397 1804 421 liber

965 444 1130 467 Bonaventure
1146 443 1173 467 (Ie
1191 444 1335 468 institutione
1359 443 1504 467 novitiorum
1529 443 1660 473 completus
1676 449 1739 466 anno
1762 444 1805 466 Do-

965 489 1025 512 mini
1041 489 1117 514 4448.
1134 490 1158 513 in
1175 490 1257 520 cipitia
1274 491 1390 521 Bonifacii
1405 493 1427 514 et
1442 491 1562 515 sociorum
1579 490 1638 514 eivs.

1028 537 1066 559 38.
1083 537 1219 561 Stronconii
1235 544 1309 566 prope
1325 538 1441 565 Narniam,
1458 537 1595 560 bibliotheca
1612 537 1743 561 Conventus
1765 538 1806 560 Or-

966 582 1024 605 dinis
1041 583 1164 612 hlinorum,
1181 584 1234 606 cod.
1249 585 1320 607 chart.
1342 584 1389 607 iam
1413 584 1542 612 descriptus
1570 589 1639 612 supra
1665 590 1718 612 pag.
1744 583 1805 606 XXll

966 636 988 652 n.
1005 630 1058 652 235.
1075 642 1106 647 -
1117 631 1165 653 Hoc
1176 631 1314 658 opusculum
1326 631 1404 659 incipit
1416 631 1468 653 folio
1479 637 1526 653 non
1538 633 1665 658 numerato,
1678 630 1804 658 praemissa

965 677 1070 705 sequenti
1087 677 1242 699 invocatione:
1258 678 1285 700 In
1303 677 1397 700 nomine
1413 676 1532 700 individue
1550 676 1671 700 Trinitatis
1688 676 1768 699 Patris
1785 678 1807 700 et

965 722 1022 746 Filii
1037 724 1058 746 et
1075 722 1179 753 Spiritus
1196 723 1281 747 sancti.
1297 725 1380 747 Amen.
1404 723 1488 753 Incipit
1514 723 1615 753 quedam
1637 722 1745 752 formula
1761 722 1806 746 vite

966 768 1146 798 reliyiosorum,
1164 769 1269 793 maxime
1285 770 1431 793 novitiorum
1456 769 1586 793 secundum
1611 770 1806 793 Bonaventuram

966 814 994 838 de
1010 815 1098 838 Balneo
1115 815 1187 845 reqio.
1204 815 1377 845 Reformamini
1392 819 1434 839 etc.
1453 816 1539 838 Desinit
1555 815 1633 838 verbis
1650 815 1764 838 editionis.

1030 862 1066 884 39.
1083 862 1238 891 Vindobonae,
1252 862 1387 885 bibliotheca
1401 863 1511 890 Palatina,
1524 863 1574 886 cod.
1589 863 1657 885 4059.
1669 864 1739 885 chart.
1752 862 1773 884 iu
1785 863 1807 884 8.

965 915 1026 931 saec.
1052 909 1103 931 XV.
1121 922 1150 925 —-
1175 909 1290 937 Opusculo
1308 910 1460 937 praemittitur
1477 909 1553 932 tabula
1570 909 1735 937 capitulorum,
1753 909 1806 931 folio

966 956 1003 979 64.
1020 963 1047 985 r.,
1059 956 1143 979 deinde
1155 962 1253 985 sequens
1262 956 1351 978 titulus:
1366 956 1492 979 Tractatus
1504 956 1665 979 Boneuenture
1676 954 1703 978 de
1715 955 1806 978 institu-

966 1002 1027 1026 tione
1043 1002 1195 1026 nocitiorum.
1213 1002 1338 1032 Proloyus.
1359 1002 1514 1026 Renovamini
1529 1005 1572 1024 etc.
1589 1002 1675 1024 Desinit
1692 1001 1743 1024 folio
1770 1001 1806 1024 80.

966 1056 1004 1072 v.:
1021 1051 1110 1079 quanto
1120 1056 1134 1072 a
1151 1049 1232 1072 multis
1245 1049 1389 1079 possidetur.
1401 1049 1438 1073 Ad
1449 1048 1511 1078 quocl
1519 1054 1562 1072 nos
1576 1047 1693 1078 perducat
1704 1047 1746 1077 qui
1757 1047 1807 1070 sine

966 1096 1012 1126 fine
1029 1096 1085 1119 vivit
1101 1098 1122 1119 et
1139 1098 1223 1126 reynat
1240 1096 1264 1119 in
1288 1096 1369 1119 secula
1393 1095 1537 1119 seculorum.
1556 1096 1638 1118 Amen.
1664 1095 1692 1118 Et
1713 1094 1747 1117 sic
1772 1095 1805 1117 est

965 1141 1021 1172 finis
1032 1141 1097 1165 illitis
1109 1143 1225 1165 tractatus
1238 1142 1398 1165 Bonecenture
1408 1147 1454 1171 pro
1466 1140 1567 1171 quolibet
1577 1140 1697 1164 sacerdote
1708 1139 1807 1163 calente.

1031 1189 1068 1211 40.
1090 1189 1267 1217 Wratislaviae,
1285 1188 1423 1212 bibliotheca
1449 1188 1617 1216 Universitatis,
1634 1187 1685 1210 cod.
1702 1186 1774 1209 Class.
1791 1187 1805 1209 l.

968 1236 989 1257 2.
1006 1235 1030 1257 in
1049 1235 1085 1257 112.
1102 1234 1200 1257 membr.
1222 1240 1283 1257 saec.
1308 1235 1358 1257 XV.
1376 1234 1480 1257 ineuntis.
1497 1247 1527 1250 -
1549 1233 1667 1262 Opusculo
1685 1232 1807 1261 praemitti-

968 1285 1017 1304 tur:
1035 1281 1118 1311 Incipit
1135 1283 1251 1305 tractatas
1276 1281 1303 1304 de
1326 1280 1494 1311 informatione
1514 1280 1659 1304 novitiorum
1675 1279 1806 1303 secundnm

966 1328 1069 1358 fratrem
1085 1329 1278 1351 Bonaventuram
1295 1328 1442 1351 cardinalem
1468 1327 1564 1350 Ordinis
1580 1327 1709 1350 Minorum.
1728 1326 1807 1355 Refor—

967 1375 1068 1398 maminz'
1083 1378 1124 1398 etc.
1144 1375 1228 1397 Desinit
1245 1375 1297 1397 folio
1314 1376 1351 1397 22.
1369 1381 1403 1397 v.:
1421 1376 1486 1397 tanto
1502 1373 1604 1397 nobilius
1627 1374 1716 1403 quanto
1733 1379 1747 1395 a
1765 1378 1808 1395 no-

968 1421 1090 1445 bilioribus
1104 1421 1248 1451 possidetur.
1265 1421 1301 1445 Ad
1317 1421 1380 1451 qnod
1396 1427 1439 1444 nos
1453 1420 1569 1451 perducat
1585 1421 1648 1444 A‘tns
1666 1420 1708 1443 Dei
1727 1419 1806 1450 fitius,

968 1469 1009 1498 qui
1025 1469 1080 1492 civit
1096 1471 1117 1492 et
1134 1470 1219 1498 manat
1235 1468 1260 1492 in
1276 1468 1356 1492 secula
1372 1467 1517 1491 seculorum.
1533 1470 1614 1490 Amen.

1165 1537 1231 1561 Alius
1247 1537 1353 1568 prologus
1369 1537 1483 1567 hueusque
1501 1536 1608 1560 ineditus.

1031 1612 1060 1633 Ex
1077 1610 1157 1632 codice
1174 1609 1226 1632 463.
1244 1611 1315 1631 chart.
1332 1609 1354 1631 in
1372 1609 1395 1631 8.
1412 1607 1560 1631 bibliothecae
1584 1607 1723 1630 monasterii
1738 1607 1808 1629 Lam-

968 1657 1080 1680 bacensis.
1097 1669 1128 1673 —
1145 1656 1227 1685 Incipit
1245 1659 1353 1678 tractatus
1370 1655 1472 1683 magistri
1490 1655 1663 1677 Bonaventurae
1675 1654 1705 1676 de
1722 1653 1807 1676 institu-

968 1705 1029 1726 tione
1041 1704 1186 1726 novitiorum.
1197 1702 1322 1732 Proloqus.
1335 1701 1459 1725 Veritatem
1468 1700 1619 1724 meditabitur
1628 1702 1710 1730 quitur
1720 1706 1807 1727 meum,

968 1751 989 1773 et
1007 1749 1069 1773 labia
1091 1755 1142 1772 mea
1168 1748 1344 1772 detestabuntur
1370 1747 1469 1777 impium
1495 1747 1573 1774 (Prov.
1590 1747 1611 1773 8,
1633 1746 1673 1775 7.).
1691 1747 1712 1768 ln
1731 1745 1808 1768 verbis

968 1797 1016 1820 istis
1033 1798 1142 1819 Salomon
1158 1796 1280 1824 promittit⁷
1293 1801 1318 1818 se
1331 1796 1444 1817 facturum
1461 1794 1545 1822 duplex
1561 1799 1620 1821 opus
1631 1793 1767 1821 sapientiae,
1779 1792 1809 1815 de

969 1850 1016 1873 quo
1033 1844 1134 1872 loquitur
1158 1843 1290 1865 Aristoteles
1313 1842 1333 1864 in
1351 1841 1462 1864 Elenchis.
1485 1841 1572 1869 Duplex
1592 1843 1627 1863 est
1651 1840 1725 1868 enim,
1750 1840 1809 1862 sicut

968 1891 1035 1913 docet
1053 1890 1088 1912 hic
1105 1890 1268 1917 Philosophus,
1286 1895 1345 1917 opus
1362 1888 1498 1916 sapientiae:
1515 1887 1617 1915 primum
1635 1889 1669 1909 est
1680 1892 1728 1909 non
1745 1892 1808 1909 men-

969 1937 1010 1960 tiri
1030 1943 1097 1964 eum,
1114 1936 1141 1959 cle
1158 1935 1242 1965 quibus
1259 1935 1334 1962 novit,
1351 1935 1478 1957 secundum
1496 1936 1530 1957 est
1545 1933 1693 1957 mentientem
1710 1932 1809 1962 manife-

969 1985 1034 2007 stare
1047 1989 1125 2012 posse.
1142 1983 1189 2005 Hoc
1206 1984 1240 2005 est
1256 1982 1345 2009 dicere,
1362 1981 1426 2010 quod
1443 1981 1534 2009 sapiens
1551 1980 1626 2008 primo
1644 1979 1714 2003 debet
1731 1979 1753 2001 in
1770 1979 1809 2002 do-

970 2031 1040 2053 ctrina
1057 2035 1099 2052 sua
1122 2029 1310 2057 praemeditatam
1328 2028 1447 2050 veritatem
1465 2027 1539 2050 lucide
1560 2027 1690 2053 declarare;
1707 2025 1809 2048 secundo

971 2077 1090 2100 falsitatem
1107 2080 1129 2099 et
1147 2076 1278 2105 falsiloquos
1295 2075 1403 2103 detegere
1420 2077 1443 2097 et
1458 2074 1529 2097 libere
1545 2073 1679 2102 reprobare.

1032 2125 1127 2152 Propter
1144 2123 1245 2152 primum
1263 2129 1319 2150 ergo
1336 2122 1391 2145 dicit
1408 2122 1528 2144 Salomon:
1550 2120 1674 2144 Veritatem
1691 2118 1809 2143 meditabi-

970 2173 1010 2195 tur
1028 2172 1111 2201 yuttur
1133 2176 1224 2198 meum,
1248 2173 1342 2197 propter
1363 2168 1491 2191 secundum
1516 2167 1607 2190 subdit:
1625 2166 1654 2189 Et
1671 2165 1733 2189 labia
1756 2172 1808 2189 mea

971 2217 1148 2241 detestabuntur
1165 2216 1271 2246 impium.
1289 2217 1349 2238 Haec
1371 2218 1447 2238 autem
1465 2221 1568 2242 congrue
1584 2214 1633 2236 fieri
1651 2220 1696 2236 non
1714 2216 1810 2242 possunt

971 2265 1014 2287 nisi
1032 2270 1073 2293 per
1090 2264 1187 2292 gratiani
1205 2263 1303 2291 Spiritus
1320 2263 1403 2289 sancti,
1422 2262 1479 2284 inter
1503 2262 1569 2284 cuius
1593 2263 1682 2288 septeni
1700 2260 1759 2282 dona
1777 2265 1810 2282 se-

971 2312 1072 2335 cundum
1091 2311 1272 2333 numerationem
1291 2310 1360 2332 isaiae
1378 2309 1504 2336 Prophetae
1520 2308 1607 2330 donum
1625 2306 1754 2336 sapientiae
1770 2305 1809 2329 ob-

972 2359 1027 2381 tinet
1043 2358 1145 2386 primum
1162 2358 1237 2379 locum
1255 2357 1277 2379 in
1302 2355 1477 2381 descendendo,
1494 2354 1535 2376 sed
1559 2354 1663 2376 ultimum
1681 2353 1809 2376 secundum

971 2404 1146 2428 conversionem
1163 2403 1253 2426 numeri
1277 2403 1302 2425 in
1326 2402 1479 2425 ascendendo.
1505 2401 1596 2423 Donum
1622 2406 1677 2422 vcro
1702 2399 1811 2423 scientiae

971 2451 1077 2480 quintum
1095 2451 1171 2473 locum
1188 2449 1275 2472 obtinet
1291 2448 1438 2471 numeraliter
1455 2447 1629 2474 descendendo,
1654 2446 1695 2469 sed
1717 2446 1808 2468 tertium

973 2497 1127 2520 ascendendo.
1144 2496 1247 2519 Christus
1263 2496 1336 2523 enim,
1359 2494 1398 2524 qui
1425 2496 1459 2517 est
1479 2493 1677 2516 consubstantialis
1694 2493 1809 2521 Sapientia

973 2545 1012 2567 Dei
1039 2544 1123 2572 Patris,
1141 2550 1183 2572 per
1203 2542 1368 2565 assumtionem
1393 2541 1467 2564 carnis
1484 2540 1512 2563 ad
1530 2546 1571 2563 nos
1588 2539 1750 2562 descendendo
1772 2539 1810 2562 do-

972 2598 1027 2614 num
1052 2597 1107 2613 suae
1134 2590 1259 2618 sapientiae
1283 2589 1350 2611 nobis
1375 2588 1472 2615 infudit,
1497 2588 1553 2610 dum
1579 2587 1608 2610 ad
1636 2592 1715 2609 veram
1740 2586 1810 2608 tidem

973 2639 1099 2660 humanum
1118 2642 1191 2665 genus
1208 2635 1323 2662 instruxit,
1340 2635 1409 2663 dum,
1427 2634 1506 2657 lumen
1527 2632 1559 2656 ad
1575 2632 1741 2656 revelationem
1758 2638 1812 2661 qen-

972 2684 1030 2708 tiam
1048 2684 1111 2713 (Luc.
1129 2684 1155 2711 2,
1172 2683 1219 2712 32.)
1244 2684 1327 2710 tactus,
1348 2681 1435 2704 refulsit
1456 2680 1492 2704 bis
1514 2679 1556 2710 qui
1576 2679 1600 2703 in
1626 2678 1726 2703 tenebris
1748 2679 1812 2707 igno-

973 2731 1061 2754 rantiae
1084 2729 1194 2754 sedebant
1218 2730 1240 2752 et
1256 2728 1280 2752 in
1297 2727 1384 2752 umbra
1400 2727 1484 2751 mortis
1503 2728 1566 2757 (Luc.
1585 2727 1592 2749 yl
1604 2744 1610 2754 ,
1626 2727 1676 2756 79.)
1702 2726 1811 2749 vitiorum

973 2777 1132 2805 multiplic-ium
1150 2776 1280 2799 mortiferae
1297 2774 1453 2804 quiescebant.
1470 2774 1608 2802 Sapientiam
1626 2779 1683 2801 ergo
1695 2772 1747 2795 ndei
1760 2772 1811 2795 bea-

972 2825 1073 2847 tissimae
1095 2823 1221 2850 TrinitatiS,
1247 2828 1317 2851 quam
1340 2822 1424 2844 Paulus
1446 2821 1568 2849 Apostolus
1590 2819 1729 2850 loquebatur
1750 2819 1810 2842 inter

968 2871 1085 2901 perfectos
1098 2870 1123 2899 (l.
1134 2869 1185 2893 Cor.
1203 2870 1228 2896 2,
1241 2868 1280 2898 6.),
1297 2868 1400 2891 Christus
1416 2867 1521 2896 promisit
1532 2867 1579 2890 suis
1590 2866 1716 2895 discipulis,
1732 2866 1811 2888 dicens

972 2918 1037 2948 (Luc.
1054 2918 1096 2945 21,
1115 2917 1174 2945 15.);
1193 2915 1257 2939 Dabo
1274 2914 1338 2939 vobis
1355 2920 1381 2938 os
1393 2916 1415 2938 et
1425 2914 1565 2944 sapientiam
1572 2927 1581 2942 ,-
1590 2913 1630 2937 cni
1640 2919 1688 2936 non
1697 2914 1813 2943 poterunt

971 2965 1080 2989 resistere
1096 2966 1118 2987 et
1133 2962 1294 2987 contradicere
1305 2968 1386 2986 omnes
1397 2961 1532 2985 adversarii
1542 2960 1621 2984 vestri.
1635 2961 1713 2983 Postea
1731 2959 1811 2982 ultimo
