2133 3317
148 535 203 553 Ratio
216 534 233 555 1,

116 558 167 582 quod
189 559 235 576 inci-

116 582 191 623 gientes
208 582 235 599 in-

130 607 181 628 igent
197 610 236 623 ma-

116 629 181 652 gistro.

149 769 202 787 Ratio
215 766 233 787 2.

149 1617 204 1636 Ratio
217 1617 234 1635 3.

151 2088 205 2107 Ratio

253 211 306 240 13⁶2

250 289 277 318 in
300 297 329 318 se
351 289 473 317 studiose
504 287 661 316 exercendo
692 286 819 315 didicerit
850 288 877 314 et
901 293 937 314 ex
959 285 1096 322 frequenti

250 345 305 365 usu
326 337 352 364 in
376 336 501 364 habitum
524 334 646 363 verterit.
670 333 745 362 Unde
767 333 901 362 Dominus
933 333 1011 370 prius
1033 333 1098 370 legi-

251 387 297 412 tur
318 383 415 412 fecisse
443 389 514 419 quae
536 384 598 418 post
617 384 677 409 erat
698 380 784 409 verbo
811 380 961 415 doeturus;
982 381 1099 409 Aetuum

251 430 341 467 primo
354 431 383 457 ¹:
408 428 503 465 Coepit
524 428 606 455 Iesus
627 427 725 464 siteere
746 430 771 454 et
792 427 900 455 (locere.

329 478 355 505 2.
379 476 541 512 incipientes
562 475 685 511 Indigent
706 474 855 511 magistro,
878 478 909 502 ut
937 474 1099 502 doceantur

251 533 325 562 quae
347 525 502 561 iynorant,
525 522 628 550 seilicet
650 521 730 550 saluti
754 529 821 550 suae
842 525 869 549 et
891 521 1026 558 profectui
1052 529 1100 549 ne-

251 570 371 600 cessaria
391 573 418 598 et
438 569 536 598 utilia:
559 569 626 606 quid
648 569 736 597 vitare
757 568 889 602 debeant,
911 568 977 605 quid
993 576 1100 605 sapere,

251 617 317 655 quid
339 617 444 650 facere,
467 616 534 653 quid
556 623 685 652 sperare,
708 615 774 652 quid
790 616 904 650 timere,
920 618 948 644 et
962 616 1035 644 inter
1051 616 1101 643 mi-

250 672 303 692 nus
325 664 367 692 vel
390 663 476 700 magis
494 663 566 691 bona
582 663 624 691 vel
643 663 713 691 mala
728 662 899 696 discernere3
915 662 948 690 ad
964 662 1101 691 Hebraeos

251 711 389 748 quint02:
412 710 569 747 Indigetis,
591 714 625 737 ut
645 718 695 738 vos
727 709 908 743 doceamini,
941 718 1015 747 quae
1042 710 1102 738 sint

250 758 387 786 elementa
408 757 523 785 exordii
542 765 711 785 sermonum
728 757 787 785 Dei.
809 774 848 777 —
870 757 952 791 Item,
968 760 999 785 ut
1020 765 1101 785 exer-

250 808 373 834 ceantur
405 805 436 832 in
468 804 604 841 operibus
635 804 797 838 virtutum,
827 804 893 841 quia
920 812 975 832 non
998 804 1101 833 sufficit

251 853 322 881 scire
342 852 461 886 honum,
478 851 528 880 nisi
545 851 627 880 etiam
649 859 732 888 opere
754 854 937 885 exerceatur,
960 851 1032 880 sicut
1053 852 1100 888 qui

250 899 327 928 audit
347 899 498 927 medicinae
519 898 661 927 scientiam
677 902 704 927 et
718 902 813 935 postea
828 898 1004 935 practieando
1019 906 1101 927 exer-

250 949 293 975 cet
316 954 393 979 eam;
425 945 491 982 quia
522 945 689 974 exercitium
721 945 814 982 operis
836 945 945 982 plenius
967 945 1101 982 imprimit

250 993 334 1022 menti
356 992 505 1021 cuiuslibet
525 992 685 1029 disciplinae
708 992 834 1029 peritiam
858 1000 941 1029 quam
957 992 1034 1021 solus
1051 1000 1101 1020 au-

251 1041 333 1069 ditus.
363 1040 395 1068 Et
425 1040 491 1077 quia
522 1039 673 1076 imperfecti
707 1040 827 1076 segniter
851 1048 879 1068 se
912 1040 939 1067 in
962 1040 1099 1068 virtutum

251 1088 350 1117 studiis
371 1095 504 1116 exercere
533 1087 636 1121 solent,
659 1087 787 1124 expedit,
810 1091 841 1115 ut
863 1087 897 1115 ab
918 1087 971 1115 alie
993 1087 1026 1115 ad
1049 1088 1101 1115 hoc

251 1134 399 1172 aliquando
427 1135 637 1171 compellantur.
662 1134 722 1163 Ideo
751 1135 873 1171 magistri
900 1135 990 1163 solent
1020 1134 1101 1163 disei-

250 1182 332 1219 pulos
353 1190 433 1215 suos,
456 1189 526 1218 quos
548 1181 685 1218 perfectos
706 1182 823 1218 cupiunt
846 1181 919 1215 lieri,
941 1181 969 1209 in
984 1181 1101 1210 diversis

251 1229 387 1257 virtutum
410 1228 552 1257 exercitiis
573 1236 726 1265 occupare,
749 1228 829 1256 modo
851 1227 878 1255 in
900 1227 1033 1264 operibus
1049 1227 1101 1255 hu-

253 1275 391 1309 militatis,
413 1275 494 1303 modo
516 1275 656 1303 fraternae
677 1275 815 1308 caritatis,
837 1274 919 1302 modo
934 1274 1101 1308 sobrietatis,

251 1323 333 1351 modo
354 1323 522 1356 devotionis,
544 1322 625 1350 modo
641 1322 803 1358 patientiae,
819 1322 969 1355 castitatis,
986 1322 1101 1350 tacitur-

251 1370 360 1404 nitatis,
383 1370 554 1399 obedientiae
575 1373 602 1398 et
623 1369 741 1398 aliarum
765 1369 917 1403 virtutum,
939 1373 971 1397 ut
986 1372 1013 1397 et
1027 1369 1102 1405 ipsae

251 1418 371 1446 virtutes
392 1417 431 1445 sic
452 1420 639 1446 exerceantur
660 1420 686 1445 et
718 1417 874 1450 usitentur,
907 1419 934 1445 et
965 1416 1031 1444 vitia
1059 1416 1102 1444 his

251 1465 391 1493 contraria
412 1466 629 1501 expugnentur;
652 1464 733 1500 quia,
760 1467 864 1501 quanto
896 1464 983 1500 magis
1012 1464 1102 1492 virtus

252 1511 377 1549 prolicit,
407 1515 482 1540 tanto
511 1511 574 1548 plus
606 1511 703 1539 vitium
735 1511 893 1547 oppositum
926 1511 1102 1544 debilitatur,

252 1558 285 1586 ad
308 1558 440 1595 Ephesios
461 1558 579 1586 sexto3:
611 1558 739 1585 Eclztectte
760 1557 823 1586 illos
845 1557 876 1585 in
898 1557 1057 1594 disciplina
1078 1561 1102 1585 et

252 1605 432 1642 correptione
455 1605 580 1633 Domini.
604 1622 641 1624 —
664 1605 745 1639 Item,
768 1608 800 1633 ut
821 1604 1046 1638 custodiantur,
1069 1613 1103 1633 ne

252 1656 301 1682 aut
321 1653 349 1681 in
370 1656 515 1689 peccatum
538 1653 683 1686 labantur,
698 1656 747 1681 aut
762 1653 855 1681 minus
870 1652 988 1680 discrete
1004 1652 1030 1680 in
1047 1652 1102 1680 vir-

252 1704 345 1729 tutum
367 1700 499 1737 operibus
520 1703 716 1728 exerceantur.
739 1700 861 1728 Tenerae
892 1699 965 1727 enim
998 1701 1103 1727 mentes

252 1751 279 1777 et
300 1756 315 1776 a
337 1748 440 1784 peccati
472 1747 573 1775 affectu
602 1747 725 1775 nondum
758 1747 837 1783 plene
869 1746 995 1775 detersae
1021 1754 1103 1782 saepe

251 1795 339 1831 magis
360 1795 459 1823 timore
488 1795 611 1822 humano
632 1802 716 1831 quam
739 1794 832 1822 divino
854 1802 870 1821 a
891 1793 1022 1830 voragine
1044 1801 1104 1830 pec-

253 1842 304 1870 cati
327 1841 495 1870 detinentur.
513 1841 573 1870 Ideo
589 1841 691 1870 talibus
706 1841 835 1878 expedit,
851 1841 1029 1877 superiorum
1047 1849 1104 1869 ma-

252 1889 366 1926 gisterio
388 1889 502 1922 subiici,
524 1897 574 1925 per
595 1897 666 1925 quos
697 1897 712 1916 a
745 1888 877 1925 periculis
906 1888 1103 1923 retrahantur,

253 1937 325 1965 sicut
356 1936 465 1973 parvuli
498 1944 514 1964 a
545 1939 633 1964 matre
656 1936 842 1965 comminante
863 1936 897 1964 ab
919 1944 1008 1972 aquae
1031 1944 1104 1964 mer-

253 1984 329 2012 sione
351 1986 377 2012 et
399 1984 530 2020 luporum
554 1983 694 2012 morsibus
715 1983 919 2017 defenduntur;
942 1983 1104 2012 Proverbio-

253 2039 316 2059 rum
340 2031 461 2059 secundo
472 2031 484 2047 4
497 2042 503 2058 :
521 2030 655 2059 Servabit
670 2034 709 2064 te,
726 2035 757 2058 ut
772 2031 894 2059 eruaris
909 2031 943 2059 {le
957 2030 1007 2059 vict
1022 2030 1104 2058 malo.

219 2088 235 2106 4.
254 2082 279 2106 et
300 2078 336 2106 ab
359 2077 535 2112 hominibus,
551 2078 603 2116 qui
615 2086 755 2114 perversa
778 2077 947 2115 loquuntur.
969 2094 1008 2098 —
1024 2077 1103 2111 Item,

253 2128 285 2153 ut
306 2125 510 2162 eorrigyctntitr,
533 2125 599 2161 quia
621 2128 765 2161 peccatum
781 2124 867 2152 trahit
883 2132 992 2161 semper
1008 2124 1041 2152 ad
1056 2124 1103 2153 de—

253 2172 357 2206 terius,
380 2172 452 2200 sieut
473 2180 529 2200 una
549 2171 635 2200 febris
656 2171 769 2208 praebet
785 2179 866 2208 saepe
881 2171 1052 2200 incentivum
1068 2171 1103 2199 al-

254 2219 305 2248 teri
328 2219 464 2256 graviori,
487 2222 514 2247 et
536 2219 638 2247 vulnus
659 2218 808 2255 aliquando
828 2223 943 2255 generat
964 2218 1103 2253 fistulam,

253 2266 305 2295 nisi
327 2266 498 2295 medicorum
522 2269 722 2303 praecaveatur
744 2266 863 2294 solertia.
898 2266 936 2294 Ita.
966 2266 1013 2303 qui
1038 2266 1104 2294 labi-

254 2316 302 2341 tur
323 2313 349 2341 in
372 2313 481 2350 culpam
504 2313 654 2341 difficulter
675 2321 725 2349 per
747 2320 776 2341 se
797 2313 964 2349 corrigitur,
981 2313 1030 2342 nisi
1048 2313 1103 2341 for-

253 2360 332 2389 tioris
353 2360 460 2389 auxilio
480 2360 621 2389 fulciatur.
645 2360 760 2397 Propter
782 2360 834 2389 hoe
849 2360 923 2388 enim
940 2360 1000 2388 vult
1015 2360 1102 2395 Deus,

253 2406 431 2435 minoribus5
463 2407 582 2435 maiores
613 2414 757 2443 praeesse,
783 2410 831 2440 ut,
853 2406 875 2435 si
897 2406 1047 2435 ceciderint
1075 2407 1102 2435 in

256 2457 414 2490 peccatum,
437 2454 481 2483 vel
502 2454 529 2482 in
551 2454 645 2491 aliquo
671 2453 840 2490 negligentes
870 2453 975 2482 fuerint
1006 2457 1033 2482 et
1062 2454 1103 2482 in-

254 2501 344 2535 cauti,
360 2509 410 2538 per
424 2509 522 2530 eorum
538 2500 753 2535 admonitiones,
769 2500 971 2537 correptiones,
987 2501 1104 2530 coertio-

254 2556 303 2576 nes
317 2550 345 2577 et
359 2548 551 2586 castigationes
572 2548 770 2581 emendentur;
787 2547 868 2584 quia,
884 2548 905 2576 si
920 2548 1037 2576 arbitrio
1052 2556 1103 2577 suo

254 2594 498 2632 relinquerentur,
519 2595 590 2624 sorte
612 2603 662 2624 nec
684 2597 792 2623 reatum
809 2602 892 2623 suum
907 2598 1102 2631 agnoscerent,

707 208 903 237 OPUSCULUM
926 208 989 236 VIII.
1012 208 1055 236 DE
1078 208 1139 236 SEX
1161 207 1231 236 ALIS
1252 208 1420 237 SERAPHIM.
1443 209 1510 237 CAP.
1535 209 1551 237 I.

1157 286 1200 314 vel
1222 289 1364 323 torpentes
1384 287 1490 316 diutius
1511 288 1539 316 in
1560 295 1645 316 coeno
1660 288 1855 317 volutarentur
1877 289 1919 318 vel
1941 298 2005 326 pro-

1156 332 1270 361 fundius
1291 338 1501 370 mergerentur3
1525 335 1644 363 Iudasss:
1667 335 1727 363 Hos
1748 335 1862 373 quidem
1889 337 2006 373 arguite

1157 379 1311 408 iudicatos.
1334 380 1450 409 Necesse
1471 389 1537 418 ergo
1558 385 1615 415 est,
1637 390 1684 410 eos
1705 382 1837 419 magistro
1864 383 2005 412 humiliter

1156 434 1216 455 esse
1238 427 1378 461 subditos,
1400 428 1481 464 quia,
1504 428 1555 456 nisi
1577 429 1640 465 quis
1662 429 1767 458 medico
1781 430 1941 458 obedienter
1957 430 2005 458 ob-

1158 476 1308 510 temperet,
1341 482 1394 502 non
1427 475 1528 511 poterit
1556 475 1591 503 ab
1612 476 1772 505 infirmitate
1793 477 1894 505 sanari.
1919 477 2005 514 Infir-

1156 520 1271 549 mitates
1293 521 1319 549 in
1342 521 1453 550 homine
1474 525 1539 550 sunt
1566 523 1708 559 passiones
1736 523 1886 558 vitiorum3
1917 524 2005 553 Lucae

1158 575 1248 596 nono:
1283 568 1365 596 Dedit
1399 568 1457 596 iliis
1488 568 1625 597 virtutem
1659 574 1685 598 et
1719 574 1885 606 potestatem
1916 579 2005 607 super

1158 615 1259 643 omnia
1281 615 1455 649 daemonia,
1477 619 1502 644 et
1523 619 1555 644 itt
1577 616 1735 653 tanqum-es
1756 621 1905 645 efflorent.

1237 661 1262 690 3.
1286 662 1337 698 Qui
1361 666 1453 691 autem
1475 670 1527 699 pro
1546 670 1575 691 se
1591 663 1723 700 magistro
1741 672 1796 692 non
1818 664 1939 701 Indigent
1960 664 2006 693 de-

1158 708 1224 737 bent
1244 709 1287 737 ita
1308 717 1366 737 esse
1387 709 1513 737 seientiav
1531 709 1704 744 iltmninctti,
1728 710 1802 747 quod
1824 711 1892 739 nihil
1911 714 2006 740 errent

1158 756 1185 784 in
1207 756 1250 785 his
1271 764 1343 793 quae
1365 756 1435 785 scire
1457 757 1612 785 necessario
1634 765 1680 786 eos
1701 760 1826 794 oportet,
1853 761 1880 786 et
1907 759 2004 795 quod⁷

1158 802 1245 840 decipi
1268 811 1321 831 non
1345 804 1450 840 possint
1477 804 1512 832 ah
1541 804 1651 832 homine
1683 804 1727 833 vel
1758 804 1892 833 daemone
1920 805 1963 834 vel
1990 813 2006 834 a

1158 850 1272 887 proprio
1293 858 1376 879 sensu
1398 851 1451 879 sub
1472 851 1562 887 specie
1585 851 1664 885 boni,
1696 851 1800 880 donum
1831 852 2005 881 discretionis

1158 897 1308 933 spirituum
1330 897 1464 927 divinitus
1484 898 1591 935 adepti3
1615 898 1648 926 ad
1664 899 1852 935 Philippenses
1866 899 2005 936 quarto⁸x

1163 944 1270 980 Ubique
1291 948 1316 973 et
1337 945 1369 973 in
1394 945 1528 973 omnibus
1560 945 1712 973 institutus
1743 954 1818 974 sum.
1841 963 1880 967 —
1900 946 2006 975 Debent

1158 991 1239 1020 etiam
1260 990 1376 1028 feruore
1396 993 1555 1021 deuotionis
1578 993 1620 1021 ila
1640 1001 1699 1021 esse
1721 993 1836 1030 repleti,
1859 993 1933 1030 quod
1948 994 2007 1023 sine

1157 1039 1273 1067 alterius
1294 1039 1417 1076 impulsu
1440 1040 1568 1068 noverint
1590 1048 1618 1069 se
1641 1040 1714 1077 ipsos
1736 1040 1770 1069 ad
1791 1049 1873 1070 omne
1895 1041 2006 1070 virtutis

1158 1086 1324 1115 exercitium
1347 1087 1464 1115 fideliter
1486 1087 1654 1121 extendere,
1686 1091 1771 1124 prout
1793 1095 1902 1125 semper
1923 1088 2007 1117 fuerit

1157 1133 1309 1170 optimum;
1331 1133 1365 1162 ad
1388 1134 1576 1171 Philippenses
1598 1134 1720 1163 terti092
1745 1135 1826 1171 Quae
1847 1138 1925 1163 retro
1939 1139 2009 1164 sunt

1158 1180 1279 1213 oblitus,
1312 1181 1352 1209 act
1382 1189 1417 1209 eet
1438 1189 1513 1219 quae
1535 1181 1643 1217 priora
1668 1186 1754 1215 sunt,
1783 1182 1936 1210 extendens
1963 1191 2007 1211 me

1158 1227 1254 1263 ipsum
1269 1231 1319 1255 etc.
1337 1244 1373 1247 —
1389 1227 1495 1256 Debent
1510 1236 1622 1265 quoque
1637 1237 1738 1257 amore
1754 1229 1821 1257 boni
1833 1229 1876 1257 sie
1890 1238 1949 1258 esse
1960 1228 2007 1267 af-

1157 1272 1242 1310 fecti,
1265 1277 1296 1302 ut
1318 1274 1396 1311 quasi
1419 1275 1584 1303 naturaliter
1605 1283 1686 1304 omne
1708 1276 1811 1304 malum
1833 1276 1967 1304 horreant
1981 1280 2008 1306 et

1159 1329 1240 1349 omne
1261 1321 1420 1350 scandalum
1444 1321 1566 1350 studiose
1587 1322 1726 1351 declinent
1756 1326 1784 1351 et
1815 1323 1873 1351 sine
1904 1324 2008 1352 offensa

1159 1368 1252 1405 quiete
1274 1376 1336 1396 cum
1366 1368 1496 1397 omnibus
1525 1370 1741 1403 conversentur3
1770 1369 1832 1397 sine
1857 1368 2009 1407 offensione

1158 1419 1242 1443 estote
1275 1416 1392 1443 litzlaeis
1423 1419 1448 1444 et
1476 1415 1618 1453 yeiitibzts.
1651 1433 1689 1436 —
1720 1416 1826 1445 Debent
1853 1417 1934 1445 etiam
1966 1417 2009 1445 ita

1157 1471 1216 1491 esse
1238 1461 1360 1490 humiles
1382 1463 1413 1491 in
1435 1463 1586 1497 omnibztS,
1609 1467 1640 1491 ut
1662 1471 1712 1492 nee
1738 1463 1771 1492 de
1804 1463 1882 1492 bonis
1908 1464 2009 1492 habitis

1159 1509 1330 1538 extollantur
1352 1518 1402 1538 nec
1424 1510 1503 1539 malis
1524 1510 1636 1538 omnino
1657 1518 1753 1539 carere
1769 1514 1963 1547 praesumant,
1977 1514 2010 1539 ut

1158 1564 1255 1585 omnes
1276 1564 1410 1585 excessus
1431 1557 1618 1594 cogitationis,
1634 1557 1781 1586 locutionis
1802 1560 1830 1586 et
1854 1558 2009 1587 omissionis

1159 1603 1186 1631 in
1202 1611 1230 1632 se
1246 1603 1384 1632 subtiliter
1398 1604 1549 1633 diiudicent
1564 1607 1590 1633 et
1605 1604 1728 1633 districte
1744 1605 1901 1641 castigando
1916 1612 2009 1633 emen-

1159 1650 1232 1679 dent.
1256 1667 1292 1670 —
1316 1651 1347 1678 Et
1369 1651 1395 1679 in
1420 1651 1462 1679 his
1483 1651 1612 1680 omnibus
1633 1652 1688 1680 sint
1712 1652 1755 1680 ita
1783 1651 1915 1686 stabiles,
1935 1652 2010 1689 quod

1160 1705 1210 1726 nec
1231 1698 1342 1726 levitate
1373 1706 1423 1726 nec
1444 1698 1622 1727 distractione
1649 1699 1742 1736 aliqua
1773 1706 1823 1727 nec
1848 1699 2010 1728 difficultate

1161 1745 1202 1773 vel
1224 1748 1300 1774 metu
1322 1754 1338 1774 a
1359 1748 1433 1774 statu
1465 1754 1515 1774 suo
1544 1746 1652 1775 valeant
1673 1747 1831 1781 immutari;
1858 1747 1891 1775 ad
1914 1747 2009 1776 Roma—

1160 1801 1211 1821 nos
1232 1796 1329 1821 octavo
1343 1793 1383 1820 ¹⁰:
1402 1793 1474 1828 tais
1494 1801 1547 1821 nos
1567 1793 1719 1830 separabit
1740 1802 1759 1822 ct
1780 1794 1904 1823 caritate
1927 1792 2011 1822 Clari-

1159 1840 1198 1868 stz'
1218 1843 1269 1869 ete.
1287 1857 1322 1860 —
1342 1840 1412 1876 Quia
1432 1848 1499 1869 vero
1521 1840 1588 1869 tales
1610 1840 1720 1869 difficile
1732 1844 1773 1869 est
1794 1841 1928 1878 reperiri,
1950 1841 2011 1870 ideo

1160 1887 1256 1924 paucis
1278 1887 1406 1916 convenit
1428 1887 1522 1916 vivere
1543 1887 1648 1924 absque
1669 1888 1840 1917 obedientiae
1855 1888 1934 1925 iug0;
1950 1888 2011 1917 ideo

1160 1938 1187 1963 et
1208 1935 1254 1971 qui
1277 1934 1337 1963 aliis
1358 1938 1508 1971 praesunt,
1532 1938 1562 1963 ut
1583 1935 1682 1963 melius
1697 1939 1724 1963 et
1743 1935 1852 1964 cautius
1865 1936 1886 1952 ¹¹
1912 1938 2009 1972 agant,

1160 1990 1271 2010 necesse
1287 1982 1389 2010 habent
1405 1982 1465 2010 aliis
1480 1982 1609 2016 subesse,
1625 1991 1641 2010 a
1656 1982 1759 2019 quibus
1770 1985 1905 2019 regantur
1920 1990 2010 2019 usque

1159 2029 1193 2057 ad
1215 2036 1355 2057 summum
1387 2029 1513 2057 omnium
1546 2029 1723 2063 Pontificem,
1756 2030 1804 2066 qui
1827 2029 1885 2058 vice
1907 2029 2008 2058 Christi

1161 2078 1244 2113 caput
1265 2079 1306 2104 est
1328 2076 1413 2104 totius
1436 2076 1570 2104 Ecclesiae
1592 2076 1742 2105 militantis.

1239 2123 1265 2151 li.
1289 2122 1340 2158 Qui
1363 2130 1429 2159 ergo
1450 2122 1510 2151 aliis
1533 2131 1660 2160 praeesse
1681 2123 1782 2152 dehent
1797 2124 1912 2158 utiliter,
1927 2132 2010 2160 opor-

1161 2173 1212 2203 tet,
1228 2178 1274 2198 eos
1290 2169 1373 2198 variis
1394 2178 1454 2198 esse
1475 2170 1613 2206 praeditos
1635 2170 1801 2199 virtutibus:
1824 2174 1851 2199 et
1872 2171 1939 2199 alias
1961 2171 2010 2199 ha-

1160 2218 1226 2246 bere
1247 2217 1288 2245 cut
1308 2225 1354 2251 se,
1376 2217 1479 2254 quihus
1501 2217 1783 2254 irreprehensibiliter
1808 2218 1917 2252 vivant,
1942 2218 2009 2247 alias

1160 2265 1200 2293 acl
1220 2272 1290 2292 suos
1310 2264 1494 2301 superiores,
1517 2264 1620 2301 quibus
1641 2264 1785 2293 humiliter
1805 2265 1859 2299 eis,
1890 2265 1918 2293 in
1947 2264 2010 2301 qui-

1159 2311 1212 2340 bus
1233 2311 1348 2344 debent,
1371 2311 1515 2345 obediant,
1537 2314 1565 2340 et
1585 2311 1652 2339 alias
1673 2311 1713 2339 att
1733 2311 1882 2346 subditos,
1905 2312 2008 2349 quibus

1160 2366 1206 2387 eos
1228 2358 1369 2387 meritorie
1397 2361 1494 2395 regant
1515 2361 1542 2386 et
1563 2358 1596 2386 ad
1619 2358 1733 2387 meliora
1754 2361 1942 2395 promoveant.
1966 2358 2008 2387 Li-

1160 2408 1203 2434 cet
1223 2408 1316 2433 autem
1346 2413 1442 2433 omnes
1474 2405 1592 2434 virtutes
1612 2405 1766 2434 eminenter
1787 2405 1890 2434 habere
1912 2405 2009 2434 debeat

1159 2452 1206 2489 qui
1228 2460 1265 2480 ex
1286 2452 1376 2480 officio
1398 2452 1481 2481 habet
1501 2459 1597 2480 omnes
1619 2451 1737 2480 virtutes
1764 2451 1880 2486 docere;
1904 2455 2008 2486 tamen,

1160 2499 1225 2536 quia
1247 2507 1383 2528 numerus
1404 2499 1503 2528 senarii
1527 2502 1569 2528 est
1589 2499 1697 2536 primus
1716 2499 1856 2536 perfectus
1874 2506 2009 2528 numerus

1159 2547 1201 2575 sui
1224 2546 1333 2584 generis
1364 2546 1549 2583 perfectione,
1581 2549 1710 2575 constans
1741 2554 1777 2575 ex
1802 2546 1860 2575 suis
1882 2546 2009 2583 partibus

1158 2594 1343 2631 aliquotis1²;
1366 2593 1426 2622 ideo
1457 2593 1547 2622 bonus
1577 2593 1734 2622 animarum
1759 2596 1867 2627 rector,
1888 2593 2009 2622 maxime

317 2783 324 2796 ¹
344 2784 410 2807 Vers.
431 2785 449 2806 1.
466 2796 497 2801 -
514 2784 601 2807 Deinde
618 2790 661 2812 pro
679 2784 816 2814 lntrz'pientes
834 2785 886 2807 cod.
903 2787 925 2807 et
937 2785 991 2807 edd.
1007 2786 1028 2813 l,
1042 2786 1055 2807 2
1069 2785 1102 2807 ln-

253 2823 369 2852 sepientes.

316 2862 325 2876 ‘²
343 2862 409 2884 Vers.
431 2863 464 2885 12.

316 2900 325 2913 ⁸
344 2901 409 2923 Vers.
427 2901 447 2923 4.

315 2939 325 2952 ⁴
343 2940 409 2962 Vers.
425 2940 458 2962 ll.
475 2941 509 2963 12.
522 2941 632 2969 Vulgata:
644 2940 673 2963 ab
691 2941 797 2968 homine,
813 2941 853 2970 qui
871 2947 981 2969 perversa
993 2941 1102 2970 loquitur.

317 2979 326 2991 5
344 2980 400 3002 Edd.
422 2981 443 3006 l,
462 2981 474 3002 <2
492 2979 623 3003 maioribus
631 2981 661 3008 (J)
679 2980 789 3003 maiores.

317 3017 326 3031 ⁰
344 3019 409 3041 Vers.
427 3019 464 3041 22.
482 3019 586 3048 Sequens
603 3019 667 3042 locus
685 3023 718 3041 est
735 3020 789 3042 Luc.
807 3020 834 3047 9,
853 3020 874 3042 i,

1224 2783 1232 2797 ⁷
1251 2785 1281 2807 lta
1299 2787 1360 2807 reete
1378 2784 1442 2811 cod,
1460 2784 1512 2806 Vat.
1528 2786 1551 2806 et
1573 2784 1593 2809 1,
1611 2784 1624 2805 ‘2
1643 2782 1690 2813 qui.

1223 2822 1232 2835 3
1252 2824 1315 2846 Vers.
1336 2823 1371 2845 12.

1223 2861 1232 2875 Β
1250 2863 1316 2884 Vers.
1336 2863 1372 2884 13.
1392 2862 1496 2891 Sequens
1513 2861 1577 2884 locus
1594 2863 1627 2883 est
1645 2862 1659 2883 l.
1677 2860 1730 2884 Cor.
1748 2861 1789 2889 ·lO‚
1807 2861 1844 2883 32.

1224 2900 1243 2913 ¹⁰
1261 2901 1327 2924 Vers.
1346 2902 1382 2924 35.

1222 2940 1241 2953 ¹¹
1259 2940 1316 2964 Cod.
1333 2943 1355 2963 et
1374 2941 1381 2962 l
1393 2959 1398 2969 ‚
1416 2941 1429 2963 2
1447 2940 1518 2964 cnuti.

1223 2979 1241 2992 ¹2
1260 2980 1318 3002 Vide
1336 2981 1351 3002 l.
1369 2980 1432 3002 Seni.
1449 2980 1471 3002 d.
1490 2981 1512 3002 2.
1534 2986 1557 3008 q.
1579 2979 1600 3001 4.
1622 2982 1644 3001 et
1661 2985 1704 3007 pro
1721 2978 1870 3007 explicatione
1890 2977 1921 3000 ibi
1943 2979 2010 3000 scho-

1159 3019 1212 3041 lion.

2038 671 2063 690 Ut
2074 677 2110 691 nou
2120 673 2131 692 ii

2019 695 2094 718 digeant
2112 701 2129 715 m

2019 719 2083 742 gistro,
2090 724 2131 743 reqn

2018 744 2084 761 rumm-
2096 742 2106 761 5
2114 743 2133 762 vil

2018 767 2074 784 tutes.
2081 766 2107 785 De
2112 765 2133 791 pi*

2018 794 2055 808 ma.
2132 787 2133 803 l

2023 949 2051 968 De
2064 950 2133 969 secund

2025 1235 2052 1255 De
2066 1236 2124 1255 tertia.

2026 1424 2053 1443 De
2067 1417 2132 1448 quaria'

2028 1659 2054 1677 De
2067 1659 2124 1683 quiutz

2026 2129 2129 2149 Coronant«

2028 2224 2122 2243 Notandur.
