2133 3317
169 1366 210 1385 Duo
227 1365 286 1384 medi-

196 1389 260 1409 tanda.

156 1648 185 1667 De
199 1647 287 1672 passione

168 1672 244 1691 Domini
257 1677 288 1691 co-

168 1695 272 1719 gitandum.

188 2159 270 2182 Regulae

172 2183 285 2206 complures.

300 212 357 241 486

700 210 898 239 OPUSCULUM
920 209 974 238 XX.
998 209 1125 238 REGULA
1147 208 1364 238 NOVlTIORUM.
1387 208 1455 237 CAP.
1478 208 1519 236 Xl.
1544 208 1584 236 ET
1606 208 1659 235 XII.

1070 359 1231 387 CArrrumJn
1253 359 1295 387 XI.

780 478 818 506 De
841 477 1057 512 tentationibas,
1072 481 1096 506 et
1118 477 1244 515 qualiter
1266 476 1459 505 resistendam
1480 476 1519 504 sit
1539 476 1588 504 eis,

384 604 407 631 1.
431 602 501 638 Quia
522 601 637 630 humani
659 601 769 638 generis
790 600 951 629 adversator
983 600 1082 628 nititur
1114 600 1155 628 in-

302 652 441 679 cessanter
462 657 512 686 per
533 648 744 685 impulsationes
766 647 948 676 tentationum
964 647 1092 676 fidelibus
1107 647 1155 676 ob-

302 697 378 726 viare
399 697 531 730 latenter,
548 698 665 724 testante
681 695 761 724 Petro
773 695 798 722 ¹:
826 694 1029 723 Adversarius
1048 698 1154 729 vester,

302 743 454 778 diabolus,
477 746 620 781 tanquam
647 742 687 771 leo
715 742 837 779 rityiens
868 741 990 775 circuit,
1012 750 1155 779 quaerens

302 799 386 829 quem
408 791 537 825 devoret,
559 790 610 818 etti
636 789 760 818 resistite
784 788 876 826 fortes
908 789 939 817 in
959 788 1031 825 βάρη
1052 788 1155 817 idcirco

302 845 411 874 semper
433 837 549 866 custodi
569 837 705 865 animam
727 839 811 864 tuam
836 835 970 869 sollicite,
986 835 1067 864 iuxta
1091 843 1155 864 con-

155 891 290 933 &3335ss
303 884 395 936 silium
418 884 561 921 Sapientis,
585 884 616 912 Et
637 891 760 920 semper,
783 883 894 920 quando
914 882 1034 911 senseris
1054 885 1081 911 te
1102 883 1155 911 hu-

155 940 212 957 stum.

302 931 420 960 iusmodi
443 930 643 960 tentationibus
664 930 841 967 impugnari,
864 930 956 959 statim
985 937 1100 958 recurre
1121 929 1155 958 ad

302 979 453 1007 Christum.
471 978 580 1007 Fidelis
601 981 643 1006 est
656 977 743 1011 enim,
759 981 791 1005 ut
805 976 901 1015 faeiat
916 985 983 1005 eam
1003 977 1155 1005 tentatione

298 1029 475 1064 proventum
488 1025 516 1059 ²;
538 1028 565 1054 et
586 1025 661 1054 dicas
682 1024 856 1053 immediate:
879 1024 1001 1053 Adiava
1022 1032 1076 1058 me,
1100 1024 1155 1052 Do-

301 1073 388 1107 mine,
413 1073 490 1101 Deus
511 1081 611 1106 meas;
625 1081 660 1101 ne
675 1072 843 1100 discesseris
865 1080 884 1100 a
905 1080 950 1100 me
957 1082 967 1105 ,·
987 1071 1101 1100 intende
1124 1071 1156 1099 in

302 1120 488 1149 adiutorium
509 1118 598 1153 milti,
623 1119 744 1147 Domine
767 1119 844 1147 Deus
868 1118 976 1147 salutis
997 1127 1085 1147 meae.
1110 1118 1155 1146 Li-

303 1167 372 1196 bera
393 1175 437 1195 me
468 1167 502 1195 de
533 1166 663 1194 inimicis
690 1166 762 1194 meis
793 1165 968 1203 fortissimis
996 1168 1020 1193 et
1052 1164 1088 1193 ab
1110 1163 1156 1192 liis

302 1214 354 1252 qni
368 1214 493 1242 oderant
506 1222 560 1247 me,
576 1213 718 1251 qnoniam
733 1211 894 1250 confortati
913 1216 984 1240 sztnt
997 1221 1087 1249 snper
1101 1220 1153 1240 me.

302 1262 382 1290 Pone
402 1270 456 1295 nze,
480 1260 610 1294 Domine,
627 1260 713 1288 iaxta
730 1264 763 1294 te,
779 1263 804 1288 et
825 1259 957 1288 cuiusvis
977 1267 1087 1287 manns
1100 1267 1155 1296 pa-

300 1312 367 1346 ynet
389 1311 494 1337 eontra
515 1316 559 1336 me
566 1318 576 1341 ;
598 1307 679 1344 quia,
702 1307 729 1335 si
749 1306 911 1335 consistant
930 1307 1090 1335 aduersam
1111 1314 1156 1334 me

303 1359 421 1389 castra,
443 1363 502 1383 non
530 1354 640 1383 timebit
670 1362 720 1383 cor
752 1362 857 1382 meam.
880 1353 913 1382 Et
937 1353 1026 1390 cogita
1047 1352 1155 1387 statim,

302 1402 369 1440 quia
389 1410 439 1439 per
460 1405 605 1439 peccatum
628 1401 755 1438 privatur
777 1401 840 1438 quis
861 1400 1052 1429 inaestimabili
1068 1399 1156 1437 gloria

302 1450 450 1479 Beatorum
473 1452 500 1478 et
521 1448 752 1478 condemnabitur
774 1448 807 1476 ad
833 1447 979 1476 horribilia
1001 1450 1028 1475 et
1048 1446 1157 1475 infinita

303 1497 439 1534 supplicia
460 1497 665 1525 damnatorum.

383 1545 409 1572 2.
431 1544 498 1572 Nam
519 1543 572 1572 ista
592 1543 664 1577 dno,
686 1543 707 1572 si
729 1543 800 1571 bene
816 1541 930 1571 habebis
951 1542 979 1570 in
1001 1544 1156 1570 mentetua

303 1592 454 1628 impressa,
476 1591 617 1628 expellent
640 1590 804 1619 tentationes
826 1590 953 1624 omnino;
976 1592 1002 1618 et
1024 1589 1045 1617 si
1068 1592 1157 1617 tenta-

304 1639 342 1668 tio
363 1638 456 1667 adhuc
476 1638 635 1675 praevalet,
664 1636 753 1674 cogita
775 1637 808 1666 de
828 1636 1008 1665 acerbissima
1029 1635 1157 1673 passione

305 1686 365 1715 Iesu
388 1685 498 1714 Christi.
521 1685 606 1719 Nam,
629 1687 698 1713 teste
720 1684 901 1721 Scripu1ra⁸‚
923 1683 1053 1721 coyitare
1074 1683 1108 1711 de
1122 1691 1157 1711 ea

303 1742 407 1762 sensas
427 1736 467 1761 est
489 1735 729 1766 consummatas,
746 1735 771 1760 et
786 1731 838 1769 qui
851 1730 1017 1769 vigilaverit
1035 1733 1156 1767 propter
1185 1753 1187 1760 ,

1212 594 1295 628 illam
1321 599 1376 628 cito
1404 598 1460 627 erit
1484 606 1629 631 securim,-
1651 601 1678 626 et
1699 597 1752 626 hoc
1773 600 1815 626 est
1836 596 1926 634 qnod,
1948 596 1970 625 si
1991 597 2059 627 bene

1212 646 1391 683 imprimatur
1414 646 1441 674 in
1463 648 1555 674 mente
1576 644 1666 681 passio
1694 644 1901 681 Redemptoris,
1930 652 1985 672 non
2012 644 2060 673 ha-

1212 693 1288 722 bebit
1313 693 1403 721 locum
1433 692 1461 721 in
1489 699 1572 720 carne
1600 691 1713 720 tentatio
1742 690 1904 728 deceptoris.
1935 691 1995 728 Ipsa
2021 693 2062 720 est

1212 741 1285 769 enim
1306 743 1450 768 armatura
1477 741 1574 768 contra
1601 738 1710 772 hostes,
1735 738 1769 767 de
1793 746 1849 775 qua
1869 737 1977 767 dicebat
1993 738 2062 775 Apo-

1213 788 1339 817 stolus4:
1362 786 1478 815 Inditite
1503 794 1552 814 vos
1576 789 1767 814 armaturam
1796 785 1862 819 Dei,
1888 788 1921 813 itt
1942 785 2061 822 possitis

1212 838 1291 863 stare
1313 834 1457 862 adversus
1489 833 1617 861 insidias
1647 832 1778 866 diaboli,·
1805 835 1833 861 et
1860 832 1974 867 merito,
1995 832 2061 870 quia

1213 881 1290 910 nulla
1317 884 1359 909 est
1384 879 1522 909 efficacior
1548 879 1698 913 medicina,
1724 887 1773 916 per
1801 887 1884 916 quam
1906 878 1987 907 cinus
2012 878 2062 907 ini—

1214 928 1350 957 micorum
1383 927 1526 956 exercitus
1556 926 1720 963 depelletur.
1752 926 1814 955 Ideo
1844 926 1915 954 dixit
1945 926 2060 954 Petrus:

1215 975 1328 1004 Christo
1357 974 1388 1003 in
1415 983 1505 1003 earne
1525 982 1631 1011 passo,
1653 977 1679 1002 et
1700 982 1750 1001 vos
1770 973 1871 1002 eadem
1891 972 2062 1010 eoyitatione

1213 1022 1385 1051 armamini.

1293 1069 1319 1098 3.
1342 1069 1396 1097 Hoc
1418 1068 1456 1097 ait
1471 1068 1553 1097 etiam
1568 1067 1731 1104 expressius
1745 1067 1902 1096 Bernardus
1913 1067 1939 1095 ⁵:
1960 1078 1973 1092 ι(
1988 1067 2061 1103 Quo-
2075 1072 2133 1093 confla

1214 1117 1264 1145 ties
1286 1119 1312 1145 te
1334 1115 1455 1145 senseris
1476 1115 1608 1152 turpibus
1629 1114 1841 1152 cogitationibus
1858 1114 2015 1151 impugnari
2036 1116 2063 1143 et

1213 1164 1246 1193 ad
1267 1164 1376 1192 illicitas
1398 1163 1578 1200 cogitationes
1599 1162 1689 1196 affici,
1713 1162 1794 1191 toties
1822 1170 1893 1199 pone
1922 1162 1971 1191 tibi
1999 1164 2063 1191 ante

1212 1211 1309 1240 oculos
1330 1210 1431 1239 mentis
1452 1212 1532 1244 tuae,
1555 1208 1693 1246 quomodo
1708 1208 1836 1237 Christus
1851 1208 2006 1237 crucifixus
2021 1210 2062 1237 est

1213 1266 1264 1295 pro
1285 1260 1321 1286 te.
1349 1257 1475 1291 Intuere,
1505 1256 1644 1294 quomodo
1671 1264 1687 1284 a
1715 1256 1781 1284 Iuda
1809 1255 1915 1285 Iudaeis
1944 1255 2061 1284 traditus

1213 1308 1271 1339 est,
1293 1312 1377 1342 quam
1402 1304 1493 1332 viliter
1515 1305 1717 1340 pertractatus,
1739 1303 1949 1339 blasphematus
1970 1306 1997 1331 et
2018 1310 2063 1331 co-

1213 1352 1385 1389 laphizatus,
1401 1351 1539 1380 iudicatus
1560 1353 1587 1379 et
1608 1349 1822 1384 condemnatus,
1844 1350 2016 1387 exspoliatus
2036 1352 2064 1379 et

1212 1399 1387 1436 flagellatus3
1410 1398 1444 1427 ad
1466 1398 1597 1427 ultimum
1626 1405 1693 1426 vero
1719 1396 1893 1426 contumeliis
1914 1400 1941 1426 et
1962 1404 2064 1434 oppro-

1214 1446 1282 1475 briis
1304 1446 1435 1480 affectus,
1458 1445 1530 1474 inter
1550 1444 1621 1473 duos
1642 1444 1764 1473 latrones
1786 1451 1953 1481 suspensus,
1978 1443 2062 1473 clavis

1214 1493 1358 1527 confixus,
1381 1492 1471 1530 sputis
1492 1492 1616 1526 derisus,
1638 1491 1724 1529 spinis
1745 1494 1910 1525 coronatus,
1932 1491 1994 1520 felle
2015 1499 2062 1528 po-

1214 1544 1304 1575 tatus,
1327 1540 1421 1569 lancea
1442 1539 1616 1577 perforatus,
1645 1547 1682 1568 ex
1703 1538 1833 1567 omnibus
1853 1538 1981 1575 partibus
2002 1545 2062 1567 cor-

1214 1588 1289 1625 poris
1310 1587 1423 1624 sanguis
1445 1586 1597 1620 emanavit,
1624 1589 1651 1615 et
1676 1585 1816 1614 inclinato
1838 1585 1947 1623 eapite,
1969 1585 2063 1614 emisit

1213 1634 1354 1672 spiritam
1366 1634 1385 1662 ⁶.
1408 1634 1446 1662 lta
1468 1633 1633 1670 Redemptor
1648 1635 1715 1661 tuus
1728 1635 1858 1661 mortuus
1873 1635 1914 1661 est
1927 1640 1979 1669 pro
1993 1635 2020 1661 te
2033 1632 2061 1661 in

1214 1689 1298 1710 cruce
1308 1705 1315 1716 ,
1337 1684 1364 1710 et
1379 1684 1423 1715 tu,
1439 1681 1548 1715 nescio,
1564 1679 1719 1709 cuiusmodi
1735 1680 1811 1717 turpi
1826 1679 1989 1717 cogitatione
2004 1687 2063 1708 sor-

1213 1729 1317 1758 didaris
1339 1728 1366 1757 in
1388 1731 1480 1757 mente
1494 1730 1521 1756 »t

1068 1854 1230 1882 CAPrrULUM
1252 1852 1304 1881 ΧΠ.

842 1974 880 2002 De
901 1973 986 2002 modo
1008 1972 1204 2002 conversandi
1224 1980 1291 2001 eum
1312 1970 1527 2000 saecularibus.

389 2101 411 2127 l.
434 2100 502 2127 Toto
523 2102 648 2135 tempore
677 2097 749 2126 vitae
779 2101 842 2125 tuae
870 2096 996 2130 studeas,
1022 2099 1159 2133 quantum

304 2147 409 2185 poteris
431 2146 502 2175 bono
523 2145 620 2179 modo,
649 2144 849 2173 familiaritates
870 2143 1055 2172 saecularium
1081 2143 1157 2171 devi—

304 2197 383 2228 tare3
403 2192 554 2231 yeneratio
575 2192 652 2220 enim
673 2199 814 2228 perversa
835 2194 876 2219 est
896 2193 921 2218 et
942 2189 1070 2226 infideles
1084 2189 1156 2226 fittz',

304 2244 375 2271 teste
397 2239 571 2277 Scriptura‘1.
594 2239 663 2267 Cum
685 2241 778 2267 autem
800 2237 888 2267 fueris
909 2245 973 2266 cum
995 2236 1049 2271 eis,
1065 2236 1158 2274 aliqua

1216 2095 1378 2124 necessitate
1400 2094 1442 2123 vel
1468 2094 1587 2123 utilitate
1612 2097 1741 2131 cogente,
1771 2101 1851 2127 cave,
1880 2100 1914 2121 ne
1939 2100 2063 2130 unquam

1215 2142 1339 2179 loquaris
1361 2149 1424 2170 cum
1446 2141 1486 2170 eis
1507 2141 1560 2169 nisi
1586 2140 1671 2169 verba
1692 2141 1771 2169 utilia
1792 2144 1819 2169 et
1840 2140 1971 2174 honesta,
1993 2142 2021 2169 et
2041 2139 2063 2169 si

1215 2188 1266 2225 ipsi
1289 2188 1440 2225 loquantur
1461 2187 1494 2216 de
1516 2187 1626 2216 saeculo
1646 2187 1689 2216 vel
1711 2187 1744 2215 de
1765 2187 1876 2224 guerris
1897 2187 1941 2215 vel
1955 2186 1989 2215 de
2003 2186 2063 2215 aliis

1216 2235 1376 2269 inutilibus,
1398 2243 1543 2272 nunquam
1565 2234 1691 2272 sequaris
1713 2242 1775 2269 eos,
1804 2234 1886 2263 etiam
1915 2234 1937 2263 si
1962 2233 2062 2268 scires,

369 2434 376 2447 ¹
395 2435 463 2462 Epist.
483 2434 497 2456 l.
515 2440 534 2456 c.
553 2433 578 2460 5,
597 2434 618 2455 8.
641 2433 668 2459 93
692 2432 776 2455 deinde
799 2432 864 2454 Dent.
884 2431 909 2459 4,
928 2432 954 2453 9:
972 2431 1067 2454 Custodi
1086 2431 1156 2459 igitur

305 2474 453 2502 temetipsum
472 2476 493 2495 et
511 2473 612 2495 animam
631 2475 694 2494 tuam
713 2471 815 2494 sollicite.
833 2470 877 2494 Cir.
897 2471 964 2493 pror.
984 2470 1008 2497 4,
1027 2471 1069 2492 ‘232
1087 2470 1155 2492 Omni

306 2514 409 2536 custodia
428 2519 494 2535 serva
513 2518 552 2534 cor
570 2515 645 2534 11111111.

369 2552 377 2565 2
396 2552 466 2580 Epist.
485 2553 498 2574 Ι,
517 2551 569 2573 Cor.
592 2552 630 2578 10,
650 2551 686 2572 13.
698 2563 727 2566 -
741 2549 845 2572 Subinde
857 2550 984 2577 allegantur
998 2550 1031 2571 DS.
1046 2550 1098 2577 108,
1111 2549 1156 2576 26;

308 2592 347 2619 37,
365 2593 402 2613 22.
421 2597 484 2620 serp:
503 2591 534 2613 Ne
552 2590 686 2613 discesseris
704 2595 716 2611 a
734 2595 786 2617 me;
805 2589 898 2611 intende
915 2591 972 2617 etc.;
992 2588 1028 2615 «17,
1047 2589 1091 2610 r18:
1110 2588 1156 2610 Eri-

306 2632 356 2659 puit
382 2637 418 2653 mc
443 2631 472 2653 (le
497 2629 596 2652 inimicis
621 2630 679 2651 meis
702 2628 832 2651 fortissimis
850 2630 909 2655 etc.;
935 2627 974 2650 lob
997 2628 1029 2654 17,
1048 2628 1156 2650 3:1‘0ne

306 2676 344 2692 me
361 2673 404 2692 etc.
421 2672 443 2691 et
460 2670 496 2691 Ps.
514 2669 557 2697 26,
576 2669 605 2691 3;
623 2668 645 2690 Si
663 2668 789 2690 consistant
801 2670 844 2689 etc.
859 2679 889 2683 —
902 2667 1014 2695 Superius
1027 2673 1069 2695 pro
1082 2668 1156 2690 tenta-

307 2708 408 2732 tionibus
426 2709 469 2731 AB
487 2707 677 2738 cogyz'tatz'onibns.

369 2748 378 2760 ³
397 2749 451 2776 Sap.
470 2748 495 2774 6,
516 2748 557 2774 16,
573 2747 613 2769 ubi
627 2753 668 2774 pro
677 2747 778 2776 propter
796 2745 863 2768 illam
881 2746 924 2768 BG
935 2746 968 2767 Hi
984 2752 1029 2775 per
1046 2745 1126 2773 illam,
1140 2746 1155 2767 F

306 2787 338 2810 ad
356 2794 415 2810 eam.
435 2800 463 2803 —
482 2787 534 2815 Seq⁴
553 2786 680 2814 propositio
698 2785 728 2808 ab
749 2786 753 2807 Ι
773 2786 801 2807 ita
821 2785 987 2808 introducitur:
1010 2786 1031 2807 et
1047 2784 1090 2808 hoc
1108 2786 1152 2811 est,

307 2824 370 2854 qitod
386 2825 421 2848 att
437 2824 577 2848 Bernarclns
596 2824 645 2854 [cfr.
664 2824 734 2852 Epist.
752 2825 810 2851 322,
829 2824 884 2845 alias
902 2824 956 2846 351.
974 2830 995 2845 n.
1015 2825 1035 2845 1.
1048 2828 1070 2845 et
1082 2823 1155 2845 serm.

307 2864 344 2886 61.
363 2865 385 2885 111
404 2864 466 2886 Cant.
485 2871 506 2886 n.
525 2865 546 2886 3.
564 2867 585 2886 et
602 2870 662 2892 qnae
674 2864 744 2891 paulo
758 2863 852 2885 inferius
870 2862 1020 2891 afferuntur-L
1038 2862 1101 2892 qnod
1112 2865 1155 2884 etc.

308 2915 338 2918 —
356 2903 467 2930 Superius
485 2909 527 2931 pro
545 2904 567 2925 et
582 2902 604 2925 si
620 2902 715 2925 tentatio
734 2903 749 2925 L
767 2904 933 2925 verumtamen
945 2901 967 2924 si
978 2901 1086 2928 tentatio,
1102 2901 1155 2923 edd.

307 2941 364 2971 qaia
381 2941 402 2964 si
419 2943 529 2969 tentator,
549 2945 571 2964 et
588 2948 630 2970 pro
654 2941 765 2971 passione
791 2942 841 2964 lesu
865 2940 953 2964 Christi
971 2942 985 2962 Β
1003 2942 1079 2963 morte.
1104 2941 1156 2962 Ieszt

308 2980 396 3003 Christi
414 2980 509 3003 Domini
524 2981 609 3003 nostri.
622 2981 717 3003 Inferius
735 2987 777 3008 pro
795 2979 924 3009 deceptoris
943 2980 981 3007 (ita
999 2980 1017 3001 Α
1028 2979 1069 3002 BC
1080 2980 1085 3001 l
1096 2980 1121 3007 L)
1139 2979 1155 3001 F

308 3019 442 3047 daemonis,
462 3020 515 3042 edd.
533 3019 681 3043 (leti-actoris.

1277 2430 1287 2442 ⁴
1305 2431 1362 2458 Eph.
1380 2431 1407 2457 G,
1429 2430 1463 2451 11.
1483 2442 1509 2444 -
1529 2428 1633 2451 Subinde
1650 2429 1760 2456 allegatur
1779 2429 1792 2450 Ι.
1811 2428 1868 2450 Petr.
1888 2427 1914 2454 4,
1936 2428 1954 2449 1.
1966 2440 1995 2443 -
2009 2427 2061 2449 {nfe-

1214 2471 1262 2493 rins
1278 2476 1321 2498 pro
1340 2469 1467 2499 depelletur
1486 2469 1525 2496 (ita
1544 2469 1571 2496 H)
1590 2469 1608 2490 A
1619 2469 1634 2490 13
1644 2468 1660 2491 C
1670 2469 1686 2490 L
1704 2467 1843 2497 depellatur,
1856 2467 1910 2489 edd.
1925 2465 2062 2490 debellatur.

1277 2509 1287 2521 ⁵
1304 2509 1357 2531 Sive
1376 2511 1456 2531 auctor
1473 2509 1594 2530 Tractetns
1613 2507 1641 2529 de
1654 2507 1753 2529 interiori
1766 2507 1837 2529 domo
1851 2506 1918 2534 (inter
1929 2511 1999 2534 opera
2013 2506 2063 2527 Ber-

1215 2548 1304 2577 nardi),
1321 2554 1340 2570 c.
1359 2549 1396 2569 22.
1414 2554 1436 2569 n.
1455 2547 1491 2569 44.

1277 2586 1286 2599 ⁶
1304 2588 1363 2609 loen.
1383 2587 1424 2613 19,
1443 2587 1485 2613 30,
1511 2585 1551 2608 ubi
1574 2591 1616 2613 pro
1639 2584 1715 2607 emisit
1732 2585 1751 2606 H
1769 2591 1821 2607 cum
1840 2584 1939 2612 Vulgata
1956 2582 2061 2606 tradidit.

1214 2639 1244 2643 —
1258 2626 1352 2648 inferius
1364 2632 1406 2654 pro
1418 2624 1552 2648 sordidaris
1566 2624 1590 2646 in
1601 2625 1677 2647 mente
1688 2624 1730 2646 AB
1742 2622 1859 2646 sordescis
1870 2623 1895 2645 in
1907 2624 1990 2645 mente.
2005 2621 2062 2645 Cod.

1214 2667 1232 2688 G
1244 2665 1335 2688 exhibet
1352 2664 1383 2687 ibi
1401 2671 1446 2687 non
1464 2664 1536 2686 breve
1553 2664 1749 2690 additamentum,
1767 2663 1788 2684 in
1803 2669 1863 2691 quo,
1876 2662 2002 2690 praemissa
2015 2667 2062 2683 mo-

1214 2705 1301 2727 nitione
1313 2704 1416 2731 Gregorii
1431 2703 1479 2733 [csr.
1490 2703 1581 2725 XXXli.
1595 2702 1670 2724 Moral.
1680 2708 1699 2724 c.
1713 2702 1750 2724 li).
1762 2708 1785 2723 n.
1797 2701 1835 2723 34.
1847 2704 1868 2723 et
1878 2701 1979 2723 xxxin.
1991 2706 2010 2722 e.
2023 2700 2060 2722 39.

1213 2750 1236 2766 11.
1254 2744 1310 2772 68.]‚
1328 2743 1390 2772 qnod
1409 2743 1495 2765 scilicet
1506 2742 1613 2764 diabolus
1630 2741 1704 2769 magis
1722 2741 1744 2762 in
1762 2743 1835 2763 morte
1847 2740 1934 2762 homini
1946 2738 2059 2762 insidiabi-

1214 2785 1263 2809 tur,
1276 2782 1413 2810 proponitur
1427 2782 1506 2809 triplex
1524 2781 1597 2809 ipsius
1613 2781 1716 2808 tentatio,
1731 2786 1814 2808 nempe
1826 2780 1855 2802 de
1869 2779 1925 2806 fide,
1939 2779 1968 2801 de
1979 2779 2062 2806 despe-

1213 2823 1302 2844 ratione
1319 2824 1341 2844 et
1358 2822 1502 2849 apparitione
1519 2820 1603 2843 diaboli
1621 2819 1665 2842 sub
1683 2821 1754 2842 forma
1775 2818 1858 2842 Christi
1875 2819 1975 2840 animam
1993 2817 2061 2840 sedu-

1214 2862 1297 2889 cent1s;
1318 2868 1360 2889 pro
1378 2860 1480 2890 qualibet
1497 2860 1621 2882 tentatione
1637 2859 1705 2882 datur
1727 2859 1830 2881 medium
1850 2857 2021 2884 adhibendum,
2039 2858 2060 2878 et

1214 2901 1373 2923 concluditur:
1391 2900 1434 2928 Qui
1452 2899 1522 2927 igitur
1540 2899 1569 2921 ita
1586 2898 1671 2921 resistit
1682 2900 1735 2926 post
1752 2898 1887 2920 tentationes
1904 2896 1999 2919 habebit
2015 2901 2060 2917 ma-

1214 2946 1283 2968 gnam
1302 2939 1481 2962 consolationem
1500 2941 1521 2960 et
1538 2940 1653 2965 exspectet
1671 2937 1699 2959 de
1716 2937 1811 2959 victoria
1830 2941 1949 2958 coronam.

1277 2978 1285 2991 ⁷
1303 2979 1369 3001 Dent.
1387 2979 1429 3005 32,
1447 2978 1484 3000 20.
1503 2990 1530 2993 --
1550 2977 1661 3004 Superius
1675 2982 1718 3004 pro
1730 2975 1906 3005 familiaritates
1924 2975 1940 2996 Β
1956 2972 2058 3003 familia-

1213 3017 1316 3040 ritatem.

2079 697 2133 720 Not-iu
