2133 3317
10 663 29 703 ¹n,
36 674 93 694 avari-

17 721 90 750 accidia,

13 750 44 768 na,
60 749 91 769 gu-

0 1399 85 1444 una

542 203 739 232 OPUSCULUM
760 204 790 232 X.
813 204 835 232 V
839 205 899 233 [TIS
920 204 1069 233 MYSTICA.
1091 205 1352 235 ADDITAMENTUM
1375 206 1416 234 Vl.

107 292 159 310 mm
176 282 252 312 vidit,
271 288 315 306 nee
333 282 406 306 auris
419 281 519 306 audivit
525 300 532 312 ,
551 288 596 306 uec
606 281 633 306 in
646 288 689 306 cor
702 281 813 306 hominis
830 282 952 314 ascendit,

108 334 169 359 quae
186 325 322 350 humilibus
340 324 520 350 conservatur?
538 323 662 353 Putasne,
682 323 739 349 huic
763 324 857 355 gloriae
884 332 953 349 mun-

107 370 184 395 danae
203 368 255 393 tam
273 367 381 392 incertae
401 374 475 398 quam
492 367 653 392 transitoriae
672 367 781 391 animum
804 367 953 392 inclinaret?

107 413 277 443 Nequaquam.
296 410 341 435 Sed
360 410 425 441 quod
443 410 507 434 tales
526 409 657 439 asserunt,
677 417 702 434 se
715 409 766 434 Deo
779 409 884 438 credere,
899 417 953 441 pro-

106 454 174 481 venit
192 461 221 479 ex
238 453 345 485 quadam
363 453 552 482 consuetudine,
572 453 629 484 quia
648 452 728 478 totum
749 460 810 484 pene
833 452 951 477 mundum

107 498 152 523 tali
170 496 255 522 vident
273 496 298 521 et
316 496 422 521 audiunt
440 496 487 520 fide
507 496 594 520 teneri.
613 495 682 526 Quod
702 496 722 520 si
747 495 884 520 infidelium
909 503 952 520 nu-

106 547 188 565 merus
205 539 336 568 cresceret,
356 539 381 563 et
399 546 486 564 nomen
507 538 601 563 Christi
619 545 668 564 non
688 538 790 570 possent
803 539 855 563 sine
874 545 952 569 poena

105 583 144 608 vel
163 583 214 607 sine
233 582 320 607 timore
339 581 467 612 confiteri,
487 582 560 607 citius
578 582 663 607 audire
682 582 796 611 deberes,
824 589 865 607 eos
888 582 952 613 quod

106 625 176 652 corde
194 625 287 656 gerunt
303 625 391 656 lingua
410 625 542 656 propalare
561 624 586 650 01,
604 632 695 656 negare
714 624 786 649 dictis
805 632 859 649 eum
879 632 951 656 quem

106 668 178 694 factis
197 668 318 699 denegare
337 674 386 693 11011
406 667 496 692 timent
509 668 526 692 ².
544 682 579 686 —
592 668 675 692 Simile
695 667 733 693 est
751 668 780 692 de
793 668 889 699 avaris,
909 668 951 699 qui

85 707 92 712 '
106 710 223 737 caelestes
241 718 291 736 11011
309 711 399 736 curant
417 710 531 741 divitias3
550 711 576 735 et
594 711 623 735 de
642 710 749 740 invidis,
778 711 819 742 qui
837 710 952 735 caritatis

105 754 202 780 laudem
221 754 246 779 et
265 754 401 785 praemium
421 761 470 779 non
489 754 637 783 attendunt,
656 754 682 778 et
700 754 729 778 de
747 754 895 784 iracundis,
909 754 951 785 qui

105 798 129 822 in
149 797 270 829 patientia
289 797 386 821 animas
405 804 463 821 suas
481 804 531 822 non
541 796 669 827 possident
681 794 704 826 ²3
724 796 749 821 et
767 796 795 820 de
809 796 950 828 accidiosis,

104 841 145 872 qui
163 847 208 872 pro
227 840 327 865 aeterno
346 840 471 865 commodo
489 839 586 864 labores
605 839 687 864 subire
706 839 834 870 refugiunt
859 839 951 870 tempo-

102 883 180 913 rales,
200 883 225 907 et
244 883 273 907 de
292 882 445 913 luxuriosis,
460 883 502 914 qui
515 882 662 907 caelestibus
674 882 847 913 voluptatibus
860 881 951 907 mentis

103 926 198 952 oculum
217 933 266 951 non
285 925 430 955 intendunt3
450 925 479 950 de
490 925 588 957 gulosis
601 932 708 956 quoque,
722 925 764 956 qui
778 932 866 956 panem
879 926 950 950 illum

102 969 305 994 delicatissimum
324 969 477 1000 Angelorum
496 968 548 993 suis
561 969 641 999 epulis
660 968 766 993 terrenis
780 969 950 1000 postponunt,

102 1012 170 1044 quia,
191 1012 211 1036 si
230 1019 258 1036 ea
277 1019 339 1043 quae
358 1011 444 1036 futura
463 1011 660 1042 promittuntur,
680 1018 737 1036 vere
755 1011 897 1041 crederent,
911 1019 950 1036 ne-

102 1062 224 1087 quaquam
244 1054 350 1079 terrenis
369 1054 422 1079 tam
445 1054 562 1079 ardenter
586 1054 721 1079 inhiarent.
744 1054 851 1085 Propter
875 1055 951 1079 iucre-

102 1097 232 1122 dulitatem
259 1104 318 1128 ergo
345 1104 415 1121 suam
441 1097 534 1121 dantur
557 1104 606 1122 non
629 1097 709 1122 50111111
735 1097 882 1122 vulnerandi
906 1104 950 1128 per

101 1140 264 1170 tentationes,
284 1140 326 1165 sed
345 1140 420 1165 etiam
440 1140 563 1165 occidendi
582 1147 626 1171 per
643 1141 731 1165 veneni
751 1140 789 1165 sui
802 1140 948 1165 infusionem

101 1183 258 1215 serpentibus
276 1183 363 1215 ignitis
375 1182 393 1212 ³,
413 1183 437 1207 id
456 1183 495 1207 est
513 1183 687 1213 daemonibus,
707 1183 776 1208 illius
800 1184 900 1208 maximi
925 1183 950 1208 et

101 1225 207 1252 tortuosi
226 1226 361 1257 serpentis,
382 1226 455 1257 primi
475 1227 627 1257 perversoris
644 1226 777 1255 ministris,
792 1227 834 1257 qui
846 1226 902 1251 illos
916 1233 950 1250 59-

100 1277 154 1294 cum
174 1269 322 1300 pervertunt
340 1269 365 1293 et
384 1269 503 1294 incendiis
522 1269 630 1294 aeternis
643 1269 772 1299 addicunt,
786 1276 847 1300 quos
865 1269 890 1293 in
904 1269 950 1294 hac

100 1312 153 1338 vita
170 1312 281 1337 incendio
300 1320 401 1337 suarum
421 1320 556 1343 pravarum
574 1312 761 1344 suggestionum
778 1313 950 1344 corrumpunt.

171 1354 231 1379 158.
250 1354 296 1379 Sed
314 1354 453 1379 remedium
472 1355 644 1384 attendamus,
666 1362 710 1386 per
722 1355 787 1386 quod
800 1355 888 1379 vitium
901 1362 950 1380 cre-

101 1397 216 1423 dulitatis
235 1397 371 1423 correctum
391 1397 438 1422 est.
457 1397 526 1422 Dixit
545 1398 610 1422 enim
629 1397 750 1422 Dominus
762 1397 794 1422 ad
812 1397 914 1429 Moysen
926 1394 948 1422 ⁴:

101 1441 158 1467 Fac
175 1441 314 1471 serpentem
342 1447 449 1465 aeneum
473 1441 497 1465 et
515 1447 584 1472 poue
606 1441 634 1465 iu
660 1440 730 1471 liqna
755 1441 848 1471 erecto,
875 1447 950 1471 quem

101 1484 146 1515 qui
165 1483 255 1508 intuiti
282 1482 381 1512 fuerint
404 1490 421 1508 α
445 1483 601 1514 serpentium
623 1483 751 1508 morsibus
776 1483 949 1507 sanabuntur.

102 1526 176 1551 Cuius
201 1526 324 1557 serpentis
349 1525 495 1557 mysterium
523 1526 576 1556 ipse
603 1525 725 1557 benignus
752 1525 824 1550 Iesus
852 1525 950 1550 curavit

101 1576 234 1601 exponere,
254 1568 337 1594 dicens
351 1568 373 1592 ⁵:
394 1568 467 1593 Sicut
484 1568 590 1600 Moyses
609 1569 733 1593 ewaltavc't
756 1570 896 1600 serpentem
922 1569 950 1593 tu

101 1612 212 1644 deserto,
232 1612 271 1637 ita
289 1611 401 1636 exaltari
420 1612 520 1642 oportet
536 1611 640 1636 Filium
660 1611 784 1641 bominis,-
802 1612 833 1636 ut
850 1611 949 1643 omm's,

100 1656 146 1687 qui
164 1655 246 1681 eredit
263 1655 291 1680 iu
315 1655 404 1686 illum,
423 1662 477 1680 nou
491 1655 591 1686 pereat.
610 1654 727 1684 Videsne,
748 1662 865 1686 quorsum
888 1655 950 1680 fera-

100 1699 174 1724 mur?
199 1698 307 1724 Prorsus
331 1698 362 1723 ad
387 1697 526 1723 exaltatum
550 1698 576 1722 in
598 1705 669 1722 cruce
694 1697 829 1729 benignum
851 1698 949 1728 Iesum,

100 1742 142 1774 qui
160 1741 252 1773 optime
272 1741 382 1772 serpenti
401 1748 475 1766 aeneo
494 1741 519 1766 et
538 1740 648 1766 exaltato
661 1740 828 1772 comparatur.
843 1740 950 1772 Serpens

99 1785 164 1810 enim
183 1784 287 1814 dicitur,
306 1784 331 1809 id
349 1784 388 1809 est
406 1784 534 1813 mortalis,
553 1784 612 1815 quia
631 1791 675 1815 per
694 1784 879 1816 suggestionem
902 1792 951 1809 ser-

99 1827 182 1860 pentis
200 1834 270 1852 mors
289 1827 408 1852 introivit
425 1827 453 1852 iu
472 1827 556 1852 orbem
569 1829 594 1857 ⁶,·
613 1834 705 1852 aeneus
722 1834 792 1857 vero,
811 1827 876 1858 quia.
891 1827 951 1852 cari·

99 1870 161 1896 tatis
180 1870 254 1895 simul
273 1870 298 1895 et
317 1871 440 1901 passionis
459 1870 559 1902 ignibus
584 1870 720 1899 conflatus,
749 1870 872 1901 passionis
896 1877 951 1895 san-

99 1914 173 1947 guine
192 1914 348 1943 rubricatus,
367 1914 399 1938 ad
418 1914 517 1939 modum
535 1914 600 1938 aeris
624 1914 650 1938 in
676 1913 855 1938 resurrectione
879 1913 952 1938 indu-

99 1957 171 1983 ratus
190 1957 242 1989 est,
262 1957 320 1989 quia
332 1957 403 1982 ultra
422 1964 475 1982 nou
492 1957 604 1981 moritur
617 1955 634 1981 ⁷.
655 1956 792 1982 Exaltatio
806 1957 889 1982 autem
903 1964 952 1982 ser-

100 1999 183 2032 pentis
208 1999 386 2025 exaltationem
412 1999 521 2024 crucifixi
548 1999 606 2024 boni
633 1999 692 2024 Iesu
715 1999 818 2031 figurat.
841 2000 888 2024 Hic
913 1999 952 2024 est

100 2049 216 2074 serpens,
236 2049 309 2074 quem
328 2042 448 2067 increduli
467 2050 482 2067 a
500 2042 617 2074 malignis
635 2042 793 2073 serpentibus
812 2042 950 2067 vulnerati,

100 2085 132 2110 ad
151 2085 323 2110 credulitatem
342 2086 466 2114 conversi,
487 2085 508 2110 si
526 2085 615 2110 volunt
628 2085 735 2115 salvari,
754 2085 876 2116 respicere
889 2092 951 2110 com-

100 2128 242 2154 monentur.
262 2128 355 2154 Potens
374 2128 438 2153 enim
458 2128 497 2153 est
515 2135 619 2159 serpens
636 2127 684 2153 iste
703 2128 732 2153 de
750 2129 822 2160 virga
850 2128 929 2160 Moysi
941 2128 951 2142 ⁸

102 2171 308 2197 transformatus.
321 2171 370 2196 Per
381 2172 482 2203 virqam
490 2191 497 2203 ‚
507 2178 569 2203 (11199
583 2171 622 2196 est
634 2171 731 2203 insigne
744 2171 853 2203 regium,
867 2171 952 2196 Deum

101 2214 226 2246 intellige3
246 2221 290 2246 per
308 2215 448 2245 serpentem
466 2221 538 2243 vero,
558 2214 627 2239 cuius
645 2213 803 2246 suggestione
817 2214 891 2245 primi
910 2221 952 2245 pa-

101 2257 185 2282 rentes
204 2257 297 2283 mortui
316 2257 389 2287 sunt,
409 2257 537 2282 hominem
548 2256 685 2282 mortalem
697 2257 787 2288 accipe.
799 2257 899 2282 Mutata
912 2257 951 2282 est

101 2301 173 2332 virga
192 2300 218 2325 in
237 2300 390 2331 serpentem,
410 2300 507 2331 quando
523 2300 632 2325 Verbum
645 2306 704 2325 earo
718 2299 814 2330 factum
834 2301 870 2325 est
882 2302 899 2331 ⁹,
913 2307 951 2325 95-

101 2350 200 2368 sumens
220 2343 285 2375 quod
303 2350 352 2368 non
371 2343 437 2372 erat,
456 2343 480 2368 id
499 2343 538 2368 est
556 2342 750 2372 humanitatem,
770 2350 873 2368 manens
886 2343 950 2374 quod

164 2459 171 2472 ¹
191 2460 234 2482 Til.
245 2460 266 2487 4,
277 2460 304 2482 16
313 2468 318 2482 :
327 2459 475 2488 Confitentur,
487 2466 512 2482 se
524 2466 590 2482 nosse
600 2460 680 2487 Deum,
693 2461 757 2483 sactis
768 2464 845 2484 autern
856 2464 948 2490 negant.

164 2490 173 2504 ⁹
195 2492 249 2514 Luc.
274 2492 315 2518 2Ι,
341 2491 380 2513 ¹9:
407 2492 428 2514 ln
453 2491 559 2520 patientia
586 2495 661 2513 vestra
688 2492 836 2520 possidebilis
860 2493 949 2515 animas

102 2525 198 2545 vestras.

164 2553 173 2566 ³
190 2554 257 2576 Num.
280 2554 322 2580 21,
346 2554 373 2576 6:
394 2553 551 2582 Quamobrem
574 2554 635 2576 misit
657 2554 768 2577 Dominus
790 2555 812 2577 in
836 2555 948 2583 populum

102 2585 187 2613 ignitos
204 2588 322 2613 serpentes
338 2588 381 2607 etc.

164 2615 174 2628 ⁴
191 2616 258 2638 Num.
275 2617 300 2638 21
311 2633 317 2643 ,
334 2617 360 2638 8:
378 2616 421 2638 Fac
438 2619 569 2644 serpentem
593 2622 691 2638 aeneum
709 2619 731 2639 et
747 2623 807 2645 pone
828 2624 882 2639 eum
905 2624 947 2645 pro

101 2647 181 2690 signo⁵;
192 2647 237 2700 Ι(1111
255 2653 378 2700 0919111545115
394 2648 507 2675 aspexerit
524 2653 577 2669 eum
595 2647 665 2670 vivet.

200 2684 252 2700 oan.
269 2680 282 2700 3
343 2695 349 2700 .
366 2684 390 2701 59
409 2695 415 2700 .

164 2708 174 2721 ⁴³
192 2710 245 2737 Sap.
266 2695 294 2736 2,,
310 2709 347 2732 24.
364 2685 469 2737 Αιξῖἕυ5ῑ.,
486 2709 509 2732 in
526 2710 586 2732 ioan.
604 2710 690 2737 Evang.
702 2713 730 2732 tr.
744 2710 780 2732 12.
796 2716 818 2732 n.
836 2710 874 2732 ll:
892 2710 948 2739 Quis

103 2743 137 2763 est
153 2746 248 2768 serpens
266 2741 391 2763 exaltatus?
408 2741 468 2763 Mors
485 2741 575 2763 Domini
594 2741 615 2762 in
633 2747 709 2763 cruce.
721 2741 777 2769 Quia
794 2741 855 2763 enim
874 2747 886 2763 9
903 2748 948 2764 scr-

102 2774 172 2800 pente
189 2778 265 2800 morS,
283 2777 324 2799 per
341 2772 454 2800 serpentis
471 2772 570 2800 effigiem
589 2772 686 2800 figurata
704 2776 738 2794 est
757 2775 800 2795 etc.
816 2784 847 2789 ·—
864 2773 906 2795 Pro
924 2772 948 2795 id

103 2804 136 2826 est
152 2802 262 2826 mortalis
280 2803 317 2831 (ita
335 2803 362 2831 A)
380 2803 417 2826 ed.
437 2804 444 2825 1
466 2806 488 2826 et
505 2804 559 2826 Bon.
577 2802 698 2832 mortifer,
711 2803 750 2825 ubi
761 2804 818 2826 Bon.
830 2804 947 2833 prosequi-

103 2837 151 2856 tur:
169 2834 230 2862 quia,
248 2834 307 2856 sicut
329 2840 370 2862 per
386 2835 559 2862 suggestionem
577 2835 689 2862 serpentis
713 2839 778 2857 mors
804 2834 901 2858 intravit
923 2834 948 2858 in

103 2863 182 2888 orbem
200 2866 333 2892 terr-urum,
354 2865 383 2888 ita
401 2871 442 2893 per
460 2866 533 2888 lesum
563 2874 573 2886 α
586 2872 648 2888 mors
669 2868 757 2888 mortua
781 2868 835 2888 tunc
860 2869 906 2893 est,
925 2867 946 2888 in

103 2896 164 2924 ligno
181 2896 275 2924 quando
292 2899 381 2919 mortua
399 2896 445 2918 vita
464 2897 527 2919 suit»
547 2897 643 2925 (antiph.
662 2897 670 2918 1
692 2897 722 2919 ad
739 2896 829 2919 Laudes
852 2897 872 2919 in
891 2898 946 2920 sesto

104 2927 246 2950 Exaltationis
257 2928 281 2950 S.
300 2927 398 2956 Crucis).

166 2957 174 2971 ⁷
192 2959 258 2980 Rom.
275 2958 302 2986 6,
319 2958 341 2980 9.
358 2958 402 2981 Csr.
419 2958 506 2985 isidor„
523 2959 566 2987 Qq.
584 2959 607 2981 in
633 2962 698 2981 vetus
720 2961 810 2981 testam.
834 2959 855 2981 in
879 2960 946 2982 Num.

104 2994 124 3012 c.
141 2989 178 3012 36.
196 2989 291 3017 (Mansio
308 2989 356 3018 36.)
374 2996 396 3012 n.
414 2990 435 3011 3.
452 3002 482 3006 -
499 2990 542 3012 Pro
558 2989 621 3013 aeris
639 2990 656 3012 A
674 2989 734 3013 aeni.

1784 230 1786 234 ,
1802 208 1857 237 ⁹223

1010 283 1078 312 erat,
1098 283 1122 308 id
1140 284 1179 309 est
1207 284 1281 309 Deus.
1311 284 1378 309 Sicut
1406 292 1464 317 ergo
1489 285 1569 310 factus
1599 293 1700 317 serpens
1729 293 1857 317 magorum

1010 325 1189 357 Aegyptiorum
1213 328 1340 358 serpentes
1359 327 1487 353 devoravit
1500 327 1533 358 ως
1553 328 1587 353 510
1607 328 1673 353 1)9115
1692 328 1772 353 factus
1787 328 1858 354 1101110

1010 369 1163 394 1111111190111111
1191 370 1377 401 suggerentium
1407 372 1507 402 peccata
1537 371 1684 403 fraudesque
1715 372 1857 401 evacuavit,

1010 412 1114 436 maxime
1133 412 1228 441 tamen,
1248 420 1303 437 cum
1322 414 1388 438 esset
1406 414 1531 439 exaltatus
1559 415 1584 439 in
1609 421 1693 444 cruce,
1718 422 1772 439 cum
1801 422 1859 439 san-

1009 454 1092 485 guinis
1115 455 1154 479 sui
1178 455 1251 480 flores
1274 456 1415 481 ostenderet
1442 457 1467 481 et
1495 457 1595 488 florum,
1619 457 1712 482 scilicet
1734 457 1857 482 virtutum

1010 503 1126 528 suarum,
1146 497 1244 522 odorem
1263 505 1307 529 per
1325 498 1406 523 totum
1434 500 1553 524 mundum
1581 499 1717 525 effunderet
1739 501 1764 525 et
1783 501 1856 525 corda

1009 539 1202 571 quibuscumque
1221 541 1289 565 vitiis
1308 542 1440 566 vulnerata
1459 542 1568 567 sanaret.

1081 582 1140 607 159.
1160 583 1329 614 Respiciamus
1348 584 1425 615 igitur
1444 585 1469 609 et
1495 593 1540 610 nos
1565 586 1593 610 iu
1615 585 1706 616 faciem
1731 587 1854 618 serpentis

1009 626 1077 650 aenei
1096 626 1198 655 elevati,
1221 625 1318 651 Christi
1332 625 1350 639 ¹¹
1369 628 1449 652 nostri
1468 628 1589 657 crucifixi,
1609 630 1630 653 si
1646 629 1760 654 volumus
1772 637 1787 654 a
1801 637 1855 660 pra-

1009 676 1096 694 vorum
1115 669 1261 694 daemonum
1280 670 1481 701 suggestionibus
1500 671 1650 703 serpentinis
1674 672 1783 697 liberari.
1808 673 1856 697 Re-

1008 711 1102 742 spicere
1121 711 1204 736 autem
1224 712 1271 737 fide
1290 713 1315 737 in
1328 713 1410 744 ipsum
1424 714 1523 739 tendere
1536 715 1588 743 est,
1608 715 1672 746 quod
1685 722 1734 740 non
1747 715 1854 744 infirma,

1009 754 1051 779 sed
1070 754 1129 780 forti
1147 755 1173 779 et
1192 755 1301 786 perfecta
1324 755 1371 781 fide
1396 757 1542 788 completur.
1567 757 1631 782 Sunt
1653 758 1717 782 enim
1743 758 1855 789 quidam,

1008 798 1050 829 qui
1069 798 1166 829 quidem
1180 805 1220 823 ore
1233 799 1397 831 confitentur,
1411 800 1527 831 quoniam
1541 800 1676 825 Christiani
1690 802 1761 831 sunt,
1778 800 1856 831 factis

1008 842 1093 865 autem
1111 842 1208 872 oze-qaut
1221 839 1255 871 ¹²,·
1273 849 1334 872 quos
1353 849 1401 867 non
1421 842 1481 873 puto
1501 842 1548 867 fide
1561 843 1661 868 tendere
1674 844 1699 868 in
1712 844 1855 869 crucifixum

1008 884 1075 915 pium
1088 884 1181 909 Iesum.
1195 898 1228 901 —-
1239 884 1273 908 Ut
1285 884 1369 909 autem
1382 885 1426 910 hoc
1436 892 1480 916 per
1490 886 1676 911 similitudinem
1689 887 1771 918 aliquo
1785 887 1854 912 modo

1008 926 1179 958 ostendamus,
1200 927 1287 952 similis
1306 927 1344 952 est
1363 927 1423 952 fides
1442 929 1513 957 vino,
1532 929 1597 960 quod
1616 929 1715 954 tantum
1740 930 1791 954 vini
1816 937 1855 955 co-

1007 970 1084 994 lorem
1106 970 1193 999 habet,
1207 970 1249 994 sed
1268 977 1282 994 a
1301 971 1353 995 veri
1372 971 1423 995 vini
1442 978 1529 1001 sapore
1543 970 1568 995 et
1580 971 1675 996 viribus
1687 972 1726 996 est
1738 972 1855 997 alienum.

1008 1012 1085 1041 Quale
1103 1013 1189 1037 vinum
1207 1020 1257 1038 non
1276 1013 1347 1038 credo
1366 1012 1432 1038 fideli
1451 1013 1502 1038 Deo
1521 1013 1663 1044 acceptum,
1678 1014 1720 1039 sed
1739 1015 1810 1046 quale
1830 1015 1855 1039 in

1008 1055 1109 1080 Cantico
1128 1056 1279 1081 canticorum
1299 1056 1428 1085 laudatur,
1449 1056 1491 1081 ubi
1503 1057 1556 1088 ipse
1569 1056 1679 1088 Sponsus
1692 1057 1723 1081 ad
1737 1064 1855 1088 sponsam

1007 1098 1180 1124 commendans
1199 1099 1235 1123 ait
1249 1097 1281 1123 ¹³:
1304 1098 1402 1124 Guttur
1425 1100 1497 1124 tuum
1521 1100 1587 1125 sicut
1610 1100 1698 1125 viuum
1723 1101 1856 1131 optimum.

1007 1141 1040 1166 Et
1059 1142 1103 1166 illa
1122 1141 1209 1166 statim
1228 1141 1374 1172 respondet:
1395 1142 1513 1173 Dignum
1532 1142 1622 1167 dilecto
1641 1150 1695 1168 meo
1715 1143 1750 1168 act
1762 1144 1856 1174 potan-

1007 1184 1068 1209 dum
1087 1185 1111 1209 et
1128 1184 1246 1209 dentibus
1265 1185 1319 1210 eius
1348 1185 1383 1210 ad
1409 1185 1610 1215 rmnfflaazdmm
1633 1186 1658 1211 et
1682 1186 1740 1217 post
1763 1194 1854 1218 pauca:

1007 1227 1098 1258 Dabo,
1118 1227 1213 1258 inquit,
1234 1227 1281 1252 tibi
1298 1228 1387 1252 vinum
1404 1227 1534 1253 eonditum
1554 1229 1577 1253 et
1595 1230 1708 1254 mustum
1726 1229 1856 1254 malorum

1007 1271 1179 1301 qrauatorum
1197 1277 1320 1295 meorum.
1340 1271 1413 1300 Ecce,
1434 1272 1507 1302 quale
1525 1272 1610 1296 vinum
1629 1272 1677 1296 erit
1696 1272 1796 1303 placens
1819 1272 1856 1296 di-

1007 1313 1083 1345 lecto,
1103 1313 1128 1338 91,
1146 1313 1211 1345 (1110(1
1229 1314 1255 1338 111
1274 1321 1381 1338 9111019111
1410 1314 1490 1339 nostri
1513 1315 1584 1339 illum
1607 1315 1739 1344 accendat,
1764 1315 1856 1340 scilicet

1008 1356 1092 1381 vinum
1111 1356 1245 1387 optimum,
1264 1356 1329 1387 quod
1347 1357 1386 1381 est
1405 1356 1465 1381 fides
1484 1357 1607 1388 perfecta,
1627 1357 1706 1382 cordis
1732 1358 1856 1382 sententia

1007 1398 1032 1423 et
1052 1399 1102 1423 oris
1120 1398 1271 1423 confessione
1291 1398 1385 1429 pariter
1404 1399 1567 1424 concordante
1581 1398 1608 1424 ¹⁴.
1628 1399 1661 1424 Et
1674 1400 1739 1431 quod
1751 1400 1855 1425 dicitur:

1007 1441 1082 1466 Dabo
1102 1441 1149 1466 tibi
1167 1441 1254 1466 rimam
1274 1442 1420 1473 conditum,
1434 1441 1495 1466 fides
1514 1442 1584 1467 bonis
1598 1443 1721 1468 virtutum
1741 1443 1856 1474 operibus

1007 1484 1105 1509 condita
1124 1483 1150 1509 et
1168 1484 1303 1509 exercitata
1321 1485 1481 1516 intelligitur.
1500 1485 1554 1510 Tali
1572 1485 1619 1510 fide
1638 1486 1750 1511 tenditur
1775 1486 1800 1511 et
1818 1487 1856 1511 in-

1007 1527 1118 1552 tenditur
1128 1528 1153 1552 in
1166 1527 1233 1558 pium
1244 1527 1331 1557 Deum,
1344 1535 1395 1552 uon
1406 1527 1456 1558 fide
1468 1527 1530 1558 ficta
1540 1526 1559 1540 ¹⁵
1572 1529 1736 1560 operibusque
1748 1530 1855 1559 carente,

1006 1570 1061 1595 sine
1079 1570 1172 1601 quibus
1190 1570 1252 1600 fides
1271 1571 1375 1595 mortua
1394 1572 1437 1596 est.
1457 1571 1550 1596 Demus
1574 1579 1632 1603 ergo
1658 1572 1746 1597 dilecto
1769 1572 1855 1598 nostro

1007 1612 1100 1643 optimo
1118 1612 1177 1637 Iesu
1196 1613 1281 1638 vinum
1300 1613 1422 1644 optimum
1440 1613 1497 1639 fidei
1516 1613 1638 1645 perfectae
1666 1614 1691 1639 et
1710 1615 1793 1640 vinum
1820 1615 1856 1640 di-

1007 1656 1086 1680 versis
1105 1656 1228 1681 virtutum
1248 1657 1402 1682 aromatibus
1421 1664 1577 1689 saporosum,
1606 1658 1632 1682 et
1657 1658 1691 1683 sic
1714 1658 1856 1683 intueamur

1007 1699 1033 1723 in
1052 1698 1139 1724 faciem
1157 1699 1217 1729 eius,
1238 1706 1282 1731 pro
1302 1699 1373 1725 nobis
1391 1700 1423 1725 ad
1441 1700 1628 1726 similitudinem
1647 1701 1771 1732 serpentis
1789 1702 1856 1726 aenei

1007 1742 1033 1766 in
1052 1749 1122 1767 cruce
1142 1743 1264 1773 suspensi.
1284 1742 1318 1767 Et
1342 1743 1438 1774 quoties
1462 1744 1567 1769 alicuius
1590 1744 1748 1775 serpentinae
1773 1744 1856 1769 tenta-

1007 1783 1083 1809 tionis
1101 1791 1185 1809 morsu
1202 1792 1247 1810 1105
1266 1786 1453 1816 cognoverimus
1472 1786 1628 1815 vulneratos,
1648 1786 1679 1811 ad
1692 1793 1787 1811 crucem
1801 1794 1857 1812 eur-

1008 1834 1093 1852 ramus
1111 1826 1137 1852 et
1155 1827 1191 1852 ad
1209 1827 1329 1852 thronum
1347 1829 1426 1853 crucis
1445 1829 1590 1860 quandoque
1608 1829 1770 1861 ignominiae,
1789 1837 1855 1855 nuuc

1008 1877 1118 1894 summae
1137 1870 1231 1902 gloriae
1244 1871 1393 1896 accedamus
1403 1870 1430 1902 ¹⁶,
1450 1871 1474 1896 et
1492 1872 1539 1896 fide
1558 1872 1583 1896 et
1602 1879 1645 1903 spe
1663 1872 1689 1897 et
1707 1872 1811 1897 caritate
1829 1872 1856 1897 11-

1008 1912 1147 1938 beratorem
1166 1913 1305 1944 piissimum
1324 1914 1493 1944 intendentes,
1514 1922 1558 1946 per
1576 1914 1680 1940 mortem
1700 1915 1780 1941 nostri
1807 1923 1855 1941 ser-

1009 1955 1103 1987 pentis,
1122 1956 1164 1987 qui
1183 1956 1288 1981 mortem
1307 1957 1404 1988 antiqui
1422 1957 1545 1989 serpentis
1558 1958 1658 1988 occidit,
1672 1965 1687 1983 a
1702 1958 1855 1990 serpentium

1009 1999 1131 2024 morsibus
1150 1999 1266 2031 petamus
1284 1999 1310 2025 et
1328 1999 1493 2025 obtinebimus
1511 2000 1620 2026 liberari.

1336 2085 1419 2110 CAPUT
1440 2085 1528 2111 XLVI.

1091 2171 1131 2196 De
1149 2170 1236 2201 fructu
1254 2172 1314 2197 vitis
1331 2173 1435 2197 nostrae
1452 2179 1496 2198 seu
1518 2171 1615 2198 Christi
1630 2180 1682 2204 pro
1700 2173 1773 2199 uobis

1283 2215 1359 2245 passi
1377 2216 1400 2240 et
1417 2215 1533 2246 crucifixi
1543 2213 1570 2240 ¹⁷.

1079 2299 1138 2325 160.
1158 2300 1220 2330 Quia
1239 2301 1339 2326 docente
1359 2302 1384 2327 et
1401 2301 1518 2331 ducente,
1547 2302 1575 2327 ut
1603 2310 1688 2334 spero,
1717 2310 1762 2328 nos
1790 2303 1853 2328 bono

1007 2342 1078 2373 Iesu,
1102 2343 1161 2368 duce
1187 2344 1280 2375 optimo
1308 2344 1332 2369 et
1357 2344 1467 2374 doctore,
1493 2345 1650 2377 prolixiorem
1675 2346 1754 2371 multo
1779 2353 1854 2377 quam

1068 2460 1077 2474 Β
1095 2462 1164 2484 Exod.
1181 2462 1207 2490 7,
1229 2462 1267 2484 10:
1285 2462 1348 2490 Quae
1366 2462 1450 2491 [virga]
1468 2468 1534 2485 versa
1551 2465 1585 2485 est
1602 2463 1623 2484 in
1636 2462 1766 2486 colubrum.

1068 2491 1078 2504 ⁹
1096 2494 1156 2515 loan.
1178 2493 1183 2515 1
1196 2511 1200 2521 ,
1221 2493 1254 2515 14.
1264 2492 1310 2515 Ct'r.
1321 2499 1391 2521 supra
1404 2499 1457 2521 pag.
1474 2494 1526 2521 160,
1539 2496 1591 2516 nota
1604 2495 1626 2516 2.
1638 2494 1709 2516 verba
1724 2495 1852 2522 Augustini.

1067 2523 1087 2536 ¹⁰
1104 2524 1148 2546 Crr.
1166 2525 1235 2547 Exod.
1248 2524 1261 2546 7
1270 2541 1275 2551 ,
1294 2525 1329 2546 12.
1344 2525 1400 2547 Vide
1413 2525 1499 2552 isidor„
1512 2525 1554 2554 Qq.
1567 2525 1590 2547 in
1602 2528 1668 2548 vetus
1679 2529 1769 2548 testam.
1783 2526 1852 2549 Exod.

1005 2561 1025 2577 c.
1045 2556 1082 2577 12.
1100 2561 1120 2577 n.
1142 2556 1186 2577 1-3.

1068 2585 1086 2598 ¹²
1105 2586 1187 2608 Psalm.
1204 2587 1247 2613 83,
1265 2587 1306 2608 ⁴0:
1325 2587 1421 2614 Respice
1439 2587 1461 2609 iu
1478 2587 1559 2609 faciem
1577 2587 1658 2610 Christi
1676 2588 1716 2610 tui.

1068 2616 1087 2629 ¹²
1106 2618 1149 2639 Tit.
1169 2618 1176 2639 l
1189 2634 1194 2644 ,
1213 2618 1248 2639 46.
1267 2617 1312 2640 Cfr.
1329 2624 1398 2645 supra
1417 2621 1468 2640 nota
1490 2618 1508 2640 1.
1531 2630 1561 2635 —-
1578 2619 1672 2641 inferius
1695 2622 1746 2647 post
1767 2619 1852 2643 similis

1004 2650 1039 2671 est
1055 2649 1110 2671 Bon.
1128 2655 1180 2671 cum
1199 2649 1235 2671 ed.
1254 2649 1262 2671 sl
1284 2649 1349 2671 addit
1366 2649 1428 2671 enim
1451 2651 1584 2676 (eormn.⁹).

1067 2678 1086 2692 ¹³
1103 2679 1158 2708 Cap.
1176 2680 1203 2707 7,
1222 2680 1248 2707 9,
1267 2679 1306 2702 ubi
1323 2680 1392 2702 etiam
1409 2686 1457 2709 seq.
1475 2681 1551 2707 loeus,
1568 2685 1589 2703 el
1606 2681 1690 2703 deinde
1708 2682 1733 2709 8,
1759 2682 1784 2708 2,
1813 2681 1852 2704 ubi

1005 2710 1114 2739 Vulgata,
1131 2717 1202 2739 quam
1220 2711 1275 2733 Bon.
1292 2711 1407 2740 sequitur:
1424 2711 1489 2734 Dabo
1506 2711 1546 2734 tibi
1563 2712 1672 2740 poculum
1689 2719 1715 2735 ex
1733 2713 1786 2735 vino
1801 2718 1852 2736 con-

1004 2741 1052 2764 dito
1069 2745 1091 2764 et
1108 2745 1209 2764 mustum
1228 2743 1341 2765 malorum
1360 2745 1401 2765 etc.

1067 2772 1086 2785 ¹⁴
1103 2773 1170 2795 Rom.
1189 2773 1229 2800 lo,
1256 2773 1296 2795 40:
1313 2773 1388 2796 Corde
1408 2774 1468 2796 enim
1491 2773 1592 2796 creditur
1613 2774 1643 2797 ad
1668 2774 1789 2802 iustitiam,
1811 2781 1852 2798 ore

1004 2807 1080 2826 autem
1098 2804 1210 2826 consessio
1228 2804 1252 2826 fit
1269 2804 1297 2827 ad
1315 2804 1418 2827 salutem.
1435 2817 1466 2821 —
1483 2805 1537 2827 Bou.
1559 2806 1717 2834 prosequitur:
1741 2807 1766 2829 Et
1788 2807 1851 2835 quod

1003 2835 1099 2858 dicitur:
1119 2834 1181 2858 Dabo
1199 2834 1241 2858 tibi
1254 2835 1368 2865 poculum
1385 2842 1416 2859 ezr.
1433 2836 1487 2859 rino
1504 2835 1608 2864 condito,
1627 2837 1685 2860 fides
1701 2841 1744 2860 etc.

1063 2865 1086 2919 ξ
1104 2866 1173 2894 Epist.
1191 2867 1206 2888 l.
1224 2866 1284 2889 Tim.
1303 2867 1327 2894 l,
1345 2867 1367 2890 5.
1384 2866 1440 2890 Cod.
1457 2868 1474 2890 A
1492 2873 1540 2891 mm
1557 2867 1602 2897 fide
1619 2867 1665 2891 vili.
1689 2881 1720 2885 —
1742 2869 1851 2898 Sequitur

1004 2897 1047 2920 lac.
1086 2914 1091 2924 ,
1108 2898 1146 2919 26.

1066 2927 1085 2943 ¹⁰
1102 2927 1170 2951 Hebr.
1189 2928 1215 2956 4,
1233 2928 1274 2951 46:
1297 2928 1413 2952 Adeamus
1430 2935 1486 2958 ergo
1503 2936 1556 2953 cum
1582 2930 1664 2953 fiducia
1688 2931 1716 2954 ad
1742 2932 1850 2954 thronum

1003 2959 1099 2987 gratiae.

1066 2989 1085 3003 ²⁷
1102 2990 1158 3013 Cod.
1176 2991 1193 3013 A
1211 2992 1269 3014 hanc
1286 2990 1402 3014 rubricam
1420 2992 1511 3015 omittit.

1872 592 1963 611 Hortatio.

1871 891 1929 918 rides⁴
1936 891 2002 910 simius

1912 919 1963 934 vulo·
