2133 3317
115 1592 213 1611 Confessio
223 1591 250 1610 in·

116 1615 249 1635 sufficientiae.

142 1921 231 1940 Rationes

131 1945 245 1964 confidendi.

915 394 1223 431 OPUSOULUM
1249 394 1358 430 XIX.

538 534 1076 599 EPISTOLAE
1121 532 1691 598 OFFIOIALES
1716 525 1738 596 ¹.

1034 709 1073 723 ὥ

590 1066 745 1095 EPISTOLA
767 1066 784 1094 l.

262 1163 289 1191 S.
303 1163 524 1194 Bonavenlura,
536 1161 640 1189 electus
651 1160 782 1188 Minister
796 1159 951 1197 yeneralts,
964 1159 1005 1188 act
1015 1167 1113 1188 omnes

340 1209 491 1237 Minislros
502 1207 699 1245 provinciales
713 1210 739 1236 et
752 1207 889 1236 Custodes
903 1206 1024 1235 Ordinis
1036 1207 1113 1234 Fra-

341 1259 421 1284 trum
442 1255 592 1283 Minoruni
604 1255 624 1282 ².

345 1351 369 1377 1,
393 1349 421 1378 lu
443 1349 553 1377 Christo
575 1348 625 1377 sihi
649 1347 800 1377 carissimis
821 1347 954 1376 Ministris
974 1350 1002 1376 et
1016 1347 1115 1375 Custo-

261 1398 344 1426 dibus
359 1397 506 1430 universis,
519 1396 613 1424 Frater
629 1395 831 1429 Bonaventura,
846 1394 958 1423 Ordinis
974 1394 1111 1423 Minorum

263 1444 400 1482 generalis
432 1443 554 1472 Minister
587 1446 614 1471 et
648 1450 760 1476 servus,
789 1442 906 1470 salutem
935 1444 961 1470 et
991 1450 1112 1478 pacem,

263 1500 338 1529 quae
359 1494 518 1527 exsuperat
539 1498 651 1518 omnem
671 1497 798 1517 sensum.

344 1538 417 1566 Licet
447 1536 670 1565 insufficientiam
698 1543 787 1564 meam
816 1535 850 1563 ad
874 1534 1021 1564 ferendum
1042 1542 1114 1563 onus

266 1584 425 1622 impositum
449 1591 643 1620 cognoscerem
666 1582 824 1616 manifeste,
854 1584 968 1618 propter
989 1581 1115 1610 debilita-

264 1635 320 1661 tem
342 1631 482 1668 corporis,
498 1630 734 1666 imperfectionem
750 1629 866 1663 mentis,
882 1628 1113 1665 inexperientiam

263 1677 378 1707 actionis
408 1681 436 1706 et
456 1676 593 1714 propter-⁰³
616 1676 828 1713 repugnantiam
850 1675 1016 1709 voluntatis;
1049 1674 1115 1711 quia

264 1728 355 1754 tamen
378 1725 490 1753 (lurum
512 1727 551 1752 est
572 1727 676 1752 contra
696 1723 851 1751 stimulum
876 1721 1034 1750 calcitrare
1056 1725 1115 1750 tan-

264 1776 308 1801 tae
329 1771 550 1809 congregationis
571 1773 599 1799 et
620 1770 724 1798 Summi
749 1769 902 1804 Pontificis,
924 1777 955 1798 ac
982 1777 1031 1806 per
1063 1769 1115 1797 hoc

264 1822 291 1848 et
308 1818 433 1847 altissimi
456 1818 503 1847 Dei
527 1817 661 1846 voluntati
678 1817 856 1854 pertinaciter
872 1816 1041 1850 resistendo;
1057 1823 1116 1844 sar-

264 1866 342 1895 cinae
363 1866 441 1903 gravi
464 1868 491 1894 et
513 1865 592 1902 quasi
623 1864 792 1901 importabili
826 1864 959 1892 humeros
982 1863 1115 1900 supposui

266 1913 435 1947 imbecilles,
458 1920 573 1949 sperans
594 1912 628 1940 de
649 1911 787 1940 adiutorio
809 1911 922 1940 virtutis
936 1910 1117 1947 Omnipoten-

266 1960 301 1989 tis
322 1963 349 1989 et
370 1960 512 1989 confidens
533 1959 566 1987 de
588 1958 757 1987 adminiculo
783 1961 892 1987 vestrae
923 1956 1117 1986 sollicitudinis

265 2008 292 2036 in
324 2007 351 2036 id
383 2007 483 2044 ipsum.
516 2007 583 2034 Nam
615 2005 665 2034 etsi
685 2006 697 2022 4
728 2006 763 2034 sit
801 2004 971 2041 impossibile
1010 2004 1116 2032 homini

266 2056 526 2091 quantumcumque
555 2052 635 2086 forti,
664 2052 802 2081 industrio
830 2055 857 2080 et
885 2054 1003 2088 experto
1031 2054 1115 2080 totam

267 2100 334 2129 tanti
356 2100 449 2129 oneris
471 2099 607 2128 sarcinam
630 2099 688 2127 suis
710 2099 836 2127 humeris
864 2098 1004 2132 baiulare,
1026 2098 1048 2126 si
1077 2100 1118 2126 ta-

268 2155 346 2181 men,
368 2147 456 2175 divisa
478 2146 505 2174 in
526 2149 620 2182 partes
642 2149 668 2174 et
691 2145 816 2174 humeris
845 2145 973 2182 imposita
993 2145 1118 2173 diverso-

267 2202 348 2228 rum,
366 2193 481 2222 viriliter
496 2201 512 2221 a
527 2193 651 2229 quolibet
665 2195 857 2229 comportetur
869 2192 889 2226 ⁵,
905 2200 959 2220 non
975 2194 1016 2220 est
1030 2199 1117 2228 quan-

334 2402 341 2414 ¹
361 2403 383 2424 lu
402 2403 515 2430 opusculo
533 2402 594 2424 XlX.
612 2408 665 2424 cum
684 2402 748 2424 titulo
761 2401 880 2430 Epistolae
897 2400 1007 2430 officiales
1024 2407 1120 2428 compo-

270 2442 360 2464 suimus
383 2442 404 2463 in
424 2448 495 2464 unum
519 2442 595 2463 locum
620 2441 668 2463 illas
691 2441 813 2468 Epistulas,
837 2446 895 2468 quas
918 2441 941 2462 S.
958 2440 1119 2462 Bonaventura

270 2481 358 2503 ratione
375 2481 442 2503 officii
461 2480 495 2503 sui
518 2480 616 2508 scripsit.
638 2480 713 2507 Aliae,
736 2482 761 2501 ut
781 2480 879 2507 Epistola
900 2479 929 2501 ad
953 2479 1119 2501 innominatum

271 2520 407 2548 magistrum
420 2520 546 2548 pluresque
557 2520 675 2546 asceticae,
685 2519 801 2547 privatum
812 2519 889 2546 potius
901 2521 1019 2541 auctorem
1031 2524 1122 2546 reprae-

270 2563 367 2582 sentant.
385 2572 416 2576 —
433 2559 507 2581 Prima
525 2561 547 2581 et
564 2559 665 2581 secunda
681 2559 780 2586 Epistola
794 2557 908 2580 habentur
926 2558 994 2580 etiam
1013 2558 1034 2580 in
1054 2558 1121 2580 Wad-

271 2600 342 2627 dingo
360 2602 382 2621 et
398 2605 425 2621 ex
442 2605 469 2621 eo
487 2600 577 2621 sumtae
594 2598 614 2620 in
632 2597 785 2625 Clironologia
810 2597 995 2625 historico-legali
1019 2603 1072 2625 pag.
1092 2597 1121 2619 29

271 2645 335 2667 seqq.
355 2638 428 2660 Prima
446 2637 562 2659 invenitur
574 2637 635 2665 apud
650 2637 790 2664 Wadding„
804 2637 901 2658 Annales
913 2637 936 2658 ll.
949 2642 1003 2664 pag.
1023 2636 1077 2663 159,
1089 2642 1122 2658 se-

273 2677 347 2700 cunda
365 2683 420 2705 pag.
433 2677 484 2698 ⁵290.
498 2677 584 2699 Textus
597 2677 617 2698 iu
632 2676 764 2704 Waddingo
783 2676 857 2703 inagis
874 2678 908 2698 est
922 2678 1039 2698 correctus
1051 2681 1121 2704 quam

274 2717 294 2739 in
305 2717 355 2739 Vat.
368 2720 390 2739 et
402 2717 448 2739 fere
460 2716 568 2738 convenit
579 2722 632 2738 cum
646 2719 723 2738 nostro
737 2718 796 2737 textu
810 2721 855 2743 ope
867 2715 974 2737 codicum
992 2715 1122 2737 emendato.

336 2754 344 2768 2
364 2755 481 2783 inscriptio
500 2755 568 2777 liuius
585 2755 699 2782 Epistulae
717 2755 739 2776 in
758 2754 866 2776 omuibus
883 2754 951 2776 codd.
968 2757 990 2776 et
1004 2754 1071 2776 editis
1083 2753 1123 2776 dis-

275 2796 315 2817 sert
333 2798 354 2816 et
372 2795 393 2816 in
411 2795 448 2816 ed.
471 2795 475 2815 l
498 2800 593 2822 prorsus
611 2794 683 2816 deest.
700 2794 782 2816 Positis
802 2793 893 2815 verbis:
915 2792 999 2822 Incipit
1015 2792 1122 2822 Epistola

275 2833 352 2856 sancti
369 2834 550 2856 Bonaeenturae
568 2834 585 2854 Α
603 2833 666 2855 addit
685 2832 781 2855 Ordinis
796 2832 919 2856 Minoi-um
936 2831 968 2854 ad
986 2831 1123 2861 Capitulum

276 2871 402 2901 yenerale;
419 2872 435 2894 C
453 2871 541 2895 directa
568 2872 599 2894 att
625 2871 762 2901 Capitulum
787 2871 915 2901 aenei-ale,
942 2877 985 2894 ezir
1010 2870 1123 2900 splendor

277 2910 354 2934 nostri
379 2910 475 2934 Ordinis
502 2910 646 2940 offuscatur,
668 2910 731 2933 Ordo
757 2910 864 2933 atterius
890 2910 1002 2940 inficitur,
1022 2912 1042 2933 et
1059 2910 1123 2933 nitor

276 2948 473 2971 conscientiarum
493 2949 592 2972 interius
609 2948 747 2978 defoedatur
765 2949 848 2978 [verba
867 2954 918 2977 post
936 2955 979 2972 eur
1005 2948 1122 2977 sequentia

277 2990 400 3010 occurrunt
418 2988 438 3010 iu
457 2989 505 3016 ipsa
525 2988 646 3017 Epistola}
664 2989 681 3010 B
699 2988 780 3011 habet:
798 2988 904 3018 Epistola
925 2988 986 3011 beati
1006 2988 1123 3011 Bonaven-

277 3028 357 3054 turae,
377 3027 500 3050 Generalis
518 3027 597 3054 electi;
616 3028 631 3049 E
649 3027 749 3050 Litterae
762 3027 858 3050 Domini
870 3027 963 3050 Fratris
979 3027 1124 3049 Bonarentn·

1314 705 1498 715 χρ

1170 1068 1353 1102 tumcumque
1368 1064 1449 1093 debili
1465 1064 1546 1101 capiti
1562 1064 1680 1093 horrore
1695 1063 1814 1101 quodam
1833 1063 1873 1093 rei
1894 1064 2019 1093 insolitae

1169 1111 1382 1148 desperandum.
1397 1128 1436 1131 —
1451 1111 1586 1148 Quoniam
1608 1111 1693 1148 igitur
1714 1111 1747 1140 de
1765 1113 1858 1139 vestra
1871 1118 2019 1148 praesumo
2047 1108 2126 1139 Praesunl

1170 1159 1323 1193 industria,
1345 1159 1529 1188 sollicitudine
1550 1162 1577 1187 et
1595 1159 1644 1188 zeli
1661 1158 1821 1193 vivacitate,
1837 1158 1909 1195 quod
1925 1167 2019 1195 proin·
2036 1142 2131 1209 ᾱῧιῇῗῑξὲῗ

1170 1206 1208 1243 pti
1231 1206 1291 1235 sitis
1311 1206 1345 1234 ad
1367 1206 1547 1242 exstirpanda
1568 1206 1651 1240 mala,
1668 1205 1855 1242 promovenda
1869 1206 1956 1240 bona,
1976 1213 2020 1235 re-

1171 1253 1287 1281 fovenda
1308 1253 1408 1281 debilia
1439 1256 1466 1281 et
1493 1253 1576 1281 fortia
1607 1252 1823 1287 confortanda¹³;
1849 1252 1946 1281 videns
1975 1260 2020 1281 me

1171 1300 1383 1337 speculatorem
1405 1300 1508 1328 datum
1523 1300 1626 1328 domui
1641 1299 1751 1334 lsrael,
1767 1307 1801 1328 ne
1815 1300 1941 1337 sanquis
1955 1299 2020 1328 ani-

1170 1354 1292 1374 marum
1328 1346 1361 1374 de
1399 1345 1538 1374 manibus
1568 1346 1641 1374 meis
1676 1346 1868 1384 requiratur,
1901 1345 2017 1382 cogitavi

1171 1393 1307 1430 quaedam
1328 1393 1407 1421 vobis
1428 1393 1551 1421 breviter
1583 1392 1721 1426 scrihere,
1743 1400 1815 1430 quae
1841 1392 2019 1427 verbotenus,

1171 1440 1192 1469 si
1216 1440 1244 1468 in
1265 1440 1390 1477 Capitulo
1412 1440 1531 1477 generali
1554 1440 1682 1474 fuissem,
1704 1440 1835 1469 libentius
1850 1440 2018 1469 enodassem.

1171 1503 1209 1507 -
1224 1488 1302 1516 Nunc
1321 1491 1431 1521 autem,
1453 1487 1518 1524 quia
1539 1487 1663 1524 pericula
1684 1490 1842 1524 temporum
1867 1489 1969 1524 urgent
1993 1489 2020 1515 et

1172 1534 1305 1562 laesiones
1326 1534 1558 1562 conscientiarum
1579 1541 1630 1562 nec
1651 1542 1705 1562 non
1734 1536 1761 1562 et
1789 1533 1916 1562 scandala
1939 1541 2021 1562 mun—

1171 1580 1324 1615 danorum,
1346 1580 1465 1617 quihus,
1488 1581 1574 1609 cum⁷
1597 1580 1671 1609 Ordo
1692 1580 1806 1609 deberet
1834 1588 1894 1609 esse
1922 1580 2022 1609 sancti—

1172 1627 1235 1656 tatis
1257 1628 1342 1656 totius
1362 1627 1516 1664 speculum,
1538 1627 1566 1655 in
1587 1627 1705 1656 diversis
1735 1627 1811 1656 orbis
1842 1627 1969 1664 partibus
1994 1627 2022 1655 in

1172 1674 1293 1703 taedium
1316 1674 1435 1703 vertitur
1450 1677 1478 1703 et
1496 1677 1700 1711 contemptun1;
1722 1682 1793 1711 quae
1814 1674 1881 1703 mihi
1903 1674 1937 1703 de
1958 1682 2023 1703 con—

1174 1721 1234 1750 silio
1254 1721 1445 1750 Discretorum
1467 1721 1525 1750 visa
1554 1724 1619 1750 sunt
1640 1721 1818 1758 corrigenda,
1840 1729 1890 1750 nec
1911 1721 2022 1758 penitus

1174 1772 1266 1798 tacens
1288 1776 1338 1797 nec
1360 1768 1471 1797 omnino
1486 1768 1647 1805 exprimens
1669 1775 1719 1796 nec
1740 1776 1811 1796 nova
1832 1771 1956 1796 statuens
1971 1775 2023 1796 nec

1174 1816 1285 1845 vincula
1299 1815 1519 1852 superinducens
1540 1823 1590 1844 nec
1611 1823 1696 1844 onera
1717 1815 1812 1852 gravia
1833 1815 1948 1852 alligans
1962 1815 2022 1843 aliis

1173 1865 1200 1891 et
1221 1862 1382 1899 imponens,
1398 1861 1445 1890 sed
1461 1864 1592 1898 tanquam
1614 1861 1793 1890 annuntiator
1814 1861 1939 1890 veritatis
1959 1861 2022 1890 bre—

1174 1909 1245 1938 viter
1267 1910 1396 1946 exprimo
1408 1909 1428 1943 ²³,
1451 1909 1547 1937 videns
1568 1908 1614 1937 illa
1639 1908 1799 1937 nullatenus
1820 1908 1968 1937 reticenda.

1253 1958 1279 1985 Ξ.
1303 1957 1372 1985 Sane
1394 1956 1567 1993 perquirenti
1590 1956 1658 1984 mihi
1684 1963 1797 1989 causas,
1819 1963 1870 1984 cur
1892 1955 2021 1992 splendor

1174 2003 1262 2032 nostri
1284 2003 1396 2032 Ordinis
1417 2002 1536 2040 quodam
1559 2002 1641 2031 niodo
1662 2002 1824 2031 obfuscatur
1836 2002 1856 2036 ⁹,
1878 2001 1952 2031 Ordo
1973 2010 2024 2031 ex-

1174 2050 1263 2079 terius
1284 2050 1416 2083 inficitur,
1438 2053 1464 2078 et
1485 2050 1558 2078 nitor
1581 2049 1812 2078 conscientiarum
1834 2049 1952 2078 interius
1976 2049 2024 2078 de-

1174 2097 1317 2131 foedatur;
1338 2096 1462 2125 occurrit
1484 2096 1659 2133 negotiorum
1675 2096 1882 2133 multiplicitas,
1897 2104 1953 2134 qua
1976 2103 2024 2133 pe-

1175 2144 1272 2178 cunia,
1301 2144 1388 2172 nostri
1417 2143 1528 2172 Ordinis
1555 2143 1712 2180 paupertati
1743 2151 1827 2180 super
1855 2143 1947 2172 omnia
1974 2143 2024 2172 ini-

1174 2191 1260 2225 mica,
1282 2190 1361 2219 avide
1383 2190 1502 2227 petitur,
1532 2190 1641 2219 incaute
1669 2190 1804 2227 recipitur
1832 2193 1859 2219 et
1886 2190 2025 2219 incautius

1176 2406 1233 2429 rae‚·
1243 2401 1258 2422 F
1268 2399 1373 2429 Epistola
1387 2399 1418 2422 ad
1429 2401 1505 2422 tolum
1519 2398 1639 2422 Ordinem.
1654 2399 1710 2421 infra
1723 2402 1775 2427 post
1787 2398 1904 2422 Ministris
1915 2399 1964 2421 Vat.
1976 2401 1998 2420 et
2009 2399 2025 2420 F

1177 2439 1267 2462 addunt
1276 2438 1478 2468 prouincialibus,
1491 2442 1513 2461 et
1525 2445 1567 2466 pro
1584 2438 1707 2461 [itinerum
1720 2438 1758 2466 (ita
1771 2439 1799 2467 D)
1818 2438 1868 2460 Vat.
1885 2437 2021 2465 eorundem,

1177 2478 1247 2501 ΑΒΕ
1265 2478 1375 2501 eiusdem.
1395 2479 1480 2500 Textus
1497 2478 1630 2505 scripturae
1647 2480 1681 2500 est
1699 2477 1754 2499 Phil.
1772 2477 1793 2504 4,
1809 2477 1831 2498 7.

1241 2517 1250 2529 ³
1267 2518 1385 2540 Omittitur
1402 2524 1414 2539 a
1435 2518 1483 2539 Vat.
1501 2520 1578 2539 contra
1597 2517 1614 2539 Α
1625 2517 1641 2538 Β
1652 2516 1705 2545 CE;
1724 2517 1775 2538 Vat.
1792 2516 1860 2538 etiam
1874 2522 1944 2544 supra
1957 2515 2026 2538 habet

1175 2563 1219 2586 per
1238 2563 1279 2584 pro
1293 2558 1405 2585 propter>
1423 2555 1593 2583 relragantibus
1610 2555 1686 2582 codd„
1703 2555 1739 2577 ed.
1759 2555 1766 2576 ¹l
1788 2560 1810 2577 et
1828 2555 1914 2577 Wadd.
1927 2568 1955 2571 —
1969 2555 2026 2577 iufra

1178 2596 1300 2623 respicitur
1317 2595 1366 2617 Act.
1384 2595 1410 2622 9,
1429 2596 1450 2617 5.
1468 2595 1504 2616 vel
1522 2595 1559 2621 26,
1579 2594 1616 2616 it.

1241 2634 1250 2646 ⁴
1268 2633 1340 2657 Codd.
1359 2633 1400 2656 AC
1411 2634 1426 2656 Ε
1443 2633 1476 2661 si,
1494 2639 1564 2661 porro
1576 2633 1594 2655 A
1604 2634 1620 2655 B
1630 2633 1645 2655 C
1658 2632 1816 2662 importabilis
1829 2633 1854 2661 (E
1867 2631 2024 2662 importabile)

1179 2680 1221 2702 pro
1239 2672 1393 2702 impossibile,
1411 2676 1433 2695 et
1450 2673 1520 2695 iidem
1533 2678 1586 2694 cum
1604 2673 1620 2694 E
1638 2673 1730 2695 tantam
1743 2671 1804 2695 tanti
1814 2678 1856 2700 pro
1869 2673 1942 2694 totam
1959 2670 2025 2694 tanti.

1242 2711 1251 2724 ⁵
1269 2713 1298 2734 lta
1316 2712 1411 2734 ABCE
1429 2714 1452 2734 et
1468 2712 1566 2739 Wadd.‚
1584 2712 1606 2733 in
1624 2711 1673 2733 aliis
1690 2714 1711 2733 et
1728 2711 1781 2733 edd.
1799 2710 1948 2740 importetur.

1242 2750 1251 2763 ὅ
1269 2752 1299 2774 lta
1317 2753 1334 2774 Α
1346 2751 1420 2778 BCE,
1438 2751 1459 2773 in
1478 2751 1527 2773 aliis
1544 2754 1566 2773 et
1582 2750 1636 2773 edd.
1654 2749 1825 2773 conservanda..
1842 2763 1872 2765 —
1890 2749 1977 2772 Deinde
1994 2755 2027 2771 re-

1179 2791 1275 2819 spicitur
1293 2792 1372 2813 Ezech.
1397 2791 1424 2817 3,
1451 2790 1483 2812 17.
1507 2793 1529 2812 et
1546 2790 1589 2817 33,
1607 2790 1628 2811 6.
1645 2802 1676 2806 —
1696 2790 1800 2818 Denique
1823 2795 1865 2817 pro
1888 2788 2027 2811 enodassem

1179 2831 1197 2852 A
1209 2830 1249 2853 BC
1267 2836 1312 2852 nou
1331 2829 1390 2852 bene
1407 2831 1565 2852 annotassent.

1244 2868 1251 2881 ⁷
1270 2869 1342 2892 Codd.
1360 2870 1377 2891 Α
1388 2870 1403 2890 Β
1414 2868 1429 2891 C
1447 2870 1577 2898 quatenus,
1595 2867 1665 2895 dum,
1682 2870 1704 2890 et
1721 2868 1779 2889 infra
1797 2867 1877 2890 omnia
1894 2873 1937 2895 pro
1955 2866 2028 2889 omni-

1180 2914 1225 2936 no,·
1244 2912 1295 2936 post
1312 2908 1450 2937 eoeprimens
1467 2908 1482 2929 F
1499 2907 1583 2930 omittit
1599 2913 1641 2930 nec
1658 2912 1719 2929 *noea
1738 2912 1812 2935 usque
1829 2905 1958 2935 imponens.

1243 2946 1252 2959 ’³
1270 2949 1300 2970 lta
1318 2947 1395 2974 ACE,
1412 2947 1434 2969 in
1452 2948 1502 2969 aliis
1518 2950 1540 2969 et
1558 2946 1611 2969 edd.
1629 2945 1728 2975 eaptieo.

1243 2984 1253 2997 ⁹
1271 2987 1300 3008 lta
1319 2986 1362 3007 ΑΒ
1373 2985 1422 3012 CE,
1441 2986 1461 3007 iu
1479 2985 1528 3007 aliis
1545 2988 1567 3007 et
1584 2985 1637 3007 edd.
1655 2984 1806 3007 obscuratur.
1825 2984 1883 3006 ina-a
1901 2990 1943 3011 pro
1959 2982 2027 3006 avide

1178 3025 1268 3055 petitur
1287 3026 1303 3047 Α
1314 3025 1330 3047 C
1348 3025 1442 3047 incaute
1456 3024 1555 3054 petitur.

2039 1494 2093 1513 Ratio
2104 1499 2122 1513 se

2061 1517 2122 1537 benni.

2048 1962 2120 1982 Abusus

2040 1991 2080 2006 cem
2101 1991 2124 2005 rei

2041 2012 2110 2029 sentur.

2040 2103 2117 2123 Primus.
