2133 3317
0 641 87 766 l...

17 1664 84 1686 mhi.

9 2224 14 2229 ”
37 2225 85 2244 1³3.

329 224 526 254 OPUSCULUM
546 223 612 252 XVl.
635 222 808 252 EXPOSITIO
830 223 932 252 SUPER
955 223 1109 252 REGULAM
1129 223 1283 253 FRATRUM
1305 223 1466 253 MlNORUM.
1488 224 1556 253 CAP.
1579 224 1621 252 IX.

21 312 88 333 imno.
101 302 278 342 principalis
291 302 413 331 Ordinis
425 300 599 339 pubernatio
614 303 749 337 quantum
765 300 799 329 ad
810 303 947 337 quatuor:

104 350 208 388 primo,
230 352 366 386 quantum
387 348 421 377 ad
442 347 578 385 generalis
598 347 713 376 Ministri
735 347 947 384 praefectionem

105 401 131 427 et
151 396 318 426 electionem.
334 395 468 429 Secundo,
483 397 617 432 quantum
633 394 665 422 ad
681 394 798 430 Capituli
812 394 949 430 generalis

104 442 329 476 celebrationem,
351 441 404 470 ibi:
428 441 490 477 Quo
508 441 662 469 decedente.
685 441 790 474 Tertio,
812 443 948 477 quantum

104 489 137 519 ad
164 488 363 517 absolutionem
392 487 507 515 Ministri
526 487 643 521 inutilis,
666 487 719 515 ibi:
744 487 776 514 Et
802 487 830 515 si
850 486 949 524 aliquo

105 540 235 573 tempore.
250 535 375 571 Quarto,
397 537 532 571 quantum
547 533 580 562 ad
597 533 808 562 celebrationem
830 533 947 570 Capituli

103 581 277 620 provincialis
298 581 325 609 in
347 580 463 617 singulis
477 581 641 617 provinciis,
664 580 720 609 ibi:
743 581 812 609 Post
829 580 948 617 Capitu-

104 629 164 659 lum
184 636 251 656 vero
274 628 458 656 Pentecostes.

181 677 207 704 2.
240 675 311 703 Dicit
340 682 407 711 ergo
441 682 492 711 pro
522 674 627 710 primo:
661 673 796 702 Universi
825 674 949 702 Fratres

103 731 197 752 unum
210 722 244 750 de
259 721 419 750 Fratribus
434 721 521 750 istius
536 720 693 758 Religionis
713 723 866 749 teneantur
879 729 948 749 sem-

100 777 154 807 per
173 767 278 796 habere
293 767 457 804 yeneralem
477 767 647 795 Ministrum
668 771 693 795 et
712 775 830 795 servum
860 767 948 795 totius

103 814 303 854 fraternitatis
324 817 350 842 et
369 814 396 842 ei
416 816 569 842 teneantur
593 812 719 850 firmiter
746 812 878 846 obedire,·
901 813 948 841 Ec-

104 861 247 891 clesiastici
261 861 492 898 quinquagesimo
505 861 529 888 ¹:
548 860 635 889 Circa
650 859 733 888 illum
749 868 858 888 corona
882 859 948 897 sra-

103 911 181 937 trum
203 907 291 946 quasi
311 907 457 944 plantatio
483 907 564 935 cedri
591 907 622 935 in
647 910 741 935 monte
769 907 888 935 Libano.
919 907 947 935 ln

103 955 146 984 his
166 957 260 983 autem
281 954 374 983 verbis
389 954 475 991 tangit
495 954 555 983 eius
569 954 774 983 auctoritatem
789 954 817 982 in
836 954 948 982 nomine

102 1001 304 1039 generalitatis;
333 1001 419 1037 tangit
447 1001 529 1029 etiam
562 1001 622 1029 eius
647 1000 855 1035 humilitatem,
884 1008 947 1029 cum

102 1047 183 1077 dicit:
204 1051 237 1076 ut
257 1047 293 1076 sit
312 1055 416 1076 servus
437 1047 525 1076 totius
551 1047 764 1084 fraternitatis,
786 1051 817 1076 ut
845 1048 948 1077 scilicet

102 1094 166 1132 qui,
186 1094 253 1123 dum
275 1094 403 1123 subditus
417 1097 489 1128 erat,
511 1094 655 1123 obediebat
672 1094 734 1128 uni,
755 1097 804 1123 aut
824 1094 947 1129 duobus,

102 1141 184 1175 sciat,
206 1148 250 1175 se,
272 1141 389 1169 electum
419 1141 446 1169 in
468 1141 624 1177 generalem
646 1141 818 1175 lilinistrum,
847 1141 948 1170 debere

102 1188 225 1217 omnium
247 1188 456 1216 necessitatibus
470 1188 590 1216 obedire.
613 1188 759 1225 Tangendo
777 1192 870 1217 autem
886 1188 946 1217 eius

101 1235 293 1264 auctoritatem
315 1238 342 1264 et
370 1235 553 1264 humilitatem
576 1238 653 1263 notat
681 1235 762 1263 etiam
789 1235 946 1269 unitatem,

102 1282 209 1311 dicens:
231 1290 326 1310 unum
346 1282 381 1310 de
403 1281 562 1310 Fratribus
577 1282 664 1310 istius
687 1282 860 1319 Reliyionis,
882 1282 948 1319 quia

102 1328 160 1358 sine
180 1336 237 1357 uno
258 1328 347 1365 capite
371 1328 447 1357 nulla
471 1328 627 1365 respublica
649 1331 722 1357 stare
751 1329 820 1358 bene
849 1332 946 1366 potest.

101 1375 177 1404 Unde
204 1383 292 1404 unum
321 1375 479 1411 Apostolum
509 1375 642 1404 Dominus
669 1375 801 1412 praefecit
831 1376 946 1409 ceteris;

101 1421 250 1450 Ezechielis
279 1421 420 1459 trigesimo
440 1422 579 1459 quarto2:
603 1421 754 1450 Suscitabo
781 1431 871 1459 super
898 1431 948 1450 eas

99 1471 247 1506 pastorem
271 1476 381 1502 unum,
409 1468 462 1506 qui
479 1472 586 1505 pascat
613 1477 679 1502 eaS,
704 1477 821 1497 seruum
850 1477 947 1497 meum

102 1514 214 1547 David;
234 1514 362 1543 Matthaei
378 1514 554 1544 duodecimo:
576 1515 665 1544 Omne
679 1516 756 1544 enim
776 1524 901 1553 regnum
916 1516 948 1544 in

100 1570 130 1590 se
150 1561 278 1590 divisum
300 1561 486 1590 desolabitur.

189 1608 215 1637 3.
249 1609 300 1637 Pro
333 1608 455 1637 secunda
485 1609 621 1645 particula
651 1609 744 1638 addit:
777 1610 840 1646 Quo
871 1609 948 1638 dece-

100 1656 193 1690 dente,
215 1655 310 1684 electio
337 1656 514 1684 successoris
534 1655 589 1692 fiat
609 1664 629 1684 a
657 1656 801 1685 Ministris
826 1657 948 1693 provin-

100 1703 224 1732 cialibus
247 1706 274 1731 et
296 1702 469 1732 Custodibus
489 1702 521 1731 in
543 1702 676 1740 Capitulo
699 1704 890 1737 Pentecostes,
916 1703 948 1732 in

101 1759 157 1789 quo
168 1750 365 1787 provinciales
380 1749 510 1778 Ministri
530 1753 683 1778 teneantur
697 1759 808 1787 semper
826 1750 949 1779 insimul

101 1797 267 1831 convenire,
290 1796 463 1835 ubicumque
491 1805 511 1825 a
529 1797 661 1834 qenerali
691 1797 825 1826 Ministro
855 1796 948 1835 fuerit

101 1843 304 1877 constitutum,
326 1847 353 1872 et
373 1843 440 1872 dicit
460 1847 623 1877 teneantur,
646 1847 678 1872 ut
699 1844 733 1872 ad
758 1844 810 1872 hoc
831 1851 878 1873 eos
906 1844 947 1872 in-

101 1889 193 1919 sinuet
212 1890 363 1927 obligari³;
384 1893 409 1918 et
429 1889 482 1918 hoc
501 1890 587 1919 semel
607 1890 638 1919 in
663 1890 757 1919 tribus
778 1891 883 1924 annis,
905 1890 949 1919 vel

101 1936 142 1965 ad
162 1936 256 1965 alium
277 1937 433 1965 terminum
449 1937 590 1965 maiorem
608 1937 650 1966 vel
670 1937 823 1971 minorem,
837 1937 913 1966 sicut
927 1945 947 1966 a

98 1983 251 2020 praedicto
262 1983 396 2012 Ministro
411 1982 503 2021 fuerit
517 1984 698 2018 ordinatum,
710 1984 776 2021 quia
790 1992 842 2021 pro
856 1984 948 2013 diver-

102 2030 139 2059 sis
159 2030 368 2059 necessitatibus
382 2034 490 2067 oportet
505 2031 637 2068 temporis
651 2031 770 2068 spatium
786 2031 902 2059 variare.
918 2031 946 2059 In

102 2076 219 2113 Capituli
234 2077 319 2105 huius
339 2077 498 2113 exemplum
521 2077 677 2114 congregati
692 2077 819 2114 discipuli
835 2085 946 2114 recepe—

101 2126 170 2152 runt
183 2123 316 2160 Spiritum
337 2127 462 2152 sanctum
472 2146 479 2157 ,
494 2126 526 2152 ut
540 2124 641 2161 legitur
656 2125 773 2152 Actuum
795 2124 915 2153 secundo
926 2124 946 2152 4.

180 2170 207 2198 [ι.
230 2170 261 2198 Et
282 2178 333 2207 pro
355 2170 436 2199 tertia
456 2174 535 2207 parte
555 2170 646 2199 addit:
672 2171 705 2199 Et
718 2171 746 2199 si
766 2170 864 2209 aliquo
880 2174 948 2199 tem-

101 2225 171 2254 pore
188 2220 344 2254 appareret
359 2217 547 2245 universitati
560 2217 765 2246 Ministrorum
778 2217 948 2254 provincia-

103 2263 175 2292 lium
195 2266 221 2292 et
243 2263 415 2298 Custodum,
428 2263 614 2301 praedictum
628 2264 796 2292 Ministrum
811 2272 869 2292 non
890 2272 949 2292 esse

1794 224 1851 253 427

1006 301 1194 339 sufficientem
1215 302 1255 330 ad
1275 302 1429 330 servitium
1449 305 1474 330 et
1495 310 1675 330 communem
1697 301 1852 330 utilitatem

1006 348 1166 382 Fratrum,
1189 352 1342 376 teneantur
1354 349 1501 385 praedicti
1520 349 1659 383 Fratres,
1678 348 1784 386 quibus
1804 348 1852 377 ele·
1871 344 1873 347 ’

1006 394 1062 422 ctio
1083 394 1155 422 data
1175 398 1231 428 est,
1255 395 1285 423 in
1300 395 1416 424 nomine
1432 395 1565 429 Domini,
1587 395 1645 424 sine
1667 402 1848 432 personarum

1006 441 1164 477 acceptione
1184 449 1216 470 ac
1236 442 1379 471 nationum
1395 443 1557 480 exceptione
1569 443 1589 477 ⁵,
1611 442 1706 471 alium
1726 442 1784 471 sibi
1803 441 1852 470 eti-

1005 495 1073 524 9ere
1093 487 1124 515 in
1148 487 1308 516 Custodem.
1331 489 1385 517 Hoc
1406 497 1505 518 nomen
1530 489 1651 518 custodis
1672 491 1764 517 actum
1786 488 1852 517 dicit

1006 536 1034 562 et
1054 542 1108 562 non
1130 535 1263 571 gradum,
1285 535 1357 564 sicut
1378 544 1477 564 nomen
1498 535 1647 573 seraphim
1667 539 1759 565 actum
1773 535 1852 570 dicit,

1006 588 1060 608 non
1081 581 1206 610 ordinem
1227 598 1266 602 ——
1284 582 1367 610 Isaiae
1385 582 1502 611 sexto⁶:
1525 582 1634 611 Volavit
1655 583 1695 612 ad
1715 591 1760 612 me
1776 590 1853 611 unus

1005 627 1039 655 de
1061 627 1216 664 Seraphim
1236 645 1275 649 —-
1296 629 1449 657 secundun]
1471 629 1641 665 Dionysium.

1085 675 1110 702 5.
1134 674 1185 702 Pro
1200 678 1300 711 quarta
1321 675 1457 712 particula
1477 675 1567 704 addit:
1590 677 1661 705 Post
1682 676 1852 714 Capitulum

1004 729 1072 749 vero
1094 721 1270 750 Pentecostes
1292 722 1422 751 Ministri
1447 726 1473 751 et
1495 723 1631 752 Custodes
1650 723 1764 760 possint
1791 723 1852 752 sin-

1002 767 1081 805 yuli,
1102 768 1130 796 si
1149 768 1294 797 voluerint
1314 772 1339 797 et
1359 769 1400 798 eis
1421 769 1554 806 expedire
1574 770 1734 804 videbitur,
1756 770 1853 798 eodem

1005 822 1083 842 anno
1104 814 1136 842 in
1155 814 1219 843 suis
1240 815 1380 844 custodiis
1400 815 1486 844 semel
1506 817 1629 844 Fratres
1647 825 1717 845 suos
1735 816 1775 845 ad
1798 816 1853 845 Ca-

1002 860 1130 897 pitulum
1159 869 1326 890 convocare.
1349 862 1406 891 Non
1435 866 1527 899 negat,
1550 863 1617 900 quin
1636 863 1741 900 possint
1769 863 1851 891 etiam

1004 907 1130 944 Capitula
1147 908 1326 944 provincialia
1340 909 1400 938 aliis
1414 909 1493 938 annis
1513 910 1665 943 celebrare,
1688 909 1735 939 sed
1750 909 1784 938 de
1799 910 1851 938 isto

1005 953 1036 981 fit
1057 954 1211 990 specialiter
1234 955 1352 990 mentio,
1374 956 1439 993 quia
1460 959 1502 985 est
1524 964 1590 993 prae
1605 956 1704 985 ceteris
1725 964 1849 985 necessa-

1006 1000 1094 1034 rium,
1110 1003 1142 1029 ut
1155 1001 1341 1031 ordinationes
1361 1003 1497 1039 generalis
1518 1003 1633 1040 Capituli
1656 1011 1705 1040 per
1726 1003 1852 1040 Capitula

1005 1048 1183 1085 provincialia
1198 1049 1325 1077 celeriter
1348 1050 1534 1086 publicentur,
1556 1053 1583 1079 et
1598 1053 1629 1078 ut
1650 1050 1735 1087 possit
1755 1050 1789 1079 de
1803 1050 1851 1078 ab-

1005 1094 1102 1123 solutis
1124 1094 1254 1123 Ministris
1275 1096 1492 1132 provincialibus
1512 1096 1661 1133 provideri.

1288 1181 1493 1213 (CAPITULUM
1511 1182 1568 1214 IX.)

1279 1256 1316 1281 Da
1344 1264 1579 1282 Pnimmcirrosmns.

1075 1337 1178 1362 Fratres
1191 1345 1240 1362 non
1254 1338 1396 1369 praedicent
1414 1339 1440 1363 in
1453 1338 1597 1370 episcopatu
1610 1339 1716 1371 alicujus
1729 1340 1849 1371 episcopi,

1006 1386 1061 1404 cum
1080 1379 1111 1404 ab
1131 1387 1157 1405 eo
1180 1380 1230 1404 illis
1249 1380 1324 1405 fuerit
1349 1381 1544 1411 contradictum;
1570 1382 1595 1406 et
1619 1382 1705 1406 nullus
1728 1381 1848 1407 Fratrum

1006 1423 1097 1453 populo
1116 1423 1216 1453 penitus
1235 1423 1326 1448 audeat
1345 1424 1498 1455 praedicare,
1511 1425 1560 1449 nisi
1578 1432 1593 1449 a
1606 1425 1721 1450 Ministro
1740 1425 1851 1456 generali

1004 1464 1078 1489 huius
1091 1465 1259 1490 fraternitatis
1278 1466 1353 1491 fuerit
1372 1467 1527 1491 examinatus
1546 1467 1571 1492 et
1586 1467 1755 1498 approbatus,
1775 1467 1800 1492 et
1818 1468 1850 1492 ab

1004 1515 1031 1533 eo
1050 1507 1156 1533 officium
1177 1508 1222 1533 sibi
1236 1509 1426 1540 praedicationis
1439 1517 1589 1534 concessum.
1608 1510 1695 1536 Moneo
1715 1517 1810 1542 quoque
1823 1511 1849 1535 et

1004 1550 1120 1576 exhortor
1139 1551 1234 1576 eosdem
1248 1552 1361 1581 Fratres,
1376 1553 1441 1577 utin
1457 1553 1645 1583 praedicatione,
1659 1560 1732 1584 quam
1748 1553 1849 1583 faciunt,

1004 1593 1056 1618 sint
1074 1594 1215 1619 examinata
1233 1594 1258 1619 et
1282 1595 1352 1619 casta
1370 1602 1453 1619 eorum
1472 1596 1582 1627 eloquia,
1605 1596 1637 1620 ad
1661 1595 1798 1620 utilitatem
1823 1596 1848 1621 et

1004 1636 1198 1662 aedificationem
1224 1637 1320 1668 populi,
1346 1638 1518 1663 annuntiando
1541 1638 1575 1662 eis
1598 1638 1660 1663 vitia
1684 1638 1709 1663 et
1727 1638 1848 1669 virtutes,

1004 1686 1108 1710 poenam
1127 1679 1152 1704 et
1170 1680 1275 1711 gloriam
1294 1688 1349 1705 cum
1369 1680 1492 1705 brevitate
1511 1681 1645 1711 sermonis,
1665 1681 1723 1712 quia
1745 1681 1848 1706 verbum

1003 1722 1175 1748 abbreviatum
1195 1723 1253 1748 fecit
1270 1723 1390 1748 Dominus
1407 1730 1482 1754 super
1500 1723 1601 1748 terram.

1335 1804 1518 1833 EXPOSITlO.

1869 683 1963 702 Panionia
1975 682 1994 701 b.

1086 1891 1109 1918 1.
1134 1891 1255 1918 Fratres
1275 1898 1333 1918 non
1350 1890 1520 1928 praedicent
1548 1891 1580 1919 in
1600 1890 1768 1928 episcopatu
1793 1891 1848 1920 ali·
1861 1897 1995 1917 *retianum

1004 1937 1091 1966 cuius
1111 1937 1245 1974 episcopi.
1268 1937 1337 1966 Ilaec
1358 1940 1400 1966 est
1420 1937 1502 1966 tertia
1522 1945 1602 1974 pars,
1631 1937 1658 1966 in
1680 1946 1736 1975 qua
1756 1938 1848 1975 agitur

1005 1984 1038 2013 de
1053 1984 1254 2021 praedicatione
1269 1984 1412 2018 Fratrum,
1428 1984 1582 2021 pertinente
1597 1985 1630 2013 ad
1645 1985 1783 2014 leviathan
1798 1993 1848 2014 ex-

1004 2031 1194 2068 stirpandum,
1216 2034 1248 2059 ut
1268 2034 1319 2059 stet
1341 2039 1441 2059 mensa
1462 2031 1493 2059 in
1515 2031 1602 2060 latere
1629 2032 1794 2070 aquilonis,
1816 2035 1847 2061 ut

1004 2077 1105 2106 dicitur
1128 2077 1213 2105 Exodi
1243 2077 1374 2114 vigesimo
1402 2080 1482 2106 sexto
1497 2077 1516 2105 ⁷.
1540 2078 1570 2106 Et
1591 2078 1658 2107 haec
1680 2086 1744 2115 pars
1765 2079 1848 2108 habet

1004 2124 1088 2158 duas,
1104 2124 1169 2161 quia
1184 2124 1274 2160 primo
1289 2124 1344 2160 agit
1358 2123 1392 2152 de
1406 2124 1609 2160 pertinentibus
1623 2125 1656 2153 ad
1669 2125 1847 2162 praedican-

1006 2171 1079 2200 tium
1111 2171 1333 2204 auctoritatem‚·
1361 2171 1497 2205 secundo,
1526 2171 1559 2200 de
1587 2172 1789 2208 pertinentibus
1813 2172 1847 2201 ad

1002 2217 1235 2254 praedicationis
1257 2217 1409 2246 utilitatem
1431 2221 1457 2246 et
1477 2218 1693 2253 maturitatem,
1715 2219 1768 2248 ibi:
1790 2219 1849 2247 Mo-

1005 2272 1056 2292 neo
1078 2272 1188 2302 quoque
1209 2267 1233 2292 et
1253 2263 1399 2292 exhortor.

167 2427 175 2440 ¹
194 2428 259 2450 Vers.
282 2428 315 2450 13.

167 2465 176 2479 ²
195 2466 260 2488 Vers.
279 2467 321 2493 23,
340 2469 391 2494 post
408 2473 477 2495 quem
491 2467 567 2489 Matth.
581 2467 588 2488 l
596 2468 617 2493 2,
630 2467 666 2493 22¹5,
681 2466 719 2489 ubi
733 2473 774 2495 pro
787 2467 811 2489 in
822 2473 847 2490 se
858 2468 876 2489 G
894 2474 947 2489 cnm

105 2505 203 2533 Vulgata
220 2507 303 2528 contra
315 2511 352 2534 se,
370 2506 406 2528 ed.
428 2506 432 2527 1
450 2505 474 2528 in
491 2512 515 2528 se
532 2505 622 2535 ipsum,
643 2509 667 2528 ut
679 2505 776 2528 habetur
788 2507 843 2529 Luc.
865 2507 897 2533 ll,
911 2507 947 2528 47.

166 2544 175 2557 ³
193 2545 255 2567 Hanc
269 2545 450 2573 propositionem
468 2545 499 2568 Et
509 2544 586 2568 dicit...
599 2545 703 2574 obliyari
713 2546 874 2573 supplevimus
885 2552 910 2568 ex
923 2546 947 2568 B.

166 2583 175 2595 ⁴
194 2584 258 2606 Vers.
280 2584 298 2606 l.
315 2590 380 2612 seqq.

167 2621 177 2634 ⁵
193 2623 223 2644 lta
241 2623 272 2649 A;
289 2623 306 2644 Β
327 2622 499 2651 acceptatione,
517 2623 553 2645 ed.
580 2623 587 2645 l
609 2623 693 2645 omittit
709 2628 738 2646 ac
760 2622 885 2645 nationum
907 2628 948 2645 ea-

104 2661 219 2690 ceptione,
246 2662 297 2684 vat.
322 2663 379 2683 lianc
405 2662 586 2689 propositionem
612 2662 739 2689 transponit
763 2662 870 2689 superins
897 2664 948 2689 post

106 2699 248 2727 Custodum,
268 2700 355 2722 omisso
372 2700 514 2730 exceptione.

167 2737 177 2750 ⁰
195 2739 259 2761 Vers.
276 2739 301 2766 5,
318 2745 388 2767 quem
417 2739 520 2766 Dinnys.,
537 2739 567 2761 (le
591 2738 685 2761 Caelesti
704 2739 847 2765 Hieram-hia,
872 2744 892 2760 c.
913 2739 947 2760 ¹3.

105 2776 119 2805 S
136 2777 158 2799 2.
177 2783 239 2805 se(1.,
256 2778 284 2800 ita
306 2777 414 2805 explicat,
433 2780 457 2799 ut
479 2778 579 2804 Angelus
597 2778 643 2804 ille,
661 2778 712 2799 licet
735 2777 801 2799 suerit
818 2777 847 2799 de
870 2777 946 2798 intima

106 2816 245 2843 hierarchia,
261 2819 357 2839 vocetur
373 2816 459 2845 seraph
479 2817 515 2839 vel
538 2821 632 2844 propter
648 2816 756 2845 effectum
775 2816 796 2837 in
817 2816 871 2838 lsaia
895 2822 948 2843 pro-

106 2855 251 2883 ducendum,
269 2863 280 2876 (ι
292 2858 386 2883 propter
398 2855 489 2883 igneam
508 2858 530 2877 et
541 2856 661 2877 caelestem
679 2855 792 2877 dictorum
811 2854 948 2877 ablationem

106 2896 253 2921 peccatorum
266 2897 288 2916 et
300 2894 390 2921 purgati
404 2894 425 2916 in
437 2894 541 2916 divinam
554 2894 708 2916 obedientiam
721 2893 916 2916 resuscitationem
925 2901 947 2920 ι,

106 2933 142 2955 vel
160 2936 255 2960 propter
271 2932 445 2955 exsecutionem
462 2932 580 2959 mammii,
602 2933 665 2961 quud
678 2936 798 2960 acceperat
814 2931 843 2954 ab
861 2933 947 2959 Angelo

106 2977 229 2999 supremae
246 2971 386 2994 hierarchiae
407 2971 536 2999 Seraphim.
558 2971 613 2993 thid.
631 2978 650 2993 c.
667 2971 690 2993 7.
713 2972 726 3000 ¹3,
747 2972 764 2993 l.
787 2971 866 2999 docet,
885 2972 947 2993 Sera-

106 3010 170 3038 phim
188 3010 330 3038 interpretari
354 3010 499 3037 incensores,
526 3011 561 3032 vel
584 3010 752 3040 calefacientes.
774 3010 820 3033 Ctr.
842 3013 897 3033 tom.
920 3011 944 3033 ll.

1005 2435 1060 2457 pag.
1078 2430 1135 2456 26⁴3,
1153 2432 1207 2451 nota
1224 2429 1246 2451 5.
1264 2429 1322 2451 Vide
1339 2429 1507 2456 Expositionem
1526 2431 1625 2457 quatuor
1646 2429 1807 2456 Magistrornm
1825 2429 1847 2451 in

1005 2474 1024 2490 c.
1042 2469 1067 2494 8,
1085 2467 1123 2490 uhi
1150 2470 1297 2495 praenotato,
1322 2467 1385 2496 quod
1411 2467 1504 2489 noinIne
1524 2467 1684 2490 universitatis
1710 2468 1847 2495 intelligatur

1008 2515 1018 2527 α
1032 2507 1104 2529 maior
1121 2513 1175 2534 pars
1188 2516 1208 2534 u,
1225 2506 1373 2533 adiungitur:
1392 2506 1479 2528 Nomen
1491 2506 1593 2529 custodis
1610 2513 1635 2529 se
1652 2507 1751 2529 extendit
1768 2507 1795 2529 ad
1809 2513 1846 2535 ge-

1005 2546 1104 2567 neralem
1124 2545 1250 2567 ministrum
1266 2547 1288 2567 et
1299 2545 1328 2567 ad
1346 2545 1402 2567 allos
1414 2545 1538 2572 Ministros,
1555 2545 1613 2568 sicut
1631 2552 1657 2568 ex
1673 2546 1722 2568 aliis
1740 2546 1795 2568 locis
1806 2546 1847 2568 Re-

1005 2584 1072 2611 gulae
1090 2583 1138 2612 [ct'r.
1156 2589 1226 2610 supra
1252 2589 1270 2605 c.
1290 2583 1311 2605 4.
1337 2589 1359 2604 n.
1376 2583 1423 2612 22]
1441 2586 1516 2610 potest
1540 2587 1652 2606 constare.
1678 2584 1764 2606 Nomen
1790 2590 1846 2607 vero

1004 2621 1135 2650 yuurtlianz'
1151 2628 1268 2650 nunqnam
1282 2621 1304 2643 in
1322 2622 1408 2649 Regula
1427 2621 1564 2644 invenitur...
1577 2627 1697 2650 propterea
1717 2623 1846 2651 expediret,

1004 2663 1028 2682 ut
1045 2666 1128 2682 nomen
1146 2660 1277 2689 glnardiani
1293 2661 1414 2688 tolleretur,
1428 2664 1449 2683 ct
1466 2662 1573 2684 custodes
1590 2662 1638 2684 sive
1653 2662 1750 2684 ministri
1762 2662 1846 2684 (lomus

1003 2699 1177 2721 convenientius
1199 2700 1328 2722 dicerentur
1346 2699 1378 2729 [ln
1403 2703 1536 2723 testamento
1555 2702 1576 2723 S.
1602 2701 1680 2723 Franc.
1708 2704 1783 2724 tamen
1809 2708 1846 2723 no-

1005 2744 1056 2760 men
1077 2737 1209 2767 yuardiani
1229 2738 1350 2766 occurritl.
1374 2751 1402 2755 —
1428 2740 1477 2761 Yat.
1499 2740 1581 2762 omittit
1602 2740 1734 2763 scczzndum
1760 2740 1846 2770 Diony-

1003 2777 1074 2800 sium.

1067 2814 1075 2827 ⁷
1094 2816 1158 2838 Vers.
1177 2817 1218 2839 35:
1236 2816 1317 2839 Mensa
1338 2816 1400 2839 enim
1421 2816 1491 2840 stabit
1516 2817 1540 2840 in
1555 2819 1624 2847 parte
1641 2817 1768 2848 aquilonis.
1791 2820 1846 2841 Gre-

1005 2861 1062 2883 gor.,
1080 2855 1148 2877 XVll.
1166 2855 1243 2878 ltloral.
1269 2862 1287 2877 c.
1315 2855 1352 2878 24.
1370 2862 1391 2878 n.
1409 2856 1450 2878 34:
1468 2856 1592 2886 Aquilonis
1618 2858 1710 2880 nomine
1733 2858 1753 2880 iu
1779 2864 1845 2880 sacro

1004 2894 1096 2922 eloquio
1113 2894 1223 2922 appellari
1247 2894 1354 2916 diabolus
1379 2894 1515 2924 [leviathan]
1541 2896 1611 2923 solet,
1627 2896 1680 2925 qui,
1704 2898 1728 2918 ut
1746 2897 1844 2924 torporis

1004 2933 1088 2960 frigore
1106 2932 1207 2960 gentium
1225 2933 1294 2955 corda
1312 2933 1488 2960 constringeret,
1500 2934 1556 2956 dixit
1567 2934 1625 2963 [lsai.
1642 2934 1675 2962 14,
1692 2934 1746 2963 l3.]:
1758 2934 1844 2958 Scdcbo

1005 2971 1029 2994 in
1046 2973 1124 2995 monte
1140 2971 1272 2994 testamenti
1288 2971 1312 2994 in
1329 2971 1442 2995 lateribus
1459 2972 1585 3002 aquilonis.
1597 2985 1628 2989 —
1639 2972 1684 2996 Cl'r.
1701 2980 1770 3002 supra
1789 2980 1809 2996 c.
1822 2973 1845 2996 7.

1005 3016 1027 3033 n.
1046 3011 1072 3037 t,
1089 3009 1129 3032 ubi
1146 3011 1189 3033 hoc
1207 3010 1331 3038 capitulum
1351 3013 1374 3033 nt
1391 3010 1460 3034 tertia
1474 3017 1534 3040 pars
1552 3012 1687 3034 insinnatur.

1886 1923 1940 1946 porta
1953 1921 1970 1940 3.

1866 2085 1944 2104 Divisio.
