2133 3317
93 583 216 607 Augustinus.

91 2147 135 2166 'tria
142 2147 173 2166 hic
182 2152 225 2166 con-

105 2171 212 2190 sideranda.

233 213 291 242 244

233 291 389 320 Corinthios
405 292 429 318 1:
457 291 504 318 «A
534 288 614 317 licitis
642 291 799 324 temperare
826 287 887 316 vult
914 286 1024 321 fideles,
1053 288 1085 315 ut

233 347 289 367 non
310 338 401 367 solum
416 337 588 369 innocentes,
607 335 655 364 sed
676 338 703 363 et
717 334 830 371 gloriosi
848 334 1004 363 videantur.
1019 333 1086 362 Con-

233 393 310 414 cessa
330 384 403 413 enim
432 382 585 420 praeterire
607 381 719 410 virtutis
740 384 782 410 est
806 380 946 409 maximae
960 392 987 409 ».
1016 380 1086 409 Haec

234 431 402 460 Ambrosius.
425 430 451 458 Si
473 429 558 466 igitur
583 428 625 457 uti
647 428 728 457 licitis
756 430 798 457 est
818 428 992 463 innocentia,
1021 435 1085 457 con-

233 486 309 508 cessa
330 477 483 515 praeterire
504 476 652 513 perfectio,
675 478 797 510 constat,
819 475 894 513 quod
914 475 1086 513 imperfectio

234 525 316 554 simul
337 532 401 553 cum
429 523 586 552 innocentIa
607 525 669 551 stat.
692 523 749 552 Non
778 526 819 552 est
844 531 911 560 ergo
931 525 1085 560 peccatum.

234 588 270 592 ——
282 570 452 608 Augustinus
467 578 579 607 quoque
600 569 633 598 de
648 569 722 598 Bono
743 570 879 607 coniugali
891 570 915 598 2:
935 581 949 595 <z
960 569 1032 606 Quid
1046 569 1087 598 di-

233 618 305 648 cturi
327 626 426 647 sumus
446 617 581 646 adversus
601 616 836 646 evidentissimam
853 625 946 646 vocem
967 617 1086 654 Apostoli

233 665 361 694 dicentis:
385 664 469 700 Quod
488 664 551 693 vult
570 663 684 701 faciat;
711 672 770 692 non
788 667 905 701 peccat,
926 664 954 692 si
973 663 1087 698 nubat;

234 715 276 741 et:
300 712 333 741 Si
353 712 500 749 acceperis
528 719 669 745 uxorem,
691 720 750 739 11οη
772 711 915 748 peccasti,
936 714 963 739 et
985 711 1013 739 si
1032 719 1088 739 mt-

230 759 323 796 pserz't
350 759 452 796 virqo,
481 767 540 787 non
558 758 683 795 peccat?
704 758 771 787 Hinc
792 761 867 787 certe
891 758 1020 787 dubitare
1047 758 1088 787 fas

234 814 289 835 non
319 808 374 840 est,
397 806 508 842 nuptias
540 813 594 834 non
626 813 687 834 esse
718 807 870 842 peccatum.
903 805 962 834 Non
994 805 1088 842 itaque

234 853 345 890 nuptias
373 853 526 882 secundum
555 852 663 881 veniam
685 852 810 881 concedit
837 852 990 889 Apostolus.
1020 852 1087 880 Nam

235 900 298 938 quis
319 900 456 937 ambigat,
481 899 681 929 absurdissime
702 899 771 933 dici,
793 907 847 928 non
869 907 916 928 eos
943 907 1087 936 peccasse,

235 947 338 985 quibus
370 947 449 976 venia
483 947 566 976 datur
587 949 625 975 »5²
657 947 727 975 Haec
761 946 940 983 Augustinus.
977 946 1088 975 Constat

234 999 343 1030 autem,
365 995 440 1032 quod
462 995 575 1032 nuptiae
596 1002 651 1023 non
673 997 747 1023 stant
767 1002 830 1023 cum
854 994 1011 1031 evangelica
1026 1002 1088 1030 per-

234 1042 363 1076 fectione,
386 1050 441 1079 qua
462 1041 642 1071 eunuchizari
665 1041 744 1070 docet
765 1041 893 1070 Christus
908 1044 1029 1078 propter
1044 1050 1089 1069 re-

233 1098 326 1128 gnum
357 1089 506 1118 caelorum
518 1089 537 1116 ³.
570 1089 654 1125 Igitur
686 1088 858 1125 imperfectio
889 1096 943 1117 non
970 1088 1090 1125 requirit

235 1137 356 1171 veniam,
379 1144 429 1165 uec
450 1139 491 1165 est
519 1136 552 1165 de
574 1144 603 1165 se
624 1136 717 1172 aliqua
742 1136 832 1172 culpa.
854 1135 928 1164 Idem
950 1135 1032 1164 etiam
1060 1135 1088 1163 in

235 1184 329 1213 eodem
353 1183 424 1212 libro
439 1184 466 1211 4⁷:
497 1194 511 1209 α
526 1183 647 1217 Bonum,
669 1183 776 1220 inquit,
798 1185 858 1211 erat
886 1182 960 1219 quod
981 1182 1086 1210 Martha

234 1231 365 1265 faciebat,
387 1234 522 1267 occupata
543 1230 617 1259 circa
637 1230 824 1259 ministeritun
845 1230 1025 1263 Sanctorum,
1041 1229 1089 1258 sed

235 1278 335 1308 melius
356 1278 430 1315 quod
458 1278 543 1306 Maria
564 1286 643 1306 soror
665 1277 734 1306 61115.
763 1277 868 1305 Bonum
891 1277 1033 1305 Susannae
1060 1276 1088 1304 in

236 1325 371 1362 coniugali
398 1325 523 1354 castitate
549 1324 710 1358 laudamus,
733 1324 780 1352 sed
808 1326 900 1352 tamen
929 1323 953 1351 ei
983 1323 1087 1351 honum

235 1373 335 1401 viduae
356 1374 447 1401 Annae
468 1380 499 1401 ac
516 1372 604 1400 multo
619 1371 706 1408 magis
720 1371 820 1399 Mariae
844 1370 963 1407 Virginis
983 1370 1088 1398 bonum

235 1419 438 1456 anteponimus.
458 1419 562 1447 Bonum
585 1422 644 1447 erat
658 1418 733 1455 quod
754 1418 891 1446 faciebant
905 1417 952 1454 qui
974 1417 1008 1445 de
1023 1417 1089 1445 sub-

235 1466 335 1495 stantia
356 1474 407 1495 sua
428 1466 537 1495 Christo
565 1469 593 1495 et
613 1466 673 1495 eius
701 1465 844 1502 discipulis
874 1464 1088 1498 ministrabant,

236 1514 283 1543 sed
305 1514 419 1548 melius,
442 1514 489 1551 qui
511 1521 620 1542 omnem
643 1512 827 1542 substantiam
853 1512 1035 1546 dimiserunt,
1057 1515 1089 1540 ut

236 1560 377 1589 Christum
400 1561 550 1589 Dominum
565 1559 752 1597 expeditiores
774 1562 960 1596 sequerentur
975 1570 1002 1586 11.
1019 1558 1089 1587 Haec

712 209 910 239 OPUSCULUM
931 208 973 237 XI.
995 207 1158 237 APOLOGIA
1179 208 1361 237 PAUPERUM.
1385 208 1453 237 CAP.
1476 209 1516 237 III.

1142 286 1321 323 Augustinus
1344 286 1373 314 In
1394 286 1498 323 quibus
1519 287 1675 316 luculenter
1689 286 1821 321 ostendit,
1843 287 1917 324 quod
1932 295 1995 324 per-

1142 332 1246 362 fectum
1268 341 1323 361 non
1344 333 1436 362 differt
1456 333 1491 362 ab
1512 333 1690 371 imperfecto,
1712 333 1784 362 sicut
1805 333 1961 363 virtuosum
1980 342 1997 363 a

1143 380 1257 414 vitioso,
1279 379 1327 408 sed
1348 380 1420 408 sicut
1449 380 1540 409 maius
1560 381 1665 409 bonum
1686 389 1702 409 a
1732 380 1826 409 minus
1851 380 1932 409 bono.
1957 396 1996 402 -—

1144 427 1198 455 Hoc
1229 426 1321 463 ipsum
1347 427 1445 456 beatus
1471 427 1654 464 Hieronymus
1681 427 1715 456 ad
1742 427 1882 456 Hebidiam
1897 428 1908 444 ⁵
1930 428 1996 457 dicit
2009 439 2107 466 merom,

1144 474 1321 511 expressius:
1342 474 1422 508 «Vis,
1443 474 1496 509 ait,
1511 482 1571 503 esse
1586 474 1707 511 perfecta
1728 474 1797 504 etin
1819 474 1908 511 primo
1923 477 1997 504 stare

1143 521 1252 558 fastigio
1273 521 1430 558 dignitatis,
1459 521 1501 550 fac
1522 521 1596 558 quod
1624 521 1751 551 fecerunt
1770 522 1889 559 Apostoli
1909 533 1940 556 »;
1970 525 1997 551 et

1144 571 1221 605 post:
1248 579 1261 593 «
1277 568 1335 597 Non
1362 568 1404 597 vis
1425 576 1485 597 esse
1513 568 1650 605 perfecta,
1678 569 1726 598 sed
1754 569 1906 598 secundum
1935 577 1998 606 gra-

1144 615 1211 644 dum
1233 618 1328 644 tenere
1348 615 1477 650 virtutis,
1498 615 1606 644 dimitte
1627 615 1719 644 omnia
1733 618 1794 650 tua,
1810 623 1881 652 quae
1896 616 1997 651 habes,

1145 662 1179 691 da
1200 662 1279 696 filiis,
1301 662 1335 690 da
1350 662 1523 699 propinquis.
1545 662 1629 691 Nemo
1650 665 1677 691 te
1698 662 1891 699 reprehendit,
1913 663 1935 692 si
1956 663 1998 691 in-

1145 709 1248 738 feriora
1269 709 1396 743 secteris,
1415 709 1565 738 dummodo
1578 709 1662 743 scias,
1684 709 1758 738 illam
1775 709 1824 738 tibi
1846 710 1908 739 iure
1922 718 1999 747 prae-

1145 757 1241 791 latam,
1257 764 1328 793 quae
1343 756 1457 793 elegerit
1471 756 1562 793 prima
1572 756 1583 772 6
1599 768 1625 784 ».
1642 756 1792 793 Hucusque
1806 757 1997 793 Hieronymus.

1147 804 1229 838 Ecce,
1251 811 1335 840 quam
1351 806 1477 840 patenter
1499 803 1612 838 asserit,
1628 803 1703 840 quod
1723 803 1908 840 imperfectio,
1927 812 1999 841 quae

1146 853 1188 879 est
1209 850 1321 879 secundi
1344 852 1371 878 et
1392 849 1531 878 inferioris
1552 852 1641 878 status
1662 852 1689 878 et
1710 849 1829 887 gradus,
1857 858 1913 879 non
1933 850 2000 879 dicit

1146 897 1214 934 quid
1252 896 1472 934 reprehensibile
1509 904 1560 925 nec
1595 899 1748 933 peccatum.
1782 896 1855 926 Idem
1886 905 1999 934 quoque

1146 944 1180 973 ad
1201 944 1405 973 Demetriadem
1421 944 1447 972 ⁷:
1474 955 1487 968 α
1503 943 1689 972 Prohibentur
1717 944 1801 978 mala,
1824 944 1999 981 praepriun-

1146 995 1194 1020 tur
1221 991 1305 1025 bona,
1335 991 1527 1020 conceduntur
1554 990 1659 1025 media,
1690 991 1843 1020 suadentur
1867 991 1998 1028 perfecta.

1146 1039 1174 1067 In
1199 1038 1309 1067 duobus
1331 1038 1429 1075 primis
1454 1040 1598 1075 peccatum
1619 1045 1700 1067 omne
1721 1038 1913 1072 concluditur,
1935 1038 1999 1067 reli-

1146 1093 1202 1122 qua
1223 1093 1289 1114 vero
1310 1085 1338 1113 11]
1353 1088 1448 1113 nostra
1468 1085 1557 1122 posita
1576 1087 1641 1113 sunt
1655 1087 1804 1122 potestate,
1826 1087 1858 1113 ut
1872 1087 1921 1113 aut
1935 1092 1999 1114 cum

1147 1132 1247 1161 minori
1278 1132 1365 1169 gloria
1393 1135 1508 1160 utamur
1540 1132 1677 1161 concessis
1697 1139 1729 1160 ac
1761 1131 1857 1166 licitis,
1888 1134 1937 1160 aut
1964 1131 2000 1161 ol]

1146 1180 1236 1208 maius
1257 1179 1413 1216 praemium
1435 1187 1467 1208 ea
1491 1187 1562 1216 quae
1583 1179 1662 1208 nobis
1690 1179 1825 1216 permissa
1845 1181 1926 1212 sunt,
1956 1186 2000 1207 re-

1146 1234 1282 1263 spuamus
1296 1238 1323 1254 ».
1347 1226 1415 1255 Ilaec
1437 1226 1628 1262 Hieronymus.
1644 1242 1681 1246 —
1697 1225 1768 1262 Quid
1783 1225 1826 1254 1115
1848 1225 1950 1254 clarius
1965 1225 1999 1254 ad

1147 1273 1319 1310 propositum
1341 1273 1394 1302 dici
1410 1275 1517 1310 potest?
1539 1273 1646 1309 Quibus
1667 1275 1925 1310 quantumcumque
1943 1275 1999 1301 tar-

1146 1320 1199 1349 dus
1220 1320 1342 1357 ingenio,
1365 1320 1415 1348 nisi
1437 1320 1554 1348 fortasse
1569 1319 1653 1348 fuerit
1674 1318 1860 1348 obcaecatus³
1881 1318 1998 1353 malitia,

1146 1368 1180 1396 ab
1195 1367 1270 1396 omni
1287 1367 1401 1404 praefati
1416 1367 1522 1396 erroris
1536 1367 1652 1403 caligine
1666 1374 1722 1395 non
1743 1365 1905 1395 dubitamus
1919 1373 1999 1402 posse

1146 1414 1275 1451 purgari,
1297 1414 1420 1443 maxime
1452 1414 1473 1443 si
1496 1414 1561 1443 velit
1592 1413 1750 1447 advertere,
1773 1412 1847 1450 quod
1872 1414 1999 1441 recenter

1146 1462 1317 1499 baptizatus,
1339 1469 1510 1498 quamquam
1539 1460 1662 1489 nondum
1683 1460 1810 1497 pervenit
1831 1459 1864 1488 ad
1892 1459 1999 1496 apicem

1146 1509 1322 1546 perfectionis
1343 1512 1370 1537 et
1392 1508 1499 1543 meriti,
1521 1508 1598 1537 nulla
1618 1511 1710 1536 tamen
1731 1510 1773 1536 est
1793 1507 1912 1536 infectus
1938 1506 1999 1535 labe

1146 1556 1259 1593 peccati.

2015 1236 2111 1260 Epilogus*

1006 1693 1167 1721 CArirutuii
1186 1692 1225 1720 III.

252 1819 374 1848 Primae
395 1818 594 1856 responsionis
616 1818 702 1846 tertia.
719 1816 875 1855 particula
897 1816 1071 1854 tertiumque
1091 1815 1269 1853 Capitulum,
1293 1814 1324 1843 in
1347 1823 1402 1853 quo
1425 1813 1606 1852 evangelicae
1620 1812 1810 1851 perfeetionis
1831 1812 1985 1850 inteyritas

546 1869 711 1907 panditur,
734 1869 852 1907 eiusque
872 1871 968 1897 status
988 1866 1123 1896 sublimis
1144 1871 1169 1895 et
1188 1866 1306 1904 mactas
1327 1864 1520 1903 multiformis
1541 1864 1685 1902 aperitur.

317 1995 342 2022 I.
373 1994 508 2030 Quoniam
536 1996 629 2022 autem
658 1993 694 2030 pii
717 1992 861 2029 scriptoris
892 1991 1007 2020 intentio
1032 1999 1087 2019 non

236 2044 291 2070 tam
313 2048 373 2069 esse
393 2040 474 2068 debet
504 2039 538 2068 (16
566 2039 691 2068 falsitatis
719 2038 914 2075 reprobatione
942 2045 1025 2075 quam
1054 2037 1088 2066 de

236 2087 362 2116 veritatis
382 2086 552 2115 reseratione
574 2086 701 2119 sollicita,
724 2089 862 2122 quatenus
887 2085 992 2113 erroris
1012 2087 1088 2113 tene—

237 2134 369 2163 brositate
384 2133 514 2170 depulsa,
536 2133 704 2162 mentalibus
718 2132 868 2169 legentium
891 2131 979 2160 oculis
993 2131 1088 2159 radius

237 2189 319 2210 verae
341 2180 411 2209 lucis
432 2180 580 2217 infulgeat;
602 2179 676 2213 ideo,
705 2178 881 2216 perfectIOnis
902 2177 1088 2206 notificatione

236 2229 304 2257 salsa
325 2231 352 2257 et
367 2235 483 2256 erronea
498 2227 552 2255 iam
574 2226 743 2264 improbata„
760 2225 991 2254 conSIderandum
1009 2224 1089 2253 nobis

236 2278 293 2310 est,
308 2275 337 2304 in
359 2283 415 2312 quo
429 2274 606 2311 perfectionis
627 2273 800 2310 evangelicae
815 2280 924 2301 summa
944 2271 1088 2305 consistat,

236 2322 360 2360 quidve⁹
382 2321 557 2359 perfectionis
579 2323 668 2349 status
695 2319 729 2348 ad
756 2322 849 2348 actum
874 2318 1090 2356 imperfectionis

236 2369 360 2404 adiiciat,
381 2369 561 2406 tandemque,
583 2376 633 2405 per
661 2375 744 2405 quem
772 2366 884 2395 modum
906 2374 980 2395 unus
1002 2368 1090 2394 status

237 2416 413 2454 perfectionis
433 2416 553 2445 alterum
575 2415 602 2443 in
623 2415 682 2452 ipsa
703 2414 870 2451 perfectione
893 2413 1076 2442 transcendat.

1224 1991 1250 2018 Ξ).
1277 1989 1423 2018 ScIendum
1455 1992 1496 2018 est
1528 1989 1625 2026 igitur,
1658 1988 1732 2025 quod
1763 1987 1860 2022 radix,
1891 1987 1995 2022 forma,
2019 2001 2106 2020 cmm,

1144 2037 1222 2071 finis,
1244 2037 1477 2073 complementum
1499 2038 1527 2064 et
1546 2035 1698 2063 vinculavit
1716 2033 1905 2072 perfectionis
1926 2034 1996 2063 cari-
2009 2024 2118 2067 ιςέῗξξοῖξῃξ

1144 2087 1187 2112 tas
1208 2086 1264 2117 est,
1286 2083 1419 2120 adquam
1441 2082 1571 2119 magister
1586 2082 1710 2110 omnium
1732 2081 1860 2110 Christus
1882 2081 1994 2118 Legem,

1146 2130 1296 2167 Prophetas
1311 2132 1339 2158 et
1352 2137 1402 2166 per
1424 2137 1596 2166 consequens
1610 2129 1742 2157 universa
1763 2128 1811 2157 Dei
1833 2128 1999 2157 documenta

1145 2177 1254 2206 reducit
1266 2177 1296 2205 ¹⁰.
1320 2177 1380 2213 Ipsa
1406 2184 1473 2205 vero
1495 2176 1595 2205 caritas
1616 2176 1751 2213 tripIIcem
1774 2175 1858 2204 habet
1878 2178 1997 2204 statum:
2020 2189 2119 2214 >raphu

1146 2232 1234 2253 unum
1256 2223 1368 2261 quidem
1389 2223 1540 2260 infimum,
1562 2223 1592 2251 in
1605 2222 1781 2252 observantia
1802 2222 1997 2251 mandatorum
2010 2212 2113 2260 ζῗερξζῖἐὲἶ

1146 2270 1289 2308 legalium3
1312 2270 1465 2299 secundum
1494 2278 1560 2299 vero
1587 2269 1733 2303 medium,
1761 2269 1809 2306 qui
1835 2271 1941 2298 constat
1968 2269 1997 2297 in
2010 2260 2046 2278 ¹¹³⁵·

1147 2317 1341 2355 adimpletione
1355 2317 1543 2354 spiritualium
1559 2317 1752 2351 consiliorum,
1774 2316 1889 2345 tertium
1904 2319 1996 2345 autem

1147 2373 1337 2402 supremum,
1360 2365 1387 2393 in
1409 2364 1592 2401 perfruitione
1613 2363 1850 2401 sempiternalium
1871 2363 1998 2392 iucundi-

1148 2415 1246 2441 tatum.
1279 2412 1341 2440 Ideo
1372 2411 1476 2448 triplex
1508 2414 1550 2440 est
1579 2410 1755 2448 perfectionis
1785 2410 1939 2440 differenda
1970 2410 1997 2439 in

300 2582 308 2595 1
327 2582 382 2610 Cap.
400 2583 427 2610 7,
440 2582 477 2605 29.
490 2582 614 2609 Notamus,
631 2581 801 2604 Commentarin
819 2581 841 2603 111
853 2580 920 2609 epist.
937 2580 1010 2609 Pauli,
1028 2586 1089 2609 quae

239 2622 296 2644 inter
314 2629 385 2650 opera
402 2621 519 2644 Ambrosii
536 2621 691 2648 continentur,
710 2627 754 2643 1101]
771 2626 822 2643 6556
839 2620 968 2647 Ambrosii,
993 2620 1047 2647 sed,
1065 2622 1089 2642 ut

242 2662 312 2684 critici
330 2662 422 2689 volunt,
441 2661 518 2683 Hilarii
535 2660 635 2683 Diaeoui.

302 2700 311 2713 2
329 2701 384 2729 Cap.
404 2702 440 2723 «10.
453 2707 476 2723 n.
490 2701 497 2722 11
509 2701 527 2722 I.
538 2700 671 2727 Allegantur
688 2700 702 2721 1.
716 2699 767 2722 Cor.
785 2699 813 2726 7,
826 2699 863 2721 36.
881 2702 903 2721 et
915 2699 958 2721 28:
976 2699 999 2721 Si
1011 2701 1089 2721 autem

238 2740 354 2768 acceperis
372 2742 414 2761 etc.
432 2739 476 2762 Ct'r.
495 2745 565 2767 supra
583 2744 638 2766 pag.
654 2737 711 2765 241,
730 2740 783 2760 nota
800 2738 822 2760 3.
840 2740 862 2760 et
880 2737 902 2760 4.

301 2778 310 2791 ³
328 2779 406 2800 natm.
430 2778 466 2806 19,
488 2779 521 2800 12.

301 2817 311 2829 4
329 2817 384 2845 Cap.
403 2818 424 2839 8.
442 2824 464 2840 11.
488 2818 509 2839 8.
526 2817 689 2845 Respiciuntur
710 2817 765 2838 Luc.
784 2816 824 2843 110,
843 2816 884 2838 40:
903 2816 988 2838 Martha
1011 2818 1088 2837 autem

240 2855 360 2884 satagebat
376 2856 435 2879 cIrca
460 2858 568 2884 frequens
591 2855 743 2878 ministerium
750 2864 756 2882 ;
779 2858 801 2877 et
823 2861 846 2877 x.
864 2855 905 2877 39:
929 2854 1010 2881 Maria,
1028 2860 1089 2882 quae

240 2896 309 2918 etiam
326 2896 410 2918 sedens
426 2901 493 2918 secus
511 2895 582 2923 pedes
601 2895 690 2917 Domini
708 2894 817 2917 audiebat
828 2893 928 2916 verbum
946 2893 1017 2920 illius;
1034 2892 1089 2915 sub-

240 2934 294 2957 inde
311 2934 366 2956 Dan.
385 2934 426 2961 IS,
444 2935 481 2956 22.
499 2940 577 2962 seqq.;
594 2934 649 2956 Luc.
667 2934 693 2960 2,
711 2934 748 2955 36.
766 2939 815 2961 seq.
834 2933 872 2961 (de
884 2932 958 2961 Anna)
977 2935 999 2954 et
1017 2932 1037 2960 t,
1051 2931 1089 2954 27.

241 2973 280 3002 (de
297 2973 389 3002 Maria);
407 2974 461 2995 Luc.
479 2973 505 3000 8,
523 2974 544 2994 2.
562 2979 612 3001 seq.
629 2972 668 3001 (de
685 2971 821 2994 mulieribus
833 2970 1016 2993 ministrantibus
1029 2971 1087 2999 Iesu)

240 3015 262 3035 et
279 3014 304 3041 5,
326 3013 364 3034 II:
382 3012 473 3035 Relictis
490 3011 610 3038 omnibus,
628 3012 699 3034 secuti
717 3014 769 3034 sunt
786 3017 847 3034 eum.

1208 2578 1217 2591 ⁵
1235 2579 1304 2607 Epist.
1324 2579 1376 2601 160.
1395 2578 1459 2607 (alias
1478 2577 1540 2606 150.)
1559 2583 1578 2599 0.
1597 2577 1618 2599 1.
2120 2562 2122 2593 I

1208 2617 1218 2631 ὅ
1236 2618 1336 2641 Scilicet:
1355 2617 1458 2640 vendere
1480 2617 1570 2644 omnia,
1588 2616 1643 2639 dare
1666 2615 1810 2644 pauperihus
1827 2618 1849 2638 et
1866 2615 1932 2644 sequi
1950 2615 1997 2637 Sal-

1146 2661 1250 2681 vatorem
1270 2658 1357 2686 (Matth.
1378 2658 1418 2684 19,
1436 2656 1491 2685 ah).

1209 2696 1217 2709 ⁷
1236 2697 1305 2725 EpiSt.
1326 2697 1346 2718 I.
1370 2696 1392 2718 in
1409 2695 1557 2723 Appendice,
1578 2701 1597 2717 6.
1622 2695 1643 2716 9.
1661 2695 1713 2717 Post
1735 2693 1868 2717 suadentur
1890 2693 1996 2723 perfecta
2121 2688 2122 2722 1

1147 2739 1220 2758 textus
1237 2735 1355 2763 originalis
1372 2735 1438 2763 plura
1455 2734 1526 2757 addit.
1545 2734 1606 2756 Haec
1623 2734 1719 2762 epistola
1736 2739 1781 2756 11011
1799 2735 1833 2756 651
1850 2733 1997 2761 Hieronymi,

1146 2775 1186 2797 sed
1205 2774 1300 2802 Pelagii;
1318 2775 1360 2796 cfr.
1379 2780 1449 2802 supra
1467 2779 1522 2801 pag.
1543 2773 1597 2800 II6,
1615 2775 1669 2795 nota
1687 2773 1709 2795 8.

1209 2812 1218 2825 ⁸
1236 2813 1293 2835 Edd.
1311 2812 1409 2836 tardum
1421 2812 1556 2842 inpertiam,
1568 2811 1616 2835 nisi
1630 2812 1733 2841 fortasse
1744 2811 1818 2841 fuerit
1834 2812 1996 2834 excaecatum.

1209 2851 1219 2864 ⁹
1236 2852 1310 2875 Codd.
1327 2852 1424 2874 CDFG
1441 2850 1498 2881 qaid
1513 2857 1595 2879 verae,
1615 2851 1632 2873 B
1649 2850 1784 2880 quiem-ae,-
1801 2850 1856 2873 edd.
1873 2851 1931 2873 lianc
1943 2856 1996 2878 pro-

1146 2892 1283 2920 positionem
1301 2891 1418 2913 omittunt.

1209 2929 1228 2943 ¹⁰
1246 2931 1322 2953 Mattli.
1340 2931 1381 2958 22,
1405 2930 1441 2952 40.
1468 2929 1514 2952 Col.
1532 2930 1559 2956 3,
1586 2929 1628 2951 ⁴4:
1647 2930 1721 2957 Super
1743 2928 1822 2951 omnia
1839 2930 1916 2951 autem
1939 2929 1996 2951 naec

1145 2970 1263 2993 caritatem
1282 2969 1378 2997 habete,
1395 2969 1457 2998 quod
1477 2972 1511 2991 est
1528 2969 1646 2991 vinculum
1663 2968 1818 2997 perfectionis.
