2133 3317
250 227 306 255 694

502 265 559 288 CHR

248 308 344 334 putasse
355 312 396 333 per
405 305 575 333 blasphemiam
586 304 650 332 ponit
663 304 684 326 in
696 310 724 326 eo
736 304 819 332 imper-

250 345 382 373 fectionem,
403 347 441 366 aut
458 344 612 372 ignorantiam
631 343 675 366 256
695 343 723 365 15

296 396 327 400 -
344 382 418 412 signis
431 383 542 405 mirificus
554 383 667 405 elementa
679 384 818 409 commutat,

248 430 321 451 panes
334 422 481 450 multiplicat,
493 428 557 444 mare
569 422 651 448 calcat,
664 422 747 444 ssuetus
760 424 819 443 tran-

249 462 338 491 quillat,
358 462 484 484 daemones
496 461 633 488 compescit,
646 460 770 488 languidos
783 466 819 482 sa-

249 504 299 528 nat,
318 502 423 529 leprosos
445 500 567 528 emundat,
590 502 694 522 mortuos
711 499 818 527 suscitat,

250 541 324 564 caecis
342 541 431 567 visum,
448 540 525 562 surdis
546 539 664 565 auditum,
682 538 752 560 1110115
773 538 819 560 elo-

249 581 344 610 quium,
356 580 444 602 claudis
456 585 563 607 gressum
572 597 577 607 ,
592 577 725 606 paralyticis
737 580 759 599 et
775 577 819 599 ari-

249 620 285 642 dis
302 625 396 641 sensum
414 620 527 641 restaurat
544 620 566 640 et
583 619 672 639 motum
690 616 720 639 73
742 617 763 638 11

297 672 328 676 --
345 661 379 681 est
391 657 492 680 medicus
509 657 538 679 ab
556 657 618 679 omni
636 656 767 678 infirmitate
782 662 819 678 cu-

249 705 303 721 rans
323 697 366 720 104
386 697 414 719 'lb'
431 709 462 714 —-
480 696 623 724 significatur
639 702 680 723 per
698 695 819 717 Samarita-

250 744 306 760 num
326 737 370 759 317
387 737 401 758 5

297 789 329 792 —
347 777 388 798 Per
410 776 527 798 Christum
552 781 646 802 semper
671 776 724 796 sunt
740 775 820 802 parata

250 816 377 844 patrocinia
400 816 428 837 16
455 815 480 836 10
503 827 534 831 -
555 814 654 836 maxima
680 813 821 841 benignitate

250 855 331 878 invitat
349 855 466 882 inimicos,
489 855 593 876 hortatur
615 859 679 879 reos,
702 852 821 874 (111101110-

250 897 329 923 gratos
347 894 391 916 492
410 895 423 916 3
435 906 466 910 -
483 894 579 920 Propter
597 891 760 914 umbraculum
779 897 820 919 ap-

249 934 355 962 proxima
372 934 401 955 ad
419 932 535 955 Christum
554 932 583 954 15
602 932 614 953 8

297 985 328 989 —-
345 972 428 995 Christi
446 971 609 999 Redemptoris
626 970 757 993 subsidium
775 969 820 991 ela-

250 1018 316 1034 more
334 1011 508 1040 implorandum
526 1011 555 1032 12
572 1011 585 1032 2
604 1023 634 1025 -
652 1010 687 1032 Ad
704 1009 820 1032 Christum

250 1051 364 1080 peccatrix
382 1050 521 1073 conscientia
539 1050 622 1072 clamat
639 1055 704 1071 more
720 1048 820 1076 leprosi,

251 1090 404 1117 centurionis,
433 1089 597 1115 Chananaeae,
626 1088 771 1115 sanguifluae
799 1089 820 1109 et

251 1130 334 1152 Mariae
346 1136 372 1151 ac
390 1130 490 1151 Marthae
507 1128 536 1150 73
559 1129 580 1149 11

298 1182 329 1184 -
346 1169 446 1196 hospitio
458 1167 622 1195 suscipiendus
642 1172 707 1188 more
724 1165 820 1188 Zachaei

250 1208 280 1230 74
307 1208 335 1230 13
353 1220 384 1223 -
402 1207 527 1234 ungendus
552 1209 574 1228 et
591 1205 731 1228 osculandus
757 1210 821 1227 more

250 1247 386 1275 peccatricis
403 1245 458 1268 ibid.

298 1298 329 1303 —
347 1286 363 1308 A
382 1285 472 1308 Christo
490 1284 642 1307 desideranda
656 1283 765 1306 sententia
783 1282 822 1305 ab·

251 1325 371 1348 solutionis
387 1324 418 1347 74
436 1325 459 1346 13
474 1337 504 1341 ——-
517 1326 533 1346 Α
552 1323 642 1346 Christo
657 1323 771 1351 speranda
784 1329 821 1344 ve-

251 1365 287 1387 nia
306 1371 371 1387 more
388 1364 482 1386 latronis
499 1364 529 1385 78
549 1364 578 1385 27

298 1416 329 1420 -
341 1404 445 1426 Christus
456 1403 647 1430 interpellandus,
657 1404 682 1425 ut
694 1401 822 1424 1015011001-

251 1443 310 1466 diter
328 1443 429 1470 corrigat
446 1445 548 1465 errantes
566 1441 611 1464 231
630 1443 643 1464 2

298 1495 329 1499 —
346 1483 404 1510 sugit
416 1488 516 1509 regnum
529 1482 558 1504 ad
571 1481 673 1503 dandum
687 1481 821 1508 exemplum

252 1522 356 1550 fugiendi
374 1522 485 1549 gloriam,
510 1522 613 1543 savorem
638 1523 659 1542 et
681 1520 821 1548 prosperita-

251 1565 298 1584 tem
316 1562 361 1583 297
383 1562 404 1583 11
427 1574 457 1576 —
475 1560 547 1583 noluit
565 1560 612 1582 [ieri
630 1566 671 1582 rex
688 1559 823 1587 temporalis

252 1601 298 1624 ‘297
318 1601 345 1623 10
358 1613 389 1617 -
401 1601 493 1628 agnitus
511 1602 545 1622 est
556 1606 596 1622 rex
613 1606 625 1621 a
638 1600 738 1627 populo,
751 1599 822 1621 odore

253 1642 328 1663 famae
346 1640 395 1663 eius
412 1646 519 1667 resperso
537 1639 567 1661 74
586 1639 615 1661 15

299 1692 330 1696 --
339 1679 428 1702 Christo
442 1682 551 1708 tanquam
561 1679 610 1706 regi
624 1678 751 1706 Salomoni,
768 1678 823 1705 Syn-

252 1725 329 1747 agoga
356 1722 488 1741 reverenter
519 1718 623 1741 exhibuit
652 1718 765 1740 honorem
792 1717 822 1739 74-

254 1758 283 1780 15
301 1771 331 1774 -
348 1758 507 1780 conscendens
525 1757 621 1779 asellum
644 1757 703 1779 inter
726 1757 821 1784 applau-

252 1804 292 1820 sus
309 1798 451 1826 populorum
470 1796 578 1825 praebuit
596 1796 728 1819 humilitatis
750 1802 824 1818 exem-

253 1837 318 1865 plum
337 1836 389 1859 ibid.
408 1849 439 1853 —
456 1837 515 1858 iuter
532 1836 676 1858 laudantium
693 1841 764 1858 voces
782 1836 824 1857 hu-

253 1876 355 1899 militatis
373 1878 395 1898 et
413 1876 503 1904 pietatis
525 1882 572 1898 non
594 1875 729 1902 immemor,
752 1881 823 1903 super

254 1916 317 1938 aselli
342 1918 434 1943 tergum
457 1915 538 1938 sedere
558 1921 606 1937 non
627 1914 720 1937 erubuit
742 1917 764 1936 et
786 1920 823 1937 co-

253 1955 332 1983 piosos
349 1956 505 1982 lacrymarum
522 1953 609 1976 imbres
627 1954 707 1977 01111011
730 1954 774 1976 207
797 1954 823 1976 10

254 2007 284 2010 -—
301 1995 359 2016 inter
376 1994 491 2017 canticum
503 1994 578 2016 laudis
596 1994 723 2016 lamentum
735 1999 822 2015 assum-

254 2034 282 2056 sit
299 2040 370 2062 super
387 2033 502 2056 excidium
521 2033 618 2055 civitatis
634 2032 664 2055 711-
684 2033 712 2055 15

303 2086 331 2089 —
349 2073 478 2101 acceptavit
496 2074 606 2095 honorem
625 2073 728 2100 regalem
746 2075 771 2094 ut
785 2078 823 2094 ve-

253 2118 293 2135 rus
310 2118 349 2134 rex
367 2113 434 2135 lsrael
451 2116 546 2140 propter
569 2112 707 2139 mysterium
731 2114 823 2133 nostrae

254 2152 333 2174 salutis
350 2154 372 2173 et
390 2154 485 2179 propter
497 2152 629 2179 exemplum
647 2151 781 2173 humilitatis
793 2150 823 2172 ab

254 2191 294 2217 115,
320 2197 333 2212 a
358 2190 445 2219 quibus
472 2197 497 2213 se
522 2190 707 2218 crucifigendum
735 2189 823 2212 sciebat

256 2229 302 2252 297
322 2230 350 2251 10

301 2282 331 2285 —
349 2269 408 2291 mira
425 2268 533 2291 bonitatis
551 2268 674 2291 dulcedine
695 2274 748 2291 cum
769 2274 824 2296 pau-

255 2308 355 2336 perculis
367 2308 487 2336 discipulis
504 2310 526 2330 et
537 2308 656 2335 proditore
668 2308 750 2330 eadem
763 2313 824 2329 men-

255 2353 280 2369 sa
298 2347 405 2370 coenavit
421 2346 451 2369 75
472 2347 499 2369 16
517 2359 548 2363 -
565 2347 629 2369 dedit
645 2347 731 2369 mirum
748 2347 825 2369 humi-

254 2386 323 2409 litatis
340 2387 484 2414 exemplum,
501 2386 601 2408 lavando
612 2386 685 2414 pedes
702 2386 825 2414 discipulo·

254 2431 307 2448 rum
324 2425 379 2448 ibid.
399 2438 427 2441 —
445 2425 518 2453 pedes
534 2426 697 2453 Apostolorum
715 2428 762 2447 tam
780 2425 825 2453 spi-

254 2465 348 2487 rituales
369 2471 440 2494 quam
466 2465 598 2493 corporales
615 2464 731 2487 humiliter
752 2464 825 2487 abluit

257 2504 301 2526 389
324 2504 349 2526 10
367 2516 398 2520 -
415 2506 440 2526 111
458 2504 568 2532 magister
585 2506 607 2526 et
624 2504 734 2527 dominus
757 2504 825 2526 disci-

255 2544 323 2571 pulos
335 2543 447 2565 inducere
463 2543 535 2565 voluit
547 2543 575 2565 ad
589 2543 738 2565 imitationem
751 2545 824 2565 osten-

255 2588 294 2604 sae
311 2582 447 2605 humilitatis
464 2583 508 2604 207
529 2583 557 2604 10

302 2633 333 2637 -
350 2621 401 2643 vice
418 2622 472 2649 agni
494 2622 609 2649 paschalis
634 2622 658 2644 in
674 2620 825 2644 Euoharistia

256 2661 285 2683 ad
303 2661 420 2683 edendum
443 2661 581 2689 proponitur
598 2661 642 2683 sub
664 2661 742 2689 specie
759 2661 825 2689 panis

255 2699 286 2721 75
316 2700 341 2721 16
364 2712 395 2716 --
416 2703 450 2722 051
471 2700 538 2728 panis
561 2699 649 2723 habens
671 2707 740 2723 omne
766 2701 825 2723 dele-

256 2740 396 2761 ctamentum
410 2742 432 2761 et
448 2745 556 2768 saporem
574 2739 627 2762 ibid.
639 2752 670 2756 —
682 2739 704 2762 in
716 2739 825 2762 convivio

256 2778 398 2800 §aeramenti
415 2778 473 2800 mira
491 2778 612 2801 dulcedIne
629 2779 702 2807 replet
724 2779 825 2801 animam

257 2823 310 2839 eum
328 2817 499 2840 desiderantem
517 2817 571 2840 ibid.

303 2868 334 2872 —
346 2857 490 2884 praesentiae
509 2863 566 2879 suae
579 2857 677 2885 gratiam
697 2857 789 2880 exhibet
805 2860 827 2879 et

257 2894 301 2917 5111)
313 2896 386 2917 forma
403 2896 544 2918 Sacramenti
556 2902 599 2918 nos
608 2903 632 2919 se
644 2897 695 2924 ipso
707 2897 827 2924 spirituali-

258 2936 291 2955 ter
303 2934 377 2961 pascit
390 2935 397 2956 1
406 2934 433 2956 49
448 2935 459 2956 6
473 2947 503 2951 -—
515 2935 572 2957 mira
586 2936 690 2963 largitate
708 2935 827 2963 discipulis

258 2975 280 2995 et
292 2973 331 2995 toti
349 2974 462 2996 Ecclesiae
478 2980 563 3002 corpus
575 2977 597 2997 et
608 2975 745 3003 sanguinem
758 2981 826 2997 sunm

257 3011 323 3034 dedit
339 3012 362 3034 in
380 3011 458 3034 cibum
474 3015 495 3035 et
509 3017 590 3041 potum
602 3014 633 3036 75
651 3014 680 3036 16
693 3026 723 3031 -
735 3013 825 3042 Corpus

952 226 1052 254 INDEX
1074 226 1323 256 ALPHABETICUS.

852 307 874 327 et
890 305 986 332 sanguis
1002 305 1085 328 Christi
1102 305 1144 327 11111
1155 305 1294 327 sacrificium
1311 306 1359 327 Deo
1371 306 1419 333 pla—

852 350 919 371 cens,
936 345 1104 372 redemptionis
1121 344 1234 372 pretium,
1252 346 1356 366 nostrum
1373 345 1419 367 via-

852 383 922 406 ticum
941 386 962 405 et
979 385 1187 405 sustentamentum
1205 382 1259 405 ibid.

899 435 930 438 ——
946 422 1036 445 Christo
1053 428 1096 450 pro
1116 428 1156 444 sua
1180 422 1338 444 sacramentali
1356 428 1420 450 prae-

852 462 924 484 sentia
944 462 1002 484 10101·
1023 462 1128 484 1101011105
1150 461 1279 484 exhibenda
1302 464 1337 484 est
1354 468 1421 484 reve-

852 501 925 523 rentia
948 501 1043 523 honoris
1059 504 1081 523 et
1098 501 1172 523 laudis
1190 501 1234 523 ¹148
1261 501 1274 522 5
1291 513 1322 517 —
1339 500 1421 523 Convi-

853 539 917 562 vium
936 540 1003 562 finale
1020 540 1078 562 inter
1098 540 1175 562 omnia
1192 540 1336 562 memorialia
1359 539 1421 563 Chri-

852 579 881 601 sti
898 579 1023 607 praecipua
1036 579 1195 602 recordatione
1213 579 1375 607 dignissimum
1388 582 1422 602 est

853 618 883 640 75
904 619 930 639 16

900 669 931 674 —
948 657 1023 679 infans
1041 660 1119 684 natus,
1138 658 1231 680 modico
1248 658 1377 690 diversorio
1400 661 1422 680 et

853 697 975 724 praesepio
993 698 1114 719 contentus
1134 697 1187 725 fuit;
1209 697 1250 719 sed
1268 697 1298 720 ad
1319 697 1422 720 celebra-

854 736 940 758 tionem
959 736 1073 764 paschalis
1090 736 1192 758 convivii
1210 736 1252 759 sibi
1271 737 1346 765 parari
1369 743 1422 760 000-

854 776 963 797 naculum
981 775 1069 803 grande
1087 778 1182 798 stratum
1197 776 1313 804 quaesivit
1330 776 1374 799 343
1393 783 1405 798 a

901 827 931 831 -
949 815 1076 843 discipulos
1093 818 1145 837 ante
1161 814 1287 845 passionem
1305 816 1368 838 dulci
1385 822 1420 838 ex-

854 854 983 876 hortatione
1001 855 1139 877 confortavit
1154 855 1176 877 in
1190 854 1251 877 bono
1267 854 1297 877 75
1321 856 1345 877 16

903 906 932 909 -—
950 894 1017 916 ludas
1034 894 1112 922 ipsum
1130 897 1266 922 persecutus
1284 897 1318 917 est
1335 894 1378 917 [123
1392 896 1421 916 22

853 947 885 949 -
902 933 959 955 mira
978 933 1154 956 mansuetudine
1171 934 1296 961 proditoris
1316 935 1422 956 osculum

854 979 900 994 non
917 973 1004 1000 renuit,
1030 975 1055 994 ut
1080 973 1146 1000 pravi
1172 973 1249 995 cordis
1271 973 1422 1000 pertinaciam

854 1011 967 1034 emolliret
984 1011 1014 1034 75
1032 1011 1061 1033 17
1078 1024 1109 1027 —
1126 1012 1207 1034 ludam
1220 1018 1232 1034 a
1251 1015 1362 1040 concepta
1377 1018 1422 1034 ma-

854 1051 900 1073 litia
918 1051 1071 1073 familiaritate
1083 1051 1196 1078 convivii,
1215 1052 1342 1074 humilitate
1359 1051 1424 1074 obsc-

855 1090 903 1119 quii
922 1093 944 1112 et
960 1090 1073 1112 suavitate
1088 1090 1195 1119 colloquii
1208 1091 1296 1113 studuit
1312 1097 1424 1113 revocare

855 1128 909 1152 ibid.
927 1142 957 1145 —-
976 1129 1044 1151 ludae
1061 1129 1138 1151 omnia
1160 1130 1308 1152 commiserat
1331 1132 1353 1152 et
1370 1136 1424 1152 eum

854 1168 885 1191 ad
909 1169 1001 1191 culmen
1027 1168 1147 1196 apostolici
1169 1169 1262 1191 honoris
1287 1172 1425 1197 provexerat

854 1207 909 1230 ibid.
920 1221 952 1223 —
969 1208 1021 1230 dolo
1035 1208 1140 1235 proditus
1153 1210 1175 1230 et
1187 1208 1237 1230 vilis
1249 1208 1363 1230 mercedis
1376 1214 1425 1236 pre-

856 1248 886 1270 tio
904 1247 1060 1270 venumdatus
1078 1249 1112 1269 est
1125 1247 1155 1268 75
1174 1247 1201 1269 17

902 1299 933 1303 ——
949 1286 1073 1314 praescivit
1090 1286 1221 1314 passionem
1239 1292 1306 1309 suam
1323 1286 1353 1308 75
1376 1287 1400 1308 18

901 1338 932 1342 -
950 1328 1003 1348 ante
1020 1325 1152 1354 passionem
1170 1326 1245 1347 oravit
1261 1325 1291 1347 75
1312 1326 1338 1347 18
1355 1338 1386 1342 -
1401 1326 1425 1347 111

855 1366 959 1388 oratione
976 1367 1028 1387 ante
1046 1365 1178 1392 passionem
1196 1365 1293 1387 infirmis
1305 1367 1327 1387 et
1343 1365 1425 1393 imper-

856 1405 919 1427 fectis
936 1404 1101 1427 condescendit
1118 1404 1164 1426 237
1182 1404 1196 1426 1)
1214 1416 1244 1420 -
1262 1404 1358 1426 1011111115
1380 1404 1425 1432 501-

855 1444 900 1466 1110
916 1443 1104 1466 condescendens
1121 1444 1196 1466 oravit
1213 1444 1258 1466 253
1277 1443 1290 1466 4

902 1496 933 1500 —
958 1480 1178 1511 (10111101101110111111
1208 1483 1311 1511 martyrii
1338 1482 1425 1505 deside·

855 1523 921 1545 randi
938 1523 983 1544 252
1006 1523 1010 1544 1

903 1575 933 1578 -
954 1562 1073 1590 expositus
1096 1562 1137 1584 fuit
1159 1560 1267 1584 fluctibus
1289 1561 1425 1589 passionum

856 1602 885 1623 83
904 1601 933 1623 40
950 1613 982 1618 —
999 1601 1097 1623 instante
1114 1601 1193 1623 mortis
1205 1607 1292 1629 agone,
1310 1601 1426 1623 horribilis

856 1641 878 1663 in
895 1643 976 1663 natura
999 1639 1101 1662 sensibili
1124 1640 1166 1662 fuit
1188 1640 1321 1668 imaginatio
1344 1641 1426 1662 mortis

855 1680 886 1702 75
905 1680 933 1701 18
959 1692 988 1696 -—
1012 1678 1079 1702 sudor
1100 1680 1242 1707 sanguineus
1266 1685 1311 1702 non
1333 1679 1427 1702 distilla-

857 1720 901 1746 vit,
919 1719 960 1741 sed
978 1719 1085 1746 guttatim
1106 1719 1208 1741 decurrit
1231 1719 1275 1740 '169
1298 1719 1311 1741 3
1334 1731 1365 1735 —
1388 1719 1427 1741 Se-

856 1758 931 1781 cunda
948 1758 1069 1786 sanguinis
1086 1758 1166 1780 effusio
1180 1758 1295 1780 invenitur
1305 1758 1327 1780 in
1340 1758 1427 1780 sudore

856 1798 985 1826 sanguineo
1011 1797 1053 1819 184.
1073 1798 1080 1819 11
1103 1810 1134 1813 ——
1151 1797 1200 1819 Hoc
1225 1798 1362 1825 mysterIum
1388 1797 1426 1825 pie

857 1837 1061 1865 contemplandum
1079 1839 1114 1859 est
1131 1837 1175 1859 183
1194 1838 1207 1858 2

903 1889 935 1893 -
951 1876 987 1899 Ob
1004 1876 1109 1899 diversas
1134 1882 1216 1898 causas
1242 1877 1284 1899 fuit
1308 1877 1365 1899 haee
1387 1883 1427 1899 ve-

856 1917 953 1938 hemens
978 1916 1081 1938 anxietas
1105 1915 1136 1938 75
1163 1916 1191 1937 18
1217 1928 1248 1932 -
1270 1916 1426 1938 voluntarium

856 1956 951 1978 omnino
979 1955 1118 1978 sacrificium
1146 1954 1242 1983 obtulit,
1260 1955 1302 1977 sed
1323 1955 1427 1977 oratione

856 1997 878 2017 et
895 1995 981 2017 sudore
1005 1994 1134 2022 sanguineo
1160 1994 1272 2022 expressit
1297 1994 1426 2017 naturalem

857 2034 932 2057 carnis
949 2034 1105 2056 infirmitatem
1124 2036 1146 2056 et
1162 2039 1243 2056 veram
1260 2036 1352 2056 nostrae
1368 2040 1427 2056 mor-

857 2073 948 2095 talitatis
964 2075 1072 2095 naturam
1090 2072 1144 2095 ibid.

904 2125 934 2128 —
952 2113 1054 2135 tristatus
1072 2115 1105 2134 est
1122 2113 1144 2134 in
1166 2112 1273 2140 passione
1294 2113 1323 2135 ad
1344 2112 1426 2135 conde-

856 2152 1015 2174 scendendum
1033 2158 1078 2174 non
1095 2154 1184 2174 tantum
1202 2158 1282 2178 carne,
1299 2152 1341 2174 sed
1357 2152 1426 2174 etiam

857 2194 934 2213 mente
952 2191 1049 2213 infirmis
1067 2191 1112 2213 237
1130 2197 1142 2212 a
1160 2203 1190 2206 —
1208 2190 1308 2212 Tristitia
1326 2191 1427 2212 Salvato-

856 2230 888 2252 ris
905 2230 947 2251 fuit
963 2236 989 2251 ex
1008 2229 1138 2251 infirmitate
1155 2229 1254 2251 maxima
1272 2235 1325 2251 011111
1343 2229 1427 2257 pietate

857 2269 886 2291 ad
904 2271 997 2296 tempus
1014 2270 1120 2296 suscepta
1141 2267 1195 2291 ibid.
1207 2280 1238 2284 —
1257 2268 1280 2290 in
1305 2268 1426 2290 formidine

858 2308 972 2336 passionis
1000 2308 1102 2336 suscepit
1127 2314 1251 2335 personam
1279 2307 1426 2329 infirmorum

857 2347 907 2369 sive
924 2347 1113 2375 imperfectorum
1131 2346 1187 2369 ibid.

905 2398 934 2402 -—
956 2386 979 2408 in
1001 2386 1109 2414 passione
1130 2385 1259 2413 trepidare,
1282 2391 1425 2414 quamquam

857 2426 886 2448 sit
910 2425 1084 2453 imperfectum,
1110 2428 1185 2447 tamen
1212 2425 1236 2447 in
1262 2424 1352 2447 ChrIsto
1375 2431 1428 2447 con-

857 2465 1016 2487 descendente
1036 2465 1122 2487 nullam
1139 2464 1339 2492 imperfectionem
1362 2464 1428 2492 ponit

859 2504 903 2526 253
923 2505 936 2526 3

905 2556 937 2560 —-
953 2550 965 2565 a
983 2543 1082 2565 diversis
1099 2543 1197 2565 traditus
1211 2545 1233 2565 et
1250 2549 1376 2571 percussus
1393 2545 1427 2565 est

862 2582 904 2604 ¹70
923 2583 936 2605 5
954 2595 985 2599 —
1001 2582 1070 2605 Filius
1082 2582 1123 2604 Dei
1141 2582 1238 2604 traditus
1253 2584 1287 2604 est
1304 2588 1346 2610 pro
1359 2581 1427 2605 nobis

858 2628 950 2644 summa
967 2622 1128 2644 misericordia
1150 2621 1174 2643 13
1194 2621 1207 2643 4

905 2673 936 2677 —
954 2661 976 2683 in
994 2661 1124 2688 exemplum
1138 2661 1231 2683 fortium
1248 2667 1272 2683 se
1284 2663 1366 2689 sponte
1384 2661 1426 2683 ob-

859 2701 909 2723 tulit
925 2700 1026 2728 passioni
1050 2700 1094 2722 416
1111 2700 1132 2722 11
1154 2713 1185 2716 —-
1202 2703 1311 2728 prompto
1328 2700 1358 2722 ad
1378 2707 1427 2728 pas-

859 2740 948 2762 sionem
966 2739 1047 2768 spiritu
1073 2738 1240 2768 quaerentibus
1262 2745 1287 2761 se
1309 2739 1367 2761 ultro
1391 2746 1426 2762 oc<

859 2779 931 2801 currit
947 2778 977 2800 76
997 2779 1024 2800 y19

907 2831 937 2834 —
957 2818 1064 2840 Humana
1090 2817 1232 2845 praesumtio
1257 2817 1312 2840 nihil
1338 2820 1428 2846 poterat

859 2857 974 2880 adversus
985 2857 1113 2884 Christum,
1130 2857 1174 2879 nisi
1186 2860 1298 2885 quantum
1317 2857 1366 2885 ipse
1378 2863 1428 2885 per-

860 2897 960 2919 mitteret
970 2896 1000 2918 76
1012 2897 1040 2918 te
1052 2909 1081 2913 —
1093 2896 1256 2924 omnipotentis
1269 2896 1360 2918 virtutis
1371 2903 1427 2919 suae

859 2935 933 2958 verbo
950 2930 1070 2963 improbos
1082 2936 1189 2958 satellites
1201 2938 1274 2958 terrae
1288 2935 1353 2958 allisit
1369 2935 1425 2958 ibid.

906 2987 937 2991 —-
947 2975 1037 3003 pietatis
1045 2975 1168 2997 dulcedine
1178 2981 1257 2997 aurem
1267 2975 1328 2997 servi
1337 2975 1427 2996 sanavit

860 3017 882 3036 et
898 3014 1059 3037 invadentium
1071 3013 1197 3036 laesionem
1214 3013 1334 3042 prohibuit
1349 3013 1379 3035 76
1398 3014 1426 3035 19

1707 266 1763 289 CHR

1500 318 1528 321 —-
1541 305 1792 334 Comprehendentium
1806 307 1878 329 lesum
1892 308 1955 330 furor
1968 315 2018 336 per-

1452 345 1513 367 tinax
1531 351 1572 367 000
1589 345 1714 367 maiestatis
1731 346 1841 368 miraculo
1862 352 1904 368 nec
1927 347 2018 375 pietatis

1453 383 1564 406 beneficio
1582 385 1656 412 potuit
1673 385 1782 406 refrenari
1799 385 1829 406 76
1852 386 1877 407 19

1499 435 1530 439 -
1546 423 1624 446 Cultro
1642 424 1731 446 timoris
1744 424 1856 451 amputati
1875 427 1927 446 sunt
1944 424 1974 447 ab
1991 432 2018 448 eo

1453 461 1521 483 amici
1538 464 1560 484 et
1576 463 1727 490 111-0111101161
1751 462 1763 485 4
1782 475 1811 479 —-
1829 463 1919 485 Nullum
1937 470 2019 486 conso-

1454 501 1550 522 latorem
1566 500 1646 523 habuit
1670 502 1693 523 in
1715 508 1757 524 suo
1782 502 1861 524 dolore
1888 502 1932 524 167
1959 503 1972 525 4
1989 516 2019 520 —

1454 540 1577 567 Amputata
1596 540 1637 562 fuit
1653 540 1682 562 ab
1699 541 1750 568 ipso
1768 541 1840 569 gloria
1862 541 1934 564 cultro
1957 542 2020 570 igno-

1455 578 1549 605 miniae,
1562 579 1662 606 potentia
1675 580 1747 601 cultro
1757 579 1902 609 affectionis,
1913 581 2020 609 voluptas

1455 618 1527 640 cultro
1544 617 1641 644 doloris,
1664 618 1757 641 divitiae
1782 620 1854 642 cultro
1878 620 2021 648 paupertatis

1457 657 1496 679 161
1518 657 1531 678 3

1502 709 1533 712 —-
1546 696 1655 719 innocens
1666 697 1764 719 vinculis
1776 697 1860 725 ligatus
1872 700 1894 720 et
1910 700 2020 727 tanquam

1455 741 1530 763 agnus
1542 735 1742 758 mansuetissimus
1758 737 1788 758 ad
1800 737 1870 759 instar
1887 737 1980 760 latronis
1991 738 2021 760 ad

1455 775 1574 797 victimam
1600 775 1683 797 ductus
1708 778 1742 797 est
1761 775 1791 797 76
1810 776 1839 797 20
1856 788 1886 792 —-
1899 777 1941 799 Per
1966 778 2022 800 haec

1455 814 1546 836 vincula
1564 814 1702 841 derogatum
1716 814 1757 836 fuit
1769 814 1819 837 eius
1836 814 1934 837 libertati
1947 818 1969 838 et
1980 822 2022 844 po—

1455 852 1538 875 tentiae
1555 853 1599 874 166
1618 854 1626 875 1

1502 905 1533 907 -
1543 892 1632 920 Quibus
1641 892 1738 915 vinculis
1747 893 1829 921 ligatus
1839 894 1906 916 fuerit
1915 894 1959 916 165
1970 895 1978 916 1
1991 907 2021 911 —

1455 931 1518 953 Dura
1530 934 1552 953 et
1563 931 1659 954 immitia
1674 933 1765 954 11101001
1777 934 1833 955 haec
1845 933 1936 955 vincula
1952 934 1996 955 166
2010 934 2018 955 1

1502 983 1534 987 -
1551 971 1635 998 ligatus
1652 974 1696 998 est,
1715 974 1739 993 ut
1755 978 1798 994 nos
1813 978 1825 994 a
1843 972 1941 995 miseriis
1967 974 2023 995 sace-

1457 1012 1491 1032 ret
1508 1009 1627 1032 absolutos
1648 1011 1688 1032 166
1708 1012 1715 1032 1
1738 1023 1768 1027 --
1786 1011 1850 1034 PrIus
1867 1012 1889 1033 in
1905 1012 1975 1034 corde
1988 1018 2022 1034 ca-

1457 1049 1529 1071 ritatis
1545 1049 1642 1072 nexibus
1661 1050 1701 1072 fuit
1713 1050 1850 1073 constrictus
1864 1050 1919 1073 ibid.
1934 1064 1963 1066 —
1975 1051 2024 1073 vin-

1457 1089 1514 1111 culis
1531 1089 1632 1111 caritatis
1649 1091 1734 1112 tractus
1751 1093 1785 1112 est
1802 1090 1824 1112 in
1838 1092 1922 1112 terram
1940 1090 1969 1113 ad
1986 1097 2025 1113 su-

1457 1128 1576 1156 scipienda
1594 1128 1684 1151 vincula
1703 1129 1816 1157 passionis
1834 1129 1878 1151 168
1896 1130 1910 1152 5

1505 1179 1536 1184 —-
1554 1167 1641 1189 Vinciri
1659 1167 1773 1190 debemus
1795 1169 1892 1191 vinculis
1909 1169 2025 1196 passionis

1458 1206 1553 1234 Christi,
1565 1210 1590 1229 ut
1601 1207 1670 1229 etiam
1682 1207 1780 1230 vinculis
1797 1208 1898 1230 caritatis
1910 1208 1960 1230 eius
1977 1209 2025 1230 vin-

1459 1246 1499 1268 ciri
1516 1247 1633 1274 possimus
1652 1247 1696 1268 168
1714 1247 1728 1269 5
1746 1260 1775 1263 —
1796 1248 1885 1270 Gratias
1906 1248 2024 1275 agendum

1459 1288 1493 1308 est
1512 1286 1608 1308 vinculis
1634 1285 1729 1313 ChrIsti,
1746 1293 1807 1315 quae
1831 1289 1910 1309 nostra
1932 1287 2025 1309 vincula

1458 1327 1504 1347 tam
1520 1327 1624 1353 potenter
1636 1325 1774 1353 dirumpunt
1792 1326 1836 1347 166
1855 1326 1863 1348 1

1504 1377 1536 1381 -
1554 1365 1654 1392 pontifex
1672 1368 1749 1387 noster
1771 1367 1932 1392 praesentatur
1949 1365 2026 1388 eonci-

1459 1404 1488 1426 lio
1507 1404 1682 1432 malignandum
1700 1404 1835 1432 pontificum
1852 1404 1882 1426 76
1901 1405 1930 1426 22

1505 1456 1537 1460 --
1554 1446 1652 1471 negatur
1669 1450 1681 1465 a
1707 1444 1821 1471 discipulo
1846 1444 1876 1466 76
1897 1444 1922 1466 2¹
1945 1456 1975 1459 —
1992 1450 2027 1466 re-

1459 1484 1532 1512 spexit
1557 1483 1724 1511 praedilectum
1751 1483 1891 1511 discipulum
1918 1485 2025 1511 respectu

1459 1522 1612 1545 miserationis
1630 1525 1652 1544 et
1669 1522 1756 1550 gratiae
1774 1521 1828 1545 ibid.

1506 1574 1537 1578 —-
1546 1562 1606 1584 Hora
1619 1562 1693 1589 prima
1705 1561 1734 1583 ad
1748 1561 1869 1589 pontifices
1881 1563 1903 1584 et
1915 1563 2026 1589 tyrannos

1459 1601 1555 1628 ductus,
1582 1601 1603 1623 in
1630 1601 1693 1623 tertia
1717 1602 1838 1623 accusatus
1865 1602 1888 1623 et
1912 1601 2027 1624 iudicatus

1459 1643 1496 1663 est
1514 1640 1558 1663 408
1577 1641 1590 1662 6

1507 1692 1537 1696 ——
1554 1686 1672 1706 asserens,
1689 1685 1714 1702 se
1726 1685 1777 1702 esse
1788 1679 1868 1702 Filium
1889 1679 1941 1706 Dei,
1959 1679 2025 1708 quasi

1460 1725 1502 1747 pro
1520 1719 1665 1747 blasphemia
1687 1719 1834 1741 adiudicatus
1856 1722 1891 1741 est
1913 1719 1982 1741 morti
2004 1721 2027 1741 et

1460 1758 1581 1781 innumera
1599 1764 1725 1786 perpessus
1739 1757 1866 1786 opprobria
1883 1758 1913 1780 76
1933 1758 1962 1779 22

1506 1810 1537 1814 -
1556 1797 1637 1820 Vultus
1652 1798 1701 1819 lesu
1713 1796 1851 1819 venerabilis
1864 1799 1885 1819 et
1896 1797 1974 1819 caelos
1986 1797 2026 1820 ad-

1460 1837 1559 1865 implens
1577 1836 1660 1858 laetitia
1677 1836 1751 1864 sputis
1769 1836 1913 1865 inquinatur,
1937 1836 2026 1858 sacrile-

1461 1876 1496 1904 gis
1518 1875 1625 1898 manibus
1648 1875 1759 1902 caeditur,
1775 1875 1827 1898 velo
1844 1875 1868 1897 in
1885 1875 2027 1897 derisionem

1460 1916 1578 1943 obtegitur
1594 1915 1624 1937 76
1643 1916 1672 1937 22
1691 1927 1721 1931 -·
1744 1915 1807 1937 vultu
1831 1914 1987 1942 placidissimo
2004 1917 2027 1937 et

1459 1961 1567 1978 sermone
1578 1954 1695 1977 submisso
1716 1960 1811 1976 servum
1823 1954 1918 1976 dantem
1935 1954 2027 1982 alapam

1460 1994 1545 2017 blande
1563 1994 1674 2022 0011101111
1691 1993 1745 2017 ibid.

1507 2047 1538 2050 ——
1551 2039 1603 2056 cum
1616 2033 1725 2061 patientia
1737 2032 1866 2055 admirabili
1878 2034 1900 2055 et
1915 2032 2027 2055 imitanda

1461 2079 1532 2102 genas
1548 2073 1683 2095 lacerandas
1700 2071 1806 2100 praebuit
1832 2072 1874 2094 185
1888 2072 1895 2094 1
1912 2084 1943 2088 -
1961 2072 2027 2094 Velli-

1460 2113 1520 2135 catio
1546 2118 1657 2140 genarum
1679 2111 1763 2134 Christi
1787 2111 1909 2139 dupliciter
1933 2111 2027 2138 intelligi

1460 2154 1536 2180 potest
1554 2151 1598 2173 '184
1617 2151 1625 2172 1

1507 2203 1537 2207 -
1554 2190 1635 2213 Christi
1653 2190 1729 2212 anima
1742 2189 1814 2217 impio
1825 2189 1896 2212 iudici
1916 2192 2026 2218 tanquam

1459 2229 1542 2252 rabido
1559 2229 1610 2252 cani
1635 2229 1783 2257 deglutienda
1809 2228 1930 2256 exponitur
1947 2228 1978 2250 77
1995 2228 2025 2250 23

1459 2282 1490 2285 —
1507 2269 1600 2291 vinctus
1617 2271 1670 2290 ante
1692 2268 1774 2290 faciem
1791 2267 1855 2289 Pilati
1877 2267 2026 2295 perducitur,

1460 2310 1485 2330 ut
1509 2308 1618 2330 innocens
1643 2306 1817 2334 crucifigeretur
1835 2305 1889 2329 ibid.
1905 2318 1937 2323 ·—
1959 2306 2026 2335 quasi

1460 2353 1535 2375 agnus
1552 2349 1604 2369 ante
1621 2347 1722 2369 iudicem
1740 2348 1874 2368 mansuetus
1888 2345 1975 2374 stabat,
1993 2348 2026 2368 ta-

1460 2392 1515 2408 cens
1532 2385 1561 2407 ad
1579 2385 1738 2408 accusationes
1755 2384 1810 2407 ibid.

1506 2437 1537 2441 -
1554 2427 1634 2447 auctor
1651 2425 1711 2447 vitae
1728 2424 1812 2452 petitur
1824 2424 1853 2446 ad
1871 2426 1982 2450 mortem,
1994 2423 2026 2446 lu-

1459 2471 1505 2493 pus
1522 2466 1651 2492 praefertur
1663 2470 1735 2492 agno,
1751 2470 1814 2486 mors
1827 2463 1896 2490 vitae,
1908 2463 1952 2485 luci
1965 2465 2026 2485 tene-

1460 2503 1517 2526 brae
1533 2504 1564 2526 77
1581 2504 1611 2526 ‘23

1507 2556 1538 2559 —
1555 2543 1619 2565 Nulla
1636 2543 1660 2564 in
1677 2542 1766 2565 Christo
1783 2542 1899 2564 invenitur
1922 2541 1959 2563 vel
1975 2547 2026 2564 mo-

1461 2583 1511 2605 dica
1529 2588 1598 2605 causa
1616 2582 1696 2604 mortis
1713 2581 1742 2604 77
1761 2581 1790 2603 24

1510 2634 1539 2638 —-
1556 2621 1675 2649 piissimus
1693 2621 1739 2643 Rex
1757 2620 1856 2643 crudelis
1873 2620 1971 2642 Herodis
1992 2620 2027 2642 iu-

1461 2661 1521 2683 dicio
1538 2660 1645 2683 subditur
1665 2660 1695 2682 77
1713 2659 1742 2682 21-
1761 2672 1788 2675 -
1807 2659 1837 2682 ab
1858 2659 1948 2681 Herode
1969 2659 2026 2682 ludi-

1460 2699 1511 2722 brio
1530 2699 1628 2722 habetur
1644 2702 1666 2722 et
1680 2699 1710 2721 ad
1722 2699 1818 2721 Pilatum
1836 2698 1958 2721 remittitur
1971 2697 2025 2721 ibid.

1507 2751 1538 2755 —
1555 2745 1601 2761 non
1618 2739 1692 2761 solum
1712 2740 1808 2760 formam
1831 2738 1892 2760 servi
1912 2738 2025 2766 suscepit7

1461 2781 1486 2801 ut
1502 2778 1619 2806 subesset,
1637 2778 1677 2800 sed
1695 2778 1763 2800 etiam
1782 2777 1833 2799 mali
1851 2777 1925 2805 servi,
1942 2779 1967 2799 111
1983 2783 2024 2798 va-

1460 2818 1551 2846 pularet
1569 2817 1608 2839 121
1633 2817 1646 2839 4
1662 2829 1694 2833 -
1711 2816 1798 2839 crudeli
1816 2816 1925 2838 mandato
1947 2816 2025 2838 nudus

1460 2857 1483 2879 in
1500 2859 1624 2884 conspectu
1637 2856 1767 2878 derisorum
1784 2858 1859 2878 astare
1875 2855 2025 2883 praecipitur,

1460 2899 1485 2919 ut
1500 2895 1643 2918 atrocissime
1660 2895 1813 2922 flagellaretur
1830 2894 1860 2916 77
1879 2894 1908 2916 2-1

1506 2947 1537 2951 —
1553 2935 1602 2957 sine
1619 2940 1687 2957 causa
1700 2934 1828 2961 flagellatus
1846 2933 1886 2956 snit
1903 2933 1943 2955 185
1966 2933 1970 2954 1
1995 2945 2023 2948 —

1459 2974 1540 2996 Christi
1558 2973 1653 3001 sanguis
1671 2973 1802 3001 spargitur,
1819 2973 1882 2995 nullo
1906 2972 1927 2994 in
1946 2978 1973 2994 00
1991 2977 2023 2993 10-

1459 3015 1525 3041 perto
1542 3015 1606 3035 reatu
1623 3012 1653 3035 77
1672 3012 1701 3034 ‘24-
