2133 3317
142 1192 260 1211 Ambrosius.

277 221 333 249 278

278 298 407 336 Aegypti,
428 297 556 335 paradiso
584 297 656 325 hanc
686 296 830 324 meliorem
857 295 964 324 videbis
991 295 1124 325 effectam.

279 345 383 374 Etenim
404 347 447 373 est
466 343 561 372 videre
575 343 680 380 ubique
693 342 814 379 regionis
832 342 906 371 illius
918 342 1023 371 Christi
1044 350 1126 371 exer—

277 393 363 421 citum
385 395 412 420 et
434 390 553 427 regalem
580 397 692 427 gregem
722 392 751 418 et
781 389 959 426 superiorum
987 389 1126 418 virtutum

277 438 479 470 urbanitatem
500 436 650 465 existentia
671 436 744 465 enim
764 436 859 465 omnia
879 436 959 465 exuti
978 438 1008 465 et
1020 436 1126 465 mundo
1151 428 1152 433 ¹

277 485 388 514 omuino
410 483 538 512 crucifixi
549 505 556 517 ,
571 485 598 512 et
619 483 694 511 ultra
707 490 809 512 rursus
830 483 985 520 procedunt
999 483 1124 520 corporis

277 530 437 568 operatione
457 529 492 558 ad
513 529 691 566 indigentiam
723 530 816 558 cibum
849 532 998 559 sumentes.
1031 530 1125 567 Neque

277 578 363 612 enim,
385 577 516 614 quoniam
536 576 661 605 ieiunant
676 579 703 605 et
717 576 847 613 vigilant,
867 584 968 605 vacare
988 584 1038 613 per
1052 576 1125 605 diem

277 624 391 661 dignum
411 623 573 657 aestimant,
595 623 643 652 sed
664 626 758 652 noctes
779 623 892 660 quidem
905 623 994 652 sacris
1015 623 1126 660 hymnis

277 674 304 700 et
325 671 437 708 vigiliis,
452 670 511 699 dies
526 670 553 698 in
575 670 747 699 orationibus
762 673 789 699 et
803 678 938 699 manuum
960 670 1126 707 operationi-

277 719 330 747 bus
358 721 543 751 consumunt,
571 717 752 754 apostolicum
782 717 922 746 imitantes
946 717 1045 746 zelum.
1074 717 1125 746 Ve-

277 765 464 794 recundemur
500 764 585 801 igitur
620 772 732 798 01111165,
764 767 790 792 61
821 763 920 793 divites
951 766 979 793 et
1013 764 1125 801 inopes,

277 820 341 841 cum
364 812 415 846 illi,
436 812 473 840 nil
497 811 607 848 penitus
629 811 762 840 hahentes
781 811 833 840 nisi
855 819 958 848 corpus
979 813 1007 840 et
1027 818 1127 839 manus

277 866 351 893 suas,
373 861 471 895 cogant
492 861 521 887 et
542 858 649 895 litigent
662 858 670 874 ¹
693 857 832 894 impensas
852 857 918 886 hinc
939 857 1126 894 indigentibus

277 905 418 940 invenire,
440 913 490 934 nos
510 909 621 939 autem,
641 905 738 934 decem
759 905 883 933 millibus
904 904 980 933 intus
1001 903 1126 933 recondi-

278 953 328 987 115,
348 960 440 990 neque
461 952 605 989 superflua
626 952 660 981 ad
682 952 734 981 1106
746 952 886 989 tangimus
899 963 926 980 ».
949 952 1019 980 Haec
1040 951 1127 987 Chry-

277 1003 430 1034 sostomus,
453 999 500 1036 qui
522 1002 555 1028 ut
575 999 672 1028 doctor
693 1002 806 1028 sanctus
825 1002 854 1028 61
875 1006 979 1033 verax,
994 998 1073 1035 quasi
1093 997 1127 1026 ad

277 1047 320 1076 sui
342 1050 369 1075 et
390 1047 509 1075 aliorum
530 1046 582 1075 sibi
603 1046 736 1075 similium
761 1046 956 1075 verecundiam
978 1048 1128 1082 pauperta-
1152 1040 1154 1080 .

1184 1092 1304 1127 nachus,
1319 1092 1367 1129 (1111
1389 1092 1415 1120 111
1439 1095 1514 1121 terra
1529 1092 1729 1128 possessionem
1744 1092 1862 1129 quaerit,
1877 1092 2032 1121 monachus

360 1141 403 1168 18.
426 1140 519 1169 Simile
539 1148 589 1177 per
610 1140 702 1168 onmia
733 1147 810 1169 sacer
840 1139 906 1168 dicit
926 1137 1126 1168 Ambrosius2:
1152 1155 1153 1178 i

283 1198 296 1212 (ι
311 1187 447 1221 Christus,
463 1187 512 1222 ait,
528 1187 661 1215 Dominus
676 1189 770 1215 noster
783 1186 974 1215 sacerdotibus
989 1185 1046 1214 suis
1061 1184 1128 1222 quid
1152 1201 1153 1223 3

278 1234 419 1271 praecepit
439 1234 601 1263 audiamus:
626 1234 684 1269 Qui·
710 1242 769 1262 riori
800 1233 1018 1262 renuntiaverit
1037 1231 1127 1261 omni-
1152 1235 1153 1238 ’

277 1094 312 1123 115
333 1094 525 1123 excellentiam
548 1094 575 1122 in
597 1093 741 1122 monachis
762 1093 874 1130 Aegypti
897 1092 1079 1121 commendat.

279 1281 342 1316 bus,
365 1290 440 1320 quae
458 1281 602 1318 possidet,
624 1289 683 1309 noti
701 1284 793 1317 potest
813 1288 895 1308 meas
916 1288 976 1308 esse
997 1279 1126 1316 discipu-

278 1329 333 1357 lus.
365 1328 554 1357 Contremisco
586 1328 653 1356 haec
685 1328 786 1356 dicens.
819 1328 895 1356 Meus
930 1327 1002 1356 enim
1035 1326 1127 1363 primo

278 1376 420 1410 omnium,
443 1383 534 1409 meus,
556 1375 686 1412 inquam,
702 1375 760 1411 ipse
775 1377 920 1403 aecusator
935 1373 1035 1407 existo,
1051 1380 1127 1401 meas
1152 1386 1153 1398 ι

278 1423 519 1452 condemnationes
547 1423 654 1459 loquor.
685 1422 769 1458 Negat
796 1421 940 1455 Christus,
962 1428 1045 1449 suum
1067 1427 1127 1448 esse

277 1470 457 1507 discipulum,
473 1477 557 1507 quem
568 1469 668 1498 viderit
681 1468 786 1505 aliquid
801 1468 998 1505 possidentem,
1020 1470 1047 1496 et
1061 1475 1126 1496 eum

277 1518 325 1554 qui
347 1525 400 1546 non
423 1517 566 1545 renuntiat
586 1516 731 1549 omnibus,
753 1523 825 1552 quae
846 1515 974 1552 possidet.
1004 1514 1034 1543 Et
1059 1514 1126 1551 quid

277 1564 408 1601 agimus?
429 1563 572 1600 Quomodo
594 1563 661 1591 haec
682 1565 775 1591 autem
796 1562 847 1599 ipsi
871 1562 988 1599 legimus
1009 1564 1057 1590 aut
1078 1569 1126 1598 po-

276 1610 350 1647 pulis
370 1610 554 1647 exponimus,
576 1609 624 1647 qui
646 1617 700 1637 non
730 1609 822 1637 solum
849 1616 904 1637 non
932 1608 1126 1637 renuntiamus

277 1657 321 1685 his
342 1664 414 1693 quae
434 1656 623 1693 possidemus,
639 1655 687 1684 sed
701 1655 848 1692 acquirere
862 1655 994 1683 volumus
1008 1662 1040 1683 ea
1055 1662 1126 1691 quae
1151 1686 1152 1690 Ἰ

277 1711 421 1740 nunquam
443 1703 608 1737 habuimus,
630 1705 778 1739 antequam
810 1702 971 1730 veniremus
991 1701 1025 1730 ad
1046 1701 1125 1729 Chri-

277 1752 372 1778 stum?
392 1749 523 1787 Nunquid
544 1757 623 1783 nam,
638 1748 704 1786 quia
718 1756 768 1777 nos
779 1748 927 1785 redarguit
946 1747 1126 1782 conscientia,

277 1799 385 1834 tegere,
407 1805 461 1825 non
483 1796 609 1833 proferre
637 1803 709 1833 quae
736 1796 839 1833 scripta
870 1797 935 1824 sunt
956 1797 1126 1832 possumus?
1151 1809 1152 1813 =

276 1844 342 1872 Nolo
363 1843 495 1881 duplicati
517 1843 642 1872 criminis
656 1850 716 1872 esse
731 1850 810 1877 reus;
826 1842 959 1871 confiteor
980 1844 1008 1871 et
1022 1842 1125 1879 palam,

276 1890 405 1920 audiente
425 1890 544 1928 populo,
566 1889 713 1924 confiteor,
733 1890 803 1918 haec
824 1889 927 1926 scripta
947 1896 1024 1923 esse,
1044 1888 1126 1917 etiam

277 1938 298 1967 si
320 1937 444 1967 nondum
476 1937 604 1975 implesse
636 1944 680 1966 me
710 1936 783 1965 novi.
806 1936 858 1965 Sed
890 1944 927 1965 ex
955 1936 1008 1965 hoc
1029 1936 1126 1965 saltem

277 1985 450 2019 commoniti,
472 1984 633 2013 festinemus
647 1984 779 2021 implere,
794 1984 956 2013 festinemus
976 1983 1096 2012 transire
1110 1991 1127 2012 a

277 2032 467 2061 sacerdotibus
489 2031 650 2066 Pharaonis,
673 2031 776 2068 quibus
797 2034 910 2060 terrena
925 2030 1061 2068 possessio
1075 2033 1125 2065 est,

277 2078 311 2107 ad
333 2079 489 2108 sacerdotes
509 2078 636 2113 Domini,
658 2078 762 2115 quibus
776 2078 803 2106 in
819 2081 895 2107 terra
915 2085 981 2114 pars
1002 2086 1056 2106 non
1071 2080 1125 2112 est,

749 217 948 247 OPUSCULUM
969 218 1011 246 xl.
1031 217 1194 247 APOLOGIA
1215 218 1397 248 PAUPERUM.
1419 219 1488 247 CAP.
1509 219 1562 248 VH.

1183 296 1286 333 quibus
1306 297 1404 334 portio
1425 297 1570 325 Dominus
1592 299 1644 326 est.
1666 297 1739 326 Talis
1759 297 1833 326 enim
1858 300 1917 326 erat
1938 300 1965 327 et
1985 298 2029 328 ille

1183 343 1231 380 qui
1245 343 1365 372 dicebat:
1388 344 1542 382 Tanquam
1563 347 1687 381 69611165,
1706 344 1813 372 maltos
1833 348 1930 373 autem
1953 344 2029 373 loca-

1180 390 1330 426 pletantes,
1353 394 1385 419 ut
1405 389 1479 419 ntlzz't
1500 389 1649 425 habentes,
1670 394 1696 419 et
1716 390 1816 419 cannia
1835 391 2030 428 possidentes,-

1183 437 1285 466 Paulus
1305 437 1351 466 1116
1371 440 1425 471 651,
1445 437 1495 474 qui
1516 437 1545 465 in
1566 437 1668 466 talibus
1688 437 1825 474 gloriatur
1839 449 1866 466 υ.
1889 438 1934 467 His
1958 439 2028 467 sacri

1181 484 1303 513 doctoris
1323 483 1469 513 veracibus
1490 486 1517 512 et
1540 483 1693 513 humilibus
1716 483 1809 513 verbis
1828 484 1899 513 nihil
1914 492 2029 522 expres-

1181 530 1241 559 sius
1261 530 1295 559 ad
1316 530 1489 567 propositum
1509 529 1563 558 dici
1584 533 1682 567 potest.

1265 578 1308 605 19.
1325 577 1356 605 Ε1
1370 577 1468 606 beatus
1480 577 1550 613 Papa
1559 576 1711 614 Gregorius
1724 577 1807 606 tertio
1818 577 1997 615 Dialogorum
2008 579 2028 614 ³,

1182 624 1236 652 viri
1256 623 1391 652 mirabilis
1412 623 1486 652 Isaac
1515 623 1599 652 vitam
1626 623 1799 658 describens,
1821 624 1874 653 ait:
1900 635 1914 650 α
1928 625 2031 655 Servus

1183 670 1378 707 omnipotentis
1392 670 1517 704 Domini,
1529 677 1661 707 egressus
1676 670 1777 699 urbem
1792 678 1846 699 non
1868 671 1963 708 longe,
1985 672 2031 701 de-

1183 721 1290 746 sertum
1312 718 1403 746 10611111
1425 717 1530 754 16116111
1544 717 1638 754 ibique
1652 717 1704 746 sibi
1720 717 1826 747 humile
1840 718 2030 748 habitaculum

1183 765 1358 799 construxit,
1379 764 1413 792 ad
1434 764 1508 801 quod
1530 764 1596 793 dum
1617 764 1699 793 multi
1719 768 1884 802 pergerent,
1903 766 2032 803 exemplo

1184 811 1258 840 illius
1292 814 1420 840 aeternae
1452 811 1524 840 vitae
1557 811 1670 840 accendi
1704 811 1841 841 desiderio
1880 816 2032 849 coeperunt

1184 861 1267 895 atque
1288 858 1341 886 sub
1362 858 1422 886 61115
1443 858 1601 895 magisterio
1622 858 1650 886 in
1664 858 1861 895 omnipotentis
1876 867 1905 888 se
1923 859 2031 888 Domini

1184 905 1329 934 servitium
1350 905 1495 934 dederunt.
1518 905 1643 942 Cumque
1664 905 1688 934 ei
1716 906 1816 935 crebro
1843 906 1970 943 discipuli
1991 907 2033 935 in-

1184 955 1319 986 nuerent,
1340 954 1372 980 ut
1394 959 1444 988 pro
1466 959 1520 980 usu
1549 951 1708 980 monasterii
1735 952 1938 988 possessiones,
1961 960 2032 989 quae

1184 998 1388 1033 offerebantur,
1410 998 1563 1035 acciperet,
1585 998 1631 1027 ille
1662 998 1797 1027 sollicitus
1825 1006 1892 1028 suae
1913 1007 2032 1036 pauper-

1185 1046 1248 1074 tatis
1270 1048 1362 1074 custos
1382 1045 1482 1074 fortem
1504 1045 1670 1074 sententiam
1698 1045 1824 1080 tenebat,
1845 1045 1954 1075 dicens:
1977 1047 2032 1075 Mo-

1184 1148 1239 1168 non
1261 1142 1311 1168 est.
1344 1139 1386 1168 Sic
1418 1139 1521 1176 quippe
1541 1139 1683 1168 metuebat
1710 1139 1882 1176 paupertatis
1903 1147 1970 1168 suae
1990 1147 2032 1169 se-

1185 1186 1332 1215 curitatem
1354 1185 1486 1223 perdere,
1508 1185 1580 1214 sicut
1600 1186 1677 1214 avari
1698 1186 1787 1215 solent
1807 1186 1906 1215 divites
1925 1186 2032 1224 peritu-

1185 1240 1231 1261 ras
1251 1232 1360 1261 divitias
1392 1232 1570 1261 custodire».
1592 1232 1662 1261 Haec
1693 1233 1859 1270 Gregorius,
1881 1234 1942 1271 qui,
1969 1242 2033 1263 cum

1183 1280 1338 1308 monachus
1358 1282 1386 1308 et
1406 1280 1506 1316 ipsein
1527 1280 1710 1314 monasterio,
1725 1280 1799 1317 quod
1814 1281 2033 1318 possessionibus

1184 1326 1343 1360 dotaverat,
1372 1327 1456 1355 vitam
1488 1326 1615 1355 duxisset
1625 1327 1646 1360 4,
1668 1334 1830 1356 communes
1858 1330 1949 1357 tamen
1970 1336 2034 1365 pos-

1183 1373 1320 1402 sessiones
1341 1376 1516 1402 recusantem
1538 1373 1657 1402 miratur
1678 1376 1706 1402 et
1726 1373 1827 1402 laudat.
1849 1374 1885 1403 Ac
1905 1382 1956 1411 per
1981 1375 2033 1404 hoc

1184 1421 1285 1457 impiae
1306 1420 1520 1457 praesumtionis
1541 1428 1601 1449 esse
1622 1420 1796 1449 convincitur
1821 1421 1954 1451 virtutem
1978 1430 2033 1451 non

1184 1467 1306 1495 habitam
1329 1474 1474 1504 spernere,
1496 1470 1543 1501 111,
1565 1467 1587 1496 51
1609 1467 1732 1496 cuiusvis
1753 1467 1876 1496 docentis
1901 1468 1962 1496 vita
1983 1475 2034 1497 ex-

1183 1516 1288 1542 tremae
1303 1514 1458 1550 paupertati
1473 1521 1528 1542 non
1543 1521 1593 1550 per
1607 1514 1699 1542 omnia
1713 1516 1852 1548 consonat,
1867 1514 1954 1551 ipsius
1968 1514 2034 1543 cloc-

1184 1561 1266 1589 trina
1287 1568 1443 1597 pauperum
1469 1560 1629 1597 perfectioni
1654 1561 1834 1598 repugnando
1855 1561 2032 1590 contradicat.

1263 1609 1309 1636 20.
1331 1608 1511 1645 Nequaquam
1533 1607 1619 1645 igitur
1639 1616 1656 1636 a
1674 1608 1824 1644 praedictis
1845 1608 1984 1637 discordat
2004 1608 2033 1636 il—

1184 1655 1231 1683 lud
1252 1655 1396 1692 Augustini
1418 1654 1552 1689 verbum,
1574 1663 1630 1691 quo
1655 1658 1752 1684 contra
1779 1654 1953 1684 Adimantum
1977 1655 2031 1683 Ma-

1183 1702 1353 1730 nichaeum⁵
1374 1701 1530 1738 praefatum
1551 1701 1585 1730 de
1604 1702 1777 1738 paupertatis
1803 1702 1892 1730 forma
1920 1701 2032 1730 manda-

1184 1752 1244 1777 tum
1274 1749 1369 1777 datum
1395 1748 1529 1785 Apostolis
1559 1748 1625 1777 dicit
1654 1748 1851 1786 spiritualiter
1883 1757 1941 1778 esse
1965 1757 2033 1786 per-

1183 1796 1396 1830 scrutandum,
1419 1795 1477 1830 vel,
1502 1798 1535 1824 ut
1563 1795 1628 1824 alibi
1659 1795 1739 1830 dicit,
1758 1796 1931 1833 permissive
1951 1795 2033 1824 intel-

1184 1842 1339 1880 ligyendam.
1362 1842 1429 1871 Nam
1454 1850 1517 1871 cum
1542 1842 1672 1871 Marcus⁶
1694 1842 1767 1872 dicat
1788 1850 1936 1879 expresse,
1958 1843 2032 1880 quod

1181 1889 1331 1927 praecepit
1344 1889 1398 1923 ets,
1420 1898 1454 1918 ue
1474 1889 1547 1927 qaid
1568 1889 1696 1917 tollerent
1716 1889 1748 1918 iu
1767 1889 1835 1924 via,
1851 1892 1878 1919 et
1898 1889 1957 1927 ipse
1976 1898 2032 1918 una

1184 1944 1248 1965 cum
1270 1936 1330 1965 aliis
1350 1936 1573 1973 expositoribus,
1595 1936 1667 1965 sicut
1688 1943 1725 1965 ex
1746 1936 1905 1973 praemissis
1930 1937 2031 1971 claret,

1183 1983 1391 2020 intelligendum
1411 1983 1447 2011 ad
1467 1982 1588 2011 litteram
1609 1983 1723 2017 doceat;
1745 1983 1768 2012 si
1790 1983 1842 2012 hoc
1869 1983 2032 2020 simpliciter

1183 2030 1247 2059 alibi
1268 2033 1396 2067 negaret,
1418 2033 1445 2058 et
1466 2030 1639 2067 evangelicae
1667 2030 1779 2058 veritati
1809 2033 1837 2059 et
1867 2031 2031 2059 Sanctorum

1183 2077 1323 2106 doctrinae
1342 2077 1479 2106 simulac
1507 2084 1574 2105 suae
1601 2076 1759 2106 contrairet.
1789 2077 1867 2113 Quod
1895 2077 1929 2106 de
1955 2079 2032 2106 tanto

278 2316 317 2337 cfr.
335 2315 461 2342 Forcelliui,
479 2314 523 2337 sub
549 2314 621 2337 verbo
647 2314 719 2341 effluo)
739 2315 789 2336 Vat.
807 2318 829 2337 et
846 2315 883 2337 ed.
906 2315 918 2336 2
936 2320 1059 2342 perperam
1078 2314 1124 2337 ewi-

277 2353 360 2377 slentia
378 2353 440 2376 euim
458 2353 524 2376 07117ιὶ
539 2353 619 2381 exuis,
638 2354 751 2376 recentior
767 2354 855 2375 versio:
873 2353 989 2382 siquidem
1006 2353 1074 2376 exuli
1091 2360 1124 2376 re-

278 2393 320 2416 bus
337 2393 427 2416 cunctis
444 2392 615 2422 praesentibus.
635 2392 738 2415 Subinde
755 2399 797 2420 pro
820 2393 842 2415 et
858 2392 925 2415 ultra
941 2398 1030 2415 rursus
1044 2398 1125 2422 proce-

277 2431 337 2455 dunt
361 2433 411 2455 Vat.
430 2435 452 2454 61
477 2432 530 2454 edd.
554 2433 574 2459 1,
593 2433 605 2453 :2
624 2434 703 2454 contra
728 2434 814 2454 textum
839 2432 987 2459 originalem:
1007 2432 1034 2454 Et
1050 2431 1125 2454 ultra.

278 2471 371 2494 Rursus
386 2470 532 2500 procedunt,·
550 2471 662 2493 recentior
688 2470 776 2493 versio:
798 2470 866 2493 ultra
888 2470 959 2493 etiam
980 2470 1124 2499 procedunt,

278 2509 358 2533 labore
375 2509 484 2539 corporis
503 2511 592 2532 utentes
617 2508 649 2532 ud
673 2509 761 2532 victum
779 2509 857 2538 caenis
874 2509 1065 2539 comparandum
1088 2509 1126 2538 (τῇ

277 2551 319 2570 τοῦ
349 2548 454 2578 nuspa-rog
482 2546 576 2577 ἐργασίᾳ
605 2546 660 2577 πρὸς
689 2547 728 2575 τὴν
756 2549 799 2570 τῶν
828 2548 937 2578 δεομένων
966 2543 1125 2580 ἀποχρώμενοι

276 2587 380 2617 τροφήν).

339 2626 347 2639 ¹
366 2627 487 2649 Recentior
505 2627 594 2649 versio:
612 2626 707 2656 qzturtclo
725 2627 784 2650 illi...
803 2629 921 2650 6011011111)-
944 2628 965 2650 et
982 2627 1126 2651 cotztendunt

279 2665 407 2695 (βιάζωνται
424 2665 462 2688 καὶ
480 2666 642 2696 φιλονεικῶσι).

340 2704 349 2718 ²
367 2706 444 2728 Potius
461 2706 580 2734 Origenes,
603 2706 686 2728 Homil.
711 2706 746 2727 16.
766 2706 788 2728 111
811 2707 866 2728 Geu.
884 2705 989 2734 (ABCE
1007 2705 1125 2734 Δηὼ-05,

278 2744 358 2767 homil.
377 2743 416 2767 s16.
432 2751 504 2774 super
523 2744 616 2773 Genesi)
636 2751 657 2767 11.
676 2745 697 2767 5.
714 2745 737 2767 ι111
756 2745 869 2773 principio
887 2745 998 2773 allegatur
1013 2746 1068 2767 Luc.
1088 2745 1125 2772 14,

279 2784 315 2805 33.
334 2787 355 2806 61
373 2784 393 2805 111
412 2784 457 2806 line
474 2784 595 2812 respicitur
613 2784 680 2806 Num.
699 2784 735 2811 Γ18,
754 2784 790 2806 20.
809 2783 859 2812 (cfr.
872 2784 937 2806 Deut.
953 2784 986 2812 18,
1000 2784 1031 2813 2)
1050 2784 1080 2806 de
1098 2784 1125 2806 le-

278 2822 343 2850 vitis,
361 2828 387 2845 ac
405 2823 515 2850 allegatur
533 2824 556 2845 ll.
574 2822 626 2845 Cor.
644 2823 665 2851 6,
684 2823 720 2844 10.

341 2859 350 2872 ³
367 2860 422 2888 Cap.
445 2861 477 2883 lt.
495 2861 540 2883 Cl'r.
559 2864 614 2883 tom.
641 2861 670 2883 V.
687 2867 742 2889 pag.
768 2861 820 2888 148,
843 2864 895 2884 uota
915 2861 935 2883 4.
954 2862 996 2884 Pro
1013 2861 1045 2884 ud
1062 2861 1126 2891 quod

279 2903 352 2922 textus
369 2900 487 2928 originalis
504 2900 536 2923 ad
553 2906 629 2930 quem.

339 2937 350 2950 ⁴
367 2938 413 2961 Csr.
430 2939 480 2961 eius
495 2939 555 2966 xita,
573 2939 657 2967 scripta
673 2946 686 2961 a
705 2940 774 2962 Paulo
799 2940 908 2967 Diacouo,
926 2946 947 2962 n.
967 2939 986 2962 4.
1005 2946 1054 2968 seq.
1073 2943 1093 2962 et
1112 2946 1124 2962 a

278 2978 361 3000 loanne
377 2977 494 3004 Diacono,
511 2977 549 2999 lib.
566 2978 581 3000 1.
598 2983 623 3000 n.
640 2978 662 3000 5.
679 2984 728 3006 seq.
745 2990 776 2995 -
794 2978 906 3006 Superius
927 2984 971 3006 pro
998 2984 1052 3001 cum
1077 2984 1124 3001 mo·

278 3014 361 3038 machis
379 3021 404 3038 ex
422 3016 439 3037 A
450 3015 466 3037 Β
482 3019 505 3038 61
522 3015 576 3038 edd.
594 3017 615 3044 1,
633 3016 646 3038 2
665 3015 826 3039 substituimus
844 3023 898 3040 cum
915 3016 1055 3040 monachus.
1070 3017 1124 3039 luse-

1182 2314 1230 2336 rius
1248 2320 1290 2342 pro
1309 2315 1333 2337 ut
1353 2313 1409 2343 qula
1426 2313 1528 2336 docentis
1548 2313 1593 2336 citu
1611 2320 1637 2336 ex
1656 2313 1751 2336 ABCG
1770 2313 1930 2337 substituimus
1951 2316 1990 2342 uc,
2010 2314 2033 2338 si

1182 2353 1287 2376 cuiusuis·
1305 2352 1407 2375 docentis
1426 2352 1480 2376 rita.

1245 2391 1254 2403 ⁵
1270 2391 1326 2419 Cap.
1344 2392 1382 2413 20.
1400 2398 1420 2413 11.
1445 2392 1449 2413 Ι
1462 2399 1467 2413 :
1488 2400 1498 2411 a
1508 2392 1571 2420 Quae
1589 2394 1664 2413 tamen
1678 2391 1754 2414 omnia
1767 2392 1914 2419 spiritualiter
1927 2398 2030 2420 perscru-

1183 2431 1251 2453 tanda
1263 2434 1327 2458 sunt,
1339 2437 1369 2452 nc
1381 2431 1432 2458 ipse
1444 2431 1555 2453 Domiuus
1573 2430 1707 2453 hominibus
1723 2431 1801 2459 impiis
1819 2434 1897 2453 contra
1910 2437 1951 2453 sua
1964 2437 2031 2459 prae-

1182 2474 1247 2498 cepta
1265 2470 1345 2492 secisse
1369 2470 1489 2497 videatur,
1506 2470 1546 2498 qui
1567 2470 1635 2492 etiam
1653 2470 1738 2492 loculos
1763 2469 1864 2492 habebat
1890 2470 1940 2499 [cfr.
1969 2471 2029 2492 loan.

1187 2509 1220 2536 12,
1238 2508 1284 2538 6.],
1302 2508 1388 2538 quibus
1413 2509 1442 2531 ad
1463 2509 1620 2531 necessarium
1638 2509 1725 2531 victum
1743 2508 1839 2537 penuria
1860 2508 2030 2536 portabaturn.

1181 2547 1239 2570 thid.
1256 2548 1325 2570 etiam
1342 2548 1385 2570 alia
1403 2548 1511 2570 sententia
1536 2548 1647 2570 occurrit:
1673 2548 1719 2570 Non
1743 2551 1819 2570 aulem
1838 2548 1879 2570 ista
1900 2548 1971 2574 iussa,
1989 2548 2029 2570 sed

1179 2586 1300 2615 permissa
1324 2592 1374 2609 esse
1399 2587 1525 2614 Apostolis,
1543 2592 1569 2608 ex
1595 2587 1639 2608 hoe
1660 2586 1807 2614 intelligitur,
1824 2586 1888 2615 quod
1906 2586 2030 2614 Apostolus

1182 2626 1265 2648 Paulus
1283 2625 1332 2655 [cl'r.
1351 2627 1398 2648 Act.
1418 2626 1454 2654 18,
1470 2626 1491 2648 3.
1503 2628 1526 2648 61
1537 2626 1579 2652 20,
1592 2624 1654 2655 34.],
1671 2624 1778 2647 manibus
1795 2625 1842 2647 suis
1859 2628 1980 2653 operatus,
1999 2625 2030 2646 vi-

1183 2668 1244 2687 ctum
1263 2664 1389 2694 quaerebat
1407 2668 1450 2687 ete.
1466 2664 1513 2687 Cir,
1535 2665 1565 2687 de
1587 2664 1714 2691 Mendacio,
1731 2670 1750 2686 c.
1770 2664 1805 2686 rl5.
1824 2670 1847 2687 n.
1864 2665 1907 2687 30:
1924 2665 1979 2687 Item
1997 2663 2029 2686 di-

1182 2706 1245 2726 ctum
1263 2707 1297 2726 est
1314 2704 1429 2732 Apostolis
1454 2703 1518 2733 [Luc.
1538 2704 1574 2731 10,
1593 2703 1632 2732 t.]‚
1648 2706 1674 2726 ut
1691 2703 1745 2725 nihil
1771 2709 1850 2726 secum
1871 2706 1989 2731 portantes
2005 2704 2029 2726 in

1182 2743 1219 2765 via
1237 2749 1263 2765 ex
1282 2743 1406 2771 Evangelio
1432 2743 1545 2765 viverent.
1571 2743 1596 2765 Et
1620 2743 1723 2771 quodam
1749 2743 1799 2765 loco
1817 2741 1903 2772 [Matth.
1929 2743 1962 2771 lo,
1982 2743 2029 2772 10.]

1182 2782 1250 2804 etiam
1269 2782 1319 2810 ipse
1336 2782 1447 2804 Dominus
1463 2781 1608 2810 significavit,
1624 2787 1667 2804 cur
1685 2782 1728 2804 hoe
1745 2781 1838 2808 dixerit,
1852 2788 1905 2804 cum
1923 2782 2026 2804 addidit:

1185 2821 1275 2851 Dignus
1292 2823 1327 2844 est
1349 2821 1411 2844 enim
1434 2820 1560 2851 operm-ius
1577 2820 1682 2844 mercede
1698 2826 1758 2849 suu,
1775 2820 1816 2843 ubi
1842 2821 1897 2843 satis
1916 2821 2029 2848 ostendit,

1179 2860 1326 2889 permissum
1350 2862 1393 2883 hoc
1414 2866 1479 2887 esse,
1504 2866 1549 2883 non
1567 2860 1672 2888 iussum,
1690 2866 1721 2882 ne
1739 2861 1795 2882 sorte
1816 2860 1855 2888 qui
1873 2861 1917 2882 hoc
1935 2861 2030 2887 faceret,

1182 2902 1207 2921 ut
1223 2899 1248 2921 111
1265 2905 1335 2927 opere
1353 2899 1529 2927 praedicationis
1546 2898 1612 2921 verbi
1630 2898 1718 2927 aliquid
1732 2897 1764 2920 ab
1781 2899 1814 2921 eis
1832 2898 1918 2927 quibus
1938 2898 2029 2927 praedi-

1182 2940 1256 2965 caret,
1274 2938 1297 2960 in
1315 2944 1371 2960 usus
1387 2938 1448 2960 vitae
1465 2938 1534 2960 liuius
1551 2941 1663 2966 sumeret,
1681 2938 1782 2961 illicitum
1806 2938 1891 2967 aliquid
1911 2943 1936 2960 se
1954 2939 2029 2960 facere

1182 2976 1331 3000 arbitraretur
1348 2980 1390 3000 ete.

1244 3016 1254 3029 Β
1270 3016 1325 3044 Cap.
1344 3017 1365 3044 6,
1383 3017 1404 3039 8.
1421 3029 1451 3033 -
1469 3016 1514 3039 Cl'r.
1531 3023 1601 3045 supra
1620 3023 1643 3039 n.
1662 3017 1683 3039 5.
1702 3022 1750 3045 seq.
1768 3020 1789 3039 et
1808 3017 1829 3038 9.
1847 3022 1912 3045 seqq.

2047 585 2119 610 (3111301.Ι

2050 1238 2113 1258 Notaui
2120 1247 2128 1260 ι,

2063 1613 2113 1638 Augu
2124 1619 2132 1634 11

2049 1642 2086 1656 nou
2104 1638 2133 1657 (1111

2049 1660 2076 1679 tit.
2120 1665 2121 1684 1
