2133 3317
389 280 433 302 STl

187 322 297 343 Srtani-Jt
317 332 346 335 —
363 318 477 347 passionis
493 317 574 340 Clu-isti
593 317 615 338 S.
636 316 702 338 Fran·

140 360 200 382 cisco
218 359 330 387 impressa
349 359 440 380 fuerunt
457 356 500 378 470
519 356 532 378 3
549 367 580 372 --
597 355 620 377 S.
637 355 702 376 Fran-

140 399 200 421 cisco
213 399 327 426 impressa
340 398 431 419 fuerunt
442 401 488 418 non
500 400 541 422 per
553 396 647 416 naturae
659 393 702 415 vir-

140 440 211 460 tutem
229 437 265 459 vel
282 436 401 464 ingenium
419 434 486 460 artis,
508 433 549 455 sed
571 439 613 460 per
629 432 703 454 admi-

139 476 236 498 randam
259 475 384 503 potentiam
407 472 505 501 Spiritus
523 471 562 494 Dei
580 471 624 494 505
642 472 655 493 2
672 483 703 487 -

141 516 163 537 S.
180 514 299 537 Francisco
317 514 428 540 impressa
445 511 539 534 suntad
551 510 703 532 confirmatio-

139 560 192 577 nem
210 553 312 581 Regulae
328 554 350 573 et
366 550 591 573 commendationem
603 548 703 571 auctoris

140 593 185 615 5l6
210 592 230 613 11
252 603 282 607 -—
298 591 320 612 S.
338 589 460 612 Francisco
477 592 586 617 tanquam
603 587 702 615 sigillum

139 630 319 659 approbativum
346 629 458 656 impressa
484 629 577 650 fuerunt
601 626 645 649 247
667 626 701 648 10.

140 670 185 692 542
205 670 233 691 12
249 680 280 685 -
297 667 426 695 Descriptio
449 666 607 694 impressionis
628 670 704 687 sacro-

139 715 192 732 rum
219 708 353 736 stigmatum
380 706 401 728 in
427 711 526 733 corpore
551 705 574 727 S.
591 703 703 726 Francisci

140 747 187 770 543
205 748 219 769 3
238 759 266 762 -
283 746 363 768 Testes
380 744 437 767 varii
455 750 498 772 pro
514 741 704 770 sacrisstigmati·

140 786 185 808 bus
208 785 253 807 544
272 785 292 807 8.
314 784 359 806 548
378 784 399 806 4.
416 789 451 812 sq.
469 783 515 805 545
532 783 546 804 9
563 794 593 798 —
610 780 704 809 Appari-

140 825 214 848 tiones
230 827 253 846 et
269 824 366 846 virtutes
382 828 500 845 sacrorum
513 821 646 849 stigmatum
659 819 703 842 549

141 865 163 887 2.
180 864 225 886 550
244 864 264 885 3.
282 869 334 892 sqq.
350 874 381 879 —-
393 862 454 884 Deus
465 861 571 888 stigmata
583 859 653 881 variis
665 858 705 880 mi-

141 903 226 925 raculis
243 901 380 929 comprobat
397 900 441 922 543
459 900 481 922 5.
497 906 548 928 sqq.
561 898 605 920 550
618 899 640 920 2.
653 903 704 926 sqq.

142 942 187 964 576
204 941 226 963 b.
244 941 290 963 577
307 946 319 962 a
336 952 367 956 —
384 938 510 966 Descriptio
527 943 646 960 sacrorum
663 936 702 958 sti-

142 984 246 1009 gmatum
266 979 311 1001 547
329 980 350 1001 2.
369 978 413 1000 576
431 984 443 999 a

189 1019 260 1041 STotA
278 1031 308 1034 —
326 1017 418 1046 gemina
441 1015 559 1038 decorabit
581 1014 704 1037 Ecclesiam

142 1060 194 1086 post
211 1057 322 1079 iudicium
335 1055 363 1078 84
377 1055 406 1077 44
420 1068 447 1071 —
460 1055 523 1083 Quae
535 1054 564 1076 sit
575 1054 632 1075 stola
645 1059 704 1075 nova

142 1096 232 1119 animae
249 1095 389 1124 glorificatae
406 1093 435 1116 64
453 1094 482 1115 22
499 1105 530 1110 —-
542 1092 640 1121 gloriosa
654 1098 703 1120 per-

142 1139 226 1164 petuae
244 1133 419 1156 immortalitatis
437 1128 479 1154 497
498 1131 513 1154 1)

189 1175 326 1196 STnenuiras
342 1185 373 1188 —
389 1174 423 1194 est
435 1171 531 1200 quidam
544 1170 610 1198 vigor
622 1170 702 1196 animi,

142 1212 259 1235 excutiens
269 1217 363 1234 omnem
375 1210 537 1238 negligentiam
548 1212 570 1231 et
578 1209 706 1236 disponens

143 1252 232 1274 animas
248 1251 277 1273 ad
296 1250 425 1272 faciendum
442 1249 519 1271 omnia
537 1254 608 1276 opera
625 1247 705 1269 divina

143 1291 273 1318 vigilanter,
299 1289 451 1315 confidenter,
475 1288 592 1315 eleganter
614 1287 627 1309 5
645 1286 658 1308 9
677 1298 705 1301 —

143 1329 288 1352 strenuitatis
312 1330 346 1350 est
370 1333 495 1355 aggressus
520 1326 647 1348 difficilium
664 1331 706 1353 per

143 1370 219 1390 actum
237 1366 349 1388 virilitatis
368 1366 394 1387 16
412 1366 425 1387 9
443 1377 474 1381 —-
490 1365 551 1386 viam
571 1363 666 1392 praebet
676 1363 704 1386 ad

144 1407 222 1429 omnia
246 1405 305 1428 bona
324 1406 337 1427 5
356 1406 369 1427 9
386 1416 417 1421 -
434 1405 456 1427 111
480 1404 629 1432 acquisitione
652 1405 708 1425 stre-

147 1445 240 1468 nuitatis
256 1448 334 1467 contra
347 1443 511 1471 negligentiam
523 1442 661 1464 rectificatur
672 1441 708 1463 sti-

145 1485 221 1506 mulus
243 1483 396 1505 conscientiae
416 1482 445 1505 ib.
462 1482 475 1503 8
493 1494 523 1497 -—
540 1482 558 1503 A
574 1480 707 1503 strenuitate

145 1523 273 1545 inchoanda
291 1525 325 1544 est
341 1521 473 1544 rectificatio
488 1520 640 1543 conscientiae
652 1518 680 1541 ib.
694 1519 707 1540 9

193 1563 291 1584 STuntuiu
309 1574 339 1577 ——
356 1561 397 1582 Per
409 1560 511 1582 studium
525 1559 614 1581 Veritas
625 1562 660 1581 est
670 1564 708 1580 au-

144 1601 227 1624 dienda
250 1601 274 1622 l8
295 1600 322 1622 =l4
338 1612 369 1616 —
382 1600 404 1621 S.
416 1599 549 1621 Franciseus
560 1597 708 1620 commendat

145 1640 247 1662 studium
268 1645 322 1662 cum
340 1638 464 1661 devotione
481 1637 525 1660 535
544 1638 552 1658 vl
574 1650 603 1653 —
616 1636 708 1658 Ordina-

145 1679 218 1701 tiones
234 1678 312 1707 quoad
328 1678 425 1700 domum
437 1676 506 1699 studii
519 1676 651 1698 f‘arisiensis
664 1675 707 1697 456

145 1717 169 1740 b.
186 1717 231 1740 460
250 1723 262 1739 a

193 1757 307 1779 ΞτυιτιτιΛ
325 1768 356 1772 -
372 1755 466 1777 alterius
482 1755 573 1782 sapiens
589 1754 613 1776 fit
633 1753 709 1775 erudi-

146 1797 190 1819 tior
210 1796 247 1818 131
269 1801 282 1817 a
299 1808 329 1811 —
348 1795 434 1816 Stultus
458 1793 551 1816 sibimet
571 1799 617 1815 non
639 1792 708 1815 confi-

145 1835 203 1858 dens
223 1834 313 1863 quaerit
329 1833 449 1856 consilium
466 1839 478 1854 a
496 1831 639 1860 sapientibus
663 1831 707 1853 146

147 1874 175 1896 18
193 1886 224 1890 -
240 1873 283 1901 Qui
300 1879 325 1895 se
341 1873 435 1894 stultum
453 1874 475 1894 et
490 1870 654 1899 despicabilem
671 1876 708 1892 ex-

146 1912 210 1935 hibet
231 1912 318 1934 mundo
340 1912 386 1933 Deo
409 1911 506 1933 efficitur
527 1910 641 1938 pretiosus
664 1909 708 1931 405

147 1952 176 1974 24

195 1991 303 2013 ΞυΛνιτΑε
319 2001 350 2006 -
367 1989 455 2017 paritur
473 1988 494 2010 in
512 1987 581 2010 corde
604 1987 708 2009 vacando

148 2030 194 2052 Deo
211 2035 253 2057 per
270 2028 430 2051 meditationes
454 2027 514 2050 circa
540 2033 642 2049 amorem
668 2026 709 2048 Dei

151 2069 176 2090 10
193 2069 207 2090 9
225 2080 256 2085 -
268 2069 298 2090 Ex
309 2067 423 2090 suavitate
434 2066 534 2089 nascitur
546 2066 644 2088 aviditas
655 2064 708 2088 ibid.

194 2108 301 2129 Sunoiws
317 2119 348 2123 —
368 2110 468 2135 quatuor
493 2105 569 2128 modis
592 2105 710 2132 regulatur

146 2146 223 2175 quoad
246 2145 390 2174 superiorem
413 2144 458 2167 445
475 2145 504 2166 28
522 2156 553 2160 ——
569 2144 591 2166 in
609 2144 709 2172 praelato

147 2191 192 2207 non
209 2185 340 2211 hominem,
358 2183 398 2206 sed
416 2184 489 2206 Deum
506 2183 654 2205 considerare
670 2182 710 2205 de-

147 2223 184 2246 bet
202 2223 247 2245 520
265 2223 278 2245 4
295 2236 326 2238 -
343 2223 446 2245 Meritum
464 2222 542 2245 salutis
562 2221 708 2244 subditorum

147 2268 230 2290 magna
249 2268 276 2284 ex
293 2264 358 2290 parte
374 2261 476 2283 consistit
493 2261 514 2283 in
537 2260 666 2283 obedientia
688 2264 710 2283 et

147 2301 277 2323 reverentia
301 2306 356 2328 erga
379 2299 492 2328 praelatos
513 2306 567 2322 suos
586 2299 629 2321 372
648 2298 662 2321 b
679 2311 710 2315 —

148 2340 223 2369 qualis
235 2345 285 2362 esse
297 2339 387 2366 debeat,
400 2341 422 2360 ut
436 2338 611 2361 commendetur
623 2344 634 2359 a
647 2343 710 2365 prae-

148 2379 198 2401 latis
215 2381 237 2401 et
253 2384 266 2400 a
284 2378 331 2400 Deo
348 2377 415 2400 donis
426 2380 448 2399 et
459 2376 582 2399 virtutibus
594 2376 711 2404 operiatur

150 2417 194 2440 447
214 2417 243 2439 35
259 2429 291 2433 -
307 2417 394 2439 facilius
405 2419 524 2444 reguntur,
535 2418 558 2438 et
569 2415 665 2443 singulis
676 2422 711 2438 ex-

148 2456 249 2485 peditius
267 2458 342 2484 potest
357 2455 462 2478 satisfieri
483 2461 525 2483 per
547 2455 624 2482 plures
645 2454 711 2476 mini-

149 2499 209 2517 stros
234 2501 305 2524 quam
327 2500 368 2522 per
390 2500 477 2522 paucos
494 2493 539 2516 375
557 2493 570 2516 4
587 2506 618 2510 —-
634 2493 712 2522 Qualis

149 2534 178 2557 sit
194 2540 248 2556 vera
265 2533 396 2562 compassio
414 2533 444 2555 ad
461 2532 566 2555 subditos
584 2532 628 2555 447
641 2533 669 2555 38
682 2544 712 2549 --

149 2573 209 2596 Multi
228 2573 318 2595 modica
335 2572 496 2600 compassione
517 2574 640 2594 moventur
657 2577 711 2599 erga

149 2611 254 2635 subditos
266 2611 319 2634 ibid.
332 2624 361 2627 —
374 2611 497 2639 Quomodo
511 2610 613 2633 facienda
625 2610 654 2632 sit
665 2616 713 2632 cor-

149 2651 219 2673 rectio
243 2650 338 2678 triplicis
359 2650 450 2678 generis
472 2649 618 2672 subditorum
641 2649 713 2672 delin-

150 2689 269 2718 quentium
285 2689 327 2712 144
340 2690 361 2711 8.
374 2695 424 2718 sqq.
437 2701 468 2705 —
480 2689 543 2717 Quae
556 2690 648 2716 peccata
661 2687 713 2710 sub-

151 2728 253 2750 ditorum
270 2728 413 2756 imputentur
426 2727 526 2755 praelato
542 2727 582 2749 136
599 2727 624 2748 16
635 2739 667 2744 -
678 2733 713 2749 re-

151 2767 221 2789 belles
237 2767 352 2794 appellant
369 2766 398 2788 ad
416 2766 465 2788 illos
487 2772 546 2794 quos
571 2766 644 2788 sciunt
669 2765 712 2788 sibi

151 2806 172 2828 in
190 2811 231 2828 sua
248 2805 370 2827 rebellione
387 2806 465 2827 fovere
482 2805 527 2827 350
545 2804 560 2826 b
577 2817 607 2820 —
625 2805 647 2826 ln
659 2804 714 2827 sub-

152 2845 200 2867 dito
217 2843 287 2866 debet
302 2849 353 2866 esse
370 2843 453 2872 duplex
472 2844 544 2866 malae
561 2843 714 2866 conscientiae

152 2883 278 2912 poenitudo
296 2882 339 2905 446
358 2883 386 2904 30
406 2895 433 2898 -
455 2882 523 2905 etiam
547 2881 599 2904 boni
623 2881 713 2910 plebani

245 3045 272 3069 S.
280 3045 369 3069 Bonae.
386 3058 416 3061 —
433 3045 501 3068 Tom.
513 3045 570 3068 thl.

833 237 932 265 tNDEx
952 236 1199 265 ALPHABETICUS.

736 315 756 337 in
774 321 812 337 sex
830 314 922 337 casibus
938 314 968 336 ad
985 314 1042 336 alios
1053 320 1096 342 pro
1108 313 1251 335 confessione
1263 319 1298 335 re-

735 360 828 376 currere
846 356 941 381 possunt
958 354 1003 375 379
1024 352 1050 374 14

782 394 876 415 Sunassa
893 404 924 409 —
941 392 1069 414 Differentia
1088 397 1171 419 magna
1190 394 1224 413 est
1241 391 1299 413 inter

736 431 845 458 subesse,
861 437 941 453 coesse
957 434 979 453 et
997 436 1103 459 praeesse
1124 431 1160 452 131
1187 431 1192 451 1

783 471 899 493 Sunstoiun
916 482 946 486 —
963 470 1083 497 diligenter
1101 469 1270 497 implorandum
1287 475 1298 491 a

737 509 825 532 Sanctis
842 513 863 531 et
888 508 955 531 bonis
979 508 1088 531 omnibus
1105 509 1118 527 8
1136 508 1158 530 3.
1177 508 1200 529 11
1227 508 1252 530 12
1270 520 1299 524 —

737 548 870 571 Subsidium
893 549 1029 570 Sanctorum
1052 547 1223 575 implorandum
1246 553 1299 569 cum

737 587 837 610 clamore
858 588 883 609 12
901 588 914 609 2
931 599 961 603 —
979 587 1077 614 lmplora
1094 585 1226 608 subsidium
1250 592 1301 614 pro-

737 629 788 654 pter
805 626 934 648 remedium
956 626 982 648 15
1000 626 1012 647 8
1025 637 1056 641 —
1068 626 1115 647 Non
1129 625 1235 652 implorat
1246 624 1301 647 sub-

737 665 821 688 sidium
839 665 881 687 nisi
903 664 942 693 qui
966 664 1071 692 deplorat
1094 664 1206 686 damnum
1231 670 1299 686 suum

742 705 767 726 12
786 705 799 726 2

785 743 888 765 ΞυοΑΝυΜ
906 754 937 759 —·
954 742 999 764 560
1017 743 1030 764 2

784 782 858 803 Sunon
875 793 906 798 —
923 781 1064 809 sanguineus
1075 780 1170 808 Christi,
1183 786 1253 809 quam
1265 786 1301 802 co-

738 820 802 848 piose
825 821 932 848 perfusus
952 820 981 842 sit
998 820 1042 841 169
1060 820 1080 841 3.
1100 819 1143 841 184
1165 820 1170 841 1
1194 832 1223 835 -
1240 818 1302 841 Chri·

738 862 786 881 stus
802 859 895 881 sudavit
911 859 996 881 sudore
1012 858 1139 886 sanguineo
1156 858 1186 881 ad
1198 858 1302 880 convale-

738 898 848 920 scentiam
865 901 888 920 et
904 898 1023 920 sanitatem
1047 897 1160 920 Ecclesiae
1179 897 1223 918 184
1240 898 1254 919 2
1271 909 1301 912 —-

738 937 880 964 sanguineus
901 936 983 959 Christi
1006 936 1125 964 signabat,
1143 936 1206 964 quod
1225 936 1246 957 in
1265 936 1302 957 Ec-

738 975 805 998 clesia
824 976 920 1003 sanguis
936 976 1061 1003 Martyrum
1079 974 1232 997 effundendus
1254 976 1302 996 erat

739 1013 793 1037 ibid.

786 1053 866 1075 Suessa
884 1065 915 1069 —
932 1053 977 1075 552
995 1053 1008 1074 6

786 1092 936 1114 SUl-‘FtClENTla
953 1103 984 1108 —-
1001 1091 1083 1113 mentis
1100 1091 1144 1113 283
1163 1091 1192 1113 33

787 1131 910 1153 Suri-naam
927 1143 957 1146 —
975 1130 1110 1152 Sanctorum
1129 1132 1150 1152 et
1169 1130 1191 1151 B.
1210 1130 1237 1151 111.
1255 1129 1304 1151 Vir-

739 1169 800 1197 ginis
821 1169 958 1192 confirmant
979 1169 1081 1191 animam
1099 1169 1128 1190 38
1146 1169 1175 1190 28
1192 1180 1224 1184 -
1241 1168 1304 1190 Ordi-

740 1209 845 1231 nationes
861 1208 938 1230 variae
954 1208 1033 1237 quoad
1055 1207 1163 1235 suffragia
1187 1207 1304 1229 defuncto-

740 1254 792 1271 rum
810 1247 856 1270 464
874 1248 881 1269 l

788 1288 907 1309 Succesrio
924 1299 955 1303 -
972 1286 1084 1314 Aspectus
1101 1285 1206 1308 Crucifixi
1224 1285 1305 1307 liberat

741 1333 753 1348 a
771 1326 911 1348 daemonum
929 1324 1117 1353 suggestionibus
1134 1325 1179 1346 223
1202 1324 1242 1346 159

789 1365 998 1387 ΞυΡΕκΑΒυΝυΑΝτιΑ
1015 1376 1046 1380 -
1059 1364 1148 1386 Donum
1160 1362 1305 1391 superabun-

741 1405 832 1427 dantiae
849 1404 930 1431 triplex
948 1404 961 1425 6
981 1403 1008 1425 13

789 1443 894 1465 Surenam
911 1454 942 1459 —-
960 1443 1062 1470 Quatuor
1083 1444 1136 1464 sunt
1157 1441 1247 1469 species
1267 1447 1306 1463 su-

742 1481 836 1510 perbiae
854 1482 898 1503 208
916 1482 954 1503 98.
971 1487 1022 1510 sqq.
1040 1481 1084 1503 432
1102 1481 1115 1503 6
1133 1493 1163 1497 -
1180 1483 1213 1502 est
1230 1486 1306 1508 respe-

741 1524 778 1543 ctu
796 1521 934 1548 superioris,
952 1520 1063 1542 inferioris
1080 1523 1102 1542 et
1118 1519 1181 1548 paris
1198 1519 1243 1541 439
1261 1518 1273 1541 4

790 1572 819 1575 -
837 1560 958 1582 luciferum
976 1559 1070 1581 exclusit
1081 1565 1093 1581 a
1105 1558 1161 1581 caeli
1175 1558 1247 1586 gloria
1262 1558 1305 1580 tto

742 1600 756 1621 2
772 1611 803 1615 -
820 1598 919 1627 Superbi
936 1601 989 1620 sunt
1005 1598 1130 1620 imitatores
1147 1597 1232 1620 luciferi
1250 1596 1279 1619 ib.
1291 1597 1304 1619 3

741 1650 772 1654 —
783 1641 817 1660 est
829 1640 901 1660 mater
914 1637 1022 1659 vitiorum
1035 1637 1080 1659 439
1093 1636 1106 1659 4
1117 1639 1192 1659 -est
1200 1636 1304 1658 omnium
1321 1642 1323 1651 ¹

742 1677 855 1699 malorum
874 1676 939 1704 origo
957 1676 1002 1698 522
1021 1676 1045 1697 11
1066 1688 1098 1692 —
1114 1678 1148 1698 est
1170 1675 1305 1697 fundamen-

743 1718 790 1738 tum
815 1715 970 1743 impatientiae
993 1714 1038 1737 434
1057 1715 1084 1736 10
1101 1726 1132 1731 -
1149 1714 1304 1736 lnobedientia

742 1758 777 1778 est
793 1755 843 1777 eius
860 1755 959 1782 pessima
978 1754 1054 1782 proles
1071 1754 1116 1775 522
1139 1754 1160 1775 11
1183 1766 1210 1768 -
1228 1754 1258 1775 Ex
1269 1759 1305 1775 su-

742 1794 820 1823 perbia
838 1794 910 1816 oritur
928 1799 985 1815 vana
1003 1792 1074 1820 gloria
1093 1795 1115 1815 et
1127 1792 1211 1814 invidia
1226 1792 1270 1814 432
1283 1792 1305 1814 6.

744 1833 788 1855 439
806 1833 819 1855 4
836 1845 867 1849 -
883 1835 917 1854 est
934 1831 1074 1854 incentivum
1098 1831 1204 1853 vanitatis
1226 1830 1305 1853 exstin-

743 1872 862 1900 guendum
885 1871 962 1899 rigore
986 1871 1013 1892 12
1031 1871 1045 1892 2
1062 1883 1092 1886 -
1109 1869 1207 1898 Superbi
1226 1869 1304 1892 mundi

744 1911 845 1933 vanitate
871 1912 996 1938 pascuntur
1022 1910 1066 1931 310
1085 1910 1093 1930 1
1115 1921 1145 1925 -
1162 1914 1248 1931 annexa
1273 1912 1307 1930 est

743 1949 861 1977 cupiditati
878 1949 922 1971 272
941 1949 948 1970 1
964 1960 995 1965 ·-—
1008 1949 1038 1970 Ex
1050 1948 1084 1970 his
1096 1947 1188 1970 duabus
1200 1947 1305 1970 universa

743 1989 802 2010 mala
820 1988 947 2016 originem,
965 1989 1092 2010 fomentum
1105 1991 1127 2009 et
1139 1987 1305 2009 incrementum
1322 1986 1323 1994 ¹

742 2027 871 2055 suscipiunt
887 2026 941 2050 ibid.
957 2039 988 2043 —
1000 2027 1107 2048 Fomenta
1120 2025 1242 2054 superbiae
1255 2028 1307 2048 sunt

743 2066 836 2089 divitiae
853 2066 882 2088 72
900 2067 923 2088 8.
940 2066 985 2087 280
1003 2065 1032 2087 25
1049 2078 1079 2081 -
1092 2064 1191 2093 Superbi
1204 2065 1306 2087 sanctita·

743 2110 788 2128 tem
801 2108 826 2127 ut
837 2105 1006 2127 simulationem
1019 2110 1116 2132 arguere
1128 2106 1150 2126 et.
1161 2104 1306 2132 prudentiam

743 2144 837 2172 spiritus
855 2147 879 2166 ut
896 2143 1007 2166 insaniam
1025 2142 1151 2170 reprobare
1168 2143 1241 2165 solent
1261 2143 1306 2164 310

745 2183 752 2204 11
773 2195 804 2199 -
822 2182 950 2210 Superbiae
966 2182 1047 2204 vitium
1065 2184 1099 2204 est
1115 2181 1144 2204 ad
1163 2182 1262 2204 honores
1273 2187 1307 2203 ec-

743 2221 882 2244 clesiasticos
903 2221 1007 2249 aspirare
1023 2221 1068 2243 297
1087 2221 1111 2242 11
1133 2233 1164 2237 --
1181 2219 1306 2248 opprobria

743 2260 829 2288 refugit
846 2263 867 2282 ct
884 2259 914 2282 ad
931 2261 1029 2282 honores
1045 2259 1131 2288 aspirat
1141 2259 1171 2281 77
1184 2259 1213 2281 25
1227 2272 1255 2275 —
1267 2260 1307 2281 Su⁷

744 2298 844 2327 perbus,
862 2305 914 2321 cum
932 2298 960 2321 sit
973 2300 1087 2326 peccator,
1100 2298 1229 2326 praetendit
1240 2304 1264 2320 se
1275 2298 1307 2320 iu-

744 2340 804 2360 stum
822 2337 852 2359 72
871 2337 884 2359 5
902 2349 932 2353 -
955 2337 1043 2359 Ventus
1067 2336 1190 2364 superbiae
1214 2342 1307 2364 semper

744 2376 834 2405 quaerit
857 2376 900 2398 alta
926 2375 995 2398 corda
1019 2375 1063 2397 193
1081 2375 1111 2397 55
1129 2387 1158 2391 ——
1175 2374 1307 2403 potentibus

745 2414 896 2443 periculosius
912 2414 1033 2436 insidiatur
1051 2413 1095 2436 140
1112 2414 1125 2435 9
1142 2426 1173 2430 -
1189 2414 1263 2436 Omne
1280 2414 1308 2436 si-

745 2460 817 2482 gnum
835 2452 959 2481 superbiae
976 2453 997 2475 in
1015 2456 1094 2480 gestu,
1117 2452 1195 2475 habitu
1217 2456 1239 2475 et
1260 2458 1307 2475 ser—

745 2499 813 2515 mone
829 2492 982 2515 deserendum
1001 2495 1034 2514 est
1052 2491 1096 2514 433
1113 2492 1125 2513 7
1143 2504 1174 2508 -
1192 2492 1252 2514 vitae
1273 2495 1308 2514 est

745 2531 881 2554 declinanda
907 2531 953 2553 245
970 2531 984 2553 5
1001 2543 1031 2547 -
1048 2530 1176 2553 Herodiano
1203 2536 1248 2552 non
1272 2536 1308 2553 se-

745 2571 827 2593 ctanda
843 2570 873 2592 72
892 2571 905 2592 6
923 2583 953 2586 -
973 2569 1132 2598 Superborum
1155 2570 1252 2592 societas
1274 2570 1307 2592 fu-

746 2609 828 2637 gienda
847 2612 881 2631 est
898 2611 922 2631 ut
939 2609 1003 2631 virus
1020 2609 1162 2630 mortiferum
1182 2608 1225 2630 112
1243 2609 1256 2630 8

793 2660 823 2664 -
836 2647 961 2675 praecipue
973 2646 1133 2669 abominabilis
1144 2649 1178 2670 est
1190 2647 1210 2669 in
1223 2653 1307 2674 sponsa

750 2687 831 2709 Christi
850 2687 889 2708 111
913 2686 926 2708 4
943 2699 973 2702 -
990 2687 1007 2708 Α
1024 2685 1146 2714 superbiae
1163 2688 1228 2714 peste
1244 2689 1308 2708 sanat

747 2726 877 2754 exemplum
901 2725 983 2748 Christi
1002 2725 1103 2753 despecti
1121 2725 1150 2747 77
1169 2725 1199 2747 25
1217 2737 1245 2740 —-
1263 2724 1308 2747 Ad-

747 2765 860 2787 versitatis
878 2765 957 2792 iugum
975 2771 987 2786 a
1005 2763 1128 2792 superbiae
1145 2764 1255 2792 voragine
1272 2764 1309 2786 de-

748 2805 819 2826 fensat
837 2803 881 2825 140
899 2804 912 2825 9
929 2815 960 2820 -
977 2803 1010 2825 Ad
1029 2804 1129 2831 perfecte
1146 2802 1307 2825 declinandum

747 2841 880 2870 superbiam
898 2842 1004 2864 voluntas
1021 2842 1113 2870 propria
1126 2841 1262 2869 abneganda
1274 2844 1308 2864 est

748 2881 794 2904 245
811 2881 824 2904 5
841 2894 871 2897 -
889 2880 1001 2909 Superbis
1018 2881 1112 2903 molesta
1129 2883 1163 2902 est
1174 2879 1308 2903 erubescen-

1588 273 1643 295 SYR

1332 313 1361 335 tia
1379 313 1423 335 326
1442 313 1470 334 28
1487 324 1518 329 —·
1536 311 1641 340 Superbo
1658 311 1773 333 difficilius
1784 314 1854 333 estse
1866 311 1895 332 at-

1333 351 1373 373 teri
1391 351 1491 373 subdere
1508 351 1552 373 248
1575 351 1600 373 15

1380 391 1559 412 Surssnanoonio
1576 402 1606 406 —
1630 389 1737 411 Perteetio
1761 388 1893 416 evangelica

1333 429 1433 451 consistit
1451 429 1472 450 in
1491 429 1526 451 his
1542 435 1602 457 quae
1619 431 1672 450 sunt
1684 427 1895 455 supererogationis

1333 467 1377 490 247
1399 468 1420 489 11
1441 480 1472 484 -
1488 468 1552 496 Quae
1563 470 1616 489 sunt
1627 466 1838 495 supererogationis
1849 472 1894 488 non

1333 507 1406 529 solum
1432 506 1557 535 respiciunt
1581 506 1640 528 (lona
1662 506 1839 531 charismatum,
1856 511 1896 527 ve-

1333 552 1384 568 rum
1402 545 1470 568 etiam
1482 545 1586 568 exercitia
1600 545 1711 567 virtutum
1724 544 1777 567 ibid.
1790 556 1820 560 —-
1833 545 1895 566 Exer·

1333 585 1383 607 citia
1401 585 1512 607 virtutum
1537 583 1752 612 supererogantium
1780 583 1895 611 tripliciter

1334 624 1392 646 fiunt
1409 623 1463 646 ibid.
1478 636 1507 639 —
1520 622 1755 650 Supererogationum
1768 628 1838 649 opera
1851 628 1896 644 non

1334 663 1388 685 solis
1405 662 1522 690 perfectis,
1539 662 1579 684 sed
1596 661 1705 684 omnibus
1723 664 1896 689 proponuntur,

1334 702 1374 730 qui
1391 701 1419 724 ad
1433 701 1578 729 perfectionis
1590 701 1681 723 culmen
1693 700 1846 723 conscendere
1858 706 1896 721 vo-

1335 741 1383 763 lunt
1400 740 1440 762 241
1463 741 1476 761 8
1494 753 1524 756 -
1541 741 1565 762 ln
1582 739 1693 767 operibus
1714 738 1897 767 supererogatio-

1335 780 1369 802 nis
1386 779 1473 802 coactio
1489 779 1629 801 necessitatis
1645 785 1689 800 non
1701 782 1734 800 est
1745 777 1895 806 praeferenda

1335 818 1510 846 promptitudini
1528 818 1651 840 voluntatis
1668 818 1713 839 326
1732 818 1760 839 29

1382 859 1508 880 SurnnrtuA
1525 869 1556 873 -—-
1573 860 1626 879 sunt
1649 856 1802 884 praecidenda
1826 859 1848 878 et
1864 862 1896 878 re·

1337 897 1452 919 movenda
1483 895 1524 918 l45
1551 896 1578 918 14
1595 907 1626 912 --
1648 896 1756 923 Religiosi
1782 896 1898 923 superflua

1336 938 1485 963 procurantes
1510 934 1658 963 quintuplicis
1682 934 1768 962 peccati
1793 934 1826 956 rei
1846 937 1899 956 sunt

1336 974 1376 996 341
1398 974 1412 996 b
1425 987 1454 990 —
1466 973 1643 996 Constitutiones
1654 973 1835 1001 superfluitatem
1848 979 1898 1000 pro·

1336 1013 1442 1036 hibentes
1460 1013 1504 1035 452
1522 1012 1536 1034 b

1383 1052 1571 1074 SUPERHUMERALE
1588 1063 1618 1067 —
1635 1051 1679 1073 292
1698 1051 1726 1072 19
1745 1062 1774 1066 -
1786 1051 1899 1078 significat

1336 1091 1466 1118 exemplum
1484 1090 1608 1112 duodecim
1625 1090 1787 1118 Apostolorum
1806 1090 1850 1112 302
1869 1090 1897 1111 23

1384 1130 1518 1152 Surssnionas
1533 1141 1564 1145 —
1581 1132 1633 1151 sunt
1655 1128 1735 1150 vicarii
1759 1128 1799 1150 Dei
1826 1128 1866 1150 134
1885 1129 1897 1150 6

1337 1181 1367 1185 -
1384 1169 1486 1197 Quatuor
1503 1171 1556 1190 sunt
1579 1173 1662 1195 genera
1685 1167 1831 1195 superiorum
1858 1168 1898 1188 133

1338 1208 1360 1229 2.
1377 1213 1429 1236 sqq.
1445 1219 1476 1223 —
1493 1207 1564 1235 Quale
1581 1207 1610 1228 sit
1626 1206 1676 1228 eius
1692 1206 1794 1228 officium
1812 1205 1856 1228 470
1879 1207 1899 1233 l,

1338 1247 1350 1268 3
1370 1259 1398 1262 —-
1416 1246 1472 1268 alios
1489 1245 1562 1268 honos
1579 1247 1653 1268 facere
1675 1244 1760 1267 dehent
1777 1245 1816 1267 131
1843 1245 1848 1266 1
1870 1257 1900 1261 -

1338 1287 1459 1313 praesunt,
1476 1288 1501 1307 ut
1518 1291 1558 1312 per
1580 1290 1620 1307 eos
1641 1283 1727 1306 subditi
1749 1284 1900 1306 emendentur

1343 1325 1383 1346 132
1402 1325 1415 1346 2

1387 1375 1415 1378 -
1437 1368 1518 1384 omnes
1543 1362 1639 1384 virtutes
1664 1362 1790 1384 eminenter
1816 1361 1901 1384 habere

1338 1401 1424 1424 debent
1442 1402 1485 1423 132
1504 1401 1516 1423 4
1536 1414 1563 1416 -
1582 1401 1670 1423 moveri
1683 1401 1857 1423 debcntamore
1870 1401 1900 1423 iu-

1339 1441 1412 1463 stitiae
1428 1443 1451 1462 et
1467 1440 1520 1462 odio
1539 1440 1662 1468 iniquitatis
1681 1439 1721 1461 134
1735 1440 1748 1461 6
1761 1452 1790 1456 -
1802 1443 1901 1468 quatuor

1339 1480 1415 1502 modis
1426 1480 1544 1507 regulatur
1555 1479 1585 1501 ad
1597 1478 1727 1501 inferiorem
1742 1478 1785 1500 447
1799 1479 1835 1500 36.
1848 1485 1900 1507 sqq.

1338 1531 1369 1535 —
1391 1519 1487 1541 aliorum
1513 1518 1615 1540 defectus
1640 1517 1739 1545 benigne
1764 1521 1901 1545 supportare

1340 1557 1426 1580 debent
1444 1557 1487 1579 137
1506 1558 1519 1579 9
1536 1569 1566 1573 -
1583 1557 1769 1579 condescendere
1786 1556 1855 1579 debet
1872 1560 1901 1579 te⁷

1339 1597 1461 1619 neritudini
1487 1599 1509 1618 et
1533 1596 1657 1618 infirmitati
1683 1595 1827 1618 subditorum
1846 1594 1899 1618 ibid.

1338 1648 1369 1652 —
1386 1635 1483 1658 fideliter
1499 1634 1604 1658 subditos
1622 1640 1633 1656 a
1651 1635 1742 1657 turbine
1759 1634 1845 1663 peccati
1863 1635 1900 1657 de·

1340 1674 1457 1697 tendentes
1468 1674 1572 1697 diversas
1584 1673 1734 1696 adversitates
1745 1674 1849 1701 excipere
1861 1673 1901 1695 de-

1338 1713 1393 1736 bent
1412 1714 1454 1735 138
1473 1714 1481 1735 1
1504 1725 1533 1729 -
1550 1713 1614 1735 multi
1632 1712 1722 1735 modica
1738 1712 1900 1740 compassione

1339 1755 1461 1775 moventur
1478 1758 1532 1780 erga
1549 1751 1654 1774 subditos
1666 1751 1709 1774 447
1724 1752 1752 1774 38
1766 1764 1794 1766 -
1806 1751 1900 1773 liberius

1338 1795 1360 1813 et
1377 1791 1463 1819 largius
1481 1794 1576 1819 possunt
1593 1791 1656 1813 vices
1681 1796 1733 1812 suas
1758 1790 1901 1812 committere

1339 1837 1409 1859 quam
1427 1830 1547 1852 inferiores
1564 1829 1607 1851 376
1627 1830 1639 1851 8
1657 1841 1687 1846 ——
1704 1829 1770 1857 gnari
1787 1832 1809 1851 et
1824 1829 1900 1851 idonei

1339 1869 1438 1897 eligendi
1456 1872 1508 1891 sunt
1527 1869 1565 1890 131
1589 1869 1597 1890 1
1619 1880 1649 1884 —-
1666 1869 1688 1890 in
1705 1867 1812 1890 omnibus
1829 1868 1899 1890 vitam

1339 1914 1487 1931 communem
1499 1908 1564 1936 sequi
1576 1907 1646 1930 debet
1659 1907 1698 1929 461
1712 1913 1724 1929 a
1738 1906 1792 1929 Vide
1801 1913 1821 1930 v.
1832 1907 1900 1930 Prae-

1340 1947 1411 1970 lalus.

1386 1987 1497 2009 Surrticni
1515 1998 1545 2002 —-
1562 1988 1672 2014 parantur
1689 1985 1776 2007 iniustis.
1795 1984 1837 2007 497
1856 1991 1867 2006 a

1386 2026 1538 2048 SunsuntACTlo
1554 2037 1579 2040 —
1593 2024 1675 2046 mentis
1687 2024 1709 2046 in
1720 2024 1792 2046 Deum
1801 2041 1806 2050 ,
1819 2024 1840 2045 in
1853 2030 1899 2052 quo

1340 2064 1447 2087 consistat
1472 2064 1517 2086 246
1543 2064 1556 2085 6
1575 2075 1604 2079 -
1627 2064 1667 2085 Per
1692 2063 1898 2085 sursumactionem

1340 2103 1459 2131 limpidam
1479 2103 1499 2125 in
1517 2102 1630 2125 intellectu
1647 2106 1670 2124 et
1681 2102 1824 2130 tranquillam
1836 2101 1859 2123 in
1871 2102 1899 2123 af-

1341 2144 1399 2164 fectu
1417 2142 1493 2164 anima
1511 2141 1604 2169 perfecti
1622 2141 1665 2163 viri
1683 2141 1804 2163 lerusalem
1821 2140 1900 2162 similis

1340 2181 1436 2203 efficitur
1453 2180 1483 2203 ib.
1500 2181 1520 2202 8.
1538 2180 1582 2202 247
1605 2180 1630 2201 10
1647 2191 1678 2196 —-
1695 2180 1736 2201 Per
1747 2179 1848 2207 intimas,
1861 2180 1901 2201 fer-

1340 2220 1406 2242 vidas
1423 2223 1445 2242 et
1457 2219 1568 2242 iucundas
1579 2219 1775 2241 sursumactiones
1786 2224 1852 2240 secus
1865 2224 1901 2246 pe-

1340 2259 1381 2282 des
1398 2258 1488 2281 Domini
1505 2257 1672 2287 quiescendum
1697 2260 1730 2280 est
1754 2263 1807 2279 cum
1833 2257 1900 2279 Maria

1341 2298 1385 2320 294
1403 2299 1432 2320 22

1388 2337 1485 2358 Susanna
1504 2348 1532 2351 —
1550 2341 1591 2358 cur
1603 2335 1624 2356 in
1637 2334 1717 2357 mortis
1729 2334 1855 2362 periculum
1868 2334 1901 2356 in-

1341 2375 1424 2397 ciderit
1441 2374 1485 2396 207
1503 2374 1531 2396 97

1388 2414 1507 2435 Suspensus
1522 2425 1554 2429 —
1575 2412 1675 2435 Clericus
1699 2418 1837 2440 suspensus,
1861 2412 1900 2440 qui

1340 2451 1440 2475 celebrat
1456 2455 1479 2474 et
1495 2451 1579 2474 officiat
1594 2451 1727 2478 ecclesiam,
1749 2451 1773 2473 fit
1794 2451 1902 2478 irregula-

1341 2492 1372 2514 ris
1390 2491 1433 2513 358
1451 2497 1463 2513 a

1388 2531 1525 2552 Susrrcrones
1541 2542 1572 2546 —
1583 2529 1656 2551 malae
1667 2529 1772 2551 oriuntur
1784 2534 1810 2550 ex
1822 2528 1901 2557 nequi-

1342 2569 1370 2591 tia
1388 2569 1489 2591 accidiae
1507 2569 1520 2591 5
1537 2569 1550 2590 6

1389 2608 1450 2629 Srno
1466 2620 1497 2624 -
1513 2610 1547 2630 est
1564 2607 1615 2629 villa
1633 2607 1654 2629 in
1673 2607 1770 2629 Pictavia
1789 2606 1829 2628 561
1853 2607 1860 2628 1

1389 2647 1503 2669 Svmoom
1521 2659 1551 2662 —
1568 2645 1668 2668 hahebat
1690 2651 1760 2667 unum
1783 2651 1900 2668 summum

1342 2685 1487 2714 pontificem,
1504 2685 1542 2714 qui
1560 2691 1641 2708 omnes
1662 2684 1790 2707 discordias
1813 2687 1902 2712 poterat

1343 2724 1465 2747 terminare
1482 2725 1526 2746 392
1544 2725 1557 2746 2
1579 2723 1632 2747 Vide
1650 2730 1671 2746 v.
1688 2722 1776 2746 ludaei.

1387 2764 1523 2785 Svnoenesis
1539 2775 1570 2779 —
1597 2763 1619 2785 in
1642 2762 1790 2785 meditatione
1812 2764 1901 2784 senteu-

1342 2802 1418 2824 tiando
1435 2803 1520 2830 profert
1537 2802 1692 2824 definitionem
1710 2801 1723 2824 7
1742 2802 1770 2823 19

1388 2842 1456 2863 Sirim
1474 2853 1504 2856 —
1517 2841 1538 2863 S.
1551 2840 1683 2863 Franciscus
1694 2840 1723 2863 ad
1736 2843 1812 2868 partes
1823 2839 1902 2867 Syriae

1341 2879 1491 2902 transfretavit
1508 2880 1549 2902 531
1571 2880 1592 2901 5.
1609 2880 1654 2901 532,
1670 2879 1684 2901 7

1778 3042 1807 3064 94
