2133 3317
138 954 200 973 Maior
210 953 270 978 expli-

177 978 233 996 catio.

159 1001 187 1020 De
200 1001 269 1025 prima.

165 1423 193 1442 De
207 1423 269 1442 tertia.

289 211 324 240 16
894 209 1091 238 OPUSCULUM
1113 209 1131 237 Ι.
1153 208 1197 237 DE
1219 209 1357 238 TRIPLICI
1379 210 1442 239 VIA.

287 289 445 324 exteriora,
466 292 551 317 aetus
572 287 724 317 virilitatis
755 287 899 316 ordinatus
927 287 961 315 ad
988 286 1137 321 interiora;

287 339 319 365 ut
341 336 380 365 sic
400 336 449 364 fiat
470 335 572 364 erectio
587 342 683 371 snpra
704 337 728 362 te
749 341 799 370 per
820 336 971 370 aspectum
992 333 1136 366 veritatis,

287 385 314 411 et
334 383 387 411 hoc
402 389 452 419 per
467 380 728 417 contemplationem
749 380 921 414 divinorum,
936 379 1136 417 intelligentia,

286 437 337 466 per
358 427 633 464 circumspectionem
650 427 859 461 universorum,
874 426 1013 460 scientia,
1028 434 1079 463 per
1093 434 1138 455 ca-

286 475 466 513 ptivationem
487 474 669 508 iudiciorum,
684 473 740 509 side
753 473 888 511 formata
900 474 919 502 ¹.
939 490 977 493 —
999 474 1075 507 Item,
1090 481 1138 501 ex-

288 523 377 552 tensio
399 522 481 551 eirea
503 520 549 549 ze2
571 520 654 550 debet
674 520 820 557 diligenter
841 520 901 549 fieri
929 528 980 557 per
1001 519 1138 558 affectu-m

287 568 439 602 caritatis,
461 571 489 597 et
509 568 563 597 hoc
590 575 640 605 per
669 567 831 605 appetitum
858 567 1017 596 delitiarum
1050 567 1138 596 caele*—

288 616 392 650 stium,
423 615 593 652 sapientia;
625 622 675 651 per
707 614 877 651 amplexum
909 614 1116 643 rationabilium
1130 637 1137 648 ,

287 662 440 695 amicitia;
462 669 512 698 per
540 664 735 699 contemptam
762 661 938 698 voluptatum
967 661 1137 695 carnalium,

286 708 436 738 modestia.
458 724 497 728 ——
518 708 585 737 Item
606 708 775 736 exercitatio
797 707 879 736 intra
901 707 946 736 te³
968 707 1049 736 debet
1077 715 1137 736 esse

286 763 335 793 per
357 758 456 784 aenan
476 755 646 789 virilitatis,
669 757 696 784 et
718 755 770 783 hoc
792 762 842 792 per
863 762 1025 791 aggressum
1040 754 1138 783 diffici-

285 803 370 837 lium,
386 802 574 836 strenaitate;
588 810 638 839 per
653 805 746 831 actum
768 801 965 836 laudabilium,
979 801 1138 839 magnani-

285 850 402 883 mitate;
423 857 473 886 per
494 849 656 886 amplexum
678 849 844 882 humilium,
866 847 1038 877 hnmilitate.

367 897 411 925 10.
427 896 576 934 Paryatio
594 898 688 925 autem
702 896 734 924 in
749 894 968 929 amaritudine,
984 894 1012 923 in
1027 902 1083 931 qua
1097 896 1139 923 est

287 943 422 973 contritio
443 946 574 980 respectu
595 943 658 977 sai,
680 942 762 971 debet
776 950 836 971 esse
850 941 1010 971 dolorosae
1024 949 1074 978 per
1089 940 1138 969 tri-

287 991 390 1021 stitiam
411 993 526 1028 propter
546 991 619 1019 mala
640 990 794 1027 prementia
819 992 846 1018 te
866 989 974 1026 ipsum,
996 988 1137 1017 Christum

287 1041 314 1068 et
335 1038 506 1076 proximum.
525 1054 565 1058 —-
581 1037 751 1075 Compassio
772 1040 903 1074 respecta
926 1035 1038 1065 Cltristi
1057 1035 1139 1064 debet

286 1093 346 1115 esse
368 1085 510 1114 timorosa
537 1093 587 1122 per
615 1084 800 1113 reverentiam
828 1086 943 1120 propter
971 1082 1072 1111 iudicia
1100 1082 1139 1110 la-

286 1132 387 1166 tentia,
409 1135 436 1160 et
462 1134 556 1160 tamen
577 1138 660 1165 vera,
682 1130 746 1159 licet
774 1130 895 1163 incerta,
918 1129 990 1158 sicut
1011 1132 1138 1165 tempus,

286 1178 344 1207 dies
365 1181 392 1207 et
415 1178 485 1207 hora
496 1177 515 1205 ⁵.
538 1193 577 1197 —
600 1176 821 1206 Commiseratio
850 1178 981 1213 respecta
1006 1174 1140 1212 proximi

286 1225 367 1254 debet
381 1233 441 1254 esse
455 1224 622 1253 clamorosa
637 1232 687 1261 per
702 1223 895 1252 confidentiam
913 1224 1028 1259 propter
1047 1224 1140 1259 patro—

287 1272 359 1302 cinia
379 1280 488 1309 semper
509 1271 628 1309 parata⁶
650 1279 700 1308 per
722 1271 827 1305 Deum,
849 1278 900 1307 per
915 1269 1067 1303 Christum,
1089 1277 1140 1306 per

289 1320 454 1348 Sanctorum
475 1318 648 1355 suffragium.

369 1366 549 1394 Illaminatio
571 1366 602 1394 in
623 1365 833 1399 similitudine,
855 1365 883 1393 in
912 1372 968 1401 qua
994 1366 1036 1393 est
1057 1372 1139 1400 aspe-

289 1416 352 1442 ctas
374 1413 505 1441 veritatis
523 1412 664 1450 primae⁷
687 1416 797 1442 erectus
819 1412 853 1441 ad
874 1410 1140 1448 incomprehensibi-

288 1460 340 1494 lia,
362 1467 504 1497 expansus
532 1460 566 1488 ad
594 1460 792 1497 intelligibilia,
814 1459 974 1488 exinanitus
996 1458 1029 1487 ad
1051 1457 1139 1487 credi-

287 1507 367 1541 bilia;
390 1507 417 1535 in
439 1515 495 1544 qua
525 1507 607 1536 etiam
637 1510 678 1536 est
706 1506 827 1544 affectas
855 1505 993 1535 caritatis
1028 1507 1139 1534 erectus

287 1554 319 1583 ad
342 1554 447 1588 Deum,
469 1557 604 1583 extensus
625 1554 659 1582 ad
680 1554 842 1591 proximum
870 1556 897 1582 et
925 1552 1085 1581 exinanitus
1106 1551 1140 1580 ad

351 1711 359 1724 ¹
377 1713 446 1740 Epist.
465 1713 488 1735 ll.
507 1711 559 1735 Cor.
578 1712 615 1739 νΙΟ,
633 1712 662 1734 5.
681 1712 704 1734 In
721 1712 879 1740 captivitatem
897 1712 1030 1739 redigentes
1047 1716 1140 1733 omnem

290 1750 429 1774 intellectum
447 1751 469 1773 in
487 1751 627 1780 obsequium
644 1750 736 1774 Christi.
754 1751 796 1773 Pro
813 1750 858 1781 sicle
879 1750 986 1780 formata
1004 1751 1019 1772 E
1036 1749 1140 1780 fidentia,

288 1791 324 1819 1Q
341 1790 440 1820 salucia,
459 1791 477 1813 M
488 1791 506 1813 T
524 1790 582 1821 fide,
600 1790 620 1813 V
637 1790 683 1821 sicle
700 1792 723 1814 et
734 1790 892 1820 perspicacia.
915 1790 1027 1818 Superius
1044 1796 1087 1818 pro
1105 1795 1141 1812 or-

288 1829 384 1853 dinatus
402 1830 416 1852 S
428 1830 445 1852 Τ
457 1830 477 1852 V
495 1829 658 1857 coadunatus,
676 1832 698 1852 et
715 1836 757 1857 pro
774 1831 801 1853 ut
817 1829 850 1853 sic
867 1829 911 1859 fiat
925 1829 1010 1853 erectio
1027 1835 1104 1858 snpra
1122 1829 1143 1851 le

289 1869 328 1899 (ita
346 1869 438 1898 MQV,
456 1870 497 1892 cfr.
520 1869 638 1897 Bernard.,
660 1870 685 1891 li.
708 1869 736 1892 de
757 1868 899 1891 Considerat.
922 1875 942 1891 c.
961 1869 982 1891 3.
1000 1875 1022 1891 n.
1040 1868 1071 1897 6.)
1090 1868 1141 1890 Vat.

288 1914 343 1931 cum
360 1908 475 1931 nonnullis
492 1908 561 1931 codd.
582 1907 686 1931 Elecatio
706 1907 739 1931 acl
755 1907 881 1937 superiora
900 1907 929 1937 [K
940 1908 957 1930 R
975 1907 1060 1937 supra]
1079 1906 1144 1930 debet

288 1947 411 1977 diliqenter
428 1947 488 1978 fieri.

352 1986 361 1999 ²
378 1987 429 2009 Vat.
447 1987 505 2010 Item
527 1986 634 2010 [litatatio
658 1992 700 2009 seu
722 1986 828 2009 extensio
853 1985 918 2009 circa
936 1985 1067 2009 exteriora.
1084 1986 1141 2008 Inse-

288 2027 336 2049 rius
354 2033 397 2055 pro
414 2026 526 2056 affectum
544 2025 652 2049 caritatis
678 2026 697 2048 M
708 2026 755 2054 QV
773 2025 885 2055 affictum
902 2025 1006 2053 amoris,
1028 2031 1071 2052 pro
1094 2030 1143 2047 am-

284 2065 387 2095 plexum
409 2064 590 2088 rationabilium
615 2065 681 2087 EST
705 2064 846 2093 ampleoeztm
870 2063 1010 2087 animarum
1035 2063 1142 2086 rationa-

289 2104 361 2133 liam,
380 2105 387 2126 l
403 2104 544 2134 amplexum
565 2103 673 2127 caritatis
690 2103 831 2127 anz'marum
852 2102 1041 2130 rationabilium,
1060 2105 1082 2124 et
1099 2108 1142 2130 pro

288 2145 448 2173 contemptum
463 2143 612 2172 voluptatum
629 2143 690 2165 EIM
701 2143 716 2165 S
727 2143 745 2164 T
766 2143 926 2171 contemptam
943 2141 1144 2171 concupiscentia-

288 2189 351 2206 rum.

351 2220 361 2234 ³
378 2222 429 2244 Vnt.
447 2223 505 2245 Item
522 2220 640 2244 ordinatio
665 2221 714 2244 sive
730 2220 868 2244 ezei-citatio
886 2220 950 2243 circa
968 2219 1101 2247 interiora,
1124 2220 1142 2248 Q

288 2261 445 2285 Eoeaminatio
464 2261 529 2284 intra
547 2262 579 2288 te,
599 2260 696 2283 EMST
719 2259 858 2283 Extnanitio
882 2259 948 2282 intra
973 2261 1001 2287 te,
1019 2259 1026 2281 1
1045 2258 1142 2282 Exstin-

290 2301 335 2324 ctio
352 2300 417 2324 intra
433 2307 465 2324 se.
483 2300 579 2323 inferius
595 2306 638 2328 pro
658 2306 704 2329 per
726 2301 807 2322 actum
825 2300 870 2321 EM
880 2299 900 2321 V
916 2305 960 2328 per
977 2298 1103 2327 (zenonem,
1121 2301 1143 2321 et

289 2346 333 2368 pro
347 2346 393 2369 per
409 2339 551 2369 amplexum
568 2340 584 2361 E
594 2340 613 2361 M
624 2340 638 2361 S
649 2339 667 2361 T
678 2339 697 2361 V
712 2345 757 2368 per
774 2338 937 2367 compleecunt.

352 2379 362 2391 ¹
379 2379 435 2402 Cod.
454 2379 473 2401 l:
490 2379 518 2401 In
535 2377 708 2405 antae-taediare,
726 2378 751 2400 in
769 2384 817 2407 qua
834 2379 867 2400 est
876 2377 1003 2407 parentio,
1019 2376 1082 2400 [lebet
1094 2382 1143 2400 esse

291 2418 400 2443 contritio
417 2419 526 2447 iespectzt
542 2417 583 2441 sni
598 2417 719 2440 dolorosa.
737 2417 780 2439 ST
798 2417 906 2439 omittunt
924 2415 990 2439 debet
1011 2422 1068 2439 esse.
1085 2415 1141 2438 Sub-

290 2458 344 2481 inde
360 2460 413 2486 post
426 2457 561 2487 prementia
578 2457 597 2479 K
616 2457 766 2485 prosequitur
779 2457 880 2486 propter
897 2457 918 2478 te
939 2455 1027 2485 ipsum,
1042 2457 1142 2485 propter

292 2497 426 2524 Christum,
441 2498 541 2526 propter
556 2496 713 2526 promimum,
726 2496 743 2518 R
754 2496 853 2525 propter
869 2497 889 2518 te
901 2495 994 2525 ipsum,
1014 2494 1143 2523 Christian,

287 2536 439 2566 promimnm.

354 2575 363 2588 ⁵
381 2576 411 2598 lta
429 2581 482 2598 cum
501 2576 551 2598 Vat.
569 2576 588 2597 K
600 2575 616 2597 R
625 2584 630 2602 ;
649 2575 665 2597 E
675 2575 694 2597 M
706 2575 724 2603 Q
734 2575 749 2597 S
759 2575 776 2596 T
788 2575 808 2596 V
827 2573 925 2597 latentia
937 2575 1054 2603 quantum
1066 2573 1098 2596 acl
1109 2575 1142 2601 te,

291 2616 409 2644 quantum
426 2614 457 2637 ad
475 2614 608 2642 Christum,
627 2615 745 2643 qnantum
757 2613 789 2636 acl
796 2613 948 2643 proaez'mmn.
960 2613 1062 2642 Utraque
1076 2612 1142 2635 lectio

290 2657 312 2677 et
329 2657 376 2677 tota
394 2654 522 2682 propositio
541 2657 649 2682 corrupta
668 2660 718 2676 esse
736 2653 835 2675 videtur.

353 2691 363 2705 ὅ
380 2694 423 2716 Pro
440 2699 532 2722 semper
545 2695 635 2723 parata
647 2694 680 2715 El
691 2694 705 2715 S
716 2693 734 2714 T
746 2691 895 2719 assistentia,
909 2692 928 2714 M
940 2692 959 2713 V
970 2690 1143 2714 assistentium.

290 2732 386 2755 Inferius
403 2738 446 2760 pro
462 2731 611 2762 suffroniam
628 2732 679 2754 Vat.
697 2738 751 2754 cum
776 2731 891 2754 nonnullis
915 2730 984 2753 codd.
1008 2729 1142 2759 suffragia,

290 2772 360 2794 EST
379 2771 533 2794 consortium.
552 2772 615 2800 Quae
633 2771 662 2793 de
687 2770 830 2800 purpotione
851 2770 876 2793 in
898 2768 1060 2793 amaritudine
1082 2769 1142 2791 dicta

292 2813 346 2833 sunt
363 2811 378 2832 S
395 2810 524 2838 transponit
541 2810 635 2832 inferius
653 2812 705 2837 post
723 2808 915 2839 contemptibilia.

355 2848 364 2861 '¹
382 2849 454 2872 Codd.
472 2850 534 2871 EIM
546 2850 560 2871 S
571 2849 588 2871 T
599 2849 619 2871 V
638 2849 747 2871 omittunt
759 2848 863 2878 primae.
881 2848 932 2870 Vat.
950 2848 987 2870 bic
1010 2850 1032 2870 et
1049 2847 1085 2870 bis
1109 2847 1142 2869 in-

293 2889 364 2911 ferius
381 2892 434 2916 post
450 2888 549 2917 affectus
567 2888 674 2911 caritatis
692 2890 714 2910 et
730 2889 798 2911 actus
823 2886 945 2910 virilitatis
967 2887 1032 2909 addit
1050 2885 1091 2916 qni
1108 2885 1143 2909 de-

293 2927 329 2951 bet
345 2933 400 2951 esse.
419 2927 523 2950 Subinde
539 2930 592 2955 post
609 2926 855 2957 incomprehensibilia
871 2927 888 2948 Ε
898 2927 904 2948 l
914 2927 954 2949 SZ
976 2926 1067 2949 addunt
1083 2924 1143 2949 setti-

293 2968 330 2990 cet
345 2966 459 2997 mysteria
477 2966 599 2990 creatrices
616 2966 743 2995 essentiae,
763 2969 815 2994 post
832 2965 990 2995 intelliqibilia
1006 2966 1040 2988 EI
1056 2964 1145 2988 scilicet

293 3005 436 3029 documenta
449 3005 625 3035 philosophiae,
643 3008 665 3028 et
682 3008 735 3033 post
751 3004 873 3028 credibilia
890 3006 897 3028 l
915 3005 979 3028 addit
1001 3004 1090 3028 scilicet
1107 3010 1143 3027 sa·

1196 286 1347 321 mundum;
1371 291 1456 315 aetas
1477 287 1645 322 virilitatis,
1668 290 1778 317 erectus
1805 287 1839 316 ad
1869 287 2043 316 commenda-
2116 303 2120 345 ι

1196 331 1277 367 bilia,
1305 335 1439 362 extensus
1470 333 1504 362 ad
1532 334 1789 368 communicabilia,
1821 334 1980 363 exinanitus
2009 334 2042 363 ad

1196 379 1420 416 contemptibilia.

1274 425 1419 463 Perfectio
1440 426 1472 455 in
1501 427 1699 464 qratitttcline,
1722 427 1749 455 in
1775 435 1831 464 qua
1856 430 1898 456 est
1917 427 2044 464 viyilan-
2061 435 2133 458 besem·

1196 472 1239 500 tia
1250 471 1261 488 ³
1276 480 1432 509 exsurgens
1446 473 1481 501 ad
1495 473 1633 502 canticum
1648 476 1762 511 propter
1777 474 1976 503 beneficiorum
1990 474 2044 503 uti-

1195 518 1313 553 litatem;
1337 518 1448 548 laetitia
1469 520 1615 549 exsultans
1636 520 1671 549 ad
1692 520 1809 549 iubilum
1825 524 1940 558 propter
1961 521 2045 550 dono-

1196 574 1261 594 rum
1283 566 1495 603 pretiositatem3
1519 566 1710 596 benevolentia
1730 567 1863 597 accedens
1884 568 1918 597 ad
1939 568 2041 605 ample—

1196 620 1266 641 xum
1294 616 1409 650 propter
1429 613 1519 642 dantis
1540 613 1733 643 liberalitatem
1746 614 1766 642 ⁹.

1588 701 1652 734 §T

1327 777 1357 801 De
1374 777 1460 808 duplici
1477 777 1667 808 contemplatione
1684 784 1759 801 rerum
1777 778 1916 802 divinarum.

1278 850 1321 877 ll.
1337 849 1417 883 Nota,
1433 849 1508 886 quod
1523 852 1657 886 aspectas
1671 849 1803 878 veritatis
1818 849 1899 878 debet
1913 857 1973 878 esse
1987 857 2046 879 ere-

1197 898 1258 924 ctus
1279 895 1313 923 ad
1334 895 1640 932 incomprehensibilia,
1662 898 1689 924 et
1720 896 1788 924 haec
1820 899 1885 925 sunt
1915 897 2047 933 mysteria

1196 950 1321 971 summae
1343 942 1498 976 Trinitatis,
1520 942 1554 971 ad
1576 950 1647 979 quae
1669 942 1804 979 erigimur
1826 943 2045 980 contemplando,

1196 992 1223 1018 et
1244 989 1297 1018 hoc
1317 989 1481 1026 dupliciter:
1504 989 1547 1018 vel
1569 997 1619 1026 per
1636 989 1820 1026 positionem,
1836 989 1880 1018 vel
1894 997 1944 1027 per
1966 990 2047 1018 abla-

1197 1036 1310 1064 tionem.
1334 1036 1457 1065 Primum
1479 1036 1556 1073 ponit
1577 1036 1748 1073 Augustinus
1760 1036 1793 1070 ¹⁰,
1815 1036 1968 1066 secundum
1984 1037 2047 1066 Dio-

1196 1082 1301 1119 nysius.
2124 1114 2125 1117 ,

1276 1129 1326 1158 Per
1345 1129 1519 1166 positionem
1550 1129 1640 1166 primo
1671 1129 1864 1167 intelligimus,
1886 1130 1914 1159 in
1946 1130 2046 1160 divinis
2066 1136 2100 1156 Via
2115 1139 2133 1161 n

1197 1183 1256 1204 esse
1277 1175 1413 1212 quaedam
1435 1179 1467 1204 ut
1488 1176 1675 1211 communia,
1697 1177 1832 1213 quaedam
1854 1180 1886 1206 ut
1904 1178 2046 1214 propria,
2108 1165 2122 1179 m

1197 1221 1332 1259 quaedam
1347 1225 1379 1250 ut
1394 1222 1610 1259 appropriata,
1626 1231 1698 1260 quae
1714 1223 1826 1260 quidem
1841 1226 1907 1252 suut
1920 1224 1942 1240 ¹¹
1958 1224 2048 1253 media

1197 1269 1270 1297 iuter
1291 1269 1359 1297 haec
1381 1271 1408 1297 et
1429 1269 1483 1297 illa.
1506 1269 1629 1306 Intellige
1650 1270 1736 1307 igitur
1758 1273 1785 1299 et
1807 1271 2003 1308 contemplare,
2025 1271 2047 1300 si

1198 1318 1287 1352 potes,
1310 1316 1479 1344 eonmmntct
1494 1316 1568 1345 circa
1588 1317 1676 1345 Deum
1692 1320 1719 1346 et
1733 1317 1810 1352 vide,
1827 1318 1957 1354 quoniam
1974 1318 2048 1347 Deus

1198 1365 1239 1391 est
1259 1363 1383 1391 essentia
1401 1363 1521 1401 prima,
1543 1367 1657 1392 natura
1686 1363 1835 1401 perfecta,
1863 1365 1923 1393 vita
1944 1365 2045 1398 beata;

1198 1418 1269 1446 quae
1284 1410 1467 1439 necessariam
1483 1411 1586 1439 habent
1600 1412 1826 1448 consequentiam
1840 1412 1870 1440 ¹2.
1887 1428 1925 1433 —
1940 1412 2047 1441 Rursus

1197 1456 1308 1486 attende
1329 1460 1356 1486 et
1377 1457 1454 1491 vide,
1477 1458 1499 1486 si
1521 1461 1615 1494 potes,
1638 1459 1768 1495 quoniam
1797 1459 1872 1488 Deus
1894 1462 1935 1488 est
1956 1462 2046 1488 aeter-
2127 1471 2129 1492 4

1197 1504 1276 1532 nitas
1295 1513 1452 1541 praesens,
1474 1505 1648 1542 simplicitas
1669 1505 1798 1542 replens,
1820 1505 1967 1535 stabilitas
1989 1515 2049 1535 mo-
2127 1516 2131 1536 l

1197 1560 1283 1584 vens‚·
1298 1559 1370 1588 quae
1385 1552 1511 1581 similiter
1527 1553 1752 1589 consequentiam
1767 1553 1788 1569 ¹³
1806 1556 1833 1581 et
1848 1553 2046 1582 connexionem

1199 1714 1320 1733 eramenta
1337 1709 1393 1740 ficiet
1407 1710 1560 1733 christianae.
1575 1711 1671 1733 Inferiiis
1683 1717 1725 1738 pro
1737 1710 1876 1733 eminanitus
1889 1709 1921 1733 ad
1932 1710 2050 1734 mnndum

1198 1750 1216 1772 M
1229 1750 1247 1778 Q
1257 1750 1272 1771 S
1282 1750 1299 1771 T
1310 1750 1329 1771 V
1348 1749 1486 1772 eoetnenttns
1504 1749 1536 1772 acl
1553 1749 1681 1773 Christum.

1262 1787 1270 1800 Ξ
1288 1788 1346 1812 Cod.
1367 1789 1387 1811 V
1409 1788 1433 1811 in
1459 1794 1507 1818 qna
1532 1788 1615 1812 debent
1638 1795 1686 1812 esse
1711 1789 1781 1817 ltaec,
1803 1788 1893 1812 scilicet
1916 1788 2048 1818 emicantia.

1199 1827 1303 1851 Subinde
1320 1834 1362 1856 pro
1379 1834 1513 1857 exsurqens
1531 1828 1550 1850 K
1568 1827 1680 1851 emallans
1697 1830 1725 1856 te,
1746 1829 1764 1850 R
1782 1827 1904 1857 mallens,
1922 1828 1963 1857 qui
1980 1828 2049 1851 etiam

1199 1874 1242 1896 pro
1259 1867 1371 1890 accedens
1388 1866 1506 1890 substituit
1523 1867 1644 1896 excitans,
1663 1868 1707 1889 ΕΚ
1718 1868 1737 1889 M
1748 1867 1792 1890 SV
1810 1867 1938 1896 excellens,
1951 1868 1968 1890 T
1986 1873 2050 1891 eacce-

1199 1906 1268 1935 (lens,
1285 1906 1420 1930 ostendens.

1263 1944 1272 1958 ⁰
1289 1946 1364 1969 Codd.
1382 1946 1422 1968 ES
1441 1946 1478 1968 hic
1503 1946 1604 1968 addunt:
1621 1945 1686 1969 Cant.
1703 1946 1783 1969 ultimo
1810 1946 1843 1976 [v.
1861 1945 1907 1976 5.]:
1931 1945 1997 1974 Quae
2017 1947 2051 1969 est

1200 1985 1252 2013 isla,
1271 1992 1331 2015 quae
1347 1985 1454 2009 ascendit
1469 1985 1497 2008 ele
1514 1985 1604 2008 deserto
1622 1985 1710 2008 deliciis
1727 1985 1827 2015 affluens
1845 1988 1888 2008 etc.
1906 1985 2050 2014 Amaritudo,

1200 2025 1221 2046 in
1240 2031 1286 2054 qua
1304 2030 1396 2047 moeror
1412 2025 1567 2052 poenitentiae
1592 2031 1635 2052 pro
1658 2025 1744 2047 offensa
1769 2024 1793 2054 [S
1816 2027 1911 2052 propter
1929 2024 2049 2054 offensam]

1200 2063 1252 2090 Dei,
1270 2069 1362 2085 moeror
1379 2064 1513 2086 elementiae
1530 2069 1572 2090 pro
1590 2063 1683 2085 miseria
1700 2062 1781 2085 Christi
1800 2062 1827 2092 [S
1850 2062 1972 2092 proximiJ,
1990 2068 2050 2085 moe-

1199 2108 1238 2125 ror
1255 2102 1397 2130 indigentiae
1422 2108 1465 2130 pro
1490 2102 1594 2124 absentia
1620 2101 1674 2124 boni
1681 2110 1687 2129 3
1705 2102 1796 2130 primus
1813 2102 1935 2124 dolorosus
1956 2104 2050 2130 propter

1200 2142 1288 2164 malum
1306 2147 1429 2169 praesens,
1447 2141 1564 2164 secundus
1589 2141 1713 2164 timorosus
1738 2144 1835 2169 propter
1857 2141 1986 2169 periculum
2005 2147 2050 2163 ma-

1200 2187 1265 2209 nens,
1283 2181 1363 2203 tertius
1381 2181 1524 2203 elamorosus
1540 2183 1636 2209 propter
1661 2181 1815 2208 patrocinium
1833 2180 1950 2203 assistens.
1968 2181 2051 2203 Simili-

1201 2221 1269 2247 tudo,
1287 2221 1308 2242 in
1326 2226 1372 2249 qua
1389 2222 1498 2248 aspectus
1514 2220 1617 2242 veritatis
1634 2220 1762 2242 exinanitus
1779 2219 1807 2249 [S
1819 2219 1947 2249 expansus]
1965 2226 2006 2248 per
2018 2226 2050 2242 ra-

1201 2260 1300 2286 tionem,
1317 2260 1399 2287 fidem,
1416 2259 1592 2281 admirationem
1610 2262 1717 2287 respectu
1734 2259 1955 2286 unive1·si;affeetus
1972 2259 2051 2281 carita-

1200 2299 1229 2321 tis
1246 2305 1362 2327 expansus
1374 2305 1415 2327 per
1427 2299 1626 2325 communionem,
1643 2298 1794 2320 imitationem
1812 2301 1834 2320 et
1849 2298 1957 2320 unionem
1974 2304 2050 2326 respe-

1200 2341 1238 2360 ctu
1255 2338 1338 2361 Christi
1355 2337 1383 2367 [S
1401 2338 1495 2360 affectus
1512 2338 1612 2360 caritatis
1628 2337 1758 2360 exinanitus
1778 2342 1820 2365 per
1838 2337 1980 2359 oblivionem
2001 2337 2050 2364 sui,

1200 2383 1242 2405 per
1260 2377 1371 2399 unionem
1388 2379 1495 2404 respectu
1513 2375 1639 2406 proximi];
1657 2379 1721 2398 actus
1746 2375 1860 2398 virilitatis
1884 2376 1988 2398 elevatus
2009 2381 2050 2403 per

1201 2416 1341 2444 largitatem,
1359 2416 1523 2442 humilitatem,
1542 2415 1756 2443 magnanimitatem
1779 2417 1886 2443 respectu
1913 2414 1960 2437 Dei.
1977 2415 2050 2437 Grati-

1201 2455 1265 2483 tudo⁷
1282 2455 1306 2477 in
1323 2461 1370 2483 qua
1388 2455 1500 2477 memoria
1518 2455 1642 2482 evigilans,
1659 2454 1742 2476 laetitia
1765 2454 1894 2480 exsultans,
1913 2453 2049 2476 benevolen-

1203 2494 1231 2517 tia
1249 2497 1397 2520 exaestuans,
1422 2494 1526 2521 primum
1549 2493 1578 2515 ad
1602 2493 1714 2516 beneficia
1735 2492 1893 2520 numeranda,
1919 2492 2048 2515 secundum

1200 2534 1230 2556 ad
1247 2533 1334 2556 cantica
1353 2533 1476 2561 solvenda,
1495 2533 1588 2555 tertium
1606 2533 1635 2555 ad
1652 2533 1729 2555 oscula
1747 2533 1895 2560 geminanda.

1263 2572 1283 2585 ¹0
1301 2573 1361 2595 Libr.
1380 2573 1408 2594 V.
1426 2579 1490 2601 seqq.
1509 2572 1538 2595 de
1560 2573 1635 2600 Trin.;
1653 2572 1754 2600 Dionys,
1777 2572 1806 2594 de
1823 2572 1916 2600 Mystico
1936 2572 2048 2599 Theolog.

1200 2618 1220 2635 c.
1239 2613 1259 2634 ¹l.
1278 2612 1291 2640 ἲ,
1308 2613 1329 2634 2.
1348 2618 1424 2641 usque
1445 2612 1474 2634 ad
1498 2611 1567 2634 tinem
1591 2612 1705 2639 opusculi.
1721 2623 1752 2627 —
1770 2611 1848 2633 Plures
1866 2611 1943 2639 codd,
1961 2613 1986 2633 ut
2002 2611 2047 2633 EM

1201 2650 1252 2679 SV,
1271 2651 1366 2673 brevius
1382 2651 1419 2674 vel
1432 2657 1477 2680 per
1491 2650 1634 2680 positionem
1659 2649 1790 2673 secundam
1812 2649 1987 2678 Anyustinum,
2015 2649 2050 2672 vel

1200 2696 1242 2719 per
1259 2689 1403 2713 ablationem
1419 2689 1552 2713 secundum
1569 2689 1717 2719 Dionysium.

1264 2728 1282 2741 ¹¹
1302 2730 1330 2751 ita
1350 2729 1379 2756 R;
1397 2729 1413 2751 E
1431 2735 1492 2758 quae
1516 2730 1573 2751 sant
1590 2728 1669 2758 quasi,
1688 2728 1741 2750 Vat.
1766 2733 1819 2750 cum
1843 2728 1956 2750 nonnullis
1981 2727 2049 2750 codd.

1200 2774 1324 2796 perperam
1341 2767 1459 2797 quaedam
1475 2769 1546 2795 sunt,·
1564 2768 1604 2789 cfr.
1627 2768 1642 2789 i.
1667 2767 1730 2789 Seni.
1755 2766 1777 2789 d.
1796 2766 1833 2789 34.
1850 2772 1873 2794 q.
1892 2766 1913 2788 3.
1932 2768 1954 2788 et
1970 2765 1992 2788 d.
2011 2766 2049 2788 36.

1200 2814 1219 2830 a.
1243 2809 1261 2830 Ι.
1278 2815 1301 2836 q.
1318 2809 1340 2830 2.
1357 2809 1379 2830 in
1396 2814 1474 2836 corp.;
1491 2807 1607 2835 Breviloq.
1624 2813 1648 2834 p.
1668 2807 1682 2828 1.
1700 2812 1720 2829 c.
1738 2807 1760 2828 6.

1264 2845 1282 2859 ¹2
1300 2847 1333 2869 De
1350 2853 1396 2876 qua
1413 2847 1468 2869 vide
1485 2847 1586 2868 itinerar.
1603 2845 1686 2868 mentis
1703 2845 1727 2867 in
1745 2845 1827 2871 Deum,
1838 2851 1858 2867 c.
1871 2844 1893 2867 5.
1905 2851 1929 2866 n.
1941 2845 1962 2867 5.
1976 2850 2048 2872 seqq„

1200 2885 1240 2908 ubi
1258 2886 1326 2908 etiam
1344 2886 1373 2908 de
1390 2892 1440 2915 seq.
1457 2885 1628 2913 propositione3
1642 2884 1757 2912 Breviloq.
1775 2890 1797 2912 p.
1815 2885 1830 2906 Ι.
1849 2890 1870 2906 e.
1887 2885 1909 2906 2.
1926 2895 1957 2900 ·-
1974 2883 2048 2906 Codd.

1200 2926 1216 2947 E
1226 2925 1241 2947 S
1259 2925 1295 2947 hic
1312 2928 1334 2948 et
1352 2925 1446 2947 interius
1463 2923 1657 2948 convenientiam.
1673 2923 1785 2951 Superius
1797 2929 1840 2951 pro
1852 2924 1873 2946 et
1887 2922 1936 2945 vide
1949 2923 1965 2944 E
1974 2922 1993 2944 M
2004 2922 2019 2944 S
2029 2922 2048 2944 V

1200 2966 1221 2987 et
1238 2970 1364 2994 coqnosce,
1383 2965 1401 2986 T
1420 2965 1442 2987 et
1458 2969 1567 2993 nanosce.

1263 3002 1283 3015 ¹³
1299 3003 1356 3026 Cod.
1373 3003 1393 3025 M
1411 3009 1471 3032 qnae
1488 3004 1545 3026 sunt
1561 3001 1705 3026 communia.
