2133 3317
226 219 270 247 xit
937 216 1181 246 PROLEGOMENA
1202 216 1231 245 C.
1254 216 1271 245 l.

226 299 273 322 ΗΟ
291 298 385 326 insuper
408 298 586 326 praecedentem
606 298 618 326 5
642 298 668 324 5,
692 297 732 326 qui
751 296 881 319 inscribitur
904 295 1074 326 Recapitulatio

228 346 278 375 (cfr.
297 352 352 374 pag.
371 346 410 373 11,
427 347 480 368 nota
500 345 521 367 1.
543 347 565 366 et
587 344 632 372 7.);
650 350 733 372 porro,
750 344 814 372 quod
832 344 853 366 in
871 344 918 366 fine
939 343 1032 371 capituli
1052 344 1075 365 2.

226 393 295 416 codd.
312 393 359 415 KR
378 394 400 415 et
422 398 448 415 ex
471 395 536 420 parte
552 392 596 414 DF
614 391 703 413 addunt
724 397 778 413 cum
802 391 912 413 Vaticana
930 391 1075 413 manifestam

227 440 388 467 insertionem,
401 440 456 462 infra
470 439 492 461 in
504 439 667 462 Additamento
685 439 709 460 ll.
727 438 877 466 impressam;
892 438 956 466 quod
974 438 990 460 E
1000 438 1015 460 S
1031 437 1075 460 alia

227 486 343 516 quaedam
360 486 471 509 adiiciunt
488 485 538 514 (etr.
555 491 609 513 pag.
628 485 670 513 16,
682 487 734 506 nota
747 484 791 513 9.);
804 484 916 513 denique,
928 484 991 512 quod
1004 483 1073 506 codd.

227 534 242 556 S
252 534 270 556 T
280 534 295 556 Z
313 533 406 562 eopiosa
424 534 522 555 extracta
534 538 562 554 ex
574 531 624 554 aliis
635 531 700 553 libris
714 531 889 553 Bonaventurae
906 531 995 553 addunt
1011 530 1076 559 (vide

227 581 343 603 Additam.
361 581 382 603 3.
400 583 422 602 et
439 579 482 608 4.),
500 585 526 601 ex
543 578 629 607 quibus
647 578 701 601 illud
718 579 858 606 opusculum
876 577 903 601 de
920 578 1007 601 Pietate
1024 584 1076 601 con-

227 629 306 650 flatum
324 630 366 650 est.

290 676 408 697 Praeterea
426 674 576 701 confitemur,
593 673 692 696 dubium
706 679 768 700 esse,
781 676 858 695 utrum
870 673 1028 701 recapitulatio
1041 673 1076 695 illa

228 722 250 744 in
268 728 318 750 cap.
336 723 357 743 2.
376 722 388 750 ξ’,
407 721 428 744 5,
446 721 474 743 sit
491 721 578 743 auctori
597 720 732 747 tribuenda,
749 726 792 742 nec
809 726 851 747 ne,
869 726 922 742 cum
935 720 1029 748 plurimi
1041 725 1077 742 co-

226 770 289 792 dices
307 775 361 797 pag.
382 768 421 795 ll,
438 771 490 790 nota
512 769 529 790 1.
547 768 616 790 notati
636 767 735 796 (quibus
757 767 826 789 etiam
849 767 895 790 ΗΟ
918 767 964 789 iam
986 767 1077 795 penitus

227 816 308 838 exinde
325 815 457 838 deficientes
474 815 602 843 accedunt)
620 816 679 837 hanc
696 815 709 843 S
726 821 772 837 non
790 815 943 837 necessariam
961 814 1076 837 omittant.

227 863 332 885 Attamen
351 868 402 884 eam
420 868 466 885 non
484 862 649 890 expunximus,
667 868 720 884 cum
739 862 817 884 iamin
831 862 931 891 antiquis
945 861 1077 890 codicibus,

228 913 253 932 ut
270 910 300 937 R,
318 913 339 932 et
356 909 497 940 editionIbus
514 909 657 931 exhibeatur.

290 957 398 980 Ceterum
416 957 494 986 quoad
513 957 589 985 ipsum
608 960 694 980 textum
707 957 794 985 egregii
812 956 879 979 libelli
895 959 980 979 tantam
998 957 1020 979 in
1038 957 1079 979 mi-

228 1005 290 1027 nutis
307 1004 377 1027 rebus
395 1004 529 1026 varietatem
548 1004 671 1027 lectionum
695 1010 720 1027 ex
742 1003 863 1027 codicibus
888 1004 1035 1032 collegimus,
1054 1007 1078 1026 ut

228 1052 296 1080 longe
313 1051 424 1074 maiorem
443 1057 523 1073 earum
542 1054 630 1079 partem
649 1051 672 1073 in
690 1051 749 1074 notis
766 1051 849 1074 nostris
863 1051 982 1080 negligere
993 1050 1079 1074 debue-

228 1099 309 1122 rimus.
327 1100 458 1125 Praeterea,
479 1105 559 1121 omnes
582 1098 676 1128 quidem
701 1099 736 1121 isti
759 1098 851 1121 codices
874 1105 945 1121 unum
967 1099 1079 1126 originale

230 1146 373 1174 primitivum
391 1146 446 1168 satis
458 1146 554 1168 fideliter
566 1147 678 1173 referunt,
691 1146 731 1168 sed
745 1147 766 1168 in
779 1145 849 1169 rebus
860 1146 956 1169 minoris
968 1147 1078 1169 momenti

230 1194 259 1216 ita
276 1193 397 1216 arbitrarie
414 1193 499 1216 librarii
512 1194 652 1222 processisse
669 1194 788 1223 videntur,
806 1198 830 1218 ut
847 1196 925 1224 quoad
943 1198 1028 1218 textum
1046 1202 1079 1218 re-

230 1241 375 1263 formandum
393 1243 454 1264 certa
472 1243 494 1263 et
511 1241 661 1263 determinata
680 1242 763 1264 familia
786 1241 815 1264 ab
838 1242 888 1264 aliis
905 1242 1016 1270 distingui
1033 1249 1078 1265 non

229 1287 336 1315 potuerit.
355 1287 480 1315 Praecipue
492 1288 565 1310 secuti
582 1294 663 1310 sumus
680 1288 821 1316 antiquiores
843 1288 911 1311 codd.
932 1289 949 1311 Α
960 1289 976 1310 Β
986 1288 1003 1310 D
1013 1289 1028 1310 E
1037 1288 1053 1310 F
1063 1289 1078 1310 P

229 1334 329 1357 STUV
347 1338 369 1357 et
385 1335 453 1357 etiam
472 1335 501 1363 R,
519 1335 558 1363 qui
582 1338 657 1357 tamen
680 1341 724 1357 non
742 1335 817 1357 solum
831 1338 985 1357 memoratum
1004 1335 1079 1358 maius

229 1382 424 1409 additamentum,
436 1382 477 1404 secl
490 1382 558 1404 etiam
576 1382 691 1405 interdum
704 1383 820 1411 quaedam
832 1383 949 1411 superflua
965 1382 1078 1406 vocabula

227 1429 351 1451 interserit.

500 1523 529 1546 ΙΙ.
547 1523 638 1546 Codices
656 1530 699 1546 non
716 1523 804 1546 collati.

292 1618 330 1639 23.
348 1617 452 1640 Admont
477 1618 498 1640 in
516 1618 589 1645 §tyria
608 1618 724 1645 Austriae,
743 1618 879 1641 bibliotheca
904 1618 1032 1641 Monasterii
1053 1619 1076 1641 S.

228 1666 295 1687 Blasii
313 1665 338 1687 Ο.
358 1667 379 1688 S.
398 1666 433 1692 13.,
452 1666 503 1688 cod,
516 1666 570 1688 627.
584 1667 656 1688 chart.
675 1666 695 1688 in
715 1666 734 1688 4.
753 1672 812 1688 saec.
831 1667 881 1688 XV.
894 1678 925 1682 —
937 1666 983 1688 Fol.
1001 1672 1020 1688 r.
1031 1672 1077 1688 non

229 1715 350 1735 numerato
368 1713 507 1741 opusculum
526 1714 569 1735 hoc
590 1713 670 1741 incipit
687 1714 735 1736 sine
753 1714 817 1736 titulo
840 1717 861 1736 ct
878 1713 974 1736 desinit:
992 1715 1012 1736 eI
1035 1713 1078 1736 lmc

228 1761 264 1782 est
280 1759 407 1789 Seraphim
421 1760 455 1787 (iu
473 1763 550 1782 nostra
563 1760 617 1783 edit.
636 1767 686 1788 cap.
700 1761 721 1782 3.
735 1767 756 1783 n.
772 1760 826 1788 14).
839 1761 947 1789 Sequitur
965 1761 1079 1788 fragmen-

229 1809 291 1829 tum:
311 1806 371 1829 Deus
389 1808 483 1829 estesse
495 1810 539 1829 etc.
556 1813 643 1836 usque:
660 1806 749 1837 absque
760 1807 873 1836 appetitu.
886 1807 952 1830 Finis
964 1808 1006 1830 est.
1021 1808 1078 1830 Vide

229 1853 285 1875 infra
304 1859 327 1875 n.
345 1853 382 1875 93.

292 1901 330 1923 24.
346 1900 468 1929 Altoiiatli,
493 1901 629 1925 bibliotheca
652 1902 781 1925 monasterii
802 1902 1002 1931 Cisterciensium,
1023 1903 1076 1925 cod.

232 1947 329 1970 membr.
349 1948 369 1970 in
389 1948 410 1970 4.
428 1954 488 1970 saec.
506 1949 566 1971 XlV.
583 1961 614 1965 —
632 1949 678 1971 Fol.
697 1949 718 1971 1.
735 1955 757 1971 v.
776 1948 886 1971 habetur:
903 1949 989 1979 Incipit
1004 1949 1078 1979 tripli-

230 1993 287 2016 citas
305 1994 368 2017 Bone
385 1997 490 2017 venture.
509 1994 568 2017 Cum
586 1994 664 2018 omnis
680 1995 777 2018 scientia
795 1999 837 2018 etc.
855 1996 943 2018 Desinit
960 1997 997 2019 sol.
1016 1996 1037 2018 4.
1049 1996 1079 2018 ad

230 2040 301 2062 verba
319 2047 370 2068 cap.
389 2042 411 2063 2.
431 2048 453 2063 n.
471 2042 491 2063 S.
511 2041 558 2069 Qui
573 2047 620 2064 nou
639 2045 673 2065 est
689 2041 800 2065 satiabilis
817 2042 865 2065 uisi
880 2044 977 2072 propter
990 2043 1077 2071 Deum,

230 2087 272 2117 qui
288 2087 373 2111 dileoeit
389 2094 431 2111 >zos
448 2089 470 2111 et
487 2087 585 2111 tradidit
601 2095 626 2111 se
639 2094 686 2118 pro
704 2088 782 2117 nobis,
803 2090 868 2112 Iesus
886 2090 957 2113 A'tus.

294 2136 331 2158 25.
350 2134 434 2158 Assisii
451 2135 471 2157 in
489 2135 597 2162 Umbria,
616 2135 753 2158 bibliotheca
771 2136 874 2159 Civitatis
897 2137 959 2163 (olim
977 2136 1079 2159 Conven-

232 2185 267 2205 tus
283 2182 354 2205 sancti
378 2182 517 2211 Francisci),
535 2183 586 2205 cod.
609 2183 658 2204 129.
684 2183 784 2205 membr.
803 2183 823 2205 in
851 2183 871 2205 4.
894 2189 955 2206 saec.
972 2184 1031 2205 XlV.
1048 2196 1079 2200 —

232 2229 374 2256 Opusculum
393 2230 436 2251 hoc
454 2231 486 2251 est
504 2228 548 2251 sub
560 2228 665 2251 rubrica:
684 2229 766 2259 Incipit
785 2228 842 2252 liber
854 2229 882 2252 de
898 2229 1013 2259 regimine
1025 2236 1079 2253 con-

231 2275 338 2303 scientie,
356 2279 378 2298 et
395 2276 479 2298 desiuit
496 2276 574 2298 verbis
594 2282 647 2304 cap.
663 2277 684 2298 2.
707 2283 729 2299 11.
751 2277 797 2299 ll.:
815 2282 868 2300 cum
889 2277 1011 2306 profectus
1029 2277 1078 2300 eius

232 2323 331 2347 inducat
344 2323 510 2352 perfectionem
530 2323 637 2346 oninium
655 2323 784 2352 bonorum,
798 2330 870 2354 quam
887 2324 954 2348 nobis
968 2326 1079 2354 prestare

232 2370 343 2400 eliquetur
360 2372 402 2394 etc.

295 2418 333 2440 26.
353 2420 475 2447 AusJttstae
489 2418 663 2446 Taurinorum,
683 2418 819 2441 bibliotheca
838 2419 1008 2447 universitatis,
1027 2419 1079 2442 cod.

233 2466 257 2488 E.
274 2465 312 2487 Vl.
330 2465 351 2487 3.
369 2464 469 2487 membr.
491 2471 551 2487 saec.
573 2465 632 2488 XlV.
650 2465 755 2488 ineuntis.
773 2479 803 2482 —
822 2466 902 2494 lncipit
925 2467 962 2488 sol.
988 2466 1037 2488 133.
1060 2472 1078 2488 r.

233 2512 275 2534 col.
296 2513 321 2534 l:
341 2512 412 2540 Ecce,
430 2511 545 2541 descripsi
561 2518 613 2535 eam
637 2512 677 2535 tibi
701 2512 837 2541 militanter,
857 2513 928 2536 Prov.
952 2512 998 2536 5-2.
1020 2513 1080 2536 Cum

233 2558 310 2582 omnis
327 2558 425 2582 scientia
442 2562 497 2586 ete.‚
514 2565 540 2581 ac
563 2559 645 2582 desinit
663 2560 699 2582 t'ol.
727 2560 776 2582 142.
797 2566 833 2582 xm:
855 2559 1017 2589 amplectendav
1035 2565 1079 2589 per

233 2606 343 2629 osculum
361 2608 383 2629 et
399 2606 558 2635 dilectionem,
576 2608 597 2629 et
609 2606 652 2630 Itoc
668 2607 798 2636 seraphim.
809 2606 925 2636 Riphea,
940 2613 984 2636 per
999 2606 1080 2630 omnia

234 2653 366 2677 benedictus
392 2654 454 2677 Deus
473 2655 532 2683 (cap.
556 2655 578 2677 3.
598 2661 619 2677 n.
642 2655 694 2683 ¹4).
715 2655 746 2677 De
770 2656 812 2677 hoc
834 2655 914 2678 codice
936 2655 1012 2684 aliqua
1034 2655 1080 2677 iam

234 2702 334 2724 diximus
351 2705 405 2724 tom.
424 2702 451 2723 V.
470 2708 524 2730 pag.
542 2702 607 2725 XXV
626 2709 647 2724 n.
665 2702 717 2724 203.

297 2749 334 2771 27.
352 2750 474 2778 Auyustae
493 2749 660 2778 Treuirorum,
679 2749 817 2772 bibliotheca
833 2749 937 2777 Publica,
955 2750 1007 2772 cod.
1024 2750 1079 2772 746.

235 2802 351 2824 progress.
371 2796 423 2818 565.
441 2797 539 2819 membr.
556 2797 579 2819 in
598 2798 618 2819 8.
636 2803 694 2819 saec⁴
714 2798 764 2820 XV.
784 2797 887 2820 ineuntis.
905 2809 936 2813 ——
952 2797 1014 2819 Folio
1035 2803 1080 2819 non

235 2846 355 2865 numerato
373 2849 405 2865 r.:
423 2843 507 2873 Incipit
531 2843 627 2873 quidam
648 2845 778 2872 tractatus,
807 2844 849 2874 qui
865 2844 952 2867 dicitur
976 2850 1081 2873 parcum

236 2888 323 2912 bonum
340 2889 513 2912 Bonaeentnre.
531 2890 601 2918 Ecce,
620 2890 735 2920 descripsi
749 2896 802 2913 eam
819 2894 875 2918 etc.,
892 2895 914 2913 et
931 2890 1014 2913 desinit
1028 2896 1079 2918 cap.

236 2936 257 2957 2.
275 2942 298 2958 n.
317 2936 353 2958 12.
371 2936 401 2958 ad
418 2935 502 2958 verba:
521 2942 581 2965 quae
602 2939 636 2960 est
652 2936 778 2966 utriusque
798 2937 954 2966 principium.
976 2935 1083 2966 Eirplicit

232 2988 339 3011 parvum
357 2981 455 3010 bonum,
477 2982 540 3012 quod
555 2985 588 3006 est
602 2982 712 3012 perutile.
731 2984 776 3006 Deo
795 2983 897 3013 arucias.

1195 296 1232 318 28.
1250 295 1348 324 Ibidem,
1367 296 1418 319 cod.
1432 296 1485 319 889.
1499 302 1616 324 progress.
1633 296 1697 318 1057.
1716 296 1761 318 iam
1779 296 1909 324 descriptus
1924 299 1979 319 tom.

1133 343 1160 365 V.
1177 349 1232 371 pag.
1249 343 1334 365 XXXlI
1351 349 1374 365 n.
1393 343 1445 365 119.
1462 355 1493 359 -
1511 344 1532 365 10
1545 343 1665 371 superiore
1682 345 1748 371 parte
1766 343 1803 365 sol.
1820 349 1839 365 r.
1857 343 1980 371 praemitti-

1132 393 1168 412 tur
1185 389 1289 412 rubrica:
1303 389 1451 419 opusculum
1468 389 1560 413 domini
1570 390 1634 413 Bone
1650 391 1780 419 aventure;
1797 393 1819 413 et
1831 390 1854 412 in
1871 390 1917 412 fine
1928 393 1980 418 post

1132 436 1217 459 verba:
1235 437 1263 459 In
1280 436 1327 459 illis
1339 438 1373 459 est
1389 437 1443 466 fons
1460 436 1518 464 vite,
1539 437 1633 459 additur
1645 440 1746 460 tantum:
1763 438 1848 460 Amen.
1864 437 1977 467 Eoeplicit.

1195 483 1232 505 29.
1250 482 1350 511 Ibidem,
1365 483 1416 506 cod.
1435 483 1489 505 666.
1503 490 1620 511 progress.
1637 484 1696 511 775,
1708 484 1738 506 de
1755 490 1802 513 quo
1820 484 1912 512 egimus
1925 488 1980 506 tom.

1133 531 1160 553 V.
1170 536 1224 559 pag.
1235 531 1319 553 XXXll
1329 536 1351 552 n.
1362 530 1415 552 114.
1426 542 1456 546 -
1470 530 1518 552 Fol.
1531 530 1564 552 l4.
1576 537 1595 553 r.
1605 531 1700 558 legitur:
1712 530 1797 561 Incipit
1806 531 1926 555 meditatio
1938 537 1979 554 sen

1133 577 1191 600 liber
1209 577 1294 606 fratris
1311 577 1473 600 Boneoentw‘e
1490 577 1517 600 de
1534 577 1623 607 triplici
1638 578 1685 601 viti.
1702 579 1764 606 Fini,
1781 579 1820 608 qui
1837 582 1872 602 est
1890 579 1925 601 iol.
1943 580 1981 601 22.

1132 631 1164 653 r.,
1182 624 1316 647 subiicitur:
1334 624 1440 654 Eoeplz'cit
1457 623 1515 647 liber
1533 624 1560 647 de
1578 624 1666 654 triplici
1682 625 1720 648 via
1729 632 1773 655 per
1790 626 1893 655 fratrem
1906 626 1980 649 Boua-

1133 673 1259 695 venturam
1276 671 1427 701 compositus.
1446 672 1492 695 Deo
1510 672 1615 701 arucias.

1197 719 1233 741 30.
1252 718 1351 746 Ibidem,
1370 719 1421 741 cod.
1441 719 1492 741 853.
1517 725 1634 747 progress.
1651 720 1710 747 580,
1728 720 1757 743 de
1779 727 1826 749 quo
1849 721 1904 743 vide
1921 726 1981 749 quae

1134 766 1234 788 diximus
1252 768 1308 788 tom.
1325 766 1354 788 V.
1371 772 1426 794 pag.
1444 766 1528 788 XXXll
1546 773 1570 788 n.
1587 767 1641 788 117.
1652 779 1682 782 -
1695 767 1773 795 lncipit
1790 768 1829 790 sol.
1847 767 1884 789 64.
1902 774 1920 789 r.
1938 769 1981 790 hoc

1134 813 1210 836 titulo:
1231 814 1358 836 Tractatus
1370 813 1536 836 Bouaveuture
1553 812 1581 836 cle
1597 812 1686 843 triplici
1697 813 1743 837 via.
1760 814 1808 836 Fini
1825 814 1919 837 additur
1930 817 1982 842 post

1134 861 1207 884 verba
1224 862 1246 884 et
1262 861 1305 884 Itoc
1322 860 1458 890 seraphim:
1476 860 1568 884 Emi-ce
1580 860 1654 890 iyitur
1672 862 1692 884 te
1709 864 1753 883 etc.
1770 864 1794 884 ut
1810 861 1867 884 infra
1885 868 1908 884 n.
1926 862 1963 884 33.

1198 909 1235 931 31.
1253 908 1351 936 Ibidem,
1369 909 1422 931 cod.
1434 908 1487 931 271.
1500 914 1617 936 progress.
1630 908 1683 930 683.
1701 909 1772 931 chart.
1789 909 1812 931 in
1825 909 1846 931 4.
1858 915 1918 931 saec.
1930 909 1981 932 XV.

1134 969 1161 972 ——
1182 957 1229 979 Fol.
1246 956 1268 978 5.
1285 962 1308 978 v.
1325 955 1369 978 suh
1387 956 1464 978 titulo:
1482 955 1565 985 Incipit
1583 954 1641 978 liber
1661 955 1826 979 Bonaventure
1847 955 1982 980 intitulatus

1130 1010 1237 1034 parrum
1256 1003 1354 1031 bouum,
1366 1003 1404 1027 vel
1420 1003 1500 1033 imaqo
1512 1003 1568 1031 vite,
1586 1002 1613 1026 de
1631 1002 1720 1033 triplici
1734 1003 1773 1026 via
1787 1003 1941 1033 perveniendi
1951 1003 1983 1027 ad

1134 1051 1282 1082 sapientiam.
1302 1051 1387 1074 Desinit
1399 1051 1490 1073 verbis:
1508 1052 1529 1074 et
1545 1050 1589 1074 hoc
1600 1050 1738 1080 serapIzim;
1756 1037 1839 1079 repetit
1855 1051 1945 1074 titulum
1958 1054 1982 1074 ut

1135 1100 1156 1122 in
1174 1099 1295 1128 principio.

1198 1147 1235 1169 32.
1254 1147 1376 1176 Auquslae
1397 1145 1573 1169 Vinclelicorum
1589 1146 1612 1168 in
1636 1146 1744 1172 Bavaria,
1768 1145 1907 1168 bibliotheca
1925 1145 1983 1168 Civi-

1135 1195 1198 1221 tatis,
1216 1194 1266 1216 cod.
1286 1194 1356 1215 chart.
1380 1193 1417 1215 lat.
1435 1193 1531 1215 LXVlll.
1549 1198 1608 1215 saec.
1627 1193 1678 1215 XV.
1696 1205 1725 1208 ——
1742 1193 1836 1220 Legitur
1854 1193 1892 1215 sol.
1913 1193 1931 1215 1.
1948 1199 1982 1215 r.:

1135 1240 1218 1270 Incipit
1235 1239 1363 1270 Speculum
1381 1239 1429 1263 sice
1447 1239 1602 1262 Itiuerarium
1619 1239 1704 1262 mentis
1721 1239 1746 1262 in
1765 1239 1840 1262 Deum
1861 1239 1983 1263 Benacen-

1135 1289 1195 1315 ture,
1208 1288 1360 1310 sacrosancte
1373 1286 1476 1309 Romane
1489 1285 1591 1309 Ecclesia
1604 1285 1741 1309 Cardinalis
1753 1285 1887 1315 eyreqiique
1904 1285 1982 1309 docio-

1135 1334 1177 1358 ris.
1196 1335 1260 1362 Ecce,
1276 1333 1391 1363 descripsi
1401 1339 1453 1356 eam
1466 1336 1508 1355 etc.
1521 1333 1608 1355 Desinit
1620 1333 1656 1355 iol.
1675 1333 1695 1355 6.
1709 1340 1730 1355 v.
1744 1332 1834 1355 verbis:
1846 1332 1870 1355 iu
1888 1339 1983 1362 sequen-

1135 1381 1196 1405 tibus
1213 1381 1352 1404 (Ioniinatur
1368 1380 1461 1410 affectio
1479 1380 1549 1409 (quae
1565 1380 1679 1402 habentur
1695 1386 1746 1408 cap.
1760 1380 1781 1402 3.
1794 1386 1816 1402 n.
1830 1380 1876 1408 7.);
1893 1379 1983 1402 subiici-

1135 1433 1184 1452 tur:
1203 1428 1308 1458 Eoeplicit
1325 1428 1454 1458 Speculum
1471 1428 1520 1451 sive
1538 1427 1692 1451 ItinerarIum
1705 1427 1790 1450 mentis
1807 1427 1831 1449 in
1849 1427 1924 1450 Deum
1943 1427 1983 1450 Bo-

1134 1478 1272 1500 parentare.

1199 1524 1235 1546 33.
1254 1523 1391 1546 Aurelianis
1415 1523 1437 1545 in
1459 1523 1542 1549 Gallia,
1566 1522 1703 1545 bibliotheca
1727 1522 1842 1549 Civitatis,
1860 1522 1913 1545 cod.
1934 1522 1982 1544 166.

1135 1571 1234 1594 membr.
1252 1572 1273 1593 in
1292 1571 1313 1593 t.
1330 1573 1436 1593 exaratus
1453 1576 1512 1592 anno
1531 1569 1599 1592 1426.
1617 1582 1647 1586 —
1669 1570 1812 1597 Opusculum
1836 1571 1984 1597 praenotatur

1135 1624 1176 1646 per
1193 1617 1278 1640 verba:
1297 1616 1380 1646 Incipit
1399 1616 1457 1639 liber
1475 1617 1641 1639 Bonaventure
1658 1615 1685 1639 de
1702 1615 1793 1645 triplici
1809 1615 1864 1644 uia,·
1886 1618 1908 1638 et
1925 1616 1982 1638 desi-

1134 1666 1178 1687 nit:
1195 1667 1217 1687 et
1233 1664 1276 1687 lioc
1294 1665 1328 1687 est
1350 1663 1484 1693 Seraphim.
1502 1663 1611 1692 Sequitur
1634 1664 1690 1685 haec
1708 1662 1847 1689 admonitio,
1869 1668 1929 1690 quae
1947 1662 1983 1684 ha-

1135 1712 1202 1735 betur
1219 1713 1288 1735 etiam
1306 1712 1363 1734 infra
1386 1718 1407 1734 n.
1425 1712 1467 1734 95:
1489 1711 1581 1734 Excerce
1601 1712 1621 1733 Ie
1637 1710 1713 1740 iqitnr
1736 1709 1768 1733 acl
1783 1710 1882 1733 virtutes
1900 1715 1984 1733 secun-

1134 1760 1192 1783 dum
1204 1759 1394 1789 conformitatem
1406 1757 1438 1781 ad
1450 1757 1581 1781 Ierusalem
1592 1763 1743 1787 supremam,
1762 1756 1790 1780 de
1807 1763 1854 1786 qua
1877 1755 1982 1786 qloriosa

1135 1805 1197 1829 dicta
1214 1807 1280 1833 suut,
1299 1812 1360 1835 quae
1376 1806 1411 1828 est
1427 1804 1509 1828 civitas
1531 1804 1575 1827 Dei
1590 1803 1767 1834 omnipotentis,
1793 1803 1825 1827 ad
1846 1809 1920 1833 quam
1939 1809 1983 1826 nos

1131 1852 1251 1882 perducat
1267 1852 1383 1875 Dominus
1408 1853 1499 1879 noster,
1524 1851 1566 1881 qui
1581 1853 1666 1875 cuncta
1687 1850 1807 1881 =[subet-nat
1827 1856 1872 1880 per
1890 1849 1983 1880 infinita

1134 1899 1213 1923 secula
1231 1899 1376 1923 secutorum.
1393 1900 1476 1922 Amen..

1199 1947 1236 1970 34.
1254 1947 1372 1970 Areuioue
1389 1947 1411 1969 in
1424 1947 1506 1973 Gallia,
1525 1946 1663 1968 bibliotheca
1677 1945 1782 1973 Publica,
1795 1945 1847 1968 cod.
1862 1945 1917 1972 105,
1929 1945 1983 1967 olim

1136 1994 1316 2016 Caelestinorum
1329 1993 1538 2020 Avenionensium,
1556 1993 1580 2014 in
1592 1993 1613 2014 8.
1631 1998 1693 2015 saec.
1709 1992 1769 2014 XlV.
1781 2004 1812 2008 —
1823 1992 1869 2014 Fol.
1885 1992 1907 2013 2.
1919 1997 1984 2019 prae-

1136 2041 1232 2062 mittitur
1250 2041 1375 2068 opusculo:
1398 2039 1482 2069 Incipit
1501 2038 1632 2069 speculatio
1653 2038 1739 2068 fratris
1764 2039 1930 2062 Bouacenture
1951 2044 1983 2061 se-

1135 2086 1239 2110 cuudum
1259 2086 1376 2116 triplicem
1393 2086 1471 2109 viam:
1492 2086 1658 2116 puryationis,
1682 2085 1865 2109 illuminationis
1888 2087 1910 2108 et
1928 2091 1983 2115 per-

1135 2133 1250 2163 fectionis.
1273 2134 1337 2161 Opus
1354 2133 1456 2156 decurrit
1482 2140 1555 2162 usque
1572 2133 1602 2155 ad
1620 2134 1656 2156 sol,
1676 2133 1697 2156 4.
1723 2136 1744 2155 et
1761 2132 1849 2156 verba:
1874 2132 1983 2156 Secundo

1135 2180 1272 2203 dilatandus
1290 2182 1323 2203 est
1343 2180 1426 2203 radius
1444 2180 1596 2210 i'nielliyentie
1617 2180 1649 2203 acl
1666 2179 1775 2211 beneficia
1794 2180 1854 2209 (cap.
1872 2181 1892 2202 1.
1911 2186 1933 2202 11.
1956 2180 1983 2208 l).

1136 2228 1192 2250 Hinc
1210 2231 1312 2250 notatur:
1330 2229 1393 2251 verte
1405 2227 1427 2250 in
1446 2228 1492 2258 fine
1505 2227 1575 2250 libri:
1595 2227 1633 2250 ubi
1650 2233 1731 2249 revera
1745 2227 1893 2256 prosequitur
1911 2233 1984 2256 usque

1136 2275 1165 2298 ad
1184 2274 1255 2297 verba
1273 2275 1377 2297 eiusdem
1396 2275 1489 2303 capituli
1507 2281 1529 2297 n.
1548 2275 1589 2296 v13:
1602 2275 1647 2297 Per
1660 2280 1729 2304 quem
1740 2274 1795 2303 fecit
1805 2274 1912 2297 animam
1923 2273 1984 2297 mlia-

1136 2328 1206 2350 nam,
1224 2328 1294 2345 suam
1312 2321 1429 2349 amicam,
1443 2321 1531 2352 filiczm,
1543 2327 1664 2351 sponsam.
1678 2322 1723 2344 Hec
1740 2321 1820 2344 omnia.
1837 2320 1900 2343 mira
1918 2322 1982 2344 suut.

1200 2369 1236 2391 35.
1255 2368 1406 2398 Balneoreyii
1421 2369 1443 2390 in
1463 2369 1536 2395 ltalia,
1554 2369 1605 2391 cod.
1629 2369 1743 2391 Ecclesiae
1766 2368 1902 2390 cathedralis
1927 2368 1984 2390 inter

1136 2416 1252 2444 Reliquias
1269 2416 1405 2438 Sanctorum
1422 2415 1571 2443 adscrvatus,
1584 2415 1683 2438 membr.
1695 2416 1718 2438 in
1730 2415 1752 2438 4.
1764 2421 1837 2444 parvo
1849 2421 1910 2438 saec.
1921 2415 1983 2437 XlV.

1136 2462 1245 2485 exeuntis.
1263 2474 1293 2478 —
1310 2462 1358 2484 Hoc
1376 2462 1514 2490 opusculum
1532 2464 1566 2484 est
1584 2466 1635 2490 post
1657 2461 1729 2484 libros
1750 2468 1830 2484 sacrae
1853 2461 1984 2489 Scripturae

1136 2512 1158 2532 et
1175 2509 1204 2531 ab
1222 2509 1264 2531 alia
1283 2515 1352 2531 manu
1371 2515 1397 2531 ac
1414 2509 1444 2531 illi
1462 2514 1588 2531 exaratum.
1606 2509 1698 2537 lncipit:
1721 2509 1790 2537 Ecce,
1804 2508 1919 2538 descripsi
1932 2514 1984 2531 eam

1137 2556 1178 2580 tibi
1194 2560 1247 2585 etc.7
1265 2560 1287 2579 et
1304 2557 1387 2579 desinit
1404 2563 1455 2585 cap.
1474 2558 1495 2579 2.
1512 2563 1534 2578 n.
1553 2557 1589 2578 ll.
1607 2556 1698 2579 verbis:
1716 2562 1771 2579 cum
1790 2556 1912 2586 profectus
1934 2556 1983 2579 eius

1137 2604 1236 2627 inducat
1247 2604 1416 2634 perfectionem
1433 2603 1541 2627 onniium
1559 2603 1677 2627 bonorum
1695 2606 1737 2626 etc.

1200 2652 1238 2673 36.
1254 2651 1361 2674 Basileae
1379 2652 1400 2673 in
1419 2652 1534 2679 Helvetia,
1552 2651 1690 2674 bibliotheca
1710 2650 1814 2679 Publica,
1826 2651 1879 2674 cod.
1890 2651 1914 2673 B.
1930 2651 1983 2673 Vlll.

1138 2700 1166 2721 29
1175 2717 1180 2727 ,
1198 2705 1269 2728 quem
1286 2699 1418 2721 notavimus
1435 2702 1490 2721 tom.
1509 2699 1535 2721 V.
1549 2705 1603 2727 pag.
1616 2699 1722 2721 XXXIV.
1734 2705 1757 2721 n.
1771 2699 1807 2721 12.
1820 2711 1849 2714 -
1862 2699 1913 2721 Post
1925 2704 1985 2726 opus

1137 2747 1166 2770 de
1184 2747 1326 2769 Reductione
1343 2747 1427 2769 artium
1445 2747 1473 2769 ad
1492 2747 1630 2774 theologiam
1648 2747 1741 2775 ponitur
1758 2746 1862 2769 rubrica:
1880 2746 1934 2769 Alia
1951 2745 1985 2768 di-

1137 2794 1243 2821 stz'nctz'o,
1261 2794 1345 2816 deinde
1362 2794 1477 2822 sequitur:
1496 2794 1567 2820 Ecce,
1584 2793 1700 2823 descripsi
1715 2800 1768 2817 eam
1785 2796 1827 2817 etc.
1840 2794 1885 2816 Sed
1902 2800 1985 2816 manus

1138 2841 1223 2863 saeculi
1241 2840 1292 2863 XV.
1310 2841 1443 2869 praeponit:
1456 2840 1539 2870 Incipit
1548 2846 1654 2870 parvum
1668 2840 1755 2864 bonum
1767 2840 1803 2864 trel
1815 2841 1919 2871 reyimen
1932 2846 1985 2864 con⁷

1138 2887 1232 2911 scientie
1248 2887 1353 2911 eiusdem
1370 2887 1486 2916 doctoris,
1504 2887 1568 2917 quod
1585 2890 1684 2912 vocatur
1700 2889 1754 2918 fons
1771 2889 1823 2912 trite.
1841 2888 1984 2916 opusculum

1139 2935 1221 2957 desinit
1238 2941 1289 2963 cap.
1307 2936 1328 2957 2.
1347 2942 1368 2957 n.
1391 2936 1424 2957 10.
1442 2935 1533 2957 verbis:
1556 2935 1604 2959 Nec
1626 2937 1704 2959 [anien
1731 2935 1862 2959 liberamur
1888 2935 1983 2959 omniuo

1140 2982 1189 3010 (cfr.
1208 2988 1261 3010 pag.
1283 2983 1321 3009 ¹6,
1339 2985 1392 3004 nota
1410 2983 1432 3004 9.
1449 2986 1471 3004 et
1488 2989 1542 3011 pag.
1561 2983 1601 3011 18,
1620 2986 1672 3005 nota
1690 2984 1729 3011 2.).
