2133 3317
99 308 263 347 dispensatio
278 308 413 337 bonorum
429 307 621 344 temporalium
639 310 769 345 tanquam
792 308 943 337 scientibus

100 356 139 386 uti
159 358 187 384 et
206 363 264 383 non
285 353 491 392 quaerentibus
510 362 585 392 qaae
605 362 663 382 saa
683 358 768 388 sant,
793 354 844 383 secl
868 363 942 393 qaae

100 404 164 432 Iesu
187 401 297 431 Christi
307 402 317 418 ¹
328 413 357 435 n,
379 400 453 438 quod
467 404 494 429 et
509 408 558 437 per
573 401 709 435 Abrahae,
725 401 816 435 Iacob,
833 402 941 438 loseph,

100 448 198 482 David,
226 447 336 481 Daniel,
366 448 476 476 Patrum
510 447 612 476 scilicet
640 448 741 476 veteris
770 448 939 482 testamenti,

0 504 87 525 r:mainan
99 495 225 532 exempla
245 494 398 523 confirmat.
415 494 490 522 —ln
514 494 557 523 his
577 498 669 523 autem
693 495 785 523 verbis
805 498 832 523 et
846 503 941 524 exem-

2 508 13 581 el
99 543 149 581 plis
170 541 380 579 superficialiter
412 541 591 570 consideratis
622 541 689 570 nihil
718 545 832 578 apparet
864 550 941 570 erro-

98 597 196 623 neum;
218 588 239 617 si
262 590 351 616 tamen
366 588 512 624 diligenter
530 587 731 622 discutiantur,
753 596 883 625 magnum
900 588 940 617 in-

97 636 205 665 venitur
225 635 253 663 in
274 635 314 663 eis
335 634 419 663 latere
438 642 584 663 venenum.

9 697 11 712 t
173 683 199 711 3.
221 682 247 711 Si
269 682 342 710 enim
364 682 518 718 proprietas
537 682 594 710 sola
615 690 706 710 caasa
729 685 771 711 est
791 682 940 711 abdicatio*

8 739 53 759 annu
65 738 81 756 1.
98 730 139 759 nis
159 729 370 766 temporalium,
392 732 424 757 ut
445 728 617 765 exstirpetur
639 728 787 765 cupiditas,
809 732 836 757 et
857 730 940 766 perfi-

96 777 184 806 ciatur
205 775 305 804 caritas
325 775 359 804 ad
381 775 451 804 bona
473 775 630 803 huiusmodi
654 775 816 811 temporalia
830 775 939 812 dispen-

95 823 193 857 sanda;
216 825 282 851 tunc
303 822 387 859 igitur
416 825 565 858 paupertas
585 830 640 850 non
667 825 709 850 est
729 822 781 850 nisi
803 822 875 850 sicut
896 823 939 851 via

0 876 9 904 ,¹
94 870 128 900 ad
147 869 342 898 abundantiam
364 872 391 897 et
418 868 559 905 dispositio
580 868 715 905 quaedam
745 869 938 904 praeambula,

94 925 125 946 ac
144 924 194 954 per
216 917 268 945 hoc
283 916 359 944 nulla
380 915 510 952 perfectio
525 915 649 944 consistit
667 915 694 944 in
716 924 755 944 ea.
779 916 939 952 lmperfecta

95 964 178 1001 igitur
198 963 250 992 suit
264 962 364 991 Christi
383 962 449 996 vita,
471 965 498 991 et
518 962 585 991 falsa
607 962 744 996 doctrina,
762 970 818 999 qua
831 963 938 991 dixit2:

96 1011 128 1040 Si
146 1011 190 1039 vis
208 1009 355 1047 perfectas
376 1018 451 1043 esse,
472 1009 559 1043 vade,
580 1010 668 1038 vende
696 1019 771 1048 qaae
800 1009 885 1038 babes
914 1014 939 1038 et

9 1065 52 1085 iano
61 1065 79 1084 a.
95 1057 134 1086 cla
151 1056 343 1094 pauperibus.
359 1073 395 1077 -
411 1056 546 1093 Amplius,
569 1056 590 1085 si
612 1064 699 1084 unum
721 1057 831 1093 aliquod
857 1057 938 1085 colle-

95 1104 183 1142 gium,
205 1112 258 1132 non
274 1103 362 1132 dicam
378 1103 461 1132 unius
476 1103 566 1140 regni,
589 1103 634 1132 sed
651 1103 735 1132 totius
757 1103 851 1132 mundi
867 1104 938 1132 bona

94 1152 121 1180 in
143 1151 280 1180 communi
303 1150 453 1187 possideat;
482 1150 645 1179 altissimum
669 1150 736 1178 illud
757 1150 790 1179 de
818 1158 937 1187 pauper-

94 1200 148 1227 tate
169 1197 313 1226 consilium
336 1197 513 1234 integerrime
541 1200 648 1231 servat,
674 1197 773 1231 immo,
795 1197 868 1234 quod
897 1200 938 1226 est

94 1243 257 1277 absurdius,
280 1243 367 1272 multo
388 1243 544 1280 perfectiori
568 1243 647 1271 modo
676 1251 758 1280 quam
783 1243 809 1271 hi
833 1243 880 1280 qui
909 1243 935 1271 in

93 1294 218 1320 extrema
240 1298 335 1319 rerum
363 1290 496 1326 penuria,
519 1290 550 1318 in
570 1289 650 1327 fame
671 1290 797 1318 videlicet
817 1294 843 1318 et
870 1290 936 1324 siti,

92 1336 204 1375 friyore
221 1341 246 1366 et
260 1337 392 1365 nuclz'tate
403 1337 414 1353 ³
430 1337 545 1365 Domino
559 1337 693 1370 serviunt,
709 1337 861 1365 cuiusmodi
878 1337 936 1365 sue-

94 1386 159 1413 runt
179 1384 298 1421 Apostoli
320 1387 347 1412 et
368 1383 395 1412 111
417 1383 464 1420 0111
494 1392 591 1412 eorum
613 1383 741 1420 exempla
769 1387 934 1420 sequuntur.

92 1431 169 1468 Quod
190 1438 253 1459 cum
281 1430 423 1459 evidenter
451 1430 485 1458 sit
506 1430 622 1464 falsum,
644 1434 744 1465 restat,
766 1431 840 1467 qnod
869 1431 936 1460 baec

91 1486 143 1507 non
166 1478 201 1507 sit
221 1486 314 1506 caasa
332 1477 470 1515 praecisa
485 1481 510 1506 ct
527 1477 705 1515 principalis
732 1478 873 1506 abdicandi
896 1478 936 1506 di-

92 1525 186 1560 vitias,
217 1525 283 1562 quia
311 1525 470 1562 propriae,
503 1525 548 1553 sed
582 1525 647 1562 quia
679 1525 872 1559 illecebrosae,
905 1528 936 1554 ut

0 1579 74 1600 mum.
91 1575 230 1600 ostensum
252 1574 294 1600 est
314 1579 399 1608 supra
410 1571 430 1599 4.
458 1588 492 1591 ——
518 1571 621 1600 Verum
643 1575 684 1600 est
705 1571 832 1608 quidem,
861 1571 935 1608 quod

91 1618 220 1656 propriae
234 1618 344 1647 divitiae
365 1618 452 1655 magis
474 1618 561 1647 solent
586 1626 645 1647 esse
660 1619 836 1647 illecebrosae
851 1627 934 1655 quam

91 1673 265 1700 communes,
287 1668 313 1694 et
335 1665 394 1694 ideo
410 1666 495 1702 magis
516 1669 557 1694 est
575 1665 607 1694 de
622 1665 740 1694 essentia
760 1666 935 1702 perfectionis

91 1716 264 1749 contemptus
286 1712 423 1749 ipsarum,
445 1720 499 1740 non
521 1712 586 1749 quia
606 1712 795 1749 appropriatio
820 1713 855 1741 sit
875 1712 935 1741 eul-

88 1768 146 1797 pa,
168 1759 211 1788 vel
232 1767 342 1796 semper
364 1759 463 1788 babeat
484 1757 592 1796 culpam
615 1767 768 1793 annexam,
794 1759 841 1788 sed
870 1760 935 1796 quia

91 1809 122 1835 ut
142 1806 316 1843 frequentius
340 1807 409 1835 solet
437 1814 496 1835 esse
522 1806 635 1835 occasio
656 1806 759 1843 calpae
770 1806 789 1834 ⁵.
812 1806 886 1835 [Vnde
908 1809 935 1835 et

91 1853 206 1890 ipsemet
226 1853 252 1881 10
281 1853 515 1890 consequentibus
542 1853 678 1890 exemplis
709 1853 759 1881 sibi
788 1853 838 1889 ipsi
870 1861 934 1882 con-

91 1900 212 1934 tradicit,
233 1908 296 1928 cum
311 1900 421 1934 asserit,
444 1900 504 1928 illos
525 1903 633 1928 sanctos
658 1900 751 1928 Patres
775 1908 829 1928 0011
845 1900 933 1928 solum

91 1947 148 1976 sine
170 1947 266 1984 culpa,
292 1947 340 1975 sed
367 1947 448 1975 etiam
477 1954 541 1975 cun]
570 1946 737 1983 perfectione
764 1947 835 1975 bona
866 1947 934 1976 haec

93 1994 253 2031 temporalia
274 1993 436 2030 possedisse.
459 1993 511 2030 lpsi
540 1993 620 2022 etiam
643 1994 755 2027 levitae,
784 1994 831 2030 qui
863 2002 934 2022 uxo-

91 2049 135 2070 res
156 2041 294 2069 habebant
315 2043 342 2070 et
362 2041 442 2075 filios,
464 2044 586 2075 constat,
608 2041 681 2078 quod
709 2041 801 2078 aliqua
822 2041 934 2078 propria

91 2087 280 2124 possidebant,
311 2096 381 2124 quos
409 2091 499 2116 tamen
529 2088 680 2124 superius⁶
703 2088 735 2116 de
767 2088 933 2125 perfectione

91 2134 219 2163 laudavit.
242 2135 301 2171 lpse
321 2135 403 2163 etiam
426 2135 546 2171 populus
568 2135 748 2169 Israeliticus,
771 2138 872 2164 terram
887 2135 934 2164 Pa-

92 2181 181 2210 tribus
202 2182 396 2218 repromissam
418 2182 549 2219 adeptus,
574 2182 679 2219 absque
703 2185 814 2219 peccato
838 2182 934 2211 distin-

90 2231 147 2257 ctas
167 2231 194 2257 et
215 2228 341 2265 proprias
361 2229 501 2265 portiones
521 2229 634 2265 accepit.
656 2229 780 2265 Insuper,
802 2237 875 2258 nunc
890 2237 934 2258 re-

93 2275 194 2304 velatae
222 2275 326 2312 gratiae
358 2279 497 2312 tempore,
520 2275 671 2304 secundum
705 2275 772 2304 scita
794 2276 885 2313 legum
907 2279 934 2305 et

90 2329 239 2356 canonum,
261 2322 333 2350 iuste
353 2325 380 2350 et
401 2325 494 2351 sancte
515 2322 607 2350 aditur
628 2326 655 2351 et
676 2322 832 2359 possidetur
854 2323 933 2351 bere-

91 2368 176 2403 ditas,
198 2377 252 2397 non
274 2369 363 2397 solum
386 2369 412 2397 in
436 2369 650 2405 particularibus
678 2370 864 2406 patrimoniis,
887 2369 933 2399 sed

91 2415 118 2444 in
139 2416 340 2453 principatibus
360 2419 387 2445 et
408 2416 516 2453 regnis,
539 2416 611 2445 sicut
641 2416 699 2453 ipse
726 2416 842 2445 inferius
867 2416 934 2445 fate-

91 2463 136 2490 tur
157 2461 191 2491 de
211 2462 387 2491 Constantino
408 2466 435 2491 et
458 2462 618 2499 Raymundo
638 2466 665 2491 et
686 2462 823 2491 similibus
835 2462 854 2490 ⁷.
876 2463 933 2491 Non

91 2515 156 2545 ergo
177 2509 331 2546 proprietas
352 2513 393 2538 est
414 2510 485 2538 ratio
505 2509 696 2544 abdicationis,
719 2509 790 2538 sicut
811 2509 934 2538 1315010-

152 2673 160 2686 ¹
179 2674 232 2696 phil.
250 2675 275 2701 2,
293 2675 331 2697 at.

152 2711 161 2725 ²
179 2713 255 2735 Manu.
276 2713 313 2741 19,
331 2714 369 2736 21.

151 2750 161 2763 ⁸
180 2752 249 2780 Epist.
267 2753 290 2774 ll.
307 2752 358 2774 Cor.
380 2753 420 2780 ll,
437 2753 474 2775 27.

151 2789 160 2802 ⁴
177 2790 233 2818 Cap.
249 2791 271 2813 7.
288 2797 312 2813 n.
329 2792 350 2813 2.
365 2797 430 2820 seqq.

153 2828 162 2841 ⁵
179 2829 238 2852 Vide
255 2836 324 2858 supra
342 2836 362 2852 c.
379 2830 401 2852 7.
419 2836 441 2852 n.
459 2830 497 2853 24.

152 2866 162 2880 ⁶
178 2867 234 2896 Cap.
253 2869 274 2891 8.
291 2875 314 2891 0.
330 2870 352 2891 2.
369 2882 400 2885 —-
414 2869 444 2891 De
457 2875 505 2898 seq.
518 2869 674 2897 propositione
693 2870 733 2891 cfr.
747 2869 811 2892 losue
823 2876 843 2892 e.
860 2870 932 2897 13-21,

92 2906 112 2928 in
131 2912 230 2934 quorum
249 2907 328 2929 ultimo
345 2908 412 2930 etiam
431 2908 460 2930 de
478 2908 624 2936 possessione
640 2908 769 2930 levitarum.

153 2944 161 2958 ⁷
178 2945 251 2968 Codd.
269 2946 310 2969 BC
321 2947 364 2968 DE
380 2946 506 2976 Aymumlo
523 2948 544 2970 et
560 2946 605 2970 sibi
619 2946 743 2970 similibus.

153 2983 162 2996 ⁸
181 2984 242 3007 Libr.
262 2985 290 3007 X.
308 2985 425 3013 Recognit.
443 2991 463 3008 c.
482 2985 502 3007 5.
521 2986 579 3008 Vide
596 2986 711 3013 Gratiam,
728 2985 753 3008 C.
773 2985 931 3009 Dileclsssimis

91 3022 140 3051 (2.),
158 3023 224 3046 Cous.
246 3025 278 3046 12.
296 3031 320 3053 q.
343 3025 360 3046 1.
378 3024 421 3046 Pro
439 3024 544 3047 Clemens
563 3024 612 3046 Vat.
630 3027 653 3047 et
669 3025 705 3047 ed.
724 3025 736 3047 9.
756 3024 907 3048 Clementiae.

571 229 766 258 OPUSCULUM
789 231 829 259 xl.
853 231 1012 261 APOLOGIA
1034 233 1215 262 PAUPERUM.
1237 234 1305 263 CAP.
1329 235 1369 263 IX.

1789 237 1844 264 295

1000 310 1106 344 sinuat,
1128 311 1206 348 quasi
1235 320 1344 348 semper
1376 313 1427 341 sibi
1458 313 1494 342 sit
1520 321 1661 342 annexum
1690 316 1842 349 peccatum.

999 358 1068 386 Sane
1088 358 1161 394 quod
1190 358 1256 387 dicit
1287 359 1411 388 Clemens
1422 359 1442 394 ⁸,
1465 360 1538 397 quod
1565 368 1642 397 «per
1670 360 1843 397 iniquitatem

998 403 1068 432 311115
1083 404 1161 438 dicit,
1178 405 1229 433 1100
1250 413 1309 434 0550
1331 413 1429 440 5111101,
1444 406 1515 435 31105
1536 406 1643 440 illud»,
1665 415 1719 434 non
1741 409 1782 435 est
1797 414 1843 443 ge-

999 449 1129 478 neraliter
1151 450 1374 487 intelligendum,
1397 452 1443 480 sed
1471 455 1503 480 ut
1524 452 1551 481 10
1572 453 1715 489 pluribus;
1738 453 1781 481 vel
1803 453 1843 481 in-

999 496 1175 533 telligendum
1198 501 1251 531 est,
1267 498 1340 535 quod
1357 499 1514 528 huiusmodi
1529 500 1717 536 approprIatio
1731 499 1843 528 descen-

997 542 1036 571 dit
1057 551 1093 571 ex
1115 543 1259 580 iniquitate
1281 545 1435 581 primorum
1459 550 1619 582 parentum,
1635 547 1712 583 quia,
1731 546 1782 575 nisi
1805 546 1843 575 illi

998 593 1171 626 peccassent,
1194 591 1352 620 huiusmodi
1369 593 1557 629 appropriatio
1572 602 1624 621 non
1640 593 1767 622 10155019.
1783 594 1841 622 Non

999 640 1087 665 lamen
1109 645 1143 666 ex
1168 638 1218 666 1100
1241 639 1384 675 sequitur,
1406 639 1480 676 quod
1501 640 1590 668 omnis
1605 641 1792 677 appropriatio
1808 641 1843 669 sit

996 691 1059 712 cum
1082 688 1209 720 peccato,
1231 685 1297 722 quia
1317 693 1353 714 ex
1376 686 1609 722 praevaricatione
1624 687 1778 724 primorum
1794 696 1842 724 pa—

997 734 1108 759 rentum
1131 739 1184 759 1100
1206 732 1295 760 solum
1311 736 1421 769 peccata
1435 732 1618 768 descendunt,
1634 734 1681 762 sed
1696 737 1723 763 et
1738 742 1841 771 poenae

996 781 1181 814 peccatorum.

1075 824 1100 852 4.
1117 825 1190 853 Licet
1204 828 1296 854 autem
1312 826 1423 855 divitiae
1435 829 1488 854 tam
1501 834 1663 856 communes
1677 836 1759 864 quam
1777 836 1841 864 pro-

996 869 1071 907 priae
1094 871 1188 899 baberi
1211 875 1238 900 et
1260 872 1391 908 possideri
1415 873 1523 901 valeant
1543 873 1648 910 absque
1664 877 1784 910 peccato,
1800 877 1840 902 ta-

997 925 1058 946 men
1075 926 1121 946 eas
1150 918 1307 955 relinquere
1329 919 1504 955 perfectionis
1518 923 1568 953 est,
1591 920 1671 957 quia,
1693 920 1764 949 sicut
1786 921 1839 949 im-

993 963 1132 1001 perfectio
1147 964 1180 993 de
1195 973 1223 993 se
1239 973 1292 993 non
1308 965 1373 993 dicit
1388 966 1510 1002 culpam,
1527 970 1557 995 ut
1572 975 1608 995 ex
1624 975 1708 1003 supra
1724 967 1804 996 dictis
1816 968 1839 984 1⁰

995 1014 1124 1046 apparet,
1147 1011 1185 1039 sic
1216 1014 1243 1039 et
1270 1011 1407 1048 perfectio
1429 1020 1483 1040 non
1507 1015 1613 1040 tantum
1634 1012 1699 1041 dicit
1721 1013 1840 1042 iustitiae

995 1057 1212 1091 rectitudinem,
1229 1066 1327 1086 verum
1342 1058 1423 1086 etiam
1440 1059 1665 1096 expetlilioneni;
1679 1068 1762 1096 011301
1778 1060 1839 1097 qui-

995 1103 1057 1132 dem
1072 1104 1275 1140 expeditionem
1287 1104 1407 1139 divitiae,
1422 1106 1487 1142 quia
1499 1105 1674 1134 illecebrosae
1689 1109 1716 1135 et
1731 1106 1840 1143 pericu-

995 1150 1077 1183 losae,
1090 1150 1280 1187 praepediunt.
1291 1151 1365 1179 Unde
1376 1151 1526 1188 Gregorius
1537 1155 1637 1189 quarto
1648 1152 1791 1181 Moralium
1802 1153 1839 1181 1¹:

1000 1209 1013 1222 «
1028 1197 1129 1225 Rarum
1152 1197 1229 1226 valde
1251 1200 1306 1231 est,
1330 1201 1361 1226 ut
1382 1199 1429 1235 qui
1452 1199 1591 1235 possident
1617 1207 1718 1228 aurum
1740 1199 1773 1228 ad
1795 1208 1838 1228 re-

994 1244 1087 1281 quiem
1110 1244 1234 1278 tendant,
1257 1253 1319 1273 cum
1342 1253 1390 1282 per
1423 1246 1597 1282 semetipsam
1619 1246 1726 1274 Veritas
1751 1246 1838 1275 dicat:

996 1291 1092 1327 Quam
1113 1291 1241 1329 difficile,
1264 1292 1316 1330 qai
1335 1292 1475 1328 pecunias
1503 1292 1607 1321 habent
1634 1293 1787 1322 intrabant
1808 1294 1839 1322 in

994 1347 1117 1375 reginum
1138 1338 1285 1367 caelorum
1299 1352 1324 1367 ».
1349 1339 1420 1368 Idem
1442 1340 1523 1368 etiam
1547 1340 1573 1368 in
1593 1344 1693 1377 quarto
1715 1341 1839 1377 Dialogo-

994 1393 1057 1413 rum
1070 1384 1108 1413 ¹2:
1136 1397 1149 1410 «
1163 1385 1236 1414 Cura
1257 1386 1296 1414 rei
1319 1386 1460 1415 familiaris
1481 1386 1527 1415 vix
1551 1387 1609 1415 sine
1630 1388 1711 1424 culpa
1732 1388 1838 1425 agitur,

993 1432 1075 1461 etiam
1097 1432 1131 1461 ab
1154 1433 1196 1461 bis
1217 1433 1264 1469 qui
1287 1433 1406 1470 qualiter
1428 1434 1523 1470 culpas
1544 1434 1681 1463 declinare
1706 1435 1837 1469 debeant,

993 1479 1121 1507 sciunt».
1137 1496 1176 1499 —
1191 1479 1222 1507 Et
1237 1479 1364 1508 Rabanus
1385 1488 1469 1516 super
1484 1481 1650 1509 Mattliaeum
1663 1481 1702 1509 1³:
1729 1493 1741 1506 α
1759 1481 1839 1519 Diffi-

993 1525 1053 1559 cite,
1077 1526 1128 1554 boc
1150 1529 1191 1555 est
1212 1526 1326 1554 maximi
1350 1526 1464 1560 laboris,
1487 1531 1536 1560 est,
1558 1527 1689 1563 pecunias
1705 1528 1836 1557 babentes

993 1572 1036 1600 vel
1058 1572 1085 1601 in
1107 1573 1231 1609 pecuniis
1252 1573 1436 1607 confidentes,
1458 1574 1551 1602 exutis
1566 1574 1751 1611 philargyriae
1773 1575 1838 1603 reti-

993 1619 1114 1653 naculis,
1136 1620 1226 1648 aulam
1243 1620 1319 1657 regni
1336 1621 1459 1649 caelestis
1478 1621 1581 1649 intrare
1593 1633 1618 1649 ».
1636 1621 1749 1658 Propter
1764 1621 1837 1658 quod

992 1674 1122 1695 securum
1144 1671 1185 1696 est
1206 1667 1315 1696 divitias
1336 1668 1443 1705 fugere,
1465 1672 1493 1697 et
1513 1677 1559 1697 eas
1580 1676 1696 1705 prorsus
1710 1668 1837 1697 abdicare

992 1714 1153 1750 perlectum.
1186 1714 1261 1742 Unde
1293 1714 1473 1751 Hieronymus
1504 1715 1537 1743 ad
1568 1715 1769 1744 Demetriadem
1794 1716 1834 1743 1⁴²:

996 1772 1009 1785 ε(
1025 1761 1167 1797 Α1105101101
1191 1760 1288 1797 fastigii
1311 1764 1352 1790 est
1374 1761 1565 1798 perfectaeque
1585 1762 1696 1790 virtutis
1718 1762 1835 1790 vendere

991 1807 1083 1836 omnia
1103 1810 1130 1836 et
1151 1807 1321 1844 pauperibus
1341 1807 1520 1842 distribuere,
1542 1812 1569 1836 et
1590 1808 1629 1836 sic
1644 1808 1729 1836 levem
1745 1811 1772 1837 et
1786 1816 1836 1836 ex-

992 1854 1113 1891 peditum
1138 1862 1200 1883 cum
1224 1854 1333 1883 CliriSto
1353 1854 1387 1883 ad
1408 1855 1534 1883 caelestia
1555 1855 1739 1884 subvolare».

1071 1902 1095 1929 5.
1118 1902 1218 1935 Porro,
1239 1901 1386 1938 exempla,
1401 1910 1472 1938 quae
1493 1902 1635 1939 subiungit
1652 1902 1685 1931 de
1700 1902 1834 1937 Patribus,

991 1948 1209 1977 inconvenientia
1230 1952 1294 1977 sunt
1314 1948 1347 1977 ad
1370 1949 1557 1985 propositum:
1573 1949 1693 1985 primum
1709 1949 1834 1986 quidem,

991 1995 1056 2032 quia
1077 2003 1130 2024 non
1152 2003 1180 2024 se
1201 1995 1466 2032 expropriaverunt,
1489 1999 1520 2024 ut
1541 1995 1585 2024 hic
1606 1995 1673 2024 falso
1694 1996 1834 2033 confingit,

990 2041 1099 2075 dicens,
1120 2041 1194 2078 quod
1220 2053 1233 2067 «
1249 2042 1382 2070 Dominus
1404 2046 1529 2071 sanctum
1550 2042 1701 2077 Abrabam,
1724 2043 1835 2080 propria

991 2088 1142 2117 hereditate
1165 2088 1279 2123 reiecta,
1301 2088 1407 2117 nudum
1422 2089 1455 2118 de
1481 2093 1555 2118 terra
1580 2097 1630 2117 sua
1654 2089 1733 2118 exire
1755 2097 1834 2126 prae-

991 2135 1104 2172 cepit».
1132 2135 1198 2163 Nam
1230 2138 1257 2164 et
1288 2139 1383 2164 textus
1413 2136 1583 2165 Geneseos¹5
1611 2139 1705 2173 aperte
1727 2140 1834 2165 contra-

990 2182 1074 2216 dicit,
1096 2182 1142 2211 ubi
1175 2182 1293 2211 dicitur:
1317 2183 1459 2220 Egressus
1490 2186 1530 2211 est
1561 2181 1730 2217 Abraham,
1759 2183 1835 2211 sicat

987 2233 1178 2266 praeceperat
1199 2229 1226 2257 ei
1255 2229 1407 2263 Dominus,
1437 2230 1555 2267 tulitque
1584 2230 1690 2264 Sarni,
1712 2238 1834 2258 uxorem

990 2284 1088 2309 suam,
1110 2280 1136 2304 et
1157 2277 1223 2310 Lot,
1248 2276 1343 2313 filiam
1374 2276 1483 2314 fratris
1512 2277 1577 2311 sai,
1610 2277 1835 2315 universamque

990 2322 1205 2357 substantiam,
1227 2332 1316 2362 qaam
1335 2324 1540 2361 possederant,
1562 2327 1587 2352 et
1608 2324 1734 2361 inpressi
1753 2327 1832 2358 sunt,

992 2373 1023 2398 at
1044 2370 1118 2398 irent
1141 2370 1171 2399 in
1194 2374 1305 2399 terram
1335 2370 1488 2399 Clzanaan.
1520 2371 1598 2407 Quod
1626 2374 1717 2399 autem
1740 2370 1832 2404 lacob,

991 2417 1086 2453 loseph
1109 2420 1135 2445 et
1156 2417 1241 2446 David
1263 2417 1410 2454 aliquando
1425 2418 1451 2446 in
1467 2420 1628 2454 paupertate
1642 2417 1765 2451 fuerunt,
1781 2418 1832 2446 boc

990 2463 1077 2500 magis
1097 2463 1149 2492 fuit
1170 2464 1294 2500 urgentis
1315 2464 1484 2493 necessitatis
1499 2472 1582 2501 quam
1600 2464 1770 2493 voluntariae
1785 2472 1834 2493 ex-

991 2510 1194 2546 propriationis.
1210 2510 1287 2547 Quod
1307 2518 1372 2539 vero
1386 2511 1479 2539 Daniel
1494 2511 1585 2539 omnia
1600 2519 1650 2540 sua
1664 2511 1833 2546 vendiderit,

1053 2675 1062 2688 ⁹
1079 2676 1124 2699 Ctr.
1143 2677 1236 2703 Bonav.‚
1262 2677 1286 2698 ll.
1312 2677 1374 2698 Sent.
1395 2676 1419 2698 d.
1443 2675 1478 2698 44.
1496 2682 1517 2698 a.
1535 2677 1556 2698 2.
1573 2683 1595 2705 q.
1614 2677 1634 2698 2.
1652 2676 1682 2699 ad
1700 2676 1725 2705 4;
1744 2677 1764 2698 in
1783 2677 1830 2705 ipsa

990 2715 1125 2743 quaestione
1143 2715 1269 2737 insinuatur
1287 2721 1334 2744 seq.
1353 2715 1488 2743 propositio.

1053 2752 1072 2766 ¹⁰
1089 2753 1145 2781 Cap.
1163 2755 1183 2776 2.
1201 2760 1222 2776 n.
1241 2755 1261 2776 3.
1279 2760 1359 2782 seqq.;
1376 2761 1396 2776 c.
1414 2754 1436 2776 3.
1453 2760 1474 2776 n.
1494 2754 1518 2781 4;
1536 2760 1555 2776 c.
1575 2754 1596 2776 4.
1608 2761 1629 2776 n.
1640 2754 1661 2776 7.
1675 2755 1696 2776 in
1710 2755 1765 2781 tine:
1778 2762 1798 2778 0.
1811 2755 1832 2777 5.

990 2799 1011 2814 n.
1031 2792 1058 2814 16
1084 2799 1164 2821 5000.;
1182 2799 1202 2815 c.
1220 2794 1241 2815 6.
1259 2799 1281 2815 n.
1299 2794 1319 2814 2.
1338 2799 1416 2821 seqq.;
1434 2798 1453 2815 c.
1471 2793 1492 2815 7.
1510 2799 1533 2815 n.
1551 2793 1572 2815 4.
1589 2799 1654 2822 seqq.

1053 2830 1070 2843 ¹¹
1090 2832 1211 2858 Praefatio,
1228 2838 1248 2854 c.
1266 2832 1287 2854 3,
1305 2832 1420 2859 Allegatur
1437 2832 1492 2854 Luc.
1510 2833 1551 2859 48,
1567 2831 1604 2854 24.

1052 2869 1071 2882 ¹²
1089 2870 1143 2898 Cap.
1162 2870 1198 2892 39.

1053 2907 1071 2920 ¹³
1088 2908 1148 2931 Libr.
1167 2909 1204 2931 Vl.
1221 2908 1348 2931 Commeat.
1367 2909 1389 2931 in
1408 2910 1483 2932 Mattti.
1504 2910 1541 2938 19,
1559 2910 1596 2932 23.
1613 2909 1658 2933 Csr.
1682 2916 1752 2938 supra
1778 2916 1831 2939 pag.

989 2947 1041 2974 249,
1060 2950 1111 2970 nota
1134 2948 1151 2969 1.

1052 2985 1071 2998 ¹⁴
1088 2987 1158 3015 Epist.
1179 2987 1227 3009 130.
1246 2987 1310 3015 (alias
1328 2988 1358 3016 Β.)
1374 2994 1397 3010 n.
1412 2987 1446 3010 14.
1458 2987 1501 3010 Csr.
1514 2994 1584 3017 supra
1597 2994 1650 3016 pag.
1663 2988 1716 3016 272,
1728 2991 1780 3011 110111
1798 2989 1832 3011 11.

1052 3024 1070 3038 ¹⁶
1087 3025 1141 3053 Cap.
1162 3026 1197 3053 te,
1215 3025 1235 3048 4.
1253 3033 1301 3055 seq.

1858 838 1972 859 Notandum.

1856 1166 1963 1190 Gregorius.

1855 1493 1950 1513 Rabauus.

1850 1728 1981 1752 Hieronymus.

1875 1915 1944 1934 Contra
1954 1915 1983 1933 in-

1851 1939 1981 1957 convenientia

1852 1962 1936 1986 exempla
1952 1967 1982 1981 ra-

1851 1986 1877 2004 tio
1890 1985 1908 2004 ί.
