2133 3317
258 231 314 259 682

506 268 565 291 ANA

305 321 334 324 —-
352 308 494 330 inordinatus
512 310 633 335 parentum
645 310 667 329 et
678 307 823 336 propInquo-

259 354 311 371 rum
329 347 510 374 exstinguendus
522 350 555 369 est
567 347 612 369 200
630 346 660 368 77
672 358 702 363 —-
719 346 823 374 privatus

258 387 287 410 ad
303 387 401 409 feminas
418 389 440 409 et
457 387 520 408 leves
537 392 648 414 personas
665 385 773 408 vitandus
790 388 824 408 est

259 426 298 448 141
320 426 335 448 7

304 478 336 480 —
354 471 398 487 non
418 467 452 487 est
469 465 556 487 otiosus
574 465 619 487 250
639 465 667 486 19
685 477 714 480 —-
731 464 824 487 Amoris

258 504 364 527 stimulus
402 509 494 532 semper
527 503 557 526 ad
591 504 677 526 maiora
714 506 825 532 perurget

257 543 303 565 545
321 544 329 565 1

305 595 334 598 -
351 583 416 611 Quae
433 583 462 605 sit
478 583 579 610 perfecte
590 583 689 605 amantis
706 581 824 605 beatitudo

261 621 290 644 44
308 621 336 644 46
350 635 377 637 —
391 622 433 644 Per
451 628 555 644 amorem
567 621 665 644 habetur
676 621 750 650 ipsius
762 628 825 644 sum-

258 667 296 683 me
312 660 473 683 desiderabilis
495 661 623 688 praesentia
649 661 663 683 7
682 660 711 682 16
728 673 759 676 —
775 667 825 689 per-

261 700 334 722 fectus
355 700 395 722 Dei
419 700 520 727 perfecte
544 700 636 722 inclinat
661 703 778 722 amantem
795 700 825 722 ad

259 744 329 761 omne
345 739 412 766 illud,
430 745 472 767 per
488 739 553 768 quod
569 739 760 766 convenientius,
778 739 826 762 inti-

258 778 320 801 mius
338 781 359 800 et
377 779 475 801 celerius
492 781 568 801 amato
586 779 660 806 possit
676 778 736 801 uniri
753 779 798 801 252
812 779 825 801 2

258 830 289 834 -
307 818 348 840 Per
365 824 469 840 amorem
486 818 590 846 suppleri
607 820 683 846 potest
700 818 776 840 omnis
793 818 827 840 in-

261 857 363 885 digentia
387 857 401 879 7
421 858 449 879 16
467 870 495 873 ——
515 858 537 879 ln
555 863 635 880 amore
651 860 826 880 consummatur

260 897 297 918 via
322 896 446 924 purgativa
465 897 477 918 6
496 898 509 919 9
534 910 563 913 —
581 897 740 919 Meditationes
762 897 825 919 circa

261 941 364 958 amorem
383 936 422 958 Dei
446 937 583 958 suavitatem
606 936 700 964 pariunt
716 936 738 959 in
756 937 826 959 corde

260 975 289 997 10
306 976 319 997 9

304 1027 335 1032 -—-
352 1015 383 1037 Ex
408 1016 502 1038 fervore
526 1015 599 1038 divini
624 1015 711 1037 amoris
728 1015 827 1038 adversa

261 1060 348 1082 magno
366 1054 481 1077 desiderio
499 1057 637 1082 praeoptare
659 1058 693 1077 est
709 1061 827 1082 superero-

259 1093 358 1121 gationis
376 1093 421 1116 246
438 1093 451 1115 7

305 1145 336 1149 -
350 1133 438 1155 Dictum
452 1132 552 1155 notabile
565 1134 587 1155 S.
598 1133 712 1156 Francisci
725 1133 754 1156 de
766 1139 828 1155 amo-

259 1178 285 1194 re
301 1172 341 1194 Dei
360 1172 404 1194 530
425 1173 432 1194 1

305 1224 334 1227 -
354 1212 395 1233 Per
415 1217 520 1234 amorem
545 1214 580 1234 est
604 1211 626 1234 in
651 1212 726 1234 Beatis
752 1212 828 1234 omnis

259 1249 318 1272 boni
341 1250 485 1273 abundantia
511 1251 524 1273 7
552 1251 579 1273 16
603 1263 636 1267 -
661 1251 779 1273 Gaudium
805 1251 828 1273 in

263 1290 327 1311 caelo
343 1289 460 1317 dependet
477 1296 488 1312 a
507 1290 581 1318 gradu
599 1291 685 1313 amoris
703 1290 747 1312 127
766 1291 779 1311 8

306 1341 337 1345 -
359 1328 413 1352 Vide
430 1335 451 1352 v.
471 1329 565 1352 Caritas
583 1332 605 1352 et
620 1336 642 1352 v.
657 1329 760 1353 Dilectio.

310 1369 427 1391 Anrtnxos
443 1382 474 1385 —
492 1369 526 1391 Ad
546 1370 679 1397 amplexum
696 1369 788 1392 venitur
805 1370 828 1392 in

261 1408 341 1430 ultimo
359 1408 434 1436 gradu
453 1409 552 1431 caritatis
570 1409 599 1431 15
620 1408 635 1430 7

306 1448 502 1470 ΑΝΑΕΗΟΒΕΤΑΙΨΜ
516 1461 545 1463 -
557 1448 618 1470 vitae
629 1451 709 1471 auctor
720 1449 761 1471 fuit
771 1449 828 1471 Pau-

260 1487 306 1515 lus,
324 1487 447 1509 illustrator
464 1487 588 1515 Antonius,
606 1488 715 1516 princeps
734 1488 828 1511 loannes

262 1526 363 1554 Baptista
390 1526 434 1548 258
461 1527 474 1548 2
499 1539 530 1543 -
554 1527 599 1549 vita
622 1527 663 1549 fuit
680 1528 828 1555 perfectionis

260 1566 378 1593 exemplar
397 1565 451 1588 ibid.
468 1578 498 1582 -—
516 1565 651 1589 abstinentia
670 1566 724 1589 ibid.

306 1605 405 1627 ANAGNIA
423 1617 454 1621 —
472 1605 516 1627 560
533 1605 547 1627 7

306 1643 446 1667 ΑκΑοοᾱκυε
455 1657 481 1660 -
495 1645 622 1667 intellectus
631 1645 755 1673 respondet
766 1646 828 1668 actui

261 1683 408 1710 perfectionis
425 1684 438 1705 3
458 1684 466 1705 1

305 1723 401 1745 Auenti
419 1735 449 1739 —
466 1723 580 1751 impetens
597 1726 631 1746 est
647 1730 701 1746 caro
718 1724 748 1746 7ss
766 1725 791 1746 21

305 1762 397 1785 Annam
416 1774 447 1779 -
464 1762 510 1784 554
528 1763 550 1785 7.
568 1763 614 1785 555
633 1763 657 1785 11
679 1775 710 1779 -
726 1764 828 1786 S-Fran-

260 1801 335 1824 ciscus
351 1801 382 1824 de
404 1802 524 1824 sctavonia
551 1802 610 1824 redit
627 1803 657 1825 ad
672 1805 767 1831 portum
785 1804 828 1826 An-

262 1847 334 1863 conae
351 1841 392 1863 531
416 1841 429 1863 5
447 1853 478 1857 -
496 1841 594 1870 Quidam
621 1845 705 1864 nautae
729 1843 828 1865 Anconi—

261 1880 306 1902 tani
324 1886 367 1908 per
384 1880 407 1903 S.
423 1881 572 1903 Franciscum
597 1887 610 1903 a
635 1882 757 1910 naufragio
775 1882 828 1904 libe-

259 1922 339 1942 rantur
355 1920 400 1942 556
419 1921 433 1942 5

307 1959 414 1982 Amen-sas
429 1972 461 1976 —
478 1960 591 1988 corporali
609 1961 730 1983 vocatione
745 1961 777 1983 ad
793 1961 829 1983 di-

262 1999 401 2027 scipulatum
419 2005 432 2021 a
457 1999 547 2022 Christo
573 2002 714 2027 praeventus
731 2006 781 2023 esse
798 2001 828 2023 le-

261 2038 323 2066 gitur
341 2038 385 2061 397
402 2040 416 2061 2

308 2079 390 2100 Ansam
408 2091 438 2094 —-
450 2081 504 2101 sunt
514 2079 610 2107 spiritus
622 2079 728 2101 viventes
741 2079 785 2101 103
802 2080 827 2101 12

306 2129 337 2133 -
354 2117 400 2140 Cur
418 2118 551 2140 caelestium
563 2118 704 2146 Angelorum
715 2125 828 2141 numerus

265 2156 358 2178 nomine
382 2156 530 2184 primogeniti
550 2160 673 2180 censeatur
693 2158 720 2180 61
752 2158 780 2179 16
797 2170 828 2174 —-

261 2197 314 2217 sunt
329 2195 421 2223 prienes
445 2196 562 2218 creatione
585 2199 607 2219 et
626 2197 781 2219 conversione
796 2197 839 2219 ad

260 2234 334 2257 naim
352 2233 405 2257 ibid.
421 2247 453 2251 —
469 2235 620 2257 hereditatem
640 2236 743 2258 caelestis
761 2234 840 2268 regni}

261 2272 370 2295 omnibus
386 2273 476 2301 priores
492 2274 647 2302 possederunt
661 2274 719 2297 ¹z'bz'cl.

306 2325 337 2329 —
354 2319 475 2341 nunquam
492 2316 637 2336 recesserunt
653 2320 694 2342 per
706 2303 840 2346 peccatum,¹

957 228 1058 258 INDEX
1079 229 1328 258 ALPHABETICUS.

857 308 896 329 vio
914 307 1005 330 caelesti
1030 307 1059 330 de
1080 314 1108 330 eo
1130 308 1194 337 quod
1219 308 1365 330 excellentius
1392 314 1425 330 re-

856 346 919 375 oepit
934 346 957 368 in
976 353 1084 374 munere,
1096 347 1181 375 gaudia
1201 347 1309 374 specialia
1329 347 1425 369 admini-

858 387 914 408 strat
931 385 960 408 ib.
974 386 1002 408 16

904 437 936 441 -
954 424 1078 447 cantabant
1094 424 1117 447 in
1134 425 1253 447 nativitate
1269 424 1352 447 Christi
1363 424 1393 447 72
1412 424 1425 446 4

858 476 889 480 -
905 470 990 492 magna
1008 463 1151 492 benignitate
1170 464 1338 492 permiserunt,
1355 463 1426 486 cruci-

859 503 898 531 figi
917 503 1044 525 Dominum
1071 509 1139 526 suum
1159 503 1187 525 13
1206 503 1218 525 4
1235 515 1267 519 -
1284 505 1336 530 post
1351 508 1427 524 resur-

858 542 985 565 rectionem
1012 542 1095 565 Christi
1118 542 1140 564 in
1166 542 1304 564 vestimento
1330 541 1382 563 albo
1405 544 1427 563 et

859 581 958 604 candido
974 584 998 604 et
1014 584 1109 609 aspectu
1127 582 1232 609 fulgureo
1244 581 1371 609 descendit,
1383 580 1427 608 piis

859 626 974 649 apparens
998 620 1098 643 blandus
1128 620 1252 649 impiisque
1275 626 1371 642 severus
1397 620 1421 642 81

857 659 889 682 34
905 672 937 676 -
955 663 1077 688 protervos
1094 659 1219 688 perterruit
1235 659 1318 682 milites
1336 662 1358 681 et
1375 665 1427 681 con-

860 699 952 722 fortavit
970 699 1069 727 pavidas
1087 699 1196 721 mulieres
1213 698 1266 721 ibid.

906 751 938 755 —
960 739 1046 761 Eorum
1069 738 1195 761 ministeria
1218 738 1297 766 quoad
1322 737 1428 760 homines

860 778 889 800 32
907 778 921 800 7
938 790 969 794 —
987 778 1084 800 fideliter
1102 784 1144 800 nos
1161 777 1294 800 custodiunt
1310 779 1332 799 et
1349 777 1377 799 ad
1391 783 1428 799 ae-

859 820 938 840 ternae
959 817 1107 840 beatitudInis
1130 817 1227 844 patriam
1252 816 1381 844 perducere
1397 812 1428 838 to-

861 857 887 879 tis
905 856 993 879 viribus
1012 856 1179 884 concupiscunt
1202 856 1226 877 61
1251 855 1278 877 17
1298 868 1327 871 -—
1344 855 1428 878 dantur

860 896 888 918 ad
906 896 1062 924 patrocinium
1081 895 1143 917 dono
1169 894 1397 923 superabundantiae
1414 895 1427 917 6

862 935 889 957 13
907 947 938 952 -
950 935 1093 963 Angelorum
1107 934 1286 957 ministrantium
1301 934 1428 961 patrocinia

860 974 983 1002 diligenter
1000 974 1143 1002 imploranda
1161 974 1174 995 8
1193 974 1205 995 3

910 1027 938 1029 -
956 1013 1053 1036 Devotio
1072 1013 1172 1041 Angelos
1198 1013 1278 1035 invitat
1304 1012 1348 1035 148
1366 1014 1379 1035 2
1398 1026 1427 1029 —-

860 1053 968 1075 custodes
996 1056 1092 1080 peccato
1121 1052 1274 1074 irreverenter
1302 1054 1429 1075 traotantur

862 1093 890 1114 38
910 1093 938 1114 26

908 1145 939 1147 -
956 1132 1037 1153 Anima
1055 1131 1138 1153 devota
1156 1130 1225 1154 debet
1242 1137 1292 1154 esse
1307 1132 1368 1154 socia
1386 1131 1429 1154 An-

862 1171 967 1198 gelorum
997 1176 1038 1198 per
1069 1170 1192 1198 puritatem
1224 1174 1245 1192 et
1273 1170 1428 1193 innocentiam

862 1210 887 1233 51
914 1210 939 1232 17

908 1262 940 1266 --
958 1250 981 1272 S.
998 1249 1066 1272 Maria
1081 1249 1114 1271 de
1136 1249 1229 1277 Angelis
1253 1248 1305 1272 ride
1328 1255 1351 1272 v.
1372 1249 1429 1272 Por-

863 1288 977 1312 tiuncula.

910 1341 939 1345 —
957 1328 1054 1350 DevotIO
1076 1329 1099 1350 S.
1122 1328 1235 1350 Francisci
1257 1334 1311 1356 erga
1336 1328 1370 1350 Ss.
1387 1329 1430 1351 An-

863 1368 927 1395 gelos
944 1368 989 1389 530
1008 1368 1020 1389 3

908 1419 939 1422 -——
955 1407 986 1429 de
1003 1407 1108 1429 'sudet-to
1125 1413 1167 1435 per
1192 1408 1214 1429 S.
1232 1407 1382 1429 Franciscum
1399 1406 1429 1429 ab

862 1446 993 1469 infirmitate
1010 1446 1121 1469 liberatur
1137 1447 1183 1468 560
1202 1447 1215 1468 2

908 1487 1034 1508 Anousrmn
1051 1498 1082 1502 —
1100 1486 1161 1508 vitae
1178 1489 1283 1508 terrenae
1293 1488 1429 1508 converten-

861 1527 897 1547 tur
915 1525 936 1547 in
955 1525 1067 1553 gaudium
1086 1526 1184 1548 caeleste
1202 1525 1231 1547 53
1248 1525 1262 1547 7

907 1565 980 1587 Annia
999 1577 1029 1581 —
1055 1565 1173 1587 rationalis
1198 1568 1232 1587 est
1256 1565 1381 1592 vestigium
1407 1567 1430 1587 et

860 1605 939 1632 imago
958 1604 1074 1627 Creatoris
1101 1604 1129 1626 30
1148 1605 1161 1626 3
1179 1616 1210 1621 —
1228 1604 1349 1626 invisibilis
1373 1604 1430 1626 invi-

861 1643 921 1666 sibili
950 1644 996 1665 Deo
1022 1644 1147 1666 conformis
1174 1646 1208 1666 est
1234 1643 1279 1666 477
1304 1645 1318 1666 2
1341 1656 1374 1660 -
1396 1646 1430 1666 est

861 1683 981 1711 speculum
1000 1682 1147 1705 beatissimae
1160 1683 1277 1705 Trinitatis
1293 1684 1323 1705 32
1340 1683 1353 1705 7

908 1735 939 1739 -
956 1723 979 1745 111
997 1729 1044 1751 (1110
1061 1722 1171 1745 consistat
1186 1723 1237 1744 eius
1254 1723 1397 1750 generositas
1408 1725 1430 1745 et

861 1764 961 1791 dignitas
986 1764 1096 1786 naturalis
1119 1764 1148 1786 30
1167 1764 1189 1785 3.
1204 1770 1257 1792 sqq.
1273 1777 1303 1780 -
1322 1764 1375 1786 ffius
1393 1770 1429 1792 ge-

861 1803 976 1825 mositas
994 1803 1023 1825 55
1046 1803 1066 1824 11
1089 1816 1118 1819 -
1137 1803 1230 1831 dignior
1247 1806 1269 1825 et
1284 1803 1429 1826 excellentior

860 1845 897 1865 »est
914 1842 1024 1865 omnibus
1040 1843 1154 1865 creaturis
1164 1842 1361 1865 irrationabilibus
1373 1843 1402 1865 32
1414 1843 1429 1865 ’7

858 1894 892 1899 -
909 1882 1012 1911 quodam
1036 1882 1109 1904 modo
1135 1885 1169 1904 est
1191 1882 1271 1904 similis
1295 1882 1389 1910 Angelis
1407 1882 1428 1904 in

860 1924 943 1944 natura
960 1924 983 1944 et
1001 1921 1105 1944 concivis
1122 1921 1156 1944 eis
1178 1922 1221 1944 erit
1236 1921 1261 1944 in
1278 1921 1351 1949 gloria
1374 1920 1429 1944 ibid.

906 1973 939 1978 —-
953 1960 1080 1983 Creaturae
1103 1960 1221 1983 subiectae
1245 1964 1299 1983 sunt
1322 1961 1428 1989 potestati

861 2001 952 2022 animae
970 2001 994 2022 31
1018 2000 1033 2022 7
1050 2012 1081 2016 -
1100 1999 1170 2022 habet
1187 2000 1348 2023 admirabilem
1365 2003 1429 2028 pote-

838 2063 839 2066 ,
858 2042 943 2062 statem
967 2046 1039 2068 super
1065 2042 1153 2062 ceteras
1177 2042 1294 2062 creaturas
1319 2039 1374 2062 ibid.
1398 2052 1428 2056 —

862 2079 919 2101 Tota
937 2079 1044 2101 machina
1071 2079 1195 2101 mundialis
1220 2079 1325 2102 ordinata
1347 2079 1428 2102 estad

856 2118 910 2141 ,eius
925 2118 1080 2140 ministerium
1098 2119 1127 2141 32
1146 2119 1159 2140 7

909 2171 937 2173 -
956 2158 990 2180 Ad
1003 2158 1201 2185 complementum
1215 2160 1311 2180 naturae
1324 2163 1350 2180 ex
1362 2160 1428 2185 parte

859 2197 951 2219 anima-e
968 2199 1056 2225 spectat
1068 2197 1189 2225 ingenium
1202 2197 1302 2225 clarum7
1312 2197 1427 2219 iudicium

860 2238 963 2263 reatum,
981 2236 1073 2258 animus
1089 2235 1166 2258 bonus
1180 2236 1196 2258 6
1216 2236 1240 2258 11

908 2288 938 2292 —
956 2275 1055 2303 Sanguis
1073 2278 1108 2297 est
1124 2275 1195 2297 sedes
1210 2275 1303 2297 animae
1321 2275 1365 2297 100
1383 2276 1396 2297 2

906 2327 938 2331 -
955 2315 1009 2337 Eius
1027 2315 1186 2337 immortalitas
1199 2315 1228 2337 30
1242 2314 1255 2337 4
1268 2327 1297 2330 -
1308 2315 1363 2337 Eius
1375 2315 1429 2337 sim-

260 2357 273 2374 a
291 2351 338 2374 Deo
355 2352 380 2374 61
406 2352 432 2374 to
450 2364 481 2369 —
498 2358 590 2380 semper
604 2349 841 2381 immobilicaritatei
859 2354 949 2382 plicitas
974 2354 999 2376 31
1024 2354 1041 2376 5
1068 2366 1094 2370 —-
1116 2353 1177 2376 illabi
1202 2354 1225 2376 in
1246 2354 1350 2376 animam
1376 2354 1429 2382 quis

261 2391 308 2413 Deo
326 2391 384 2413 Patri
399 2392 554 2414 adhaeserunt
571 2391 699 2415 ibat—in
712 2384 841 2432 eonvenzu[
859 2394 932 2421 possit
955 2392 1009 2416 ibid.
1035 2405 1066 2410 —
1091 2393 1153 2415 Deus
1170 2396 1204 2415 est
1231 2393 1331 2415 intimior
1347 2393 1429 2415 intimo

261 2430 403 2458 Angelorum
433 2434 484 2453 ante
513 2431 712 2454 confirmationem
736 2434 840 2460 reperta*
858 2439 911 2455 esse
928 2432 1020 2455 animae
1037 2431 1091 2455 ibid.

260 2473 294 2492 est
311 2470 413 2498 pravitas
432 2471 476 2493 135
498 2471 522 2493 13

306 2522 337 2526 —
353 2510 496 2538 Angelorum
519 2510 611 2533 ordines
630 2514 655 2533 et
682 2506 841 2539 singulorum}

261 2549 368 2571 ondimim
394 2549 470 2571 officia
487 2550 516 2572 33
543 2550 571 2572 12
588 2562 620 2566 -
636 2550 778 2578 Angelorum
792 2553 828 2573 est

261 2629 295 2649 est
308 2627 405 2650 iaudare
422 2628 496 2650 Deum
515 2628 558 2650 499
575 2629 591 2650 2

306 2679 336 2682 -
354 2667 377 2689 in
400 2668 463 2689 caelo
480 2667 573 2690 assidue
588 2667 614 2690 in
631 2668 761 2695 praesentia
787 2668 841 2690 Deiv

262 2705 311 2728 eius
328 2706 435 2729 laudibus
455 2709 508 2729 sunt
524 2707 603 2729 intenti
624 2707 668 2729 1148
690 2707 704 2729 5
724 2719 755 2724 —
769 2714 827 2736 quo-

261 2751 362 2773 cumque
372 2745 505 2774 mittamur,
514 2748 593 2768 tamen
612 2752 624 2768 a
633 2746 715 2769 divina
728 2750 828 2769 contem-

261 2784 360 2811 platione
374 2791 496 2814 nunquam
510 2786 626 2808 recedunt
640 2786 685 2808 150
704 2786 732 2808 12

307 2835 338 2840 —
355 2823 461 2846 cibantur
479 2824 556 2847 Verrbo
574 2825 674 2847 increato
693 2826 736 2847 103
756 2826 784 2847 12
795 2837 827 2842 ——

262 2862 284 2884 in
301 2863 375 2890 patria
392 2864 462 2891 pieno
480 2865 562 2886 liaustu
586 2863 670 2887 bibunt
686 2864 716 2886 de
732 2864 828 2892 perenni

261 2904 284 2923 et
298 2901 355 2924 rix-o
373 2903 434 2924 fonte
449 2903 544 2926 luminis
560 2903 614 2926 ibid.

310 2953 337 2956 —
357 2941 388 2963 De
411 2942 500 2964 ferculis
522 2949 609 2965 novem
633 2943 760 2965 chororum
782 2944 827 2965 An-

262 2980 366 3007 gelorum
391 2980 414 3002 in
440 2982 548 3004 convivio
573 2982 663 3004 caelesti
693 2983 717 3004 61
745 2982 774 3004 17
797 2994 827 2998 -

263 3019 428 3047 Unusquisque
453 3020 510 3041 ordo
535 3021 674 3048 Angelortm]
708 3022 729 3043 in
751 3021 827 3044 com-i-

907 2485 938 2487 —
954 2474 1031 2500 potest
1048 2471 1171 2500 dupliciter
1188 2471 1330 2494 considerari
1339 2471 1387 2494 445
1397 2472 1427 2494 29

860 2524 891 2527 -—
905 2511 986 2540 quoad
998 2517 1049 2534 esse
1067 2511 1217 2534 substantiale
1235 2517 1280 2534 nou
1297 2510 1367 2533 habet
1378 2517 1430 2533 co-n-

839 2555 841 2587 }
858 2551 956 2573 nai-inm
965 2560 970 2578 ;
985 2551 1066 2580 quoad
1083 2557 1134 2573 esse
1150 2551 1239 2573 morale
1256 2553 1378 2578 peccatum
1393 2553 1442 2582 est*>

260 2587 376 2610 advocare
394 2589 519 2611 Veritatem
545 2589 569 2610 18
592 2589 620 2611 14
637 2601 668 2605 -
683 2589 841 2617 Angelorum*

861 2590 881 2612 ei
899 2590 1040 2612 contrarium
1060 2590 1104 2612 446
1123 2590 1151 2612 29

906 2642 937 2646 ——
954 2629 1005 2652 sine
1021 2629 1144 2652 dilectione
1167 2635 1217 2652 esse
1239 2635 1286 2651 11011
1307 2631 1383 2657 potest
1400 2629 1442 2661 47]

1440 2670 1442 2684 ἲ
1460 2671 1583 2696 mauram,
1601 2668 1683 2690 vitiose
1700 2674 1713 2690 a
1727 2673 1771 2689 -sua
1795 2667 1912 2689 voluntate
1934 2668 1969 2689 est
1988 2666 2029 2688 de-

859 2669 873 2690 8
891 2680 923 2685 -
940 2668 1030 2697 Quibus
1047 2670 1151 2691 trahatur
1165 2671 1191 2691 et
1206 2669 1319 2691 alliciatur
1335 2668 1366 2691 55
1385 2669 1408 2690 11

905 2721 938 2724 -
952 2711 990 2730 est
1016 2711 1097 2730 natura
1120 2708 1227 2730 caelestis
1247 2710 1272 2730 et
1295 2708 1429 2730 naturaliter

860 2748 981 2770 caelestem
1007 2747 1189 2770 consola-tionem
1213 2747 1300 2776 appetit
1316 2750 1339 2770 et
1355 2747 1430 2776 requi-

840 2787 890 2809 =rit
915 2786 943 2809 48
971 2787 998 2809 10
1024 2799 1055 2803 —-
1073 2790 1148 2815 potest
1172 2789 1261 2809 tantum
1287 2787 1309 2809 in
1332 2787 1442 2817 summis

859 2826 937 2848 satiari
952 2825 1008 2849 abitt.
1032 2838 1065 2842 —
1084 2826 1138 2848 Eius
1162 2826 1276 2854 capacitas
1297 2828 1358 2848 tanta
1383 2828 1428 2854 est,

1728 269 1777 292 ANI

1459 311 1505 331 tem
1522 314 1616 331 sursum
1633 309 1717 337 fertur,
1735 312 1757 331 et
1780 315 1859 336 omne,
1878 310 1942 338 quod
1963 310 2028 333 deor-

1459 354 1511 370 sum
1529 350 1575 375 est,
1592 348 1689 370 vertitur
1704 348 1726 370 ei
1739 348 1761 370 in
1774 348 1891 370 fastidium
1909 348 1939 372 ib.
1957 349 1985 371 10
1997 361 2028 366 --

1461 387 1530 409 avida
1557 387 1678 409 dilectione
1702 387 1743 409 Dei
1770 388 1836 416 quasi
1862 390 1962 410 saturata
1981 394 2028 410 non

1459 428 1536 453 potest
1552 427 1703 449 refectionem
1720 426 1825 449 invenire
1841 427 1863 448 in
1881 427 1959 455 aliquo
1971 427 2027 449 citra

1462 464 1538 492 ipsum
1557 465 1666 487 dilectum
1684 464 1738 488 ibid.
1759 478 1789 481 —
1814 465 1871 487 Nihil
1889 468 1965 494 potest
1981 466 2027 488 ani·

1461 509 1523 525 mam
1542 504 1635 526 avidam
1654 504 1775 527 dilectione
1796 505 1837 527 Dei
1862 506 1963 532 perfecte
1979 505 2028 527 refi-

1461 548 1526 571 cere,
1545 543 1589 565 nisi
1613 543 1688 565 Deum
1713 544 1832 571 possideat
1847 545 1950 572 perfecte
1967 543 1995 567 ib.
2015 544 2028 566 9

1462 594 1491 597 „-
1508 581 1602 604 caritate
1620 585 1720 604 saturata
1733 583 1754 605 in
1766 584 1829 605 omni
1842 586 1934 606 terreno
1952 584 2029 611 potius

1461 621 1556 643 incurrit
1572 620 1769 644 abominationem
1791 628 1862 651 quam
1879 623 2028 645 refectionem

1462 659 1493 682 ib.
1517 660 1542 681 10

1509 711 1539 715 -
1556 705 1603 721 11011
1618 699 1689 722 debet
1706 700 1767 722 circa
1784 700 1824 722 ista
1844 701 1979 728 temporalia
1990 707 2028 723 vo-

1461 738 1525 760 litare
1546 739 1587 760 120
1607 739 1635 761 10
1647 751 1676 755 -
1689 739 1756 762 avida
1774 739 1895 762 dilectione
1918 740 1957 762 Dei
1975 746 2028 762 con-

1462 777 1525 800 tinue
1542 778 1631 800 excedit
1648 781 1670 800 et
1694 778 1813 806 egreditur
1829 781 1891 802 extra
1909 785 1950 807 per
1967 785 2029 802 amo-

1460 823 1511 839 rem
1529 817 1662 840 ecstaticum
1681 818 1709 840 10
1728 818 1741 839 9
1758 830 1789 834 -—
1807 819 1848 840 Per
1865 818 1917 846 pios
1934 819 2028 841 affectus

1462 856 1539 878 anima
1557 856 1581 878 fit
1599 863 1659 879 unus
1681 857 1776 885 spiritus
1798 863 1851 879 cum
1869 858 1917 880 Deo
1937 857 1981 879 149
1999 858 2028 880 10

1461 907 1493 912 -
1512 896 1534 917 in
1559 896 1656 918 modum
1681 896 1771 919 arboris
1796 897 1818 919 in
1844 897 1915 919 altum
1937 897 2029 924 cogitur

1462 935 1548 957 elevari
1566 935 1610 957 477
1630 936 1642 957 2

1507 987 1540 991 -
1557 981 1603 997 non
1621 977 1696 1003 potest
1713 975 1735 997 in
1754 975 1869 1003 praesenti
1887 976 1960 998 Deum
1978 981 2029 1003 pos-

1462 1013 1538 1036 sidere
1555 1015 1668 1042 perfecte,
1683 1015 1739 1043 quia
1756 1015 1825 1042 longe
1842 1017 1876 1037 est
1894 1015 1923 1036 <10
1941 1015 1954 1036 9

1506 1065 1540 1070 —
1551 1060 1613 1082 quae
1625 1054 1703 1081 sentit,
1713 1060 1740 1077 se
1750 1057 1840 1076 tantum
1853 1060 1932 1076 amare
1944 1054 2030 1081 Deum,

1464 1093 1527 1121 quod
1559 1093 1655 1115 libenter
1682 1094 1804 1116 sustineret
1831 1096 1926 1121 propter
1953 1093 2030 1121 ipsum

1464 1138 1532 1155 omne
1550 1132 1662 1155 damnum
1675 1135 1697 1155 et
1708 1139 1777 1155 omne
1790 1132 1960 1161 opprobrium,
1978 1138 2030 1155 con-

1463 1172 1518 1200 cipit
1534 1172 1682 1195 securitatem
1699 1175 1721 1194 et
1737 1178 1817 1201 spem⁷
1833 1174 1859 1194 nt
1878 1172 1941 1195 nuilo
1957 1172 2029 1194 modo
2063 1181 2071 1184 “

1462 1211 1588 1240 existimet,
1606 1218 1630 1234 se
1647 1218 1716 1239 pome
1732 1211 1836 1240 separari
1851 1217 1866 1233 a
1887 1212 1934 1234 Deo
1954 1212 1981 1233 10
2000 1211 2024 1233 11

1463 1265 1493 1267 -
1512 1251 1533 1273 111
1551 1251 1713 1280 tranquillitate
1736 1251 1839 1279 quodam
1863 1251 1933 1273 modo
1953 1250 2029 1273 estin

1462 1291 1554 1313 silentio
1572 1293 1594 1313 et
1612 1290 1632 1312 in
1651 1296 1732 1313 somno
1750 1292 1772 1312 et
1788 1290 1855 1318 quasi
1872 1290 1895 1312 in
1912 1296 1965 1312 arca
1983 1290 2030 1312 Noe

1464 1330 1586 1358 collocata,
1605 1329 1643 1352 ubi
1661 1330 1721 1352 nullo
1739 1329 1809 1352 modo
1828 1328 1976 1357 perturbatur
1992 1335 2030 1351 cu-

1463 1369 1559 1398 piditate
1582 1376 1624 1392 nec
1646 1369 1729 1391 timore
1746 1368 1800 1392 ibid.
1817 1381 1848 1385 —-
1865 1369 1937 1391 Nemo
1955 1370 2030 1396 potest

1463 1408 1600 1437 perturbare
1617 1411 1732 1435 mentem,
1750 1414 1820 1437 quam
1841 1408 1918 1430 nullus
1939 1407 2031 1435 cupidi-

1463 1449 1515 1471 tatis
1531 1449 1638 1471 stimulus
1655 1448 1778 1476 inquietat,
1790 1447 1866 1470 nullus
1878 1447 1966 1469 timoris
1978 1452 2029 1469 acu-

1463 1489 1512 1510 leus
1529 1488 1629 1515 exagitat
1645 1487 1699 1510 ibid.
1716 1500 1747 1504 —
1764 1488 1788 1509 ln
1806 1489 1895 1513 mente,
1912 1492 1972 1515 quae
1988 1487 2029 1508 ha-

1464 1527 1502 1549 bet
1520 1527 1706 1556 tranquillitatem
1725 1526 1865 1552 dilectionis,
1888 1531 1931 1554 pax
1952 1528 1988 1548 est
2008 1527 2030 1547 et

1460 1569 1536 1589 status
1552 1566 1647 1589 ultimus
1663 1568 1686 1588 et
1703 1566 1781 1594 quies,
1805 1567 1828 1588 et
1848 1565 1881 1587 ibi
1906 1564 2030 1594 nequiescit

1465 1606 1569 1629 Christus
1587 1605 1641 1628 ibid.
1660 1606 1683 1627 11
1705 1606 1734 1627 12

1513 1658 1544 1662 -
1561 1644 1694 1668 Liberalitas
1711 1644 1753 1667 Dei
1767 1650 1824 1672 erga
1841 1643 1943 1666 animam
1966 1643 2030 1671 piam

1465 1685 1490 1707 3tt
1513 1685 1526 1707 5
1544 1697 1574 1701 —
1591 1684 1738 1707 Desiderium
1756 1683 1796 1706 Dei
1813 1683 1842 1706 ad
1860 1683 1961 1705 animam
1978 1688 2031 1705 san—

1462 1726 1524 1747 ctam
1542 1723 1597 1747 ibid.

1511 1777 1541 1779 —
1559 1767 1593 1786 est
1611 1763 1701 1791 hospita
1718 1762 1759 1785 Dei
1778 1763 1801 1785 3l
1819 1761 1977 1784 5—estfilia
1989 1761 2030 1783 Re-

1463 1803 1500 1831 gis
1517 1803 1603 1825 aeterni
1620 1809 1661 1830 per
1673 1804 1768 1824 naturae
1779 1801 1919 1824 creationem
1927 1817 1933 1827 ‚
1945 1806 2030 1828 sponsa

1464 1848 1506 1870 per
1524 1842 1612 1870 gratiae
1624 1841 1772 1870 adoptionem
1780 1858 1786 1868 ,
1796 1840 1878 1868 regina
1888 1845 1932 1868 per
1943 1839 2030 1868 gloriae

1463 1882 1610 1904 coilationem
1628 1881 1658 1903 57
1673 1882 1689 1903 2
1704 1893 1735 1896 —
1747 1881 1809 1903 Deus
1818 1883 1855 1902 est
1867 1879 1968 1906 Creator,
1978 1884 2029 1907 rex,

1463 1927 1563 1949 sponsus
1578 1923 1602 1943 et
1621 1920 1710 1943 amicus
1727 1919 1817 1942 animae
1833 1919 1863 1941 32
1881 1918 1895 1941 7

1509 1973 1540 1977 -
1557 1963 1591 1982 est
1608 1959 1716 1987 insignita
1734 1959 1775 1981 Dei
1791 1958 1905 1986 imagine,
1921 1957 2030 1980 decorata

1464 2000 1502 2022 Dei
1520 1999 1683 2026 similitudine,
1699 1998 1822 2026 redempta
1842 1997 1883 2020 Dei
1903 1996 2030 2024 sanguine,

1460 2045 1535 2067 «capax
1561 2038 1710 2061 beatitudinis
1736 2038 1780 2060 120
1804 2037 1833 2060 10
1849 2049 1880 2054 -
1896 2037 1959 2059 Deus
1979 2035 2031 2058 fecit

1463 2079 1565 2101 animam
1582 2078 1731 2101 christianam
1749 2083 1815 2100 suam
1825 2076 1926 2099 amicam
1939 2081 1980 2104 per
1990 2081 2029 2097 ac-

1461 2118 1616 2146 ceptationem
1626 2136 1632 2146 ,
1650 2123 1716 2139 suam
1735 2116 1803 2139 filiam
1816 2122 1858 2144 per
1868 2115 2028 2143 adoptionem,

1463 2164 1529 2179 suam
1547 2163 1658 2184 sponsam
1677 2162 1719 2184 per
1736 2155 1938 2183 desponsationem
1955 2154 1970 2176 6
1989 2154 2017 2176 13

1510 2209 1540 2212 -
1556 2195 1604 2218 Cur
1621 2195 1698 2217 anima
1714 2194 1806 2218 Christo
1827 2194 1911 2216 devota
1934 2195 2029 2216 vocetur

1460 2242 1528 2258 soror
1546 2238 1568 2257 et
1584 2241 1671 2263 sponsa
1685 2237 1709 2257 et
1724 2240 1770 2257 non
1788 2240 1846 2256 uxor
1864 2233 1908 2255 164
1926 2232 1948 2255 5.
1964 2239 2000 2261 sq.

1511 2287 1541 2290 -
1559 2274 1632 2297 tidelis
1649 2274 1752 2303 quotidie
1774 2279 1820 2295 non
1842 2275 1916 2295 cessat
1938 2274 2029 2300 sponso

1463 2321 1505 2337 suo
1523 2314 1612 2337 Christo
1629 2313 1747 2336 bonorum
1765 2318 1863 2341 operum
1875 2311 1980 2335 sobolem
1992 2317 2030 2339 ge-

1464 2360 1546 2376 nerare
1565 2353 1609 2375 164
1627 2353 1640 2375 5

1510 2405 1541 2409 -
1551 2392 1650 2415 Animae
1661 2392 1772 2420 fragilitas
1783 2391 1812 2414 ad
1826 2391 1970 2419 peccandum
1984 2396 2029 2412 ma-

1464 2438 1509 2460 gna
1527 2435 1561 2454 est
1579 2432 1606 2453 36
1626 2432 1663 2453 20.
1681 2431 1710 2453 46
1729 2431 1742 2453 4
1754 2444 1784 2447 —
1797 2431 1886 2459 Quanta
1898 2430 1927 2452 sit
1939 2429 2029 2452 animae

1463 2471 1590 2500 infirmitas,
1600 2471 1743 2499 perversitas
1755 2473 1777 2493 et
1788 2469 1950 2493 insensibilitas
1960 2469 2004 2491 492
2015 2468 2028 2491 4

1510 2524 1541 2527 —
1559 2513 1593 2533 est
1608 2511 1678 2538 longe
1695 2510 1787 2538 inimo,
1799 2515 1860 2538 quae
1870 2510 1944 2531 suerat
1953 2514 2029 2537 prope

1463 2550 1485 2572 in
1503 2556 1609 2578 summo,
1625 2550 1693 2572 foeda
1709 2550 1734 2571 in
1750 2550 1812 2576 tuto,
1824 2554 1884 2577 q-uae
1897 2549 1970 2571 fuerat
1980 2548 2029 2576 pul-

1464 2595 1501 2612 cra
1520 2590 1612 2617 imago,
1628 2589 1721 2617 anoiila,
1739 2594 1799 2617 quae
1813 2589 1889 2610 inerat
1902 2587 1976 2610 libera
1989 2587 2001 2609 8
2014 2588 2027 2609 2

1461 2641 1493 2645 —-
1510 2634 1623 2657 generose
1639 2629 1696 2651 facta
1709 2630 1743 2651 est
1754 2634 1766 2650 a
1777 2633 1871 2650 summo
1882 2627 1976 2649 Artifice
1988 2633 2029 2655 per

1461 2708 1560 2730 formata
1578 2713 1622 2735 per
1639 2707 1744 2734 culpam,
1763 2706 1862 2734 gratiose
1873 2712 1886 2728 a
1899 2705 1978 2728 divim
1988 2704 2028 2727 bo-

1458 2747 1533 2770 nitate
1551 2747 1672 2769 reformata
1688 2752 1732 2774 per
1750 2746 1846 2773 gratiam
1865 2745 1893 2767 30
1910 2745 1925 2767 2

1510 2799 1540 2801 -
1556 2786 1682 2808 reformata
1698 2787 1733 2807 est
1749 2790 1790 2812 per
1803 2784 1900 2812 gantiam
1911 2783 2027 2812 profunda

1463 2825 1504 2847 Dei
1523 2825 1656 2851 clementia,
1673 2824 1716 2846 alta
1728 2824 1768 2846 Dei
1781 2823 1904 2851 sapientia,
1915 2822 1975 2845 mira
1988 2822 2027 2844 Dei

860 2865 923 2894 quod
933 2865 996 2887 nulla
1009 2868 1113 2887 creatura
1124 2865 1268 2887 desiderium
1280 2865 1354 2893 ipsius
1363 2865 1429 2887 satiat
1440 2855 1442 2885 1
1462 2864 1565 2892 potentia
1583 2864 1612 2885 39
1629 2864 1659 2885 29
1677 2876 1708 2879 —-
1725 2868 1778 2885 care
1787 2869 1801 2884 a
1814 2863 1861 2885 Deo
1873 2864 1926 2884 sunt
1936 2861 2028 2884 redem-

861 2904 916 2926 3¹6

1462 2906 1528 2931 ptae,
1543 2909 1587 2931 sper
1603 2903 1702 2931 gratiam
1721 2902 1882 2929 magnificatae
1899 2903 1921 2923 et
1941 2900 2027 2923 similes

906 2956 937 2959 —
952 2943 1060 2966 vacando
1086 2946 1108 2965 et
1133 2943 1299 2965 sabbatizando
1316 2943 1363 2965 Deo
1388 2949 1441 2971 gu-=
1461 2943 1555 2965 effectae
1572 2942 1666 2969 Angelis
1684 2942 1727 2963 103
1747 2941 1774 2963 12

859 2984 903 3005 stat
921 2983 1059 3005 suavitatem
1082 2983 1105 3004 in
1129 2983 1200 3005 corde
1219 2983 1247 3004 10
1266 2982 1279 3004 9
1303 2994 1336 2998 -
1358 2983 1441 3014 ’(0110-Ἰ

860 3022 1003 3044 mentissime
1020 3022 1095 3044 Deum
1118 3021 1256 3044 desiderans
1273 3027 1315 3049 per
1330 3021 1427 3043 avidita-

1509 2993 1539 2997 —
1556 2981 1600 3003 Pro
1617 2981 1691 3003 salute
1707 2980 1837 3003 animarum
1855 2979 1958 3002 Christus
1978 2984 2026 3000 san-

1460 3021 1554 3048 guinem
1582 3026 1650 3042 suurn
1677 3019 1734 3042 fudit
1760 3019 1804 3041 472
1827 3025 1841 3041 a
1866 3030 1897 3035 —-
1920 3017 2026 3040 Christus
