2133 3317
280 213 357 242 XCIV

281 291 359 315 sancti
375 291 505 319 Francisci,
524 291 590 314 lectio
612 290 629 314 Ι.
647 290 767 320 Apparuit
783 293 826 313 etc.
844 290 931 313 Desinit
952 290 975 312 in
992 290 1089 312 lectione
1104 290 1127 312 7.

281 339 353 361 ultimi
371 338 440 361 tituli:
458 339 566 361 mortuos
583 337 702 360 revocavit
714 336 746 360 ad
762 336 842 360 vitam.

343 386 380 407 31.
402 384 519 414 Neapoli,
544 384 683 406 bibliotheca
712 384 849 411 Nationalis‚
873 383 926 406 cod.
954 383 1010 405 Vlll.
1038 383 1064 405 B.
1090 383 1129 405 30.

280 431 379 454 membr.
397 438 457 454 saec.
475 431 526 453 XV.
544 431 657 457 ineuntis,
673 430 703 452 de
720 436 767 459 quo
784 430 840 452 vide
857 430 879 452 in
905 430 1053 458 praecedenti
1070 430 1128 452 elen-

281 479 324 501 cho
341 485 363 500 11.
382 478 420 500 60.
436 490 467 494 -
485 478 546 499 11300
567 477 677 505 Legenda
701 479 735 499 est
757 477 795 499 sol.
817 483 863 499 non
879 479 1001 499 numerato
1019 482 1073 498 cum
1089 482 1129 498 ru-

280 524 357 547 brica:
374 524 459 553 Incipit
475 523 554 546 minor
572 523 620 546 vita
638 522 700 546 beati
713 523 851 551 Francisci,
869 525 890 546 et
898 522 980 552 primo
992 522 1019 545 de
1032 528 1129 546 conver-

280 572 345 595 sione
369 571 457 601 ipsius,
484 571 549 594 lectio
571 570 592 594 11.
616 572 641 593 ln
663 571 710 593 fine
733 571 844 593 additur:
862 570 968 600 Explicit
983 570 1064 593 minor
1080 569 1129 593 vita

281 618 342 641 beati
357 617 488 641 Francisci.
502 617 623 646 Sequitur:
637 618 664 640 In
675 617 733 647 festo
747 616 912 640 translationis
925 616 986 640 beati
995 616 1128 645 Francisci,

281 665 332 689 lect.
350 664 370 688 i.
386 665 532 689 Franciscus
557 664 632 694 iqitur
654 667 705 691 etc.,
722 665 787 693 quod
803 667 837 687 est
863 671 913 693 cap.
937 665 989 687 XV.
1007 665 1129 692 Legendae

280 712 375 734 maioris
391 712 414 733 in
432 712 445 734 9
461 711 571 734 lectiones
588 711 698 734 divisum.

344 760 381 781 3⁵2.
399 758 512 787 Parisiis,
530 758 669 781 bibliotheca
691 759 827 786 Nationalis,
853 759 905 781 cod.
931 758 1001 782 3778.
1028 758 1128 781 membr.

281 807 302 828 in
320 807 358 829 fol.
375 812 435 829 saec.
453 806 513 828 X1V.
538 806 645 829 ineuntis.
662 818 693 822 —
710 806 769 828 lnter
791 806 875 828 multas
900 806 1020 834 Legendas
1037 806 1129 829 Sancto-

280 860 332 876 rum
358 856 392 876 est
408 854 477 876 etiam
495 855 551 876 haec
568 853 640 876 sancti
657 853 785 881 Francisci,
802 853 844 875 sed
861 853 1031 882 aliquantulum
1047 854 1129 875 immu-

280 904 338 929 tata3
356 901 436 929 incipit
453 901 490 923 sol.
509 901 562 923 223.
580 906 633 923 cum
651 900 756 923 rubrica:
775 901 803 923 In
819 900 877 930 sesto
900 900 978 924 sancti
993 900 1127 924 Francisci.

280 948 368 971 Beatus
386 947 530 971 Franciscus
548 947 575 970 de
592 947 684 971 civitate
706 946 792 970 Assisii
816 948 884 970 ortus
908 949 951 969 etc.
979 947 1066 969 Desinit
1091 947 1129 969 fol.

281 995 334 1017 225.
346 1001 376 1017 r.:
391 994 536 1018 Tumntatur
554 994 578 1017 in
592 1000 653 1024 pace
670 993 817 1017 sanctissimi
833 1000 928 1023 corpus,
941 995 962 1017 et
979 1000 1034 1017 cum
1050 993 1129 1023 ymnis

282 1044 304 1066 et
322 1042 433 1066 laudibus
449 1042 532 1065 multis
550 1043 634 1065 sancta
650 1041 752 1072 eccequia
769 1041 940 1065 terminantur.

345 1089 382 1111 33.
400 1088 497 1116 Romae,
516 1088 654 1111 bibliotheca
672 1088 796 1116 Vaticana,
817 1088 870 1110 cod.
894 1089 951 1115 121,
975 1088 1022 1110 iam
1047 1088 1131 1110 descri-

281 1138 335 1164 ptus
352 1142 422 1164 supra
440 1142 494 1163 pag.
512 1136 591 1158 XLVll
617 1142 639 1158 n.
666 1136 718 1158 1139.
736 1148 765 1151 —
783 1136 844 1157 Haec
868 1135 978 1163 Legenda
997 1135 1076 1162 incipit
1093 1135 1130 1157 sol.

281 1184 335 1206 319.
353 1190 407 1206 cum
425 1183 501 1205 titulo:
525 1183 575 1206 Vita
585 1183 665 1206 sancti
674 1182 800 1206 Francisci
810 1182 890 1205 minor
903 1182 1000 1205 Ordinis
1012 1182 1130 1205 Fratrum

280 1229 404 1253 illatorum
418 1229 495 1259 primi
510 1229 653 1252 institutoris
669 1228 799 1252 salubriter
820 1228 908 1258 incipit.
926 1229 960 1252 Dc
977 1228 1131 1252 conversione

281 1276 367 1306 ipsius,
386 1276 436 1300 tect.
454 1275 475 1299 sl.
492 1276 577 1299 Desinit
594 1277 717 1304 praedictis
737 1275 830 1303 verbis,
852 1275 938 1305 quibus
960 1278 1013 1304 post
1035 1275 1133 1305 escplicit

281 1324 388 1347 additur:
406 1330 421 1347 a
439 1324 608 1347 Boawventura
625 1323 750 1353 descripta.

344 1372 382 1394 34.
399 1371 554 1402 Scaffliusae,
580 1371 719 1394 bibliotheca
741 1371 857 1400 Civitatis,
880 1371 931 1393 cod.
951 1371 973 1393 4.
990 1370 1090 1393 membr.
1107 1371 1132 1392 in

285 1420 318 1441 16.
336 1424 396 1441 saec.
415 1419 466 1441 XV.
483 1432 513 1435 —
535 1419 572 1441 Est
589 1424 644 1446 pars
660 1418 772 1440 Breviarii
789 1417 921 1441 secundum
939 1417 1053 1441 Ordinem
1069 1417 1131 1440 Fra-

281 1466 347 1488 tram
370 1464 503 1493 Minci-am,
521 1471 581 1494 quae
606 1465 707 1487 continet
732 1464 853 1492 proprium
880 1465 910 1487 de
928 1465 1027 1493 Sanctis;
1045 1465 1066 1487 in
1085 1470 1131 1493 qua

281 1513 390 1535 lectiones
407 1519 450 1540 pro
472 1514 528 1535 sesto
551 1512 624 1535 sancti
648 1512 776 1539 Fraucisci,
801 1518 922 1535 sacrorum
945 1512 1083 1540 Stigmatum
1109 1514 1132 1534 et

281 1560 445 1582 Translationis
462 1560 567 1582 eiusdem
585 1561 709 1582 sumuntur
725 1565 752 1582 ex
769 1560 812 1582 bac
828 1559 944 1587 Legenda.
958 1560 983 1581 111
999 1559 1046 1582 fine
1062 1560 1132 1582 huius

281 1607 353 1635 partis
369 1607 479 1629 Breviarii
497 1607 604 1629 additur:
620 1606 726 1636 Explicit
742 1606 825 1629 sabato
843 1608 898 1630 ante
915 1607 1000 1630 Letare
1018 1605 1097 1630 4474.

345 1654 382 1677 35.
400 1653 553 1682 Solollzurni,
570 1653 709 1677 bibliotheca
723 1654 837 1676 Ecclesiae
853 1653 1003 1681 cathedralis,
1021 1654 1072 1676 cod.
1085 1660 1132 1676 non

281 1704 428 1730 numeratus,
445 1701 544 1724 membr.
561 1701 585 1724 in
603 1702 624 1724 8.
641 1707 703 1725 saec.
720 1701 772 1724 XV.
793 1703 846 1724 ante
868 1701 982 1724 medium.
1003 1713 1036 1717 —
1057 1700 1131 1724 Conti-

280 1752 327 1776 net,
338 1752 363 1772 ut
375 1749 525 1778 praecedens,
537 1749 681 1772 Breviarium
693 1749 880 1771 Franciscanum.
897 1750 922 1771 ln
939 1749 977 1771 die
992 1748 1042 1771 sesti
1058 1749 1131 1772 sancti

281 1796 394 1819 Francisci
412 1799 434 1819 et
451 1802 492 1824 per
510 1796 620 1819 Octavam
641 1796 745 1819 eiusdem
766 1796 860 1825 ponitur
880 1796 987 1824 Legenda
1008 1796 1091 1823 minor,
1108 1795 1131 1818 in

281 1843 318 1866 die
329 1849 386 1866 vero
400 1843 565 1866 Translationis
581 1843 728 1871 assignantur
744 1843 853 1865 lectiones
869 1849 897 1865 ex
914 1848 965 1871 cap.
979 1842 1031 1865 XV.
1046 1842 1132 1870 Legen-

281 1891 324 1913 dae
341 1891 443 1914 maioris.

346 1939 383 1961 36.
403 1938 487 1966 Toteti,
513 1937 653 1961 bibliotheca
675 1937 786 1966 Capituli,
811 1937 863 1960 cod.
886 1937 929 1960 cai.
952 1937 989 1959 37.
1016 1937 1083 1959 Num.
1110 1936 1130 1959 4.

281 1985 382 2009 membr.
399 1987 422 2008 in
440 1987 477 2008 112.
494 1992 556 2009 saec.
573 1986 624 2008 XV,
642 1998 672 2001 —
690 1987 728 2008 Est
752 1984 905 2008 Breviarium
922 1985 1039 2008 Fratrum
1058 1984 1132 2008 Mino-

281 2039 338 2057 rum
360 2032 491 2056 secundum
516 2032 710 2056 consuetudinem
736 2031 830 2056 ecclesie
856 2032 968 2055 Romane.
994 2032 1049 2059 Peg.
1073 2031 1132 2053 572:

282 2080 366 2110 Incipit
383 2080 431 2104 rita
448 2079 509 2103 beuti
521 2080 601 2110 patris
617 2080 695 2103 nostri
710 2078 842 2107 Francisci,
855 2080 877 2102 et
889 2078 971 2108 primo
991 2078 1019 2101 de
1036 2083 1131 2101 conver-

282 2127 347 2151 sione
363 2127 426 2155 eius,
444 2127 510 2150 lectio
529 2126 551 2150 ΧΙ.
574 2126 693 2156 Apparuit
709 2129 751 2149 etc.
769 2126 856 2149 Desinit
873 2132 928 2154 pag.
945 2126 998 2147 (502.
1015 2126 1038 2147 111
1055 2125 1132 2147 officio

283 2174 351 2197 etiam
374 2174 540 2196 Translationis
564 2173 636 2196 sancti
661 2173 775 2196 Francisci
801 2173 912 2195 lectiones
934 2172 1082 2200 assignantur
1105 2178 1132 2194 ex

283 2227 334 2250 cap.
352 2222 403 2244 XV.
420 2221 543 2249 Legendae
560 2221 662 2243 maioris.

970 211 1214 240 PROLEGOMENA
1235 212 1263 240 C.
1285 212 1326 240 ΙΙΙ.

1248 290 1287 312 37.
1305 290 1396 318 Trecis,
1414 289 1553 313 bibliotheca
1570 290 1684 317 Civitatis,
1701 290 1753 312 cod.
1777 290 1830 312 401.
1856 289 1950 312 miscell.
1972 296 2032 313 saec.

1185 337 1245 359 XlV.
1262 338 1374 360 exeuntis.
1390 349 1421 354 —
1437 338 1484 360 Fol.
1502 338 1554 360 1120.
1572 344 1604 360 r.:
1620 337 1706 367 Incipit
1723 337 1770 360 cita
1790 337 1868 360 sancti
1891 337 2030 366 Francz'scz',

1185 383 1207 405 ct
1219 382 1301 411 primo
1319 383 1346 406 de
1363 383 1514 407 conversione
1532 383 1614 413 ipsius.
1631 383 1751 413 Apparuit
1763 386 1806 406 etc.
1823 383 1910 406 Desinit
1922 384 1960 406 fol.
1979 384 2031 406 129.

1185 436 1219 452 v.:
1240 429 1344 459 Eoepticit
1359 430 1408 453 vita
1419 430 1497 454 sancti
1507 430 1646 459 Francisci;
1659 431 1695 453 sol.
1707 436 1756 459 seq.
1774 437 1805 453 1·.;
1817 429 1902 459 Incipit
1913 430 1940 453 cle
1954 432 2034 453 trans-

1186 475 1273 499 latione
1288 475 1405 504 eiusdem,
1423 476 1488 505 quod
1504 479 1538 499 est
1555 482 1607 504 cap.
1623 477 1674 499 XV.
1691 477 1815 505 Legendae
1832 476 1933 499 maioris.

1249 524 1286 545 38.
1306 522 1425 551 Tridenti,
1442 522 1580 546 bibliotheca
1592 523 1705 552 Civitatis,
1718 524 1769 546 cod.
1782 525 1835 547 265.
1850 524 1961 547 collectio.
1978 525 2035 547 Gen-

1186 569 1263 597 1110111,
1280 571 1354 592 chart.
1371 570 1393 592 in
1411 570 1433 592 8.
1450 575 1510 592 sace.
1528 569 1580 592 XV.
1596 582 1628 586 —
1645 571 1683 593 Est
1704 571 1849 593 Breviarium
1870 570 1963 593 Ordinis
1984 572 2035 593 Fra-

1185 618 1247 639 trum
1265 617 1393 644 Minorum,
1411 617 1434 638 in
1451 623 1498 645 quo
1516 623 1558 645 pro
1576 618 1632 639 sesto
1649 617 1721 640 sancti
1739 618 1855 640 Francisci
1873 620 1895 640 et
1911 623 1955 645 per
1971 617 2035 640 Octa-

1186 669 1241 685 vam
1257 663 1363 686 ciusdem
1381 663 1507 691 dispositae
1523 666 1576 686 sunt
1591 664 1700 686 lectiones
1717 664 1786 687 huius
1802 664 1932 692 Legendae.

1249 710 1288 733 39.
1311 710 1423 738 Venetiis,
1435 710 1574 733 bibliotheca
1585 711 1659 733 sancti
1670 711 1751 739 Marci,
1763 711 1829 733 class.
1841 711 1902 733 XXl.
1914 711 1966 733 cod.
1983 711 2035 733 116.

1187 757 1286 779 membr.
1304 757 1327 779 in
1344 757 1382 779 l'ol.
1399 763 1459 780 saec.
1477 757 1533 780 Xlll.
1550 758 1660 780 exeuntis.
1678 770 1708 773 —
1719 758 1766 780 Fol.
1778 758 1832 780 348.
1844 764 1878 780 v.:
1891 757 1976 787 Incipit
1987 757 2036 781 vita

1187 803 1248 827 beati
1264 803 1396 827 Francisci.
1413 803 1534 833 Apparuit
1549 803 1629 833 pratia
1648 804 1690 827 Dei
1710 807 1753 827 etc.
1775 805 1863 827 Desinit
1885 805 1923 827 sol.
1946 805 2000 827 351.
2016 811 2036 827 r.

1186 851 1263 880 Usque
1280 851 1310 874 ad
1327 851 1365 873 sol.
1382 851 1435 874 353.
1452 857 1471 873 r.
1487 854 1617 880 sequuntur
1633 851 1709 880 aliqua
1728 858 1755 874 ex
1772 852 1880 879 Legenda
1898 851 1994 879 maiori,
2007 851 2036 874 de

1187 898 1273 927 quibus
1289 899 1359 921 locuti
1375 905 1457 921 sumus
1474 899 1497 920 in
1514 899 1609 921 elencho
1627 898 1772 926 praecedenti
1790 905 1812 920 n.
1830 898 1867 921 87.

1250 945 1288 967 40.
1305 944 1405 973 Ibidem,
1424 946 1489 968 class.
1506 946 1531 968 11.
1548 945 1600 968 cod.
1618 945 1655 967 34.
1673 944 1773 967 membr.
1796 945 1817 967 in
1839 945 1876 967 16.
1899 951 1959 967 saec.
1981 945 2035 967 XV.

1187 995 1240 1020 post
1256 992 1368 1015 medium.
1385 1004 1416 1009 -
1433 992 1538 1015 Continet
1554 992 1698 1014 Breviarium
1710 991 1802 1014 Ordinis
1813 991 1940 1020 Minorum,
1954 991 1978 1014 in
1989 997 2036 1020 quo

1187 1041 1235 1061 tam
1251 1045 1294 1067 pro
1313 1041 1369 1062 sesto
1388 1040 1554 1062 Translationis
1571 1039 1641 1061 sancti
1658 1039 1786 1065 Francisci,
1803 1045 1874 1067 quam
1891 1038 1914 1060 in
1931 1038 2003 1061 Natali
2015 1040 2038 1061 et.

1188 1086 1274 1109 Octava
1292 1087 1397 1109 eiusdem
1415 1089 1524 1115 aptantur
1546 1087 1656 1109 lectiones
1679 1086 1803 1114 Legendac
1827 1086 1923 1108 minoris
1947 1088 1969 1108 et
1986 1091 2038 1114 cap.

1189 1134 1294 1156 ultimum
1312 1135 1436 1162 Legendae
1452 1135 1554 1157 maioris.

1252 1182 1288 1204 4¹1.
1306 1181 1407 1210 Ibidem,
1424 1181 1562 1204 biblimheca
1580 1182 1666 1204 Musaei
1683 1181 1773 1208 Corrcr,
1790 1181 1842 1203 cod.
1864 1180 1966 1208 cicogna
1983 1180 2038 1203 235.

1188 1228 1289 1250 membr.
1305 1228 1327 1250 in
1347 1227 1368 1250 4.
1385 1234 1445 1251 saec.
1462 1228 1518 1250 Xlll.
1536 1228 1646 1251 exeuntis.
1662 1241 1693 1244 —
1710 1227 1818 1256 Legenda
1836 1227 1915 1255 incipit
1933 1228 1971 1250 sol.
1983 1228 2037 1250 236.

1188 1282 1207 1298 r.
1224 1275 1273 1297 sine
1291 1274 1395 1298 rubrica:
1412 1274 1558 1298 Franciscus
1574 1281 1659 1298 servus
1676 1276 1699 1298 et
1710 1274 1802 1298 amicas
1814 1274 1931 1298 Altissimi
1941 1277 1984 1297 etc.
1997 1275 2038 1297 De-

1188 1323 1241 1346 sinit
1259 1323 1296 1345 sol.
1313 1322 1367 1344 240.

1253 1370 1289 1392 42.
1311 1368 1473 1397 Vindobonac,
1492 1368 1631 1392 bibliotheca
1648 1369 1761 1395 Palatina,
1778 1369 1830 1391 cod.
1848 1368 1921 1396 3417,
1939 1369 1969 1391 de
1990 1375 2037 1398 quo

1189 1418 1280 1446 egimus
1297 1418 1319 1440 in
1336 1417 1483 1446 praecedenti
1501 1418 1596 1439 elencho
1612 1423 1634 1439 n.
1653 1417 1690 1439 89.
1707 1430 1738 1432 —
1755 1417 1803 1439 Fol.
1820 1417 1874 1439 242.
1890 1423 1910 1439 r.
1927 1418 2038 1445 11051.ιο-

1189 1466 1289 1494 gentiam
1307 1465 1419 1487 maiorem
1437 1464 1571 1487 immediate
1588 1464 1693 1493 sequitur
1710 1463 1818 1487 rubrica:
1835 1464 1863 1487 ln
1874 1463 1951 1487 natali
1961 1463 2039 1487 sancti

1189 1511 1325 1539 Francz'sci,
1344 1511 1410 1535 lectio
1429 1510 1449 1534 ¹l.
1466 1510 1586 1541 Apparuit
1603 1513 1646 1533 etc.
1658 1511 1744 1533 Desinit
1755 1512 1794 1533 fol.
1806 1511 1859 1533 250.
1871 1517 1894 1533 v.
1906 1511 1988 1533 Postea
2004 1513 2039 1534 est

1188 1560 1272 1582 iterum
1290 1559 1395 1581 rubrica:
1412 1559 1440 1581 In
1458 1559 1541 1582 octava
1559 1557 1594 1581 ilie
1607 1558 1672 1581 tectio
1681 1557 1765 1588 prima
1776 1558 1802 1581 in
1813 1557 1971 1581 transtatione
1982 1564 2039 1581 san-

1188 1605 1221 1630 cti
1235 1605 1367 1629 Francisci.
1385 1606 1493 1634 Sequitur
1510 1605 1618 1628 ultimum
1634 1611 1685 1633 cap.
1703 1605 1826 1633 Legendae
1842 1605 1938 1628 maioris
1960 1605 1982 1628 in
1999 1611 2038 1628 no-

1188 1660 1242 1676 vem
1258 1653 1369 1676 lectiones
1386 1653 1496 1675 divisum.
1513 1652 1601 1674 Desinit
1618 1652 1655 1674 sol.
1673 1652 1754 1674 ultimo
1777 1652 1828 1675 cod.
1846 1658 1869 1674 v.
1887 1652 1923 1674 1115
1946 1651 2038 1675 verbis:

1188 1699 1268 1723 Finita
1285 1701 1320 1723 est
1336 1699 1377 1722 hec
1401 1698 1500 1729 leqenda
1525 1699 1613 1728 quarta
1634 1698 1695 1728 feria
1720 1698 1821 1722 maioris
1845 1697 1989 1722 hebdomade
2013 1697 2039 1721 z'n

1188 1747 1309 1771 meridie...
1326 1747 1396 1770 Anno
1414 1745 1458 1770 67.
1477 1746 1566 1775 (1467).

1253 1795 1289 1817 43.
1311 1793 1491 1821 Wratislaoiae,
1509 1793 1648 1816 bibliotheca
1664 1793 1836 1820 Universitatis,
1853 1793 1920 1815 class.
1938 1792 1974 1815 lV.
1986 1792 2039 1815 cod.

1190 1843 1247 1870 193,
1268 1844 1293 1865 111
1314 1844 1406 1864 notatur
1430 1841 1455 1863 in
1476 1841 1570 1863 elencho
1595 1840 1742 1868 praecedenti
1759 1847 1782 1862 n.
1799 1840 1836 1862 92.
1854 1852 1885 1856 ——-
1901 1840 1947 1862 Fol.
1966 1839 2002 1862 81.
2019 1846 2039 1862 r.

1188 1890 1243 1912 huic
1259 1889 1382 1916 Legendae
1398 1888 1564 1916 praemittitur:
1581 1887 1632 1911 Hoc
1649 1893 1709 1916 opus
1731 1887 1870 1916 eoecerptum
1892 1885 1925 1909 act
1946 1885 1990 1909 hoc
2006 1886 2040 1916 fa-

1189 1938 1252 1960 ctum
1271 1937 1315 1964 est,
1328 1937 1355 1959 ut
1363 1937 1470 1966 ponatur
1488 1935 1513 1958 in
1529 1934 1660 1958 Brevioriis
1676 1935 1727 1957 tam
1743 1933 1880 1957 choralibus
1897 1938 1971 1963 quam
1984 1938 2040 1963 por-

1190 1983 1295 2007 tatilibas
1312 1985 1334 2006 et
1350 1982 1445 2012 leyatur
1463 1982 1490 2005 cle
1506 1981 1557 2011 ipso
1569 1980 1669 2011 infestis
1682 1980 1743 2004 beati
1753 1980 1879 2004 Francisci
1889 1981 1911 2003 et
1918 1986 1964 2010 per
1976 1981 2039 2004 octa-

1189 2037 1245 2054 vam
1261 2029 1349 2053 natalis
1367 2029 1417 2052 eius
1434 2031 1456 2052 et
1472 2028 1503 2052 act
1519 2034 1628 2051 mensam
1645 2027 1726 2051 diebus
1743 2027 1852 2057 ipsorum
1863 2027 1989 2056 festorum.
2001 2027 2039 2050 In-

1189 2077 1244 2107 cipit
1261 2077 1341 2100 minor
1357 2076 1406 2100 vita
1423 2075 1485 2099 beati
1499 2074 1636 2103 Francisci‚
1654 2076 1677 2098 et
1683 2074 1764 2104 primo
1777 2074 1804 2097 cle
1816 2073 1968 2097 conversione
1980 2073 2038 2096 eius.

1189 2125 1236 2147 Fol.
1254 2124 1292 2146 99.
1308 2130 1344 2146 v.:
1362 2123 1469 2153 Explicit
1484 2122 1564 2145 minor
1583 2122 1629 2145 rita.
1647 2121 1708 2145 beati
1729 2121 1861 2144 Francisci.
1886 2121 1976 2143 Deinde
1999 2120 2039 2143 ibi-

1189 2172 1262 2194 dem:
1279 2172 1306 2193 In
1325 2170 1481 2193 translatione
1498 2169 1576 2192 sancti
1591 2168 1723 2192 Francisci.
1741 2168 1826 2191 Desinit
1843 2168 1880 2191 sol.
1899 2168 1951 2190 102.
1975 2169 2000 2190 ut
2017 2167 2039 2190 in

1190 2224 1241 2247 cap.
1259 2218 1339 2241 ultimo
1356 2218 1478 2245 Legendae
1495 2217 1596 2239 maioris.

1105 2312 1167 2335 CAP.
1184 2312 1217 2334 111.

407 2402 445 2431 De
466 2400 638 2431 tractatibus
659 2399 785 2431 asceticis
805 2399 920 2430 incertis
942 2399 985 2430 vel
1007 2399 1089 2439 plane
1110 2398 1286 2437 ilkgilaimis,
1307 2406 1377 2438 quae
1398 2398 1425 2428 S.
1446 2397 1658 2428 Bonaventurae
1679 2396 1816 2427 attributi
1837 2396 1912 2427 sunt.

348 2505 394 2527 lam
412 2510 424 2526 a
442 2503 540 2527 saeculis
556 2504 615 2526 111101·
631 2503 734 2526 eruditos
751 2506 898 2531 compertum
916 2505 961 2530 est,
978 2503 1063 2525 multos
1088 2504 1133 2524 tra-

285 2554 358 2575 ctatus
375 2552 497 2579 asceticos,
515 2557 574 2580 quos
590 2551 680 2579 primae
697 2551 841 2573 collectiones
857 2551 941 2573 borum
954 2550 1133 2578 opusculorum,

286 2600 421 2628 praesertim
439 2599 563 2627 Argentina
580 2605 617 2621 an.
635 2598 707 2627 1495,
726 2600 835 2626 tanquam
858 2597 1072 2624 Bonaventurianos
1092 2603 1135 2619 un-

286 2647 356 2676 dique
373 2646 516 2676 conquisitos
533 2646 735 2674 coadunaverunt,
753 2651 804 2668 esse
820 2645 856 2668 vel
874 2651 972 2673 prorsus
987 2645 1081 2672 spurios
1097 2644 1133 2666 1·οΙ

286 2695 366 2717 53110111
383 2694 462 2716 incerti
480 2694 588 2716 auctoris.
605 2693 691 2716 Eadem
704 2694 762 2715 haec
778 2698 839 2721 sors,
857 2698 917 2721 quae
929 2692 1011 2715 accidit
1022 2691 1134 2719 operibus

286 2740 384 2763 aliorum
401 2740 515 2763 Ecclesiae
532 2740 670 2767 Doctorum,
688 2739 824 2767 praesertim
842 2739 865 2761 S.
876 2738 1010 2766 Augustini,
1021 2737 1134 2764 Anselmi,

286 2787 396 2810 Bernardi
405 2804 411 2815 ‚
429 2787 572 2815 deploranda
589 2789 623 2809 est
640 2787 709 2809 etiam
720 2786 799 2815 quoad
811 2791 882 2813 opera
894 2785 1010 2813 seraphici
1021 2784 1133 2811 Doctoris,

287 2836 372 2859 scilicet
388 2838 413 2858 ut
429 2835 471 2857 illis
488 2835 561 2857 aliena
579 2841 650 2863 opera
667 2834 743 2862 exigui
759 2839 829 2861 saepe
846 2833 931 2855 valoris
943 2832 1062 2860 supposita
1079 2831 1132 2854 sint.

287 2882 434 2905 Credendum
452 2885 528 2905 tamen
545 2884 591 2909 est,
609 2888 656 2904 non
673 2887 725 2904 raro
743 2881 821 2909 quoad
834 2882 890 2903 haec
903 2881 932 2903 de
944 2879 1029 2909 quibus
1041 2879 1133 2907 agimus

288 2936 358 2958 opera
375 2930 454 2951 salsam
469 2929 545 2957 operis
562 2929 735 2957 inscriptionem
750 2928 813 2950 haud
828 2928 930 2950 caruisse
944 2927 1019 2956 aliqua
1034 2926 1133 2952 ratione,

288 2977 376 3006 quippe
394 2982 447 2998 cum
467 2974 594 2998 substantia
615 2975 665 2997 talis
688 2974 757 2997 libelli
779 2975 831 3002 plus
851 2974 959 2996 minusve
981 2979 1007 2995 ex
1028 2972 1135 3000 genuinis

1192 2501 1295 2524 eiusdem
1313 2500 1425 2529 operibus
1441 2503 1548 2529 accepta,
1566 2500 1651 2523 deinde
1667 2499 1696 2522 ab
1714 2500 1758 2522 alio
1774 2502 1840 2522 aucta
1857 2499 1886 2522 sit
1903 2501 1925 2521 et
1943 2501 2037 2521 mutata.

1192 2549 1238 2570 lam
1255 2548 1358 2570 vidimus
1375 2548 1397 2570 in
1414 2548 1586 2575 Prolegomenis
1603 2547 1632 2570 ad
1650 2547 1679 2569 V.
1694 2549 1749 2569 tom.
1767 2552 1790 2574 p.
1807 2546 1895 2569 XLVlll
1914 2552 1963 2574 seq.
1982 2544 2038 2568 Gen-

1192 2594 1317 2625 cloquium
1334 2596 1381 2617 sere
1398 2595 1514 2623 integrum
1531 2594 1597 2623 quasi
1619 2593 1760 2616 verbotenus
1783 2595 1916 2621 excerptum
1939 2598 1990 2614 esse
2011 2597 2039 2613 ex

1190 2642 1268 2664 multis
1286 2642 1341 2664 locis
1357 2641 1521 2664 Commentarii
1539 2641 1733 2664 Bonaventuriani
1749 2641 1773 2663 111
1791 2640 1927 2662 sententias.

1253 2688 1347 2711 Certum
1364 2691 1398 2711 051
1415 2689 1497 2715 etiam,
1518 2688 1620 2711 libellum
1641 2687 1759 2711 Stimulus
1784 2686 1875 2710 amoris
1900 2692 1986 2714 magna
2012 2692 2038 2709 ex

1191 2739 1256 2764 parte
1267 2739 1369 2758 sumtum
1383 2742 1433 2758 esse
1444 2742 1470 2758 ex
1485 2736 1583 2758 diversis
1596 2735 1707 2763 operibus
1721 2735 1907 2762 Bonaventurae3
1919 2740 1962 2756 nec
1974 2732 2039 2756 dubi-

1191 2786 1277 2812 tamus,
1289 2784 1415 2812 quominus
1432 2783 1461 2806 de
1478 2783 1527 2805 aliis
1541 2783 1620 2810 parvis
1632 2782 1712 2810 opellis
1724 2781 1827 2804 asceticis
1838 2781 1901 2803 idem
1913 2780 2037 2803 dicendum

1190 2831 1227 2853 sit.
1241 2830 1313 2857 Magis
1330 2831 1374 2852 hoc
1391 2829 1525 2858 apparebit,
1538 2831 1562 2851 ut
1574 2832 1695 2857 putamus,
1707 2828 1800 2857 quando
1813 2830 1845 2850 tot
1856 2827 1934 2849 inediti
1947 2828 2039 2849 Sermo-

1191 2883 1231 2899 nes
1243 2877 1265 2898 S.
1278 2876 1381 2898 Doctoris
1398 2876 1472 2898 lucem
1487 2875 1625 2903 aspexerint.
1637 2888 1668 2890 —
1679 2875 1708 2897 Ut
1719 2874 1823 2897 ordinate
1835 2873 1983 2901 procedatur,
1995 2873 2039 2895 hoc

1191 2924 1317 2951 capitulum
1331 2923 1448 2945 dividatur
1460 2922 1481 2944 in
1493 2925 1593 2951 quatuor
1605 2922 1724 2950 articulos,
1737 2926 1836 2950 quorum
1850 2920 1939 2948 primus
1951 2919 1999 2947 agit
2009 2919 2039 2942 de

1191 2971 1269 2994 dubiis
1280 2971 1316 2993 vel
1328 2970 1452 2998 illegitimis
1464 2970 1581 2998 opusculis
1593 2969 1733 2997 Appendicis
1749 2969 1817 2991 11111115
1829 2968 1898 2995 tomi;
1915 2967 2038 2995 secundus
