2133 3317
777 378 1087 416 OPUSOULUM
1111 380 1141 415 I.

350 514 857 572 SPECULUM
914 515 1531 575 DISCIPLINAE
1552 513 1574 576 ¹.

861 1012 1030 1038 PROLOGUS
1044 1012 1062 1038 ².

160 1096 184 1121 1.
203 1096 334 1128 Speculum
352 1096 496 1127 disciplinae
514 1096 546 1121 ad
563 1095 669 1121 honesta
693 1095 823 1121 tendentes
847 1097 934 1128 impri-

89 1140 135 1165 mis
152 1139 318 1165 necessarium
337 1139 444 1169 habeut,
463 1139 492 1164 ut
510 1146 555 1170 per
573 1138 714 1164 exercitium
733 1139 846 1171 cognitae
865 1139 934 1164 disci-

69 1181 74 1186 '
90 1183 172 1215 pliuae
190 1181 293 1207 virtutis
312 1182 414 1207 titulum
434 1182 507 1206 citius
525 1181 710 1213 apprehendere
730 1182 835 1213 possint.
858 1182 932 1213 Nam,

89 1225 118 1251 ut
135 1225 172 1250 ait
190 1225 264 1257 Hugo
283 1225 312 1250 de
332 1225 418 1250 sancto
436 1224 536 1250 Victore
547 1223 564 1254 ²³,
583 1234 595 1247 at
607 1232 668 1250 usus
681 1225 825 1256 discipliuae
838 1225 870 1250 ad
882 1226 934 1250 vir-

89 1268 168 1293 tutem
186 1268 296 1293 animum
315 1267 414 1299 dirigit,
434 1267 516 1292 virtus
534 1267 618 1292 autem
636 1267 668 1292 ad
686 1268 864 1293 beatitudinem
878 1275 934 1299 per-

89 1311 169 1341 ducit;
188 1318 217 1336 ac
235 1318 279 1342 per
298 1310 357 1340 hoc,
376 1310 472 1341 inquit,
491 1310 638 1335 exercitium
657 1309 808 1341 disciplinae
826 1318 879 1336 esse
892 1311 934 1336 de-

88 1354 130 1379 bet
147 1353 286 1384 inchoatio,
305 1354 388 1379 virtus
407 1353 538 1385 perfectio,
552 1353 702 1385 praemium
715 1354 819 1379 virtutis
831 1354 933 1379 aeterna

88 1397 214 1423 beatitudo
226 1407 252 1421 ιο.
270 1396 363 1422 Verum
382 1397 424 1428 qui
441 1396 597 1428 disciplinam
610 1397 636 1421 in
648 1404 726 1421 novae
739 1397 933 1422 conversationis

88 1439 158 1465 initio
176 1439 282 1471 negligit
300 1439 332 1464 ad
360 1447 414 1464 eam
440 1439 596 1470 postmodum
616 1439 714 1464 difficile
733 1440 888 1471 applicatur,
908 1440 933 1465 et

89 1483 206 1513 formam,
225 1490 300 1514 quam
319 1483 399 1514 primo
418 1483 473 1514 quis
486 1482 588 1514 recipit,
602 1483 643 1507 vix
655 1482 763 1514 deponit.
777 1482 932 1509 Adolescens

89 1524 213 1558 namque⁴
231 1526 306 1550 iuria
323 1526 392 1550 viam
409 1532 498 1557 saara,
517 1525 595 1550 etiam
613 1532 670 1550 cum
688 1526 814 1557 senuerit,
833 1534 885 1551 non
897 1534 933 1552 re-

89 1569 156 1594 cedet
173 1568 206 1593 ab
224 1575 263 1593 ea.
288 1567 390 1599 Optima
414 1568 513 1593 vivendi
537 1568 616 1593 forma
639 1568 753 1599 eligenda
778 1568 830 1598 est,
859 1576 933 1600 quam

89 1611 174 1637 reddet
191 1611 326 1636 assuetudo
343 1611 483 1636 iucundam.

158 1654 183 1679 2.
202 1654 302 1679 Primus
320 1653 404 1679 autem
423 1653 454 1678 ad
474 1653 610 1685 profectum
622 1652 631 1666 ⁶
648 1653 742 1685 gradus
761 1653 800 1679 est
824 1653 933 1684 defectus

70 1712 76 1720 ·
91 1698 214 1730 comitio,
230 1704 369 1729 magnaque
388 1697 487 1722 omnino
506 1696 623 1728 prudenti
642 1697 762 1722 securitas
774 1698 873 1722 vivendi
886 1705 934 1723 mo-

91 1741 148 1766 dum
166 1740 264 1766 novisse
291 1747 427 1772 congruum
456 1747 501 1771 pro
528 1740 598 1764 varia
626 1747 708 1764 rerum
727 1739 753 1765 et
771 1740 933 1765 accidentium

92 1783 226 1815 qualitate,
245 1790 290 1808 nec
308 1783 437 1807 minimum
455 1782 494 1807 est
512 1782 667 1807 contemnere
680 1783 789 1813 minima,
803 1790 865 1814 quae
884 1790 933 1808 non

92 1826 217 1851 minimam
236 1825 346 1851 moribus
365 1825 487 1850 maculam
506 1832 533 1850 eo
552 1825 665 1856 turpius,
690 1825 815 1857 neglectui
832 1825 933 1855 habita,

90 1869 221 1901 ingerunt,
240 1876 288 1900 quo
315 1868 391 1893 vitari
419 1868 516 1893 facilius
534 1867 634 1899 cognita
652 1868 796 1893 valuerunt.
814 1868 933 1899 Proinde,

91 1912 133 1944 qui
161 1911 263 1943 Spiritu
287 1912 338 1937 Dei
357 1910 493 1944 aqwntur⁶
516 1911 652 1936 moralibus
679 1911 832 1936 documentis
855 1912 934 1937 inten-

90 1955 165 1986 dunt;
192 1963 254 1987 quae
282 1955 366 1979 tamen
394 1954 494 1986 superbi
522 1954 547 1979 et
574 1954 638 1979 fatui
665 1954 850 1979 contemnentes
868 1962 934 1980 nunc

47 2003 50 2008 '
90 1999 292 2031 superstitiones,
305 2004 371 2022 nunc
382 1997 554 2022 caeremonias
567 1996 657 2022 vocant
669 1997 714 2021 aut
726 1997 791 2022 certe
804 1998 935 2023 calumniis

90 2042 180 2068 fucatis
198 2041 361 2073 impugnant3
380 2047 425 2065 nec
443 2041 507 2065 enim
527 2040 622 2065 stultus
641 2040 716 2065 verba
730 2040 886 2071 prudentiae
897 2048 934 2065 re-

45 2072 54 2120 ῖ
90 2085 165 2117 cipit,
184 2085 237 2110 nisi
255 2091 285 2109 ea
303 2084 414 2115 dixeris,
434 2090 500 2114 quae
517 2084 654 2108 versantur
673 2083 701 2107 in
719 2083 794 2108 corde
812 2083 874 2108 eius.

159 2128 185 2153 3.
203 2127 250 2153 Hic
269 2134 327 2159 ergo
345 2126 499 2151 tractatulus
513 2133 557 2157 per
575 2126 710 2157 superioris
721 2124 730 2138 ⁷
752 2126 934 2157 impositionem

65 2198 70 2202 ,
91 2171 204 2201 exactus,
225 2170 280 2195 rudi
298 2169 396 2201 quidem
415 2169 485 2194 iuxta
504 2168 634 2194 scribentis
653 2168 787 2193 ruditatem
801 2168 826 2194 et
843 2169 935 2194 intenti

92 2213 239 2245 exigentiam
268 2212 340 2242 stilo,
360 2219 389 2236 ex
413 2211 542 2236 diminutis
561 2218 656 2242 quoque
674 2218 703 2235 ac
727 2211 800 2235 nudis
823 2211 854 2236 ob
879 2211 935 2236 bre-

91 2255 194 2281 vitatem
212 2254 421 2286 incompactisque
439 2253 578 2283 interdum,
604 2253 646 2278 sed
669 2254 786 2285 congruis
814 2260 858 2285 pro
886 2260 934 2279 mo-

154 2407 162 2420 ¹
180 2407 272 2430 Certum
285 2410 330 2435 est,
342 2408 385 2430 hoc
397 2407 541 2429 notissimum
554 2406 691 2434 opusculum
703 2413 748 2429 non
760 2413 810 2429 esse
821 2407 933 2435 scriptum

93 2444 105 2461 a
122 2439 145 2462 S.
163 2439 335 2466 Bonaventura,
353 2438 394 2461 sed
411 2438 478 2460 valde
492 2438 615 2460 verisimile
632 2440 678 2464 est,
693 2440 811 2460 auctorem
829 2438 932 2460 eiusdem

93 2476 142 2493 esse
153 2471 188 2492 Fr.
200 2470 343 2493 Bernardum
360 2476 371 2492 a
390 2470 470 2496 Bessa,
482 2469 570 2491 socium
588 2468 636 2491 sive
653 2475 665 2490 a
683 2469 775 2491 secretis
788 2470 809 2491 S,
822 2469 933 2492 Doctoris.

93 2501 172 2530 Aliquo
189 2504 265 2524 tamen
281 2507 349 2523 sensu
361 2507 416 2523 vero
431 2500 519 2522 libellus
536 2500 558 2522 S.
575 2500 749 2522 Beneventurae
761 2500 829 2522 tribui
847 2503 933 2528 potest,

93 2538 145 2555 cum
163 2533 198 2555 ille
212 2532 342 2555 Bernardus
354 2532 482 2554 secundum
495 2531 620 2553 doctrinam
633 2531 723 2559 scriptis
735 2534 756 2553 et
768 2538 808 2553 ore
820 2538 832 2553 a
845 2538 886 2553 suo
898 2538 934 2553 su-

93 2563 182 2592 periore
199 2564 305 2586 tradiiam
323 2563 375 2585 libri
391 2562 542 2585 substantiam
560 2562 676 2590 collegerit
693 2566 714 2584 et
731 2563 781 2584 stilo
803 2569 847 2585 non
868 2563 934 2584 inele-

94 2595 154 2623 ganti
171 2595 337 2623 composuerit.
355 2595 420 2616 Plura
446 2594 476 2616 de
497 2595 541 2616 hoc
563 2594 621 2616 dicta
644 2596 697 2616 sunt
719 2593 741 2615 in
763 2594 934 2622 Prolegomenis

93 2631 114 2648 c.
131 2626 162 2648 111.
183 2626 190 2634 ’
210 2627 231 2648 l.

154 2656 163 2669 ²
178 2628 254 2680 {odd
271 2657 288 2679 Α
298 2657 314 2678 Β
331 2659 354 2679 et
370 2656 406 2679 ed.
419 2657 445 2678 2:
459 2657 481 2678 ln
493 2656 587 2678 nomine
599 2658 691 2677 sanctae
703 2658 724 2677 et
736 2655 870 2678 individuae
887 2656 934 2678 Tri-

93 2687 168 2710 nitatis
184 2688 377 2716 beatissimaeque
396 2687 495 2714 Virginis
517 2687 600 2709 Mariae
625 2689 647 2708 et
671 2687 774 2709 omnium
798 2688 933 2709 Sanctorum

94 2718 172 2747 incipit
189 2719 258 2747 liber,
274 2719 313 2747 qui
331 2719 414 2741 dicitur
431 2718 554 2746 Speculum
572 2718 705 2745 discipliuae
722 2718 808 2740 editum
831 2724 844 2740 a
868 2717 934 2740 beato

95 2750 252 2773 Bonaventura
266 2750 292 2779 [Β
303 2749 377 2773 editus
389 2755 404 2772 a
415 2749 502 2772 Fratre
513 2748 690 2777 Bonaventara]
703 2749 795 2771 Ordinis
810 2749 933 2776 Minorum;

95 2780 124 2803 C:
140 2781 262 2809 Speculum
281 2781 413 2809 disciplinae
431 2780 571 2803 novitiorum
594 2780 780 2807 Bonaventurae3
803 2780 833 2802 D:
856 2780 935 2808 incipit

95 2813 204 2840 praefatio
220 2813 242 2834 in
259 2813 384 2840 Speculum
401 2811 534 2840 disciplinae
556 2811 626 2833 sancti
649 2811 835 2838 Bonaventurae;
852 2811 890 2833 ed.
908 2811 934 2833 i:

96 2843 174 2872 incipit
191 2844 301 2871 prologus
317 2843 340 2865 in
358 2843 481 2871 Speculum
499 2842 631 2870 disciplinae
647 2848 687 2864 seu
705 2841 805 2864 libellum
823 2842 852 2864 de
869 2842 935 2864 mini-

97 2874 140 2896 mis
156 2874 183 2897 ad
202 2874 301 2897 novitios
317 2875 388 2897 sancti
407 2874 580 2896 Bonaventurae
597 2873 699 2901 episcopi
717 2876 739 2895 et
756 2873 877 2895 cardinalis
894 2873 935 2896 Or-

97 2904 155 2928 dinis
171 2905 290 2928 Minorum.

157 2935 166 2948 ⁸
183 2937 215 2959 De
233 2936 372 2959 institutione
388 2936 539 2962 novitiorum,
565 2936 662 2963 Prolog.,
688 2935 727 2957 ubi
746 2935 795 2957 voci
818 2934 934 2958 inchoatio

97 2968 168 2989 textus
184 2967 301 2996 originalis
318 2967 441 2995 praemittit
458 2968 549 2994 vestra,
567 2967 617 2988 Vat.
635 2972 687 2988 cum
700 2966 735 2988 ed.
752 2967 758 2987 1
775 2969 851 2988 contra
864 2967 880 2988 A
891 2966 935 2988 CD

97 3000 118 3020 et
134 2998 170 3021 ed.
190 2999 203 3020 2
228 2999 319 3021 nostra.
339 3010 370 3015 —
387 2998 498 3026 Superius
523 3003 565 3026 pro
590 2996 717 3027 Speculum
743 2996 879 3026 disciptinae
903 2996 935 3020 ad

989 1104 1045 1121 rum
1064 1097 1198 1122 traditione
1217 1097 1347 1123 sententiis
1372 1098 1466 1129 editus,
1495 1100 1566 1124 novis
1585 1100 1679 1125 Christi
1706 1101 1834 1133 discipulis

989 1147 1035 1171 pro
1053 1140 1156 1171 aliquali
1176 1141 1275 1171 speculo
1293 1141 1460 1172 inspiciendus
1479 1143 1639 1174 proponitur,
1665 1144 1695 1168 ut
1713 1151 1757 1175 per
1776 1152 1835 1176 pau-

989 1189 1017 1207 ca
1037 1182 1083 1207 sibi
1102 1183 1230 1214 proposita
1255 1184 1441 1209 occasionaliter
1466 1184 1530 1210 fiant
1548 1186 1573 1210 in
1602 1186 1716 1217 pluribus
1744 1187 1835 1213 cautio-

989 1233 1037 1251 res*
1055 1226 1101 1251 Da
1119 1226 1229 1257 sapienti
1248 1227 1418 1259 occasionem,
1444 1228 1481 1253 ait
1507 1228 1621 1254 Salomon
1634 1228 1651 1259 ⁸,
1676 1231 1700 1254 et
1725 1230 1835 1255 addetur

989 1269 1012 1293 ei
1029 1269 1167 1300 sapientia.
1195 1269 1337 1294 Attendant
1365 1270 1462 1301 tamen,
1482 1271 1602 1302 quaedam
1630 1271 1670 1297 hic
1693 1273 1835 1304 accipienda

989 1311 1040 1337 fore
1058 1312 1221 1337 communiter
1239 1312 1265 1337 et
1283 1313 1363 1344 magis
1382 1321 1411 1338 ac
1435 1314 1517 1339 minus
1540 1322 1585 1346 pro
1603 1315 1655 1340 loco
1680 1315 1706 1340 et
1724 1315 1835 1347 tempore

989 1354 1156 1384 observanda,
1182 1355 1240 1380 licet
1265 1363 1314 1380 uon
1342 1363 1439 1387 semper
1464 1364 1508 1388 pro
1533 1357 1639 1389 singulis
1667 1358 1835 1384 conditionum

988 1397 1137 1423 modificatio
1156 1398 1297 1428 replicetur.
1322 1398 1472 1429 «Prudens,
1491 1400 1520 1424 ut
1548 1407 1630 1425 rerum
1659 1401 1769 1426 varietas
1789 1402 1836 1426 exi-

988 1440 1040 1471 git,
1060 1440 1096 1464 ita
1115 1447 1141 1465 se
1157 1440 1325 1466 accommodat
1343 1441 1462 1472 tempori,
1482 1449 1532 1467 non
1551 1450 1576 1467 se
1595 1443 1620 1467 in
1640 1443 1764 1475 aliquibus
1784 1451 1836 1469 mu-

989 1482 1061 1513 tans,
1075 1482 1117 1507 sed
1131 1482 1214 1514 potius
1227 1482 1333 1514 aptans,
1353 1484 1417 1509 sicut
1431 1492 1533 1514 manus,
1548 1492 1610 1516 quae
1623 1485 1706 1511 eadem
1720 1486 1765 1516 est,
1780 1494 1835 1511 cum

989 1526 1015 1550 in
1034 1525 1142 1556 palmam
1161 1525 1303 1550 extenditur
1316 1526 1341 1551 et
1354 1534 1408 1551 cum
1422 1527 1447 1551 in
1461 1527 1584 1559 pugillum
1597 1528 1779 1560 constringitur
1789 1527 1799 1541 ⁹
1809 1539 1834 1554 n.

989 1568 1041 1593 Nec
1059 1568 1171 1598 moveat,
1191 1569 1212 1593 si
1231 1576 1280 1600 qua
1299 1576 1344 1600 pro
1367 1570 1505 1595 iunioribus
1532 1571 1719 1602 impertinentia
1737 1572 1834 1597 videau-

989 1611 1042 1636 tur.
1060 1611 1166 1636 Proinde
1185 1612 1266 1637 iunior
1284 1612 1310 1636 in
1337 1612 1377 1637 his
1401 1620 1487 1644 saepe,
1507 1621 1570 1645 quae
1597 1614 1679 1645 ipsum
1698 1614 1833 1645 excedunt,

988 1654 1137 1684 instruitur,
1156 1654 1186 1679 ut
1204 1655 1328 1680 seniorum
1348 1662 1374 1680 se
1393 1656 1520 1687 proposito
1538 1657 1682 1688 applicanS,
1697 1657 1741 1687 sit,
1755 1665 1834 1689 quan-

989 1697 1043 1722 tum
1062 1697 1189 1728 congruit,
1210 1697 1349 1729 promptior
1367 1698 1398 1723 ad
1417 1699 1526 1730 agenda,
1551 1699 1647 1724 cautior
1665 1700 1697 1724 ad
1715 1700 1833 1726 cavenda.

1059 1741 1084 1765 4.
1104 1740 1276 1766 Prolixitatem
1302 1741 1365 1766 forte
1393 1741 1511 1771 tetricus,
1531 1742 1551 1766 si
1570 1743 1625 1773 quis
1643 1742 1732 1773 fuerit,
1755 1743 1835 1774 inspe-

989 1782 1042 1808 ctor
1067 1782 1224 1815 causabitur,
1252 1783 1295 1808 sed
1322 1784 1486 1808 necessariam
1512 1784 1648 1815 inexpertis
1676 1785 1835 1810 dicendorum

989 1826 1171 1857 expressionem
1189 1825 1319 1856 advertat,
1339 1833 1383 1851 nec
1410 1826 1481 1851 facile
1505 1827 1594 1856 rudes,
1614 1834 1659 1858 pro
1686 1828 1776 1859 quibus
1797 1828 1836 1853 est

989 1875 1077 1900 opera,
1096 1868 1255 1900 generalibus
1274 1876 1345 1900 posse
1364 1869 1542 1899 commatibus,
1561 1870 1586 1894 id
1604 1871 1643 1895 est
1668 1870 1784 1896 brevibus
1810 1871 1836 1896 et

989 1912 1145 1942 incompletis
1164 1912 1295 1936 sententiis
1306 1910 1335 1941 ¹⁰,
1354 1912 1458 1942 erudiri,
1472 1913 1517 1937 aut
1532 1913 1635 1938 concisis
1649 1914 1742 1945 passim
1759 1914 1836 1945 profi-

990 1962 1043 1979 cere
1063 1954 1208 1986 paradoxis3
1227 1962 1324 1986 unoque
1352 1955 1513 1981 nihilominus
1541 1956 1639 1981 noverit
1661 1957 1736 1982 titulo
1755 1957 1836 1982 multa

989 1997 1135 2028 quandoque
1164 1997 1313 2029 perstringi,
1339 2005 1401 2029 quae
1430 1999 1560 2030 specialem
1588 2000 1742 2031 requirerent
1761 2000 1836 2031 expli—

989 2040 1068 2064 canda
1086 2040 1232 2065 tractatum.

1061 2083 1085 2107 5.
1106 2083 1174 2107 Duas
1193 2083 1277 2108 autem
1302 2083 1451 2114 particulas,
1473 2084 1647 2115 principalem
1671 2085 1785 2110 videlicet
1811 2085 1837 2110 et

990 2124 1212 2155 secundariam¹¹‚
1230 2126 1304 2150 huius
1324 2127 1405 2158 operis
1430 2127 1505 2152 series
1524 2127 1608 2152 habet.
1627 2128 1791 2159 Principalis
1810 2128 1836 2153 in

990 2168 1053 2193 duas
1071 2168 1204 2198 dividitur,
1223 2169 1249 2193 in
1268 2176 1374 2200 quarum
1393 2170 1474 2200 prima
1492 2170 1521 2195 de
1535 2171 1744 2202 praeparatoriis
1758 2171 1789 2195 ad
1802 2171 1836 2196 di-

991 2210 1121 2242 sciplinam
1140 2211 1165 2235 et
1183 2211 1307 2242 aliquibus
1320 2211 1372 2236 eius
1386 2211 1513 2237 effectibus
1525 2213 1674 2243 incidenter,
1689 2213 1715 2238 iu
1728 2213 1835 2238 secunda

991 2253 1020 2278 de
1039 2254 1094 2285 ipsa
1112 2253 1209 2285 plenius
1228 2254 1369 2285 disciplina
1387 2254 1520 2280 tractatur.

990 2407 1086 2430 honesta
1103 2406 1219 2429 tendentes
1237 2406 1273 2429 ed.
1293 2407 1300 2427 1
1323 2408 1345 2428 et
1357 2407 1407 2429 Vat.
1426 2406 1462 2429 Ad
1478 2406 1622 2430 honestatem
1634 2406 1759 2435 tendentes,
1772 2414 1833 2436 quae

990 2438 1058 2460 etiam
1076 2437 1177 2460 subinde
1193 2437 1301 2460 omittunt
1318 2437 1424 2467 counitae
1442 2437 1480 2466 (ita
1499 2438 1543 2460 ΑΒ
1560 2441 1582 2460 et
1599 2438 1636 2460 ed.
1655 2439 1688 2465 2).

1051 2469 1060 2481 ⁴
1078 2469 1106 2491 Ut
1122 2469 1205 2491 dicitur
1222 2469 1288 2491 Prov.
1307 2469 1348 2496 22,
1366 2469 1388 2490 6.
1407 2481 1438 2485 --
1455 2469 1566 2497 Superius
1591 2475 1634 2496 pro
1659 2468 1795 2498 applicatur
1816 2470 1835 2492 D

989 2499 1124 2529 applicabit.
1142 2500 1236 2553 lntffius
1252 2506 1294 2527 pro
1311 2499 1391 2522 reddet
1409 2499 1447 2528 (ita
1469 2499 1485 2522 C
1496 2500 1547 2528 DE)
1567 2500 1616 2522 Vat.
1635 2506 1688 2522 cum
1706 2500 1742 2522 ed.
1758 2501 1764 2522 1
1784 2500 1834 2523 red-

990 2531 1043 2559 dut,
1063 2531 1099 2553 ed.
1118 2532 1131 2552 2
1148 2537 1174 2553 re
1207 2530 1231 2553 it.

1052 2560 1061 2573 ⁶
1079 2562 1135 2584 (jod.
1154 2562 1172 2584 D
1187 2561 1353 2591 perfectionem
1370 2564 1392 2584 et
1409 2568 1462 2584 mox
1479 2561 1595 2591 desectum
1612 2568 1654 2590 pro
1672 2561 1781 2591 defectus.

1052 2592 1062 2605 ⁵
1079 2593 1144 2615 Rom.
1163 2593 1189 2619 8,
1210 2593 1243 2615 14.
1261 2605 1292 2609 -
1309 2592 1412 2615 Subinde
1429 2593 1539 2621 allegatur
1557 2593 1623 2615 Prov.
1643 2594 1683 2620 18,
1701 2594 1722 2615 2.

1053 2623 1061 2636 ⁷
1079 2624 1129 2646 Vat.
1148 2626 1169 2646 et
1186 2624 1222 2646 ed.
1242 2624 1249 2645 1
1270 2623 1429 2652 superiorum.
1656 2622 1665 2636 ⁸
1682 2624 1749 2646 Prov.
1767 2625 1794 2651 9,
1811 2624 1833 2647 9.

1053 2654 1062 2667 ⁰
1078 2655 1106 2677 Ut
1118 2655 1216 2677 insinuat
1227 2655 1312 2677 Auctor
1323 2655 1374 2677 libri
1386 2655 1415 2677 de
1428 2656 1530 2683 Quatuor
1542 2654 1671 2677 Virtutibus
1684 2655 1750 2685 (inter
1762 2662 1832 2684 opera

990 2686 1068 2714 spuria
1085 2687 1199 2712 Senecae,
1216 2685 1253 2708 ed.
1271 2686 1336 2708 Basil.
1363 2686 1422 2708 1529
1445 2692 1498 2714 pag.
1516 2685 1561 2708 684
1579 2686 1666 2715 seqq),
1689 2692 1708 2709 c.
1726 2687 1755 2709 de
1781 2687 1833 2709 Pru-

990 2717 1084 2740 dentia:
1109 2717 1131 2739 Si
1157 2716 1305 2745 prudentiam
1331 2717 1493 2745 amplecteris,
1520 2717 1606 2746 ubique
1631 2717 1692 2740 idem
1721 2718 1784 2744 eris,
1809 2720 1832 2740 et

991 2751 1059 2776 prout
1076 2754 1153 2770 rerum
1179 2754 1205 2770 ac
1230 2751 1360 2776 temporum
1387 2748 1485 2770 varietas
1509 2749 1591 2776 exigit,
1609 2748 1638 2770 ita
1656 2751 1677 2770 te
1701 2754 1833 2771 accommo-

990 2780 1031 2802 des
1049 2779 1146 2807 tempori
1164 2785 1205 2801 nec
1223 2781 1244 2800 te
1260 2779 1281 2801 in
1294 2779 1410 2808 aliquibus
1427 2783 1513 2806 mutes,
1531 2779 1572 2802 sed
1589 2780 1665 2807 potius
1681 2783 1757 2808 aptes,
1775 2780 1833 2802 sicut

990 2817 1084 2837 manus,
1101 2816 1161 2839 quae
1186 2810 1266 2832 eadem
1290 2813 1335 2838 est,
1352 2816 1405 2832 cum
1431 2811 1454 2832 in
1471 2811 1572 2838 palmam
1591 2810 1718 2833 extenditur
1740 2813 1762 2833 et
1778 2817 1832 2834 cum

991 2842 1011 2864 in
1030 2847 1135 2870 pugnum
1153 2841 1294 2868 astringitur.
1311 2853 1342 2858 -—-
1359 2841 1454 2864 interius
1479 2848 1521 2869 pro
1543 2841 1676 2871 promptior
1694 2841 1733 2870 (ita
1751 2842 1794 2865 (ΞΕ
1811 2845 1833 2865 et

989 2873 1026 2895 ed.
1045 2873 1067 2899 2)
1086 2872 1136 2894 Vat.
1153 2878 1206 2894 cum
1223 2872 1259 2894 ed.
1279 2872 1286 2893 Ἰ1
1308 2871 1393 2901 aptior.

1053 2903 1072 2915 ¹⁰
1088 2903 1161 2925 Codd.
1179 2904 1195 2925 Α
1207 2903 1223 2925 Β
1240 2906 1262 2925 et
1277 2903 1315 2926 ed.
1334 2904 1348 2925 2
1365 2903 1473 2926 omittunt
1494 2903 1518 2926 id
1534 2905 1569 2926 est
1585 2902 1692 2927 brevibus
1709 2905 1730 2927 et
1746 2904 1833 2927 incom-

986 2934 1056 2964 pletis
1073 2933 1199 2957 sententiis.

1053 2965 1070 2978 ¹¹
1089 2966 1139 2988 Vat.
1157 2971 1209 2988 cum
1226 2965 1263 2988 ed.
1288 2966 1295 2987 1
1323 2964 1498 2994 incidentalem,
1522 2965 1692 2993 refragantibus
1708 2965 1778 2988 ABC
1789 2966 1806 2988 D
1817 2966 1833 2988 Ε

990 2999 1012 3019 et
1028 2997 1064 3019 ed.
1083 2997 1104 3023 2,
1121 2996 1161 3025 qui
1179 3000 1254 3018 tamen
1271 2996 1354 3019 deinde
1372 2996 1442 3020 huius
1459 2996 1537 3026 operis
1554 2997 1667 3019 omittunt.

1852 1275 1968 1294 Notandum.

1860 1753 1929 1772 Excusa
1933 1753 1958 1772 tio

1850 1777 1971 1800 prolixitatis.

1853 2091 1925 2110 Divisio
1937 2091 1972 2110 du-

1886 2115 1936 2139 plex.
