2133 3317
282 239 340 267 400

282 317 330 354 qui
345 316 507 345 habitabant
527 315 555 343 in
576 313 650 350 agris
671 316 698 342 et
719 312 867 341 solitudine
882 315 909 341 et
924 312 1060 341 faciebant
1080 312 1132 341 sibi

281 363 460 393 tabernacula
474 368 560 399 prope
580 360 686 389 fluenta
706 359 829 388 Iordanis
840 371 866 388 ».
882 359 954 388 Idem
970 360 1052 389 etiam
1067 359 1133 388 dicit

281 411 309 439 in
323 408 464 447 epitaphio
484 406 625 444 Nepotiani
641 406 662 435 ¹:
680 418 694 432 «
705 406 754 435 Alii
776 414 923 435 nummum
937 406 1039 435 addant
1054 414 1133 435 num-

280 465 338 491 mo,
354 458 381 484 et
403 454 577 491 marsupium
597 453 776 482 suffodientes
791 455 983 482 matronarum
1005 461 1071 490 opes
1085 460 1132 482 ve-

280 505 383 532 nentur
404 501 553 538 obsequiis.
576 500 636 529 Sint
656 500 771 529 ditiores
791 500 929 535 monachi,
944 508 1028 537 quarn
1051 502 1132 529 erant

280 549 449 583 saeculares,
464 548 622 585 possideant
636 555 703 584 opes
718 547 770 576 sub
785 547 895 576 Christo
910 555 1047 584 paupere,
1062 555 1132 584 quas

280 596 333 625 sub
348 596 485 633 locuplete
500 595 609 624 diabolo
630 603 685 623 non
700 594 870 629 habuerant,
891 597 919 623 et
944 594 1067 631 suspiret
1085 602 1132 623 eos

279 642 399 671 Ecclesia
413 641 525 676 divites,
545 649 616 679 quos
631 641 721 670 tenuit
738 641 861 670 mundus
874 643 938 670 ante
952 641 1092 670 mendicos
1103 652 1130 668 ».

259 684 262 685 ⁷
279 689 350 718 Haec
370 688 563 725 Hieronymus.
593 688 625 716 Et
646 691 738 717 tamen
760 691 855 716 sancta
875 690 917 717 est
938 687 1047 717 vivendi
1076 688 1132 716 for-

148 937 226 956 Diversa
238 936 257 954 S.

155 960 251 980 Francisci

164 984 241 1008 Regula.

144 1406 258 1426 Notandum.

155 1689 237 1708 Secundi

130 1713 211 1732 membri
229 1713 261 1732 de-

155 1736 240 1761 scriptio.

171 1925 259 1945 Dubium.

278 744 341 770 ma,
363 735 386 764 si
408 738 553 769 servetur,
576 743 660 772 quam
683 737 795 764 sanctus
811 734 931 763 instituit
950 735 1131 769 Benedictus,

279 790 363 820 quam
379 782 492 820 quidam
515 782 542 811 in
558 782 658 819 nigris,
673 782 787 819 quidam
806 790 873 811 vero
888 782 916 810 in
937 782 1006 811 albis
1021 790 1037 810 a
1051 782 1131 820 longe

278 830 424 858 imitantur
441 831 460 858 2.

358 878 383 905 9.
406 877 505 906 Beatus
526 876 611 914 igitur
639 876 817 911 Franciscus,
840 876 936 905 videns
956 876 1081 913 pericula
1105 879 1132 905 et

279 924 423 962 sacrilegia
436 924 594 953 affluentiae
609 927 737 953 terrenae
748 924 769 958 ³,
788 931 873 961 quam
888 924 968 952 multi
991 923 1132 960 possident

278 972 307 1001 in
328 972 485 1006 communi,
507 971 590 1009 elegit
611 972 736 1009 regulam
758 971 825 1008 ipsis
846 971 981 1008 Apostolis
996 971 1028 1000 ad
1050 979 1131 1008 prae-

278 1019 427 1049 dicandum
456 1019 547 1048 missis
575 1027 591 1048 a
611 1019 728 1048 Domino
757 1019 955 1053 constitutam,
984 1018 1131 1056 iniungens

278 1066 437 1101 Fratribus,
459 1074 494 1095 ne
523 1066 737 1095 sollicitudinem
760 1066 882 1095 habeant
909 1065 943 1095 de
970 1065 1056 1094 rebus
1084 1073 1131 1094 ve-

277 1113 414 1143 nientium
435 1113 469 1142 ad
490 1113 638 1148 Ordinem,
660 1121 695 1142 ne
716 1113 755 1142 sic
773 1113 817 1141 vel
839 1112 951 1141 Ordinis
972 1112 1130 1141 maculetur

278 1160 399 1198 puritas,
421 1161 465 1189 vel
486 1160 649 1197 inquietudo
670 1160 764 1197 aliqua
785 1163 944 1197 generetur.
960 1176 996 1181 —
1022 1159 1074 1189 Sed
1096 1167 1131 1188 ne

277 1215 323 1236 res
354 1207 526 1236 venientium
560 1207 695 1236 inutiliter
726 1207 942 1244 dispensentur,
975 1206 1130 1235 remedium

278 1254 444 1283 conveniens
465 1254 628 1289 adhibetur,
650 1262 714 1283 cum
736 1254 849 1283 subdit:
872 1253 905 1282 Si
919 1256 1016 1282 tamen
1037 1253 1130 1281 consi-

278 1301 351 1330 lium
372 1301 557 1339 requiratur,
587 1301 733 1329 licentiam
755 1300 881 1329 habeant
904 1300 1035 1329 Minis-tri
1065 1300 1131 1328 mit*

278 1348 357 1378 tendi
376 1357 423 1377 eos
444 1349 484 1377 acl
498 1348 613 1387 aliquos
630 1349 721 1377 Deum
736 1348 876 1382 timentes,
898 1356 1024 1386 quorum
1037 1347 1131 1376 consi-

278 1395 316 1425 lio
331 1395 406 1424 bona
420 1404 478 1424 sua
490 1395 675 1433 pauperibus
689 1398 854 1433 eroyentur.
866 1411 905 1415 -
917 1395 986 1424 Haec
1008 1394 1130 1429 licentia,

278 1443 350 1472 sicut
364 1443 493 1472 convenit
510 1443 655 1478 Ministris,
677 1443 715 1471 ita
730 1442 861 1479 competit
881 1442 954 1476 aliis,
977 1441 1080 1479 quibus
1094 1449 1131 1470 ex

277 1490 422 1527 privilegio
443 1490 593 1527 apostolico
622 1489 772 1527 recipiendi
804 1490 914 1518 Fratres
935 1489 969 1517 ad
997 1488 1129 1517 Ordinem

278 1540 320 1566 est
337 1545 480 1572 concessa,
495 1537 640 1575 quoniam,
656 1545 788 1566 concesso
802 1536 962 1574 principali,
977 1536 1131 1565 accessoria

277 1583 360 1613 etiam
382 1584 474 1613 omnia
495 1583 686 1613 conceduntur
699 1583 719 1612 4.

360 1632 404 1660 10.
427 1631 533 1660 Postea
555 1631 713 1660 concedant
734 1631 775 1659 eis
793 1639 911 1668 pannos
933 1630 1129 1668 probationis.

277 1678 431 1707 Praemissa
452 1678 542 1715 prima
563 1681 643 1715 parte
664 1678 750 1707 huius
771 1678 917 1712 rubricae,
939 1678 968 1706 in
989 1686 1045 1715 qua
1073 1677 1130 1714 agi-

278 1728 325 1755 tur
346 1725 381 1755 de
408 1725 579 1754 venientium
600 1725 776 1762 receptione;
804 1725 850 1754 hic
878 1724 1059 1762 subiungitur
1088 1732 1130 1753 se-

278 1773 369 1802 cunda
389 1781 455 1810 pars
475 1772 510 1802 de
524 1780 621 1802 eorum
641 1772 815 1810 probatione
833 1775 970 1810 quantum
991 1772 1026 1800 ad
1047 1771 1130 1800 liabi-

278 1823 325 1849 tus
340 1820 491 1857 praecipue
512 1819 692 1858 qualitatem.
707 1819 779 1849 Dicit
800 1828 882 1857 ergo:
905 1820 1011 1848 Postea
1033 1827 1130 1848 conce-

277 1867 351 1896 dant
370 1867 411 1896 eis
429 1876 547 1905 pannos
560 1867 758 1904 probationis,
773 1866 904 1896 videlicet
917 1867 995 1895 duas
1010 1866 1131 1895 tunicas

276 1914 340 1943 sine
355 1914 483 1952 caputio.
505 1931 545 1934 —
565 1914 617 1943 Sed
638 1922 703 1943 cum
724 1914 833 1943 dicatur
848 1914 977 1942 Matthaei
999 1913 1105 1942 decimo
1118 1912 1129 1930 ⁵

277 1961 306 1990 in
327 1961 424 1999 regula
445 1961 655 1999 Apostolorum:
682 1960 779 1999 Neque
807 1961 884 1989 duas
906 1960 1037 1995 tunicas,
1061 1967 1131 1997 qua-

341 2141 349 2154 ¹
367 2142 438 2170 Epist.
456 2142 493 2164 60.
512 2142 577 2171 (alias
595 2142 626 2171 3.)
644 2149 666 2164 n.
689 2143 723 2164 14.
740 2143 783 2164 Pro
800 2142 952 2172 suffodientes
969 2145 1043 2165 textus
1061 2142 1129 2170 origi-

277 2181 361 2210 ginalis
377 2181 530 2211 suffocantes.
547 2180 593 2204 Cfr.
615 2187 686 2209 supra
703 2187 758 2209 pag.
776 2181 829 2208 289,
850 2184 904 2204 nota
924 2182 963 2208 lo,
986 2181 1026 2204 ubi
1048 2181 1128 2203 ultima

277 2226 332 2249 pars
349 2221 468 2248 allegatur.
484 2221 564 2243 Menda
583 2221 634 2243 Vat.
646 2221 789 2243 correximus
806 2221 936 2243 secundum
953 2221 1022 2243 codd.

340 2258 349 2272 ²
366 2259 411 2282 Csr.
429 2259 551 2288 Berna1·d.,
569 2259 638 2287 Epist.
658 2260 711 2282 424.
729 2259 823 2288 (scripta
841 2266 853 2282 a
871 2260 937 2282 Petro
955 2259 1081 2282 venerabili
1098 2259 1128 2281 ad

277 2299 399 2328 Bernard.)
416 2305 440 2321 n.
458 2299 496 2321 20.
515 2304 581 2327 seqq.
598 2311 629 2315 —
646 2299 699 2321 Post
723 2297 784 2322 albis
811 2299 879 2321 BFG
905 2301 927 2321 et
944 2298 980 2321 ed.
1000 2299 1007 2320 4
1038 2299 1128 2321 addunt

276 2337 391 2366 vestibus,
408 2340 431 2360 et
448 2338 466 2360 D
483 2338 566 2360 omittit
582 2344 597 2361 a
615 2337 692 2367 lonqe.

339 2375 348 2389 ⁸
365 2376 439 2400 Codd.
456 2377 502 2399 AG
523 2379 545 2399 et
562 2377 599 2399 ed.
623 2378 630 2398 1
658 2376 768 2399 omittunt
785 2378 903 2405 terrenae,
922 2379 944 2399 et
966 2376 1061 2399 inferius
1083 2382 1126 2405 pro

275 2415 436 2446 inquietudine
447 2415 530 2445 aliqua
542 2417 657 2445 =qravetur
670 2422 696 2438 ex
708 2416 741 2438 eis
753 2422 806 2438 cum
821 2416 838 2438 Β
856 2415 1019 2439 substituimus
1038 2415 1127 2445 inquie-

275 2455 332 2479 tudo
349 2455 431 2485 aliqua
447 2457 588 2485 9eneretur;
605 2456 658 2478 voci
677 2455 774 2479 Ordinis
790 2456 809 2478 D
826 2455 935 2484 praefigit
951 2455 976 2478 in
992 2455 1081 2485 aliquo.

338 2494 348 2508 ‘²
364 2494 420 2524 Cap.
438 2494 595 2518 Prudentiori
611 2494 676 2524 (eh),
695 2495 725 2517 X.
737 2495 767 2517 de
783 2495 863 2518 Officio
875 2497 898 2517 et
914 2497 1027 2523 potestate
1043 2495 1127 2518 iudicis

275 2535 350 2563 deleg.
368 2534 397 2564 (l.
414 2535 504 2557 Decret.
521 2535 555 2557 tit.
572 2534 632 2563 29.),
650 2533 691 2557 ubi
708 2534 805 2562 dicitur,
822 2534 887 2563 quod
908 2543 918 2555 «ι
931 2534 1042 2562 delegatis
1066 2534 1127 2557 iudi-

275 2574 352 2601 cibus,
370 2573 456 2603 quibus
473 2574 600 2602 principale
617 2573 781 2601 committitur,
804 2575 826 2596 et
843 2573 998 2596 accessorium
1022 2574 1126 2596 commit-

275 2615 365 2636 tatur».
383 2612 427 2636 Cfr.
445 2612 502 2636 ibid.
517 2619 537 2635 c.
556 2612 578 2635 5.
595 2625 625 2628 ——
642 2613 756 2641 Superius
777 2619 820 2641 pro
837 2611 900 2636 sicut
920 2612 1030 2636 convenit
1050 2615 1073 2635 et
1091 2612 1126 2636 ita

275 2652 383 2682 competit
400 2652 419 2674 D
434 2651 498 2676 sicut
519 2651 630 2682 competit
648 2651 707 2675 solis
724 2654 746 2674 et
769 2651 802 2675 ita
822 2653 900 2681 potest
916 2653 1060 2681 competere,
1085 2652 1125 2681 qui

275 2691 345 2714 etiam
367 2691 467 2714 subinde
484 2694 537 2720 post
554 2697 664 2715 concessa
682 2691 747 2714 addit
762 2690 904 2714 auctoritas.

339 2729 349 2743 ⁵
366 2731 433 2754 Vers.
451 2731 486 2753 40.
505 2730 608 2754 Subinde
630 2730 758 2759 allegantur
775 2729 848 2753 verba
865 2736 886 2753 c.
904 2731 926 2753 4.
947 2731 1064 2758 Regulae,
1082 2736 1125 2758 pro

276 2769 361 2799 quibus
378 2770 424 2792 AG
441 2773 462 2793 et
478 2770 517 2793 ed.
537 2771 545 2792 4
567 2769 709 2793 substituunt
720 2769 839 2793 Fratrum
855 2775 904 2793 esse
921 2769 1036 2799 Requlam
1048 2770 1125 2793 Evan-

276 2808 364 2839 yelium
381 2808 430 2839 [ed.
450 2809 458 2831 4
480 2808 650 2839 evangelicam]
669 2808 803 2832 observare.

338 2847 348 2860 Β
365 2847 409 2871 Csr.
427 2849 531 2876 Hieron„
549 2849 563 2871 l.
577 2848 706 2871 Comment.
718 2848 741 2870 in
757 2848 834 2871 Matth.
848 2848 889 2876 40,
902 2848 924 2870 9.
936 2854 997 2877 seq.;
1014 2847 1124 2876 August„

276 2888 299 2910 ll.
317 2887 347 2910 de
364 2886 483 2910 Consensu
501 2888 640 2916 Evangelist.
658 2894 679 2910 c.
691 2887 727 2910 30.
745 2894 768 2910 n.
785 2887 823 2910 73.
840 2890 862 2910 et
873 2887 916 2915 75;
928 2887 1003 2915 Beda,
1020 2887 1044 2909 in
1055 2887 1124 2910 Marc.

276 2926 301 2954 6,
320 2926 340 2948 8.
358 2932 407 2955 seq.
423 2928 446 2949 et
463 2926 485 2949 in
502 2927 558 2949 Luc.
575 2927 599 2954 9,
621 2927 642 2949 3.
654 2940 686 2943 -
698 2927 810 2955 Superius
827 2933 870 2955 pro
883 2926 981 2950 vestitus
997 2925 1125 2956 designan-

276 2965 317 2988 tur
332 2964 462 2988 necessarz'z'
477 2965 495 2988 A
504 2966 521 2987 Β
531 2965 550 2987 G
565 2965 731 2989 vestimentum
744 2965 769 2995 [Β
786 2965 913 2994 praemittit
923 2965 1000 2994 omne]
1018 2970 1124 2988 necessa-

276 3002 342 3026 rium
359 3002 512 3033 designatur,
532 3004 569 3027 ed.
592 3004 600 3026 4
622 3003 723 3027 vestium
744 3003 871 3027 necessitas
893 3003 1045 3034 desiqnatur,
1063 3009 1125 3033 quae

276 3042 345 3065 etiam
362 3042 461 3065 subinde
478 3049 521 3071 pro
538 3048 587 3066 non
603 3042 667 3072 ferre
683 3042 800 3066 substituit
815 3049 863 3066 non
881 3042 974 3066 habere.

519 235 717 266 OPUSCULUM
738 235 804 264 XVl.
828 233 1002 263 EXPOSITIO
1024 234 1126 263 SUPER
1149 234 1302 264 REGULAM
1323 235 1478 265 FRATRUM
1499 236 1661 265 MINORUM.
1683 236 1751 265 CAP.
1771 236 1800 265 11.

1188 312 1252 342 liter
1267 312 1312 342 hic
1327 316 1439 342 sanctus
1454 314 1616 343 Franciscus
1631 314 1756 343 concedit
1770 314 1840 343 duas
1854 315 1975 349 tunicas,
1987 316 2035 352 qui

1189 360 1321 397 superius
1342 360 1431 389 dixit:
1458 361 1570 398 Reyula
1591 365 1616 390 et
1636 361 1699 390 vita
1720 361 1870 390 Minorum
1890 362 2036 391 Fratrum

1189 405 1259 435 ltaec
1279 411 1336 441 est,
1358 407 1466 436 scilicet
1490 408 1610 437 Domini
1628 409 1724 438 nostri
1747 409 1814 437 Iesu
1838 408 1948 438 Christi
1967 418 2037 438 san-

1189 456 1267 482 ctum
1280 453 1472 491 Evanyelium
1484 454 1659 484 observare?
1670 471 1709 476 —
1723 455 1896 492 Respondeo:
1912 456 1940 484 In
1953 456 2037 485 Evan-
2052 463 2124 485 solutio.

1188 499 1259 537 gelio
1280 499 1372 528 unius
1393 500 1510 529 tunicae
1524 501 1635 530 nomine
1656 502 1773 531 vestitus
1793 502 1975 539 designantur
1989 510 2037 532 ne-

1189 546 1310 576 cessarii.
1332 547 1409 576 Unde
1439 556 1498 576 non
1519 546 1624 576 habere
1655 548 1733 577 duas
1764 550 1882 578 tunicas
1909 553 1951 579 est
1981 558 2036 580 non

1188 593 1263 623 ferre
1284 594 1428 631 superflua
1448 595 1611 624 vestimenta
1623 595 1642 623 ⁶.
1666 595 1718 624 Sed
1739 596 1805 633 quia
1825 605 1876 633 pro
1891 597 2037 634 Religionis

1189 641 1333 670 honestate
1354 649 1466 670 necesse
1486 644 1543 676 est,
1565 642 1736 671 exteriorem
1757 643 1879 672 tunicam
1900 643 1929 672 in
1950 643 2037 680 longi-

1188 687 1285 716 tudine
1306 689 1334 716 et
1353 687 1499 716 latitudine
1520 688 1555 716 ab
1576 688 1629 716 alia
1650 688 1694 717 vel
1715 688 1775 717 aliis
1796 689 1924 724 differre3
1946 697 2038 719 neces-

1189 735 1295 764 sarium
1317 735 1513 764 vestimentum
1534 735 1632 764 beatus
1646 736 1809 764 Franciscus
1829 736 1857 765 in
1879 736 1948 765 duas
1969 736 2038 765 divi-

1188 782 1224 811 sit
1245 782 1369 816 tunicas,
1391 782 1419 810 in
1441 790 1497 810 una
1518 782 1674 819 intelligens
1695 783 1864 812 exteriorem
1889 783 2037 819 amictum,

1187 832 1220 858 ut
1240 830 1351 858 Fratres
1372 829 1480 866 cappa⁷
1503 832 1645 866 tegantur,
1661 829 1688 858 in
1710 830 1762 859 alia
1783 830 1939 868 intelligens
1957 838 2038 860 omne

1188 876 1299 914 corpori
1322 876 1465 905 manifeste
1485 876 1674 905 necessarium
1696 877 1902 906 vestimentum.

1270 925 1313 952 ll.
1338 924 1374 952 Et
1403 923 1576 961 cingulum,
1598 923 1692 952 funem
1714 924 1828 961 utique,
1850 924 1916 961 quia
1936 924 2038 954 dicitur

1188 971 1272 1000 Isaiae
1293 971 1415 1000 terti0⁸:
1438 970 1503 999 Erit
1520 979 1577 1008 pro
1598 979 1678 999 zona
1705 969 1878 1008 funiculus,
1900 974 1928 1000 et
1955 971 2038 1001 Isaiae

1187 1018 1321 1055 vigesimo
1342 1018 1479 1047 secundo:
1501 1018 1618 1046 Vocavit
1640 1018 1784 1047 Dominus
1805 1018 1838 1047 in
1858 1018 1904 1047 clie
1924 1018 1976 1048 illa
1997 1019 2037 1048 ad

1186 1064 1286 1102 fletum
1308 1069 1333 1094 et
1353 1065 1394 1094 acl
1411 1065 1565 1102 planctum
1586 1068 1611 1093 et
1632 1065 1672 1093 ad
1693 1065 1845 1103 cingulum
1873 1066 1961 1095 sacci.
1983 1066 2038 1095 Hoc

1187 1112 1330 1149 cingulum
1351 1112 1494 1141 funiculus
1515 1115 1572 1146 est,
1594 1112 1660 1149 quia
1674 1113 1745 1141 sacci
1767 1112 1881 1141 funibus
1903 1112 1975 1150 cingi
1996 1120 2039 1141 so-

1187 1159 1252 1188 lent.
1268 1159 1356 1188 Credo
1370 1161 1479 1194 autem,
1494 1162 1621 1188 sanctum
1636 1159 1813 1188 Franciscum
1827 1159 1902 1188 istud
1917 1159 1969 1188 sibi
1982 1159 2040 1189 cin-

1187 1206 1285 1243 gulum
1307 1206 1434 1243 elegisse,
1450 1206 1516 1243 quia
1537 1207 1638 1243 legitur
1653 1206 1782 1235 Matthaei
1803 1206 1936 1244 vigesimo
1956 1206 2039 1244 septi-

1188 1253 1272 1282 mo⁹:
1310 1253 1444 1282 Vinctum
1476 1253 1667 1282 adduxerunt
1697 1262 1763 1282 eum
1795 1257 1821 1282 et
1851 1254 2041 1282 tradiderunt

1188 1300 1293 1329 Pontio
1316 1300 1422 1329 Pilato.
1446 1300 1494 1329 Vel
1513 1302 1588 1329 certe
1610 1300 1650 1328 act
1665 1300 1806 1335 litteram,
1827 1303 1860 1330 ut
1880 1300 1983 1338 cinguli
1998 1300 2039 1329 vi-

1187 1347 1250 1376 litas
1271 1347 1421 1376 concordet
1441 1344 1554 1375 habitus
1574 1347 1685 1382 vilitati,
1714 1351 1746 1376 ut
1767 1348 1819 1377 hoc
1841 1347 1975 1377 cinctorio
1998 1356 2040 1376 ar-

1188 1394 1270 1429 mati,
1292 1394 1418 1423 veritatis
1438 1394 1510 1423 linea
1528 1394 1624 1423 multis
1644 1402 1743 1431 aspera
1757 1395 1791 1423 ab
1813 1395 1933 1424 Ecclesia
1953 1395 2040 1424 nitan-

1188 1444 1235 1470 tur
1256 1441 1417 1470 disturbare
1438 1441 1603 1470 simoniacos
1630 1444 1657 1470 et
1687 1441 1756 1470 alios
1776 1442 1936 1471 scelerosos.
1958 1442 2038 1471 Facto

1187 1488 1261 1517 enim
1282 1488 1391 1525 flagello
1423 1488 1457 1517 de
1487 1488 1636 1523 funiculis,
1667 1488 1802 1518 Dominus
1834 1489 1984 1518 vendentes
2011 1490 2039 1517 et

1187 1537 1310 1564 ementes
1331 1535 1365 1564 de
1387 1535 1482 1572 templi
1511 1535 1554 1564 sui
1579 1535 1683 1564 finibus
1710 1535 1836 1564 noscitur
1858 1535 1986 1570 eiecisse,
2007 1537 2040 1564 ut

1188 1584 1263 1619 patet
1285 1581 1393 1610 Ioannis
1414 1582 1536 1611 secundo
1549 1582 1580 1610 ¹⁰.
1597 1598 1633 1603 —-
1657 1583 1693 1611 Et
1714 1582 1838 1617 bracas,
1860 1590 1982 1619 quarum
1996 1584 2037 1611 est

1187 1629 1337 1659 necessitas
1364 1629 1510 1658 manifesta
1537 1629 1566 1658 in
1586 1629 1697 1658 casibus
1724 1629 1895 1665 innumeris,
1923 1631 2038 1666 propter

1188 1677 1327 1705 humanae
1354 1676 1483 1705 miseriae
1511 1679 1714 1713 tegumentum.
1742 1676 1862 1705 Istarum
1889 1676 2038 1705 bracarum

1186 1732 1242 1752 non
1264 1723 1388 1761 tangitur
1410 1723 1544 1760 qualitas,
1567 1726 1599 1752 ut
1619 1723 1700 1752 liceat
1721 1724 1880 1759 Fratribus,
1902 1723 1925 1752 si
1939 1723 2038 1752 nolunt

1187 1773 1301 1808 tangere
1322 1770 1370 1799 lini
1392 1770 1516 1805 delicias,
1538 1770 1629 1800 bracis
1649 1771 1689 1800 uti
1712 1771 1799 1800 laneis
1812 1771 1857 1800 vel
1877 1771 1959 1800 etiam
1980 1769 2038 1799 cili-

1187 1817 1265 1847 cinis.
1291 1834 1327 1838 —
1351 1818 1387 1846 Et
1406 1826 1585 1855 caparonem
1597 1818 1619 1835 ¹¹
1641 1826 1733 1856 usquc
1755 1818 1795 1847 ad
1816 1818 1984 1856 cingulum,
2006 1822 2038 1847 ut

1187 1873 1265 1894 more
1286 1865 1466 1902 antiquorum
1487 1865 1689 1902 Religiosorum
1709 1865 1898 1903 distinguatur
1925 1865 2037 1894 habitus

1187 1912 1356 1941 novitiorum
1373 1912 1408 1941 ab
1429 1912 1527 1941 babitu
1548 1912 1746 1949 professorum.
1764 1929 1801 1933 —
1815 1912 1854 1941 Ab
1875 1912 1927 1941 ista
1943 1914 2036 1941 autem

1187 1959 1309 1997 generali
1331 1959 1390 1996 lege
1411 1959 1554 1996 excipiens
1568 1959 1658 1988 addit:
1681 1959 1749 1988 Nisi
1768 1959 1875 1988 eisdem
1892 1958 2037 1988 Ministris

1249 2140 1257 2153 ⁷
1275 2140 1408 2163 Secundum
1432 2140 1466 2163 Du
1489 2139 1579 2168 Gange,
1600 2139 1741 2162 Glossarium
1766 2142 1825 2168 etc„
1851 2145 1927 2169 cappa
1952 2140 2035 2169 (capa)

1184 2183 1218 2202 est
1234 2180 1271 2202 vel
1288 2180 1359 2202 vestis
1384 2179 1483 2208 species,
1509 2185 1569 2208 quae
1592 2179 1646 2201 olim
1671 2179 1780 2201 caracalla
1807 2178 1918 2208 (cuculla;
1943 2178 2035 2207 tsidor.,

1184 2219 1246 2241 XIX.
1264 2219 1393 2247 Etymolog.
1405 2225 1424 2241 c.
1435 2218 1472 2241 24.
1484 2225 1506 2240 n.
1530 2218 1571 2240 47:
1589 2217 1678 2241 Casula
1693 2220 1728 2240 est
1746 2218 1818 2240 vestis
1834 2218 1958 2245 cucullata,
1976 2217 2036 2240 dicta

1184 2264 1225 2286 per
1242 2258 1419 2281 diminutionem
1437 2264 1452 2281 a
1468 2263 1536 2286 casa,
1554 2257 1617 2286 quod
1640 2259 1714 2280 totum
1731 2257 1851 2279 hominem
1873 2259 1948 2285 tegat,
1968 2256 2034 2286 quasi

1183 2297 1264 2320 minor
1281 2303 1353 2326 casa;
1371 2297 1433 2320 unde
1445 2300 1468 2320 et
1479 2296 1575 2320 cuculla
1592 2297 1659 2325 quasi
1676 2296 1756 2319 minor
1774 2296 1833 2320 cella
1849 2295 2033 2325 nominabatur),

1184 2339 1206 2359 et
1222 2336 1266 2359 sub
1284 2343 1373 2365 cappae
1390 2337 1484 2359 notione
1501 2336 1613 2364 allegatur
1630 2336 1699 2358 etiam
1717 2336 1860 2358 inconsutilis
1877 2336 1953 2358 tunica
1973 2335 2035 2358 Chri-

1183 2376 1223 2403 sti,
1240 2376 1276 2398 vel
1294 2376 1386 2398 tunicae
1402 2375 1493 2398 laxioris
1510 2378 1532 2397 et
1549 2375 1626 2397 talaris
1642 2375 1743 2403 species,
1760 2380 1821 2404 quae
1833 2375 1914 2397 ceteris
1931 2373 2035 2397 vestibus

1183 2414 1399 2443 superaddebatur,
1417 2415 1479 2443 pallii
1495 2414 1567 2437 instar
1585 2414 1678 2443 (dicitur
1700 2420 1773 2444 capa,
1799 2414 1854 2443 quia
1871 2414 1937 2443 quasi
1960 2416 2033 2436 totum

1184 2454 1302 2477 hominem
1321 2453 1418 2483 capiat).
1435 2453 1504 2482 Capis
1521 2456 1640 2482 praeterea
1658 2455 1736 2476 assuta
1753 2456 1817 2476 erant
1838 2456 1860 2476 et
1880 2452 2034 2476 cohaerebant

1183 2493 1287 2523 caputia.
1300 2493 1346 2516 Ctr.
1363 2493 1452 2521 Regula
1464 2493 1488 2516 S.
1504 2493 1621 2515 Benedicti
1632 2495 1786 2516 commentata
1800 2493 1896 2522 (Migne,
1913 2493 1972 2515 Patr.
1985 2493 2032 2515 Lat.

1183 2535 1239 2555 tom.
1257 2533 1294 2555 66.
1320 2533 1362 2555 col.
1380 2532 1433 2555 774.
1451 2532 1522 2561 seq.),
1543 2531 1583 2555 ubi
1608 2532 1678 2555 etiam
1702 2532 1843 2559 insinuatur,
1869 2532 1933 2561 quod
1958 2537 2032 2560 cappa

1183 2579 1236 2595 cum
1254 2571 1337 2596 melote
1360 2571 1557 2599 confundebatur,
1574 2578 1635 2600 quae
1656 2571 1686 2594 ab
1707 2572 1799 2600 Isidor.,
1821 2571 1883 2594 XIX.
1900 2571 2030 2600 Etymolog.

1182 2618 1203 2634 c.
1220 2611 1258 2634 24.
1275 2618 1297 2634 n.
1320 2612 1357 2634 49.
1375 2610 1525 2634 describitur:
1545 2610 1649 2639 Metotes,
1672 2617 1733 2640 quae
1753 2611 1823 2633 etiam
1836 2616 1899 2640 pera
1924 2612 2032 2638 vocatur,

1182 2651 1247 2679 pellis
1264 2653 1298 2674 est
1315 2651 1422 2679 caprina,
1439 2657 1451 2673 a
1473 2651 1530 2673 collo
1547 2650 1663 2678 pendens,
1684 2650 1815 2678 praecincta
1833 2656 1908 2679 usque
1930 2650 1960 2673 ad
1976 2650 2032 2672 lum-

1182 2690 1233 2713 bos.
1250 2703 1280 2706 —
1297 2689 1354 2713 Cod.
1372 2690 1390 2712 D
1406 2696 1436 2713 ne
1452 2690 1552 2713 Fratres
1564 2688 1645 2719 cappis
1663 2690 1790 2719 tegantur,
1810 2689 1847 2712 ed.
1861 2689 1869 2711 4
1886 2695 1916 2712 ne
1932 2688 2033 2712 Fratres

1181 2729 1274 2759 capreis
1291 2730 1411 2759 teqantur.

1244 2767 1253 2781 ⁸
1270 2769 1337 2791 Vers.
1355 2768 1392 2791 24.
1409 2771 1430 2791 et
1447 2768 1502 2791 dein
1519 2769 1560 2796 22,
1579 2768 1617 2791 42.
1633 2780 1664 2785 -
1681 2768 1776 2791 Inferius
1788 2774 1830 2796 pro
1846 2766 1944 2797 funibus
1961 2767 1980 2790 D
1995 2767 2031 2797 fu-

1180 2807 1274 2831 niculis.
1897 2805 1907 2819 ⁹
1925 2807 1989 2829 Vers.
2007 2807 2029 2829 2.

1245 2845 1264 2859 ¹⁰
1281 2847 1348 2870 Vers.
1367 2846 1404 2869 45.
1421 2847 1464 2869 Pro
1484 2845 1572 2876 finibus
1590 2846 1609 2869 G
1625 2848 1648 2869 et
1666 2846 1704 2869 ed.
1723 2846 1730 2868 4
1755 2845 1855 2876 foribus.
1871 2858 1903 2862 —
1920 2845 2031 2874 Superius

1181 2892 1224 2914 pro
1249 2885 1359 2909 nitantur
1376 2886 1428 2909 Vat.
1453 2885 1588 2914 videantur,
1607 2888 1630 2908 et
1653 2891 1696 2914 pro
1721 2884 1858 2908 disturbare
1882 2884 1920 2907 ed.
1946 2885 1954 2906 4
1984 2883 2030 2907 dis-

1180 2931 1301 2955 rumpere.

1244 2963 1263 2977 ¹²
1281 2964 1415 2987 Secundum
1432 2964 1467 2987 Du
1485 2963 1577 2992 Gange,
1593 2963 1736 2987 Glossarium
1750 2965 1793 2986 etc.
1806 2962 1899 2993 Gaparo
1917 2962 2027 2992 (capero,

1180 3003 1274 3033 capii-o)
1292 3006 1326 3026 est
1342 3006 1435 3031 tegmen
1452 3003 1545 3031 capitis,
1562 3003 1662 3030 cuculla,
1679 3003 1709 3026 ita
1732 3003 1792 3025 dicta
1809 3005 1919 3031 tanquam
1936 3000 2029 3025 brevior

1180 3048 1254 3072 capa,
1271 3048 1332 3071 quae
1349 3042 1431 3065 maiori
1448 3048 1521 3070 capae
1538 3041 1700 3065 substernitur.

2053 919 2130 956 continui
