2133 3317
278 224 425 253 LXXXVIII

280 305 370 325 exeunt.
387 314 417 318 -—
439 302 547 330 Legenda
574 301 653 329 incipit
678 301 727 323 sine
753 300 847 322 nomine
872 299 984 322 auctoris:
1012 298 1130 329 Apparuit

279 349 360 379 pratia
377 349 420 372 Dei
436 351 479 371 etc.
499 348 584 371 Desinit
601 351 625 370 ut
648 348 669 370 in
687 347 762 370 editis.
780 346 886 369 Pluribus
907 347 931 368 in
956 346 1011 368 locis
1033 345 1063 368 ob
1087 347 1129 368 hu-

279 395 407 418 miditatem
425 394 497 417 verba
514 400 574 422 pene
591 394 665 417 deleta
682 396 743 416 sunt.

344 442 379 465 14.
398 443 521 472 Auslustae
540 440 716 468 Taurinorum,
736 439 873 463 bibliotheca
891 440 1063 467 Universitatis,
1077 440 1129 462 cod.

280 491 296 512 l.
317 490 353 512 Vl.
371 490 408 511 33.
426 488 524 511 membr.
541 489 564 510 in
582 488 603 510 4.
621 493 681 510 saec.
705 487 764 509 XIV.
781 500 812 503 —-
829 487 937 515 Legenda
957 487 1037 515 incipit
1054 487 1089 509 Iol.
1109 487 1129 508 sl.

281 543 300 559 r.
317 536 407 559 verbis:
426 535 510 565 Incipit
526 534 642 564 proloqas
658 534 683 557 in
699 534 773 557 vitam
786 533 848 557 beati
863 533 994 557 Francisci.
1011 533 1131 563 Apparuit

283 583 363 614 qratia
381 583 423 606 Dei
438 586 486 609 etc.>
500 582 586 605 Desinit
598 582 635 604 soi.
649 582 685 604 88.
697 587 716 603 r.
729 587 782 603 cum
795 581 925 603 additione:
940 579 1079 610 Empliciunt
1090 579 1130 603 mi-

282 630 369 654 racala
379 631 432 660 post
444 630 545 652 mortem
557 628 618 652 beati
628 627 754 651 Francisci
764 629 866 656 ostensa,
878 633 979 650 numero
992 627 1042 650 LX.
1056 628 1078 650 et
1088 627 1129 650 ΙΙΙ.

349 678 381 700 15.
400 677 498 705 Ibidem,
517 676 568 699 cod.
587 677 602 698 l.
623 676 658 698 lV.
677 676 714 698 23.
734 674 832 697 membr.
850 675 871 697 in
890 675 926 697 tol.
944 681 1004 697 saec.
1022 675 1079 697 XIII.
1096 681 1131 697 ex-

280 728 341 747 eunt.
363 737 391 740 —
412 725 457 746 Fol.
477 724 529 746 200.
551 730 590 745 v.:
609 722 692 752 Incipit
707 721 826 752 proloqzts
843 721 867 744 in
884 721 957 745 citam
974 721 1036 744 beati
1054 721 1131 744 Fran-

280 771 342 795 cisci.
362 771 449 793 Desinit
468 771 504 793 t'ol.
523 770 575 792 237.
594 770 653 792 utin
670 769 744 792 editis.
762 768 850 791 Deinde
867 769 903 791 sol.
916 768 969 790 29l.
981 768 1023 790 alia
1041 774 1131 795 manus,

281 818 322 841 sed
340 818 444 840 eiusdem
462 817 560 844 saeculi,
577 816 684 844 scripsit:
701 815 849 839 Miraculum
866 814 893 838 cle
911 814 975 838 beato
993 814 1130 838 Francz'sco.

283 864 386 893 Quidam
402 870 447 894 pro
464 863 526 893 furti
542 862 681 893 calumpnia
693 864 787 886 cecatus
803 862 851 892 fuit
866 862 946 892 riqore
963 861 1079 885 secularis
1096 862 1132 885 iu-

280 912 342 936 stitie
358 915 402 935 etc.
420 913 457 934 Est
482 912 619 934 miraculum
646 911 676 933 de
698 911 840 933 restitutione
857 911 992 937 oculorum,
1015 910 1078 939 quod
1100 910 1133 932 in-

282 960 381 982 serimus
399 959 456 981 insra
474 965 528 986 pag.
546 958 604 985 560,
620 960 673 980 nota
693 958 714 980 4.

349 1007 383 1028 16.
402 1007 523 1035 Anyti-stae
546 1004 713 1032 Trevirorum,
732 1004 869 1027 bibliotheca
888 1003 992 1031 Publica,
1009 1004 1060 1026 cod.
1079 1003 1132 1025 558.

282 1055 354 1076 chart.
371 1053 395 1075 in
413 1053 449 1075 sol.
467 1058 527 1074 saec.
546 1052 596 1075 XV.
614 1054 702 1074 exeunt.
721 1065 749 1067 —
768 1052 816 1073 Fol.
833 1052 854 1073 2.
872 1058 902 1073 r.:
919 1050 1003 1080 Incipit
1015 1050 1132 1080 proloyus

283 1100 308 1123 in
325 1100 398 1123 vitam
416 1099 477 1122 beati
497 1098 623 1122 Francisci
647 1098 796 1128 confessoris.
816 1098 904 1120 Desinit
925 1098 961 1120 fol.
985 1104 1032 1120 non
1054 1104 1132 1120 nume-

283 1150 333 1170 rato
354 1153 407 1170 cum
434 1146 561 1174 additione:
583 1145 723 1176 Exi-pliciunt
745 1145 865 1168 miracala
880 1146 936 1175 post
955 1146 1057 1168 ‘'nortem
1074 1144 1135 1167 beati

284 1194 410 1218 Francisci
426 1195 528 1217 ostensa.

351 1240 384 1263 l7.
402 1239 559 1270 Bamberssae,
576 1239 714 1262 bibliotheca
727 1239 841 1266 Civitatis,
854 1239 905 1261 cod.
919 1240 942 1261 E.
955 1239 985 1261 lli.
1000 1239 1021 1261 8.
1033 1237 1132 1261 membr.

285 1288 306 1310 in
325 1288 362 1310 sol.
379 1294 438 1310 saec.
458 1287 517 1309 XIV.
534 1299 565 1303 —
583 1287 630 1309 Fol.
648 1287 668 1308 2.
681 1293 699 1308 r.
717 1286 812 1314 legitur:
832 1285 914 1315 Incipit
928 1285 1046 1315 prolapus
1064 1284 1089 1307 in
1102 1283 1133 1307 ci-

284 1336 333 1358 tam
346 1334 407 1358 beati
417 1333 548 1357 Francisci.
566 1332 684 1363 Apparuit
695 1335 738 1356 etc.
751 1333 837 1355 Desinit
854 1333 892 1355 sol.
910 1332 947 1354 94.
959 1339 977 1354 r.
991 1334 1014 1354 ut
1026 1332 1047 1354 in
1060 1332 1134 1354 editis.

348 1382 384 1404 18.
402 1381 502 1408 Ibidem,
520 1381 571 1404 cod.
585 1382 608 1403 E.
627 1381 671 1403 Vll.
684 1381 722 1403 75.
740 1379 838 1402 membr.
850 1379 873 1401 in
892 1379 912 1401 4,
926 1385 986 1402 saec.
1004 1379 1063 1401 XIV.
1081 1381 1134 1406 post

284 1429 438 1452 medietatem.
460 1442 490 1444 —
507 1429 561 1456 Pag.
580 1429 614 1450 2.:
628 1427 711 1457 Incipit
727 1426 845 1457 proloqus
862 1426 970 1449 invitam
989 1425 1050 1448 beati
1060 1425 1135 1448 Fran-

285 1476 346 1500 cisci.
366 1477 450 1499 Desinit
467 1482 522 1504 pag.
547 1476 607 1497 113ι
624 1474 661 1498 Act
684 1474 778 1497 taudem
797 1476 819 1497 et
835 1474 939 1504 aloriam
958 1473 1031 1496 unius
1049 1472 1092 1496 Dei
1113 1474 1135 1495 et

286 1523 354 1551 trini,
373 1523 415 1553 qui
430 1522 486 1546 vivit
503 1524 525 1546 et
541 1524 628 1552 reqnat
644 1521 669 1545 in
685 1521 766 1545 secula
783 1521 928 1545 seculorum.
945 1521 1027 1544 Amen.

352 1570 384 1592 19.
404 1569 521 1597 Bassiane,
539 1569 675 1591 bibliotheca
695 1568 798 1597 Publica,
811 1569 863 1591 cod.
876 1569 900 1590 Β.
919 1568 962 1590 Vll.
980 1568 1017 1590 32.
1036 1566 1134 1589 membr.

284 1617 307 1639 in
326 1617 348 1639 8.
367 1623 426 1639 saec.
446 1617 500 1639 Xlll.
517 1629 547 1633 —
565 1617 610 1638 Fol.
629 1617 650 1639 2.
668 1622 686 1638 r.
706 1616 802 1643 legitur:
820 1615 903 1644 Incipit
917 1614 1035 1644 prologus
1058 1614 1082 1637 in
1104 1613 1135 1636 ui·

285 1666 334 1687 tam
352 1664 413 1687 beati
434 1663 564 1687 Francisci.
582 1662 701 1693 Apparuit
716 1666 758 1685 etc.
777 1663 863 1685 Desinit
888 1663 924 1685 sol.
941 1669 963 1684 v.
988 1668 1034 1684 non
1057 1668 1134 1684 nume-

284 1714 334 1734 rato
352 1714 375 1734 ut
393 1712 413 1733 in
432 1711 539 1733 editione.

348 1758 385 1780 20.
404 1758 505 1785 Bet-nae,
524 1756 661 1779 bibliotheca
678 1756 792 1783 Civitatis,
809 1756 861 1778 cod.
880 1755 932 1778 463.
951 1756 1045 1778 miscell.
1069 1756 1090 1777 in
1110 1755 1131 1777 4.

285 1811 345 1827 saec.
364 1804 414 1826 XV.
437 1804 522 1826 ineunt.
542 1816 569 1819 —-
587 1804 633 1826 Fol.
653 1804 671 1825 1.
689 1810 708 1825 r.
733 1806 767 1826 est
792 1803 897 1825 rubrica:
920 1802 1004 1832 Incipit
1019 1802 1135 1832 proloqus

287 1851 311 1874 in.
328 1851 375 1874 rrita
394 1850 455 1874 beati
470 1850 601 1874 Francisci.
620 1850 719 1873 Desinit:
737 1849 914 1879 maynificentia
939 1849 1033 1872 virtutis
1049 1848 1134 1872 altissi-

286 1898 330 1927 mi,
348 1898 387 1921 cai
402 1900 436 1921 est
461 1898 537 1921 honor
558 1899 580 1921 et
603 1897 682 1927 ¹aloria
699 1897 724 1920 in
741 1896 829 1920 secula.
856 1898 939 1920 Amen.
967 1895 1071 1926 Explicit
1087 1896 1136 1919 vita

287 1945 415 1969 beatissimi
431 1945 564 1968 Francisci.
583 1945 664 1968 Omnia
682 1945 734 1967 solia
753 1945 872 1967 chartacea
889 1950 964 1973 usque
981 1943 1009 1966 ad
1027 1943 1135 1965 medleta-

286 1996 331 2016 tem
350 1995 402 2015 sunt
419 1994 493 2015 lacera
511 1995 533 2014 et
549 1992 675 2020 illegibilia.

348 2040 386 2062 21.
404 2038 528 2066 Bituricis,
548 2038 685 2061 bibliotheca
703 2038 818 2066 Civitatis⁷
836 2038 887 2060 cod.
908 2038 945 2060 92.
958 2036 1057 2060 membr.
1074 2037 1096 2059 in
1116 2037 1136 2058 8.

285 2092 346 2109 saec.
364 2086 415 2108 XV.
432 2098 462 2102 --
480 2086 532 2108 Post
550 2085 591 2107 alia
609 2091 679 2113 opera
702 2085 738 2107 sol.
763 2091 808 2106 non
827 2086 959 2106 numerato:
983 2083 1068 2112 Incipit
1080 2089 1135 2112 pro-

286 2131 355 2161 loyus
377 2132 400 2154 in
418 2131 492 2155 vitam
513 2131 591 2154 sancti
610 2130 741 2154 FranciScz'.
765 2129 884 2159 Apparuit
905 2132 949 2152 etc.
971 2129 1058 2152 Desinit
1080 2135 1134 2151 cum

287 2179 415 2201 additione:
433 2177 572 2207 Empiz'cz‘ma
593 2177 694 2207 quedam
711 2176 831 2200 miracula
846 2178 902 2206 post
922 2176 1052 2199 transitum
1076 2175 1136 2199 beati

286 2225 416 2249 Francisci.

349 2274 385 2295 22.
404 2273 511 2300 Bonnae,
531 2272 669 2294 bibliotheca
686 2271 857 2298 Universitatis,
875 2271 927 2293 cod.
949 2271 1001 2293 364.
1020 2271 1091 2293 chart.
1113 2270 1134 2292 in

286 2321 323 2343 sol.
341 2326 399 2342 saec.
418 2319 469 2342 XV.
487 2332 515 2334 —
534 2319 604 2341 Folio.
628 2319 649 2340 l.
671 2325 688 2340 r.
707 2318 800 2346 legitur:
822 2317 908 2347 Incipit
920 2317 1039 2347 prolapus
1062 2317 1085 2340 in
1106 2317 1134 2340 ni-

286 2369 335 2390 tam
360 2366 420 2389 beati
445 2366 569 2389 Franciscz'
589 2365 737 2394 confessoris.
763 2364 847 2387 Desinit
872 2365 908 2386 sol.
935 2364 972 2386 63.
999 2370 1018 2386 r.
1044 2363 1133 2386 verbis:

289 2414 427 2444 Ezpliciaut
443 2413 563 2437 miracula.
579 2415 631 2443 post
648 2412 778 2436 transitum
796 2412 856 2435 beati
872 2411 996 2435 Francisci
1013 2413 1113 2434 ostensa.

350 2462 386 2483 23.
406 2460 549 2490 Brnuopoli,
567 2460 705 2483 bibliotheca
726 2459 839 2487 Civitatis,
857 2459 907 2481 cod.
931 2459 979 2481 144,
998 2459 1092 2481 miscell.
1111 2459 1134 2480 in

288 2509 310 2531 8.
327 2514 387 2531 saec.
405 2508 464 2530 XIV.
482 2507 585 2530 exeuntis
602 2510 623 2529 et
636 2507 735 2529 ineuntis
752 2506 815 2531 XV..
834 2505 926 2529 duabus
939 2505 1045 2528 manibus
1058 2512 1134 2527 exara-

287 2558 330 2578 tus.
348 2567 379 2571 —
396 2555 457 2577 Folio
479 2555 494 2576 1.
514 2561 531 2576 r.
550 2557 583 2576 est
600 2553 705 2576 rubrica:
728 2552 835 2582 Leaenae
853 2552 930 2575 sancti
947 2552 1073 2575 Francius
1089 2558 1134 2581 per

286 2608 407 2625 sermones
424 2601 540 2625 (Iistinctav
562 2600 641 2624 Venite
657 2600 689 2623 acl
705 2606 742 2622 me
760 2606 865 2623 omnes...
882 2599 988 2629 reficiam
1007 2605 1054 2622 cos.
1067 2600 1133 2622 Matt.

288 2649 323 2673 sll.
351 2649 416 2673 chle
438 2648 594 2672 Bernartius:
618 2647 722 2671 illandus
744 2647 815 2671 clz'cit:
836 2647 884 2677 qu
907 2646 1014 2677 deficiam
1032 2650 1073 2669 etc.
1098 2648 1134 2669 Se-

287 2700 391 2725 quuntur
408 2696 540 2725 quindecim
559 2702 677 2718 sermones
694 2695 860 2723 respondentes
879 2694 1012 2722 quindecim
1029 2694 1135 2721 capitulis

286 2744 410 2772 Legendae
426 2744 497 2766 sancti
515 2743 642 2769 Francisci3
660 2742 776 2771 sequitur:
788 2742 821 2764 De
839 2740 986 2770 indutqentia
998 2742 1078 2764 sancte
1087 2740 1135 2763 Ma-

287 2791 321 2813 rie
338 2790 361 2813 in
380 2790 551 2817 Porismwnlffi·
571 2790 619 2819 qu
636 2789 698 2812 sicut
714 2788 774 2812 oltra
789 2788 913 2818 fractifi’ra
932 2790 987 2814 etc.‚
999 2790 1021 2810 et
1032 2787 1069 2810 alii
1081 2793 1135 2816 qua-

288 2841 346 2859 tuor.
370 2837 455 2859 Desinit
473 2843 532 2864 opus
558 2837 594 2858 fol.
613 2836 649 2858 64..
667 2842 685 2857 r.
710 2835 801 2857 verbis:
824 2834 942 2864 elonyatio
960 2834 1012 2862 Dei,
1038 2834 1134 2857 amissio

288 2884 368 2913 requi,
393 2882 593 2912 appropinquatio
616 2882 709 2905 cliabolz‘.
728 2882 774 2905 Hec
792 2881 836 2905 ille.
855 2882 972 2911 Romulus
997 2881 1132 2904 Dominum.

290 2931 394 2961 Eoeplicit
411 2930 510 2960 leyencla
526 2930 603 2953 sancti
619 2929 745 2953 Francisci
761 2936 816 2952 cum
834 2929 976 2959 quibusdam
994 2928 1134 2952 thematibus

288 2978 315 3001 [le
332 2977 436 3001 eiusdem
454 2978 511 3007 sesto
534 2977 642 3006 sumptis.
661 2978 687 2999 In
706 2977 827 3006 principib
841 2977 868 3000 (Ie
885 2977 935 3000 eius
958 2975 1134 3000 conversatione

990 220 1232 250 PROLEGOMENA
1253 220 1281 249 C.
1304 221 1333 249 II.

1185 298 1211 322 in
1227 298 1309 322 babitu
1325 298 1447 322 saeculari
1457 300 1511 327 etc,
1520 304 1567 328 pro
1580 304 1625 328 quo
1640 298 1701 321 Deus
1718 297 1838 327 yloriosus
1855 298 1886 321 sit
1901 297 2033 321 benedictus

1185 345 1210 368 in
1227 345 1307 369 secula
1323 345 1468 369 secutorum.
1486 347 1569 369 Amen.

1249 393 1286 415 24.
1303 392 1438 421 Bruoeellis,
1457 392 1595 415 bibliotheca
1612 392 1697 421 Regia,
1715 392 1766 414 cod.
1786 392 1894 414 1638-49.
1917 393 1989 415 chart.
2012 393 2034 414 in

1187 439 1208 461 4.
1225 446 1285 462 saec.
1303 440 1353 462 XV.
1370 452 1401 456 —
1418 440 1464 462 Fol.
1482 445 1529 462 non
1552 441 1673 461 numerato
1690 445 1708 461 r.
1734 438 1830 467 legitur:
1853 438 1937 468 Incipit
1955 438 2035 468 prolo-

1186 493 1231 516 qus
1249 486 1339 510 [lamini
1355 487 1521 510 Bouaventure
1537 486 1562 508 in
1574 486 1622 509 cita
1634 485 1763 509 beatissimi
1778 485 1903 509 Francisci
1921 485 2035 515 confesso-

1186 533 1228 556 ris.
1246 533 1365 563 Apparuit
1389 537 1429 556 etc.
1458 533 1545 555 Desinit
1571 532 1615 555 sub
1633 533 1766 555 additione:
1792 532 1892 555 Finiunt
1915 531 2035 555 miracula

1187 579 1288 610 quedam
1304 581 1357 609 post
1373 581 1476 603 mortem
1493 579 1554 602 beati
1575 578 1700 602 Francis-ci
1716 580 1770 602 acta
1787 580 1808 602 et
1824 585 1840 601 a
1859 581 1941 602 sancto
1959 579 2036 602 Bona-

1186 628 1288 650 ventura
1300 626 1424 656 seraphico
1436 626 1532 650 doctore
1544 626 1617 656 ipsius
1634 626 1679 649 vite
1696 632 1805 650 connecca
1821 632 1863 649 nec
1880 632 1928 649 non
1945 625 2033 656 scripta

1184 680 1229 704 per
1254 674 1356 703 fi‘atrem
1381 673 1528 697 Anthonium
1553 672 1580 696 (le
1606 672 1689 702 Beryis
1713 678 1885 702 suprazomam
1915 674 2036 696 cantorem

1187 723 1309 750 nostrum,
1328 727 1392 744 anno
1418 720 1515 744 Domini
1538 721 1564 744 M
1589 720 1662 744 0000
1684 720 1770 744 XCIII.
1791 720 1815 743 in
1838 720 1944 750 profesto
1960 720 2038 744 sancti

1189 768 1286 798 Geni-qa
1298 768 1421 798 martyris.

1251 817 1289 839 25.
1307 815 1406 843 Ibiclem,
1425 815 1476 838 cod.
1495 816 1607 837 2529-32.
1624 814 1724 837 membr.
1741 815 1762 836 in
1777 814 1795 836 4.
1811 820 1870 837 saec.
1883 814 1934 837 XV.
1947 827 1976 830 —
1989 815 2036 837 Fol.

1188 870 1207 886 r.
1224 870 1269 886 non
1293 865 1427 885 numerato:
1445 862 1529 892 Incipit
1549 861 1667 891 proloyns
1690 862 1856 884 Bonaventure
1875 860 1959 884 invita
1976 860 2036 884 beati

1188 909 1314 933 Francisct
1329 909 1479 939 confessoris.
1499 909 1619 939 Apparuit
1635 912 1677 931 etc.
1696 908 1782 931 Desinit
1799 909 1836 931 tol.
1854 908 1934 930 ultimo
1951 907 2037 930 codicis

1189 960 1213 980 ut
1229 958 1251 979 in
1269 957 1343 979 editis.

1252 1005 1288 1026 26.
1307 1003 1406 1031 Ibidem,
1431 1003 1482 1026 cod.
1502 1002 1612 1025 1970-78.
1635 1002 1728 1025 miscell.
1747 1002 1769 1024 in
1796 1002 1817 1024 4.
1842 1008 1902 1024 saec.
1928 1001 1989 1024 XIV.
2009 1014 2037 1017 —-

1188 1052 1235 1074 Fol.
1253 1052 1271 1073 1.
1288 1057 1305 1073 r.
1324 1051 1417 1078 legitur:
1437 1049 1521 1079 Incipit
1537 1049 1651 1079 proloyus
1669 1048 1693 1071 in.
1707 1048 1778 1072 tritam
1791 1048 1851 1071 beati
1864 1047 1944 1077 patris
1959 1048 2038 1071 Fran-

1189 1098 1252 1121 cisci.
1272 1098 1358 1120 Desinit
1380 1098 1415 1120 sol.
1433 1097 1470 1119 64.
1488 1103 1506 1119 r.
1519 1103 1573 1119 cum
1585 1097 1743 1119 conclusione:
1762 1095 1901 1125 Expliciant
1917 1095 2037 1118 miracula

1187 1147 1242 1175 post
1259 1144 1320 1167 beati
1336 1143 1461 1167 Francisci
1476 1143 1606 1166 transitum
1624 1144 1724 1165 ostensa.

1254 1192 1291 1214 27.
1310 1191 1409 1220 Ibidem,
1430 1191 1481 1214 cod.
1500 1190 1626 1213 20073-74.
1647 1191 1718 1212 chart.
1736 1195 1796 1212 saec.
1814 1189 1874 1211 XVI.
1891 1201 1922 1205 —
1939 1189 2001 1211 Folio
2018 1195 2037 1211 r.

1190 1246 1237 1262 non
1255 1243 1388 1262 numerato:
1408 1238 1493 1268 Incipit
1506 1237 1623 1268 prolapus
1640 1237 1684 1260 cite
1701 1236 1762 1260 beati
1777 1236 1854 1266 patris
1871 1236 1949 1259 nostri
1965 1235 2039 1259 Fran-

1190 1286 1252 1310 cisci.
1270 1286 1391 1316 Apparuit
1406 1289 1448 1308 etc.
1467 1285 1554 1308 Desinit
1571 1285 1607 1307 tol.
1624 1291 1643 1307 r.
1661 1285 1681 1306 in
1699 1284 1755 1312 sine,
1773 1284 1852 1306 addito
1869 1285 1972 1306 tantum:
1993 1282 2039 1306 Em-

1187 1333 1290 1363 pticiunt
1307 1332 1436 1356 miracula.

1255 1381 1292 1402 28.
1310 1379 1481 1409 Cantabriqae,
1502 1378 1639 1401 bibliotheca
1664 1377 1837 1404 universitatis,
1858 1377 1909 1399 cod.
1932 1377 1985 1399 Mm.
2003 1377 2039 1399 IV.

1191 1428 1212 1450 6.
1231 1426 1329 1449 membr.
1348 1427 1370 1449 in
1395 1427 1431 1449 Iol.
1449 1432 1509 1449 saec.
1535 1426 1590 1448 Xlll.
1615 1429 1705 1448 exeunt.
1722 1437 1754 1441 -—
1770 1425 1834 1447 Folio
1860 1425 1878 1446 l.
1900 1430 1919 1446 r.
1941 1424 2039 1452 legitur:

1191 1473 1276 1503 Incipit
1294 1473 1341 1496 uita
1358 1472 1437 1496 sancei
1454 1472 1583 1496 Francisci.
1598 1472 1649 1500 Quo
1667 1471 1750 1494 ordine
1767 1471 1814 1501 fuit
1829 1477 1968 1494 conversus.
1985 1470 2040 1494 Fuit

1191 1520 1216 1543 iu
1233 1520 1303 1543 vallis
1320 1520 1459 1549 spoletanae
1481 1519 1567 1550 finibus
1585 1522 1628 1541 ete.
1649 1520 1723 1546 Saepe
1740 1518 1833 1546 saepius
1850 1520 1884 1541 est
1907 1518 2039 1545 immutata,

1192 1567 1261 1590 habet
1278 1568 1340 1589 enim
1362 1568 1386 1589 l3
1405 1567 1504 1595 capitula
1529 1569 1615 1589 tantum
1639 1572 1665 1588 ac
1687 1566 1818 1588 destituitur
1839 1565 1899 1588 serie
1921 1565 2039 1588 miraculo-

1191 1621 1251 1637 rum.
1270 1614 1356 1637 Desinit
1374 1615 1410 1637 sol.
1429 1614 1466 1636 15.
1479 1621 1515 1636 r.:
1527 1615 1639 1643 operante
1655 1613 1696 1636 Itec
1713 1612 1793 1636 omnia
1809 1612 1906 1635 virtutis
1925 1611 2041 1635 Altissimi

1191 1660 1381 1690 mayuificentia,
1399 1660 1438 1684 cui
1456 1660 1502 1683 soli
1518 1662 1553 1683 est
1574 1659 1651 1683 honor
1667 1661 1689 1682 et
1710 1658 1789 1689 aloria
1806 1658 1831 1681 in
1847 1658 1928 1682 secula
1950 1658 2041 1682 secalo-

1191 1714 1255 1731 rum.
1274 1709 1356 1731 Amen.

1255 1756 1292 1777 29.
1311 1754 1471 1782 Garlsruhae,
1490 1753 1627 1776 bibliotheca
1645 1753 1816 1780 Archiducalis,
1832 1753 1883 1775 cod.
1896 1752 2040 1775 Durlecensis

1192 1803 1229 1825 37.
1247 1803 1319 1825 chart.
1339 1802 1360 1824 in
1378 1802 1414 1824 sol.
1432 1807 1492 1824 saec.
1510 1801 1561 1823 XV.
1577 1813 1608 1817 —
1624 1801 1671 1823 Fol.
1688 1801 1709 1822 2.
1726 1807 1759 1822 r.:
1779 1799 1863 1830 Incipit
1876 1799 1993 1829 proloyus
2016 1799 2041 1822 in

1192 1850 1265 1873 vitam
1282 1849 1344 1872 beati
1361 1848 1491 1872 Francis-ci.
1509 1847 1629 1878 Apparuit
1644 1850 1687 1869 ele.
1700 1847 1785 1870 Desinit
1803 1847 1839 1869 fol.
1855 1853 1879 1869 v.
1897 1853 1943 1869 non
1961 1853 2041 1869 nume-

1191 1900 1241 1920 rato
1259 1900 1282 1919 ut
1299 1897 1321 1919 in
1339 1896 1414 1919 editis.

1256 1945 1293 1967 30.
1311 1943 1420 1971 Casellis,
1443 1942 1581 1965 bibliotheca
1593 1942 1745 1968 territorialis,
1763 1941 1814 1964 cod.
1827 1942 1896 1964 theol.
1914 1941 1951 1963 67.
1969 1942 2040 1964 chart.

1192 1992 1228 2015 tol.
1246 1997 1306 2014 saec.
1324 1991 1376 2013 XV.
1389 1993 1480 2013 exeunt.
1493 2002 1523 2006 —
1540 1989 1646 2018 Legenda
1660 1989 1738 2017 incipit
1756 1989 1793 2011 sol.
1810 1995 1828 2011 r.
1843 1995 1890 2011 non
1908 1990 2039 2016 numerato,

1191 2039 1240 2061 sine
1258 2039 1303 2061 ullo
1321 2038 1398 2060 titulo:
1417 2036 1535 2066 Apparuit
1547 2036 1627 2066 qratia
1646 2035 1687 2059 Dei
1697 2035 1831 2059 Salvatoris
1851 2039 1894 2058 etc.
1913 2035 1999 2057 Desinit
2010 2035 2040 2057 in-

1191 2085 1305 2113 completa
1323 2091 1373 2112 cap.
1393 2085 1419 2106 6:
1439 2084 1471 2106 De
1488 2082 1620 2106 humilitate
1637 2084 1660 2105 et
1675 2081 1803 2105 obedientia
1821 2085 1875 2110 etc.,
1892 2083 1952 2104 circa
1971 2082 2040 2104 finem

1192 2132 1293 2160 capituli.

1256 2179 1293 2201 31.
1312 2177 1485 2207 Confluentiae,
1506 2176 1643 2199 bibliotheca
1661 2176 1791 2204 Gymnasii,
1814 2176 1865 2198 cod.
1892 2176 1925 2198 13.
1942 2175 2040 2198 membr.

1192 2226 1213 2247 in
1233 2225 1253 2247 4.
1274 2231 1334 2247 saec.
1355 2225 1406 2246 XV.
1426 2237 1455 2240 -—
1472 2224 1580 2251 Legenda
1598 2223 1677 2251 incipit
1694 2223 1731 2245 tol.
1744 2223 1764 2244 l.
1782 2229 1800 2244 r.
1813 2222 1903 2245 verbis:
1920 2221 2039 2252 Prologus

1191 2271 1269 2295 sancti
1280 2272 1445 2294 Bonauenture
1465 2270 1490 2293 in
1508 2270 1581 2293 vitam
1593 2269 1654 2292 beati
1667 2269 1746 2299 patris
1758 2268 1883 2292 Francisci
1896 2268 1973 2298 primi
1988 2269 2040 2298 fun.-

1191 2318 1282 2341 datoris
1299 2317 1390 2341 ordinis
1412 2317 1543 2341 Minoram.
1560 2316 1679 2346 Apparuit
1695 2319 1737 2338 etc.
1750 2316 1837 2338 Desinit
1851 2316 1889 2338 t'ol.
1901 2315 1938 2338 57.
1957 2322 2040 2344 parum

1191 2369 1243 2388 ante
1261 2366 1329 2388 tinem
1347 2366 1377 2387 ad
1401 2365 1472 2387 verba
1495 2365 1594 2387 scilicet:
1615 2363 1726 2388 Gloriare
1748 2363 1822 2393 iyitur
1839 2363 1889 2386 iam
1910 2369 1993 2386 secure
2016 2363 2041 2386 in

1191 2413 1269 2437 crucis
1282 2412 1371 2443 cloria,
1388 2412 1433 2435 Xti
1449 2411 1548 2441 siqnifer
1561 2410 1674 2441 qloriose,
1687 2410 1799 2440 qtioniam
1817 2416 1832 2433 a
1844 2415 1914 2434 cruce
1927 2409 2040 2439 incipiens

1191 2460 1321 2484 secundum
1339 2459 1418 2483 crucis
1435 2458 1564 2488 ylariani...
1582 2458 1661 2481 Cetera
1678 2460 1731 2480 sunt
1750 2458 1838 2480 avulsa.

1255 2507 1293 2529 32.
1310 2505 1457 2533 Florentiae,
1470 2505 1608 2527 bibliotheca
1621 2504 1897 2533 Medicco-Laurentiana⁷
1910 2504 1966 2526 Plut.
1979 2504 2040 2526 XIX.

1191 2554 1254 2576 Dext.
1272 2553 1323 2576 cod.
1343 2554 1363 2575 6.
1383 2552 1482 2574 membr.
1499 2553 1522 2574 in
1540 2553 1577 2574 tol.
1594 2557 1654 2573 saec.
1671 2551 1730 2574 XIV.
1747 2563 1778 2567 —
1795 2551 1875 2578 Incipit
1899 2551 1934 2573 tol.
1949 2538 1992 2572 ¹93.
2009 2557 2039 2577 r.,

1191 2601 1227 2623 cui
1246 2607 1328 2622 manus
1346 2599 1459 2628 posterior
1477 2599 1610 2627 praemisit:
1629 2597 1736 2628 Leaencla
1761 2597 1821 2621 beati
1843 2597 1974 2621 Francisci.
1997 2598 2040 2627 Ap-

1191 2646 1273 2676 paruit
1291 2650 1332 2669 etc.
1352 2646 1438 2668 Desinit
1456 2646 1594 2673 incompleta
1611 2646 1640 2667 ad
1653 2645 1738 2668 verba:
1755 2646 1778 2668 et
1795 2645 1868 2667 Deum
1881 2644 1976 2673 pariter
1993 2643 2040 2667 col-

1192 2692 1364 2720 laudaverunt,
1385 2692 1448 2721 quod
1462 2698 1506 2721 per
1523 2693 1618 2715 sanctos
1634 2697 1690 2714 suos
1708 2690 1767 2714 talia
1789 2690 1904 2720 {liquatur
1920 2689 2040 2713 ostendere

1191 2739 1311 2763 miracula
1328 2739 1444 2768 pretiosa..
1465 2739 1523 2761 Vide
1539 2739 1561 2761 in
1579 2739 1680 2761 editione
1697 2744 1750 2766 pag.
1768 2738 1812 2760 553
1831 2744 1853 2760 n.
1871 2739 1892 2759 2.

1255 2787 1292 2808 33.
1311 2785 1412 2813 Ibidem,
1433 2786 1489 2808 plut.
1509 2786 1561 2808 XX.
1585 2786 1646 2808 Dext.
1664 2785 1716 2808 cod.
1736 2786 1757 2808 5.
1776 2784 1874 2807 membr.
1898 2785 1920 2806 in
1939 2785 1960 2806 8.
1980 2790 2039 2806 saec.

1192 2834 1250 2856 XIV.
1268 2834 1375 2856 ineuntis.
1388 2846 1417 2849 —
1429 2834 1476 2855 Fol.
1490 2833 1542 2855 403.
1554 2839 1584 2855 r.:
1598 2832 1684 2861 Incipit
1691 2831 1808 2861 proloqus
1826 2831 1850 2854 in
1868 2830 1966 2860 leyencla
1981 2830 2041 2853 beati

1190 2881 1317 2904 Francisci
1332 2880 1483 2910 confessoris.
1502 2880 1629 2909 Apparuit.
1651 2880 1737 2902 Desinit
1755 2880 1792 2902 rol.
1814 2879 1866 2901 477.
1888 2878 1932 2901 sub
1950 2879 2039 2901 conclu-

1191 2929 1266 2951 sione:
1293 2927 1433 2957 Eoepliciunl
1457 2927 1575 2950 miracula
1601 2928 1654 2956 post
1678 2926 1808 2950 transitum
1831 2925 1892 2949 beati
1916 2924 2041 2948 Francisci

1191 2977 1294 2999 ostensa.
