2133 3317
389 250 440 274 SAC

139 289 217 318 Neque
234 289 349 318 opitulans
365 290 415 318 ipse
433 290 551 312 iniuriatur
568 289 606 311 tali
628 295 700 312 sacer-

139 328 188 351 doti
204 327 258 351 ibid.
274 341 305 344 —
323 329 395 350 Tanto
413 328 522 350 minuitur
539 328 651 350 sacerdoti
663 334 700 350 cu·

138 373 188 389 ram
216 367 309 390 habenti
331 368 422 396 pondus
444 367 467 389 in
486 366 588 389 districto
611 367 696 389 iudicio

138 406 186 433 Dei,
198 409 310 434 quantum
327 405 357 428 ab
374 406 418 428 alio
435 408 583 434 supportatur
599 404 653 428 ibid.
671 418 700 421 —

138 444 251 467 Omnibus
267 444 426 467 sacerdotibus
442 450 553 472 magnum
570 443 639 466 dehet
650 450 700 466 esse

138 484 257 511 solatium,
274 483 364 512 quoties
383 483 444 505 salus
467 482 624 505 subiectorum
650 489 700 510 pro-

138 525 231 544 curatur
248 522 292 544 318
309 522 323 544 7
345 534 376 538 —
399 521 449 543 Vita
467 521 615 544 sacerdotalis
631 521 700 544 debet

138 566 188 583 esse
204 561 303 583 sanctior
320 563 342 583 et
357 560 478 583 sublimior
496 562 540 583 vita
559 560 631 588 plebis
654 560 698 582 347

138 599 151 622 4
167 611 199 616 —
215 600 310 627 Magnus
321 602 355 622 est
366 599 470 622 desectus
481 599 640 627 operariorum
654 599 699 622 ido-

136 645 232 660 neorum
250 638 294 660 319
313 638 334 660 8.
353 644 388 667 sq.
406 651 435 654 —
458 638 489 660 De
507 637 634 661 defectibus
651 638 699 666 plu—

137 677 196 699 rium
214 677 359 700 sacerdotum
378 678 422 700 382
440 677 453 699 3
479 690 508 693 -
533 677 652 706 quomodo
669 677 698 699 ad

137 716 214 739 divina
232 717 339 744 mysteria
362 716 500 739 celebranda
525 716 635 739 accedere
659 716 699 738 de-

137 754 190 777 beat
207 754 251 777 104
269 755 297 777 14
314 767 345 772 -
365 755 386 777 iu
412 755 550 777 celebrando
574 755 699 777 munditiae

137 793 205 816 totius
222 794 325 822 corporis
337 794 430 816 studere
442 793 511 816 debet
527 794 563 815 101
580 794 593 816 7
605 806 636 810 -
648 799 699 821 pec-

136 832 193 854 catis
209 832 344 855 mortalibus
360 833 479 862 laqueatus
504 832 592 861 absque
618 832 699 854 contri-

137 871 198 893 tione
216 877 242 894 ac
254 872 397 894 confessione
408 872 438 894 ad
450 872 519 894 altare
531 871 641 894 accedere
653 871 699 893 nul-

137 910 226 933 latenus
243 914 374 938 praesumat
391 910 419 933 ib.
437 910 451 932 5
476 922 506 925 -
527 909 698 932 abominationi·

136 947 181 971 bus
197 949 344 971 contaminati
368 955 453 977 corpus
478 948 559 971 Christi
582 950 699 970 sumentes

136 993 182 1009 non
204 990 257 1010 sunt
281 987 424 1014 sacerdotes,
450 987 490 1009 sed
515 987 629 1015 sacrilegi,
652 993 698 1009 non

136 1025 269 1053 Christiani,
285 1027 325 1049 sed
343 1026 449 1048 haeretici
466 1025 496 1048 ib.
514 1026 527 1047 6
549 1025 603 1048 Vide
619 1031 641 1048 v.
654 1025 699 1048 Ρα-

135 1065 193 1092 stor,
210 1064 327 1088 malumus
344 1068 366 1087 et
383 1064 499 1094 Pontifeoe.

183 1103 330 1126 SACRAMENTA
341 1116 372 1120 —
382 1106 471 1131 septem
482 1103 535 1125 data
551 1107 604 1125 sunt
620 1108 699 1125 secun-

135 1142 192 1165 dum
210 1143 307 1170 gratiam
320 1143 417 1170 Spiritus
429 1143 450 1164 S.
463 1142 620 1170 septiformem
632 1141 697 1170 quasi

134 1184 223 1209 septem
240 1182 407 1204 medicamenta
424 1180 558 1203 morborum
576 1181 605 1203 83
623 1180 652 1202 40
667 1192 698 1197 —

134 1220 177 1243 Per
193 1226 219 1242 ea
237 1220 339 1242 Christus
350 1220 446 1248 gratiam
463 1219 641 1242 sanctificantem
659 1219 698 1241 tri-

135 1258 185 1281 buit
196 1262 217 1281 et
229 1262 321 1287 peccata
333 1259 425 1281 dimittit
436 1257 490 1281 ibid.
501 1270 532 1275 —
544 1258 697 1281 Sacramentis

134 1303 148 1320 a
163 1298 275 1326 sanguine
296 1297 377 1320 Christi
395 1297 430 1320 vis
447 1297 499 1320 data
517 1299 551 1319 est
572 1297 600 1319 ad
625 1297 695 1319 vitam

134 1337 221 1365 gratiae
236 1337 398 1359 conferendam
414 1336 444 1358 79
457 1337 486 1358 30
498 1348 528 1353 -
540 1336 643 1359 Christus
659 1336 697 1358 Sa·

134 1376 256 1398 oramentis
272 1376 397 1398 efficaciam
414 1375 498 1398 indidit
513 1381 569 1398 suae
582 1375 696 1403 passionis

135 1416 179 1439 409
197 1417 211 1438 6
228 1429 259 1433 -
275 1416 425 1439 eucharistiae
437 1416 537 1438 continet
549 1417 634 1438 fontem
647 1422 695 1444 gra-

134 1456 218 1479 tiarum
230 1459 251 1478 et
262 1458 380 1478 auctorem
393 1455 478 1482 53111ιί5,
490 1459 564 1477 001013
577 1461 631 1477 vero
643 1457 695 1477 sunt

134 1495 219 1518 fluenta
236 1498 258 1517 et
275 1495 343 1517 rivuli
359 1494 485 1523 gratiarum
510 1494 551 1516 104
565 1495 593 1517 15
605 1506 635 1511 ——
647 1493 695 1516 Sub

134 1535 207 1557 forma
225 1534 365 1557 Sacramenti
383 1540 425 1556 nos
441 1533 544 1556 Christus
560 1539 585 1556 se
595 1533 646 1561 ipso
658 1539 697 1561 pa-

133 1573 176 1596 scit
196 1574 237 1596 149
256 1574 269 1595 6
286 1586 316 1589 -
333 1573 399 1595 Ritus
423 1574 623 1595 sacramentorum
645 1578 696 1600 pro-

134 1613 195 1635 cedit
210 1619 236 1635 ex
254 1613 354 1635 humana
372 1612 512 1634 institutione
528 1611 580 1634 viee
595 1611 636 1633 Dei
652 1611 696 1633 134

133 1651 148 1674 7
164 1664 195 1668 -
212 1653 236 1674 111
253 1651 387 1674 exhibendis
404 1652 605 1673 Sacramentorum
625 1656 697 1672 reme-

133 1690 177 1713 diis
193 1690 297 1713 consistit
313 1690 441 1713 aedificatio
458 1689 556 1718 proximi
573 1689 618 1712 250
636 1689 665 1711 20

181 1730 322 1752 SACRlFlCIUM
339 1741 370 1746 —
387 1729 429 1751 Per
451 1728 589 1751 sacrificium
607 1728 697 1750 Veritas

133 1771 167 1791 est
184 1768 301 1791 adoranda
320 1768 348 1790 48
366 1768 395 1790 44
413 1780 442 1784 —
454 1767 536 1790 Christi
553 1770 586 1789 est
603 1767 696 1790 unicum

135 1808 180 1830 102
200 1808 227 1830 10
245 1820 274 1823 -
291 1807 368 1830 onmia
386 1807 471 1829 veteris
494 1806 621 1829 testamenti
633 1808 697 1828 erant

132 1846 220 1875 figurae
237 1849 260 1869 et
276 1846 360 1869 umbra
376 1846 480 1869 sacrificii
497 1845 580 1868 Christi
596 1844 650 1868 ibid.
667 1857 697 1861 —

133 1885 214 1908 Missae
230 1884 281 1908 vide
296 1891 317 1908 v.
334 1885 416 1909 Missa.
441 1898 471 1901 —
497 1885 576 1913 triplex
599 1885 647 1908 Deo
664 1891 698 1908 re-

133 1924 282 1952 pendendum
299 1926 334 1946 est
350 1930 392 1952 pro
410 1924 510 1952 peccatis
529 1924 573 1946 130
589 1924 603 1946 7
620 1936 651 1940 -
667 1925 696 1946 31-

133 1962 247 1985 tissimum
271 1965 305 1985 est
330 1963 471 1985 voluntatem
497 1963 595 1985 Domino
620 1969 697 1985 conse-

132 2007 198 2024 crare
213 2001 259 2024 394
277 2001 291 2023 5

180 2041 319 2063 5300011135
335 2053 366 2057 -
383 2041 453 2063 rudes
470 2043 523 2063 sunt
539 2043 561 2063 et
584 2041 649 2069 proni
667 2041 696 2064 de

133 2079 253 2107 Religiosis
270 2080 360 2102 sinistra
377 2080 489 2108 suspicari
507 2080 552 2102 352
569 2086 581 2102 3
607 2093 637 2096 -
660 2080 696 2103 111-

133 2118 186 2147 plici
203 2118 273 2141 modo
285 2118 388 2141 iudicant
400 2118 528 2146 Religiosos
539 2118 592 2141 ibid.
606 2131 635 2134 —
648 2119 696 2147 qui-

133 2157 187 2180 dam
203 2157 278 2180 stolidi
295 2163 322 2180 ex
339 2157 428 2180 defectu
446 2157 514 2180 unius
535 2163 615 2180 omnes
639 2158 696 2180 Reli-

133 2196 211 2224 giosos
227 2196 358 2224 despiciunt
375 2196 419 2218 348
437 2202 449 2218 a
475 2209 505 2212 —
527 2196 622 2224 Expedit
640 2197 695 2224 ipsis

132 2235 248 2264 quaedam
265 2234 407 2257 abscondere
430 2241 475 2257 non
497 2241 523 2258 ex
544 2235 695 2258 simulationis

133 2274 271 2302 palliatione,
287 2273 328 2296 sed
346 2280 388 2301 pro
405 2274 491 2296 cautela
509 2273 554 2295 337
572 2273 587 2295 b
608 2286 637 2289 —
662 2274 695 2295 De

132 2313 204 2335 modo
221 2312 372 2335 conversandi
389 2318 442 2334 cum
459 2311 615 2334 saecularibus
628 2312 671 2334 486
682 2313 690 2334 4

133 2364 164 2368 —
180 2352 210 2374 Ex
236 2351 362 2380 frequentia
387 2351 445 2373 inter
469 2351 598 2373 saeculares
623 2351 695 2373 oritur

133 2391 257 2413 multarum
274 2390 424 2413 tentationum
439 2390 564 2413 carnalium
576 2392 598 2412 et
610 2390 695 2418 teporis

133 2429 227 2452 materia
245 2429 290 2452 350
307 2435 320 2451 3
337 2442 363 2445 -
384 2429 522 2457 Vigilantius
539 2431 623 2451 statum
648 2435 695 2451 sae-

133 2469 234 2491 cularem
250 2468 317 2491 statui
334 2468 459 2496 Religionis
476 2469 590 2496 praeferre
606 2467 642 2490 vel
660 2473 695 2489 ae-

133 2513 205 2536 quare
221 2506 346 2530 conabatur
363 2506 408 2529 249
427 2507 455 2529 17

180 2547 296 2569 5111001011
314 2558 343 2562 -·
360 2546 502 2574 significatur
518 2552 559 2574 per
571 2551 635 2568 mare
649 2545 693 2568 377

134 2585 171 2607 11.
188 2585 228 2607 391
251 2586 264 2607 2
281 2597 312 2602 -
336 2585 402 2607 Petro
419 2585 498 2607 datum
516 2587 549 2607 est
567 2584 695 2612 gubernan-

133 2624 189 2646 dum
207 2624 247 2646 391
270 2625 283 2646 2

180 2663 274 2685 ΞΛοιττΛ
290 2675 322 2679 --
332 2662 446 2690 significat
457 2662 584 2685 doctrinam
593 2662 693 2684 validam

133 2701 177 2723 170
201 2701 214 2723 6

181 2741 223 2762 SM.
239 2752 270 2757 —
287 2741 363 2763 Bonus
379 2740 445 2763 cibus
462 2746 508 2762 non
525 2742 558 2762 est
575 2739 695 2762 delectabi-

135 2779 161 2801 lis
177 2778 226 2802 sine
243 2779 390 2802 condimento
408 2779 461 2802 salis
479 2778 522 2801 142
541 2779 554 2801 2

181 2818 282 2840 SAtouon
298 2831 330 2834 —
346 2818 514 2846 praetermissis
525 2817 645 2845 omnibus,
658 2823 695 2845 pe-

133 2856 167 2879 tiit
191 2857 325 2885 sapientiam
351 2856 395 2879 142
423 2857 430 2878 1
459 2869 489 2872 -
513 2856 695 2885 sapientissimus

134 2895 194 2918 idola
212 2901 271 2918 vana
288 2898 310 2918 et
326 2896 426 2923 pessima
444 2895 548 2918 adoravit
572 2896 600 2918 38
619 2895 647 2918 27
664 2907 696 2912 -

134 2934 311 2958 Rectinatorium
335 2934 464 2957 Salomonis
490 2934 534 2957 396
553 2935 578 2956 11
606 2947 637 2952 ·-
660 2934 694 2957 Ad

135 2975 243 2997 thronum
268 2973 316 2996 veri
338 2973 466 2996 Salomonis
488 2973 509 2996 in
536 2973 696 3002 tranquillitate

829 212 928 240 INDEX
949 212 1195 242 ALPHABETICUS.

734 289 817 311 mentis
833 290 965 312 ascenditur
981 296 1019 313 sex
1036 290 1148 318 gradibus
1174 291 1202 313 10
1221 291 1244 313 Ἰ11
1268 304 1296 307 -

733 334 803 350 verus
819 329 943 357 requiescit
959 329 981 351 in
999 332 1082 358 mente,
1100 330 1121 352 in
1138 336 1184 359 qua
1201 332 1235 352 est
1252 336 1296 358 pax

733 372 774 394 per
791 368 976 396 tranquillitatem
994 367 1048 391 ibid.

779 407 938 429 SAtsquNTuu
963 420 994 423 —
1012 408 1034 429 ln
1052 408 1189 430 salsamento
1206 408 1296 436 sangui-

732 445 767 467 nis
778 445 859 468 Christi
872 445 1005 473 intingenda
1017 449 1051 469 est
1061 452 1224 475 quaecumque
1232 453 1296 475 aspe-

732 483 787 506 ritas
804 484 826 506 in
843 484 896 507 cibo
913 485 949 507 vel
967 487 1022 512 potu
1042 486 1049 507 4
1057 485 1086 507 24
1107 486 1128 507 11

780 523 848 545 Saltus
864 535 894 539 —
916 529 962 545 non
985 526 1059 552 potest
1082 523 1179 546 obtineri
1204 524 1248 547 nisi
1272 525 1294 547 in

733 562 824 583 nomine
841 562 890 584 lesu
909 562 937 584 85
956 562 983 584 48
1010 575 1039 578 -
1064 563 1177 590 promissa
1198 567 1233 586 est
1249 569 1295 586 cre-

731 599 839 622 dentibus
855 601 979 629 Evangelio
996 602 1020 623 81
1042 602 1071 623 36
1089 613 1120 618 -
1140 602 1183 630 Qui
1200 602 1249 624 vult
1264 602 1294 625 ad

732 639 827 661 salutem
845 640 966 667 pervenire
978 640 1047 662 debet
1063 640 1173 670 subsequi
1183 641 1293 663 humilem

732 678 872 700 Salvatorem
890 678 920 700 72
938 679 951 700 5
976 692 1006 695 —
1032 679 1083 701 Sola
1109 680 1191 702 caritas
1216 679 1294 702 tribuit

731 723 797 744 spem
814 717 893 739 salutis
911 717 954 739 124
981 718 990 740 1
1019 730 1050 734 -
1075 719 1096 740 111
1122 724 1193 746 opere
1217 719 1294 741 salutis

731 756 887 784 principaliter
903 762 968 784 spem
987 756 1009 778 in
1027 757 1100 779 Deum
1117 757 1202 780 iactare
1226 757 1294 780 debe-

732 800 784 817 mus
801 794 845 816 342
863 794 878 817 b
900 808 929 811 —
951 796 1015 823 Quae
1031 796 1098 818 saluti
1115 796 1239 824 expediunt
1256 797 1294 819 do-

731 836 810 855 centur
827 840 839 855 3
858 834 942 862 Spiritu
960 835 982 856 S.
1002 834 1045 856 -147
1067 835 1072 857 1
1090 846 1121 851 -
1133 835 1173 857 Dei
1190 836 1293 863 operatio

731 878 777 894 non
794 872 817 894 in
834 872 943 895 omnibus
960 873 1091 896 hominibus
1109 874 1199 902 proficit
1215 874 1244 896 ad
1261 880 1294 897 sa-

731 911 800 933 lutem
818 911 920 939 ipsorum
940 911 984 933 440
1003 912 1030 933 10
1048 924 1078 928 -
1096 913 1195 935 Salutem
1221 913 1294 941 proxi-

732 955 823 971 morum
841 950 909 972 avide
926 950 1058 972 desiderare
1075 954 1109 973 est
1125 952 1239 979 perfectae
1256 958 1293 974 ca-

731 988 803 1010 ritatis
819 988 832 1010 9
852 989 864 1010 8
890 1001 920 1005 -
945 989 1074 1011 animarum
1092 991 1238 1018 procuranda
1259 993 1294 1013 est

731 1033 773 1054 per
789 1027 919 1050 orationum
937 1028 1096 1057 frequentiam,
1113 1035 1244 1051 sermonum
1263 1030 1293 1051 in-

732 1066 898 1095 formationem,
916 1068 1073 1095 exemplorum
1089 1068 1234 1090 incitamenta
1248 1068 1292 1090 130

733 1105 761 1126 10
778 1117 809 1121 -
826 1105 868 1127 Pro
885 1105 956 1127 salute
973 1106 1101 1128 animarum
1114 1105 1218 1129 Christus
1236 1112 1293 1129 mor-

731 1145 776 1165 tem
794 1144 868 1166 crucis
890 1143 961 1166 subiit
983 1144 1023 1166 384
1054 1146 1082 1167 20
1107 1157 1138 1161 -—
1163 1145 1293 1168 animarum

731 1182 759 1204 ita
777 1183 921 1210 procuranda
938 1187 979 1210 est,
996 1186 1021 1206 ut
1037 1183 1115 1206 salutis
1126 1184 1235 1212 propriae
1251 1184 1294 1207 dis-

730 1221 842 1248 pendium
858 1228 903 1244 non
920 1222 1049 1244 incurratur
1067 1223 1111 1244 430
1130 1223 1158 1244 10

776 1260 898 1283 Saturnio
917 1273 945 1276 —
963 1262 986 1283 S.
1002 1261 1115 1284 Francisci
1133 1262 1178 1284 510
1197 1263 1210 1284 2

777 1299 893 1322 Sam-ron
904 1312 934 1315 —
947 1302 1023 1322 noster
1040 1301 1106 1323 nullis
1120 1301 1292 1324 adversantium

729 1337 831 1360 hostium
849 1339 992 1361 tentamentis
1009 1345 1021 1361 a
1039 1342 1130 1362 nostrae
1142 1340 1220 1362 salutis
1237 1346 1292 1362 cura

727 1377 833 1398 revocari
849 1377 923 1405 potuit
944 1377 972 1400 40
990 1378 1019 1400 33
1035 1390 1067 1394 -
1087 1379 1136 1407 Quo
1154 1379 1228 1407 magis
1244 1379 1293 1401 eius

730 1415 797 1437 nobis
813 1416 941 1439 ostenditur
958 1417 1085 1440 dilectionis
1107 1418 1242 1445 aemulatio,
1265 1425 1292 1441 eo

729 1455 823 1481 gravior
839 1461 882 1478 nos
898 1456 1013 1484 sequitur,
1029 1456 1048 1478 si
1070 1457 1129 1479 hanc
1150 1457 1289 1486 spernimus,

729 1494 846 1516 danmatio
864 1494 918 1518 ibid.

777 1533 931 1556 Simmriuus
947 1546 977 1551 --
986 1537 1063 1557 custos
1076 1534 1235 1562 interpretatur
1247 1535 1291 1557 418

731 1572 760 1595 22
778 1586 807 1589 -
825 1579 904 1596 curam
922 1572 1002 1596 habuit
1019 1573 1126 1596 semivivi
1147 1574 1218 1596 relicti
1236 1573 1290 1596 ibid.

733 1625 763 1628 —
779 1612 915 1635 vulneribus
931 1613 1038 1635 semivivi
1060 1613 1142 1635 infudit
1166 1612 1246 1635 vinum
1271 1615 1293 1635 et

729 1652 805 1674 oleum
824 1652 867 1674 136
887 1652 894 1674 1
910 1664 941 1668 -
952 1652 1064 1680 significat
1081 1652 1157 1680 ipsum
1175 1652 1292 1674 medicum

730 1690 844 1713 Christum
862 1694 884 1713 et
900 1697 940 1713 eos
956 1691 995 1720 qui
1013 1693 1090 1713 tenent
1105 1691 1181 1713 locum
1203 1691 1253 1713 eius
1270 1691 1292 1713 in

730 1730 895 1758 expurgatione
911 1730 1018 1752 vitiorum
1037 1730 1081 1752 347
1098 1730 1112 1752 5

777 1770 863 1792 81115011
874 1781 905 1785 -
916 1768 1019 1792 Christus
1028 1771 1052 1791 ut
1061 1775 1130 1791 verus
1139 1769 1235 1791 Samson
1245 1774 1292 1791 mo-

731 1809 791 1831 riens
808 1808 911 1831 hostilem
929 1809 1054 1836 prostravit
1073 1808 1196 1830 exercitum
1215 1808 1239 1830 81
1262 1808 1291 1830 33

778 1848 943 1870 Siscrirlcnlo
960 1859 990 1863 —
1008 1847 1050 1869 Pro
1067 1850 1144 1869 nostra
1167 1847 1291 1869 sanctifica-

731 1886 792 1909 tione
809 1886 912 1909 Christus
929 1892 1010 1914 passus
1027 1888 1061 1908 est
1075 1886 1101 1907 43
1115 1886 1127 1908 3
1140 1898 1170 1902 —
1183 1886 1290 1908 perfectio

731 1925 915 1948 sanctificationis
931 1927 964 1947 est
981 1925 1002 1947 in
1020 1925 1130 1952 martyrio
1149 1925 1177 1947 12
1195 1926 1208 1947 2

777 1965 899 1986 Sasernas
913 1976 945 1980 —
961 1963 1002 1986 Dei
1019 1966 1053 1986 est
1069 1963 1233 1991 inexplicabilis
1247 1964 1289 1985 128

731 2004 743 2025 2
761 2016 792 2020 -
809 2004 869 2025 Deus
893 2003 914 2025 in
932 2009 956 2025 se
972 2003 1024 2030 ipso
1041 2002 1182 2025 sanctitatem
1199 2008 1291 2025 summe

730 2048 757 2064 ac
773 2042 896 2070 purissime
913 2041 982 2064 habet
1004 2042 1048 2064 129
1074 2042 1087 2063 2
1112 2053 1144 2058 -
1167 2041 1213 2064 Cur
1231 2042 1290 2064 Deus

730 2084 763 2104 ter
780 2082 876 2103 Sanctus
892 2081 1023 2103 nominetur
1040 2079 1095 2103 ibid.
1112 2093 1142 2096 —
1164 2086 1218 2103 vera
1243 2086 1290 2102 non

729 2120 832 2142 consistit
848 2120 871 2142 in
893 2119 1052 2142 exercitatione
1068 2119 1192 2147 corporali,
1209 2119 1250 2142 sed
1267 2119 1291 2141 in

729 2158 852 2181 virtutibus
869 2159 951 2181 mentis
967 2158 1012 2180 349
1030 2157 1045 2180 b
1061 2170 1092 2175 ——-·
1113 2158 1241 2180 Sanctitatis
1257 2160 1291 2180 est

728 2200 821 2226 peccata
839 2200 861 2220 et
872 2197 1005 2219 occasiones
1020 2200 1166 2224 peccatorum
1184 2198 1291 2224 refugere

729 2237 775 2259 315
794 2237 822 2259 15
839 2248 869 2253 -
886 2236 935 2258 Non
952 2238 986 2258 est
1002 2236 1149 2264 evangelicae
1166 2235 1291 2258 sanctitatis

728 2275 865 2303 participare
881 2281 934 2298 cum
951 2275 1136 2303 praevaricatore
1152 2275 1175 2297 in
1195 2275 1291 2297 crimine

729 2314 769 2336 411
793 2313 821 2335 15
844 2325 876 2330 -
898 2313 972 2335 maior
988 2316 1010 2335 et
1026 2313 1102 2336 minor
1120 2319 1164 2335 nou
1181 2313 1290 2336 differunt

728 2352 788 2375 sicut
805 2352 851 2374 duo
867 2352 980 2374 contraria
999 2351 1043 2373 243
1063 2351 1091 2373 14
1112 2363 1144 2367 -
1169 2351 1222 2373 Sine
1238 2351 1288 2379 ipsa

728 2389 870 2419 impossibile
886 2392 928 2417 est,
945 2395 1087 2419 quemquam
1104 2389 1188 2412 salvari
1212 2390 1256 2412 339
1274 2389 1289 2412 b

727 2442 757 2446 -—-
769 2429 849 2452 Omnis
860 2429 984 2451 sanctitatis
996 2428 1113 2456 plenitudo
1124 2431 1146 2451 et
1158 2428 1289 2457 pulcritudo

727 2469 825 2496 refulget
842 2468 865 2490 in
882 2470 904 2490 et
921 2474 933 2490 a
951 2467 1028 2490 Verbo
1052 2467 1168 2490 incarnato
1191 2467 1236 2490 243
1260 2468 1288 2490 12

728 2520 757 2523 -
775 2507 841 2530 Solus
857 2507 915 2530 odor
931 2506 1014 2529 Christi
1031 2506 1063 2529 sic
1081 2508 1169 2529 mentes
1193 2505 1289 2529 inebriat

728 2547 872 2573 Sanctorum,
891 2548 915 2568 ut
931 2548 954 2568 et
970 2545 1051 2567 mundi
1068 2545 1195 2573 praesentis
1215 2548 1237 2567 et
1253 2545 1289 2568 sui

727 2585 831 2613 ipsorum
848 2584 911 2606 obliti
933 2584 985 2606 totis
1009 2583 1098 2606 viribus
1122 2586 1214 2606 currant
1238 2585 1290 2612 post

727 2624 803 2652 ipsum
817 2623 856 2645 161
874 2623 886 2645 3
903 2623 1003 2645 —vitae
1020 2629 1033 2645 e
1044 2622 1214 2650 Scripturarum
1229 2623 1290 2645 fonte

728 2662 831 2685 hauritur
848 2662 891 2684 339
910 2661 925 2684 b
941 2675 972 2677 —
989 2662 1126 2684 Sanctorum
1139 2661 1253 2689 diligentia
1267 2661 1288 2684 in

727 2701 881 2724 ruminatione
913 2701 1083 2728 Scripturarum
1113 2700 1288 2723 commendatur

727 2739 782 2763 ibid.
798 2752 827 2756 -—
845 2739 920 2762 Sancti
937 2745 982 2762 non
999 2741 1134 2762 erraverunt
1150 2739 1209 2762 circa
1228 2739 1289 2762 intel-

727 2779 810 2801 lectum
828 2779 850 2801 S.
868 2778 983 2806 Evangelii
1002 2778 1047 2801 305
1065 2778 1077 2800 3

774 2830 804 2834 -
821 2817 900 2844 Multa,
917 2823 977 2846 quae
993 2823 1039 2840 non
1056 2816 1165 2839 discimus
1182 2822 1223 2844 per
1240 2817 1288 2844 phi-

728 2857 836 2884 losophos
853 2859 875 2878 et
891 2856 920 2878 de
937 2855 1003 2878 dictis
1027 2855 1198 2883 philosophiae,
1223 2855 1288 2878 disci-

729 2901 781 2918 mus
796 2901 837 2923 per
854 2896 948 2917 Sanctos
966 2895 1010 2917 335
1031 2895 1058 2916 12

775 2946 805 2950 —-
822 2935 921 2957 Perfecta
939 2933 1042 2956 custodia
1054 2935 1076 2956 et
1088 2933 1196 2961 perfectio
1208 2933 1288 2956 sancti-

729 2973 779 2996 tatis
801 2972 915 2996 obtinetur
932 2979 974 3001 per
995 2972 1105 2995 ieiunium
1122 2972 1167 2994 270
1188 2971 1223 2994 15.
1241 2972 1281 2994 271

1835 217 1886 245 741

1589 253 1643 277 SAN

1330 292 1359 313 20
1376 305 1407 308 —
1418 292 1492 315 Sancti
1505 299 1546 321 pet·
1559 294 1643 316 multas
1654 293 1811 316 tribulationes
1822 296 1894 317 trans-

1329 330 1376 353 iere
1393 331 1421 353 83
1440 331 1468 353 40
1487 344 1517 348 -
1533 332 1608 354 Sancti
1626 332 1788 355 tentationibus
1801 333 1891 361 probati

1330 372 1352 391 et
1369 370 1463 398 perfecti
1480 373 1534 393 sunt
1552 371 1595 393 199
1613 371 1643 393 74
1661 384 1690 387 —-
1708 372 1769 394 Deus
1789 372 1893 395 sanctita-

1330 410 1375 430 tem
1392 408 1537 432 servantibus
1560 410 1646 438 gratiae
1672 410 1732 433 dona
1757 413 1779 433 et
1803 411 1891 439 gloriae

1329 447 1431 474 praemia
1449 454 1494 470 non
1512 448 1611 477 denegat
1628 449 1672 471 129
1690 450 1703 471 2
1715 461 1746 466 -
1757 450 1892 473 Paucissimi

1329 486 1404 508 Sancti
1421 487 1512 509 fuerunt
1529 487 1612 509 divites
1624 487 1667 510 423
1682 488 1709 510 48
1723 501 1752 504 —
1764 488 1825 511 Multi
1837 489 1891 511 San-

1330 524 1360 546 cti
1377 525 1491 553 officium‚
1509 532 1555 554 quo
1573 526 1684 554 prodesse
1705 526 1821 550 debebant
1837 533 1890 555 pro-

1328 563 1406 591 ximis,
1425 564 1540 586 humiliter
1557 565 1713 594 refugiebant,
1726 569 1748 588 et
1760 568 1848 594 tamen,
1861 566 1890 589 ad

1330 602 1373 624 hoc
1391 602 1454 624 tracti
1472 609 1513 630 per
1530 602 1698 632 obedientiam,
1715 605 1808 626 sollicite
1819 605 1891 627 adim-

1327 639 1421 668 plebant
1437 641 1478 663 361
1500 647 1512 663 3
1530 654 1561 658 -
1578 642 1654 664 Sancti
1671 649 1716 665 non
1733 643 1891 672 quaeruntvi-

1327 678 1376 701 deri
1393 679 1422 701 ab
1440 680 1586 708 hominibus,
1611 681 1651 703 sed
1676 682 1791 704 occultant
1816 681 1889 710 bona,

1327 723 1388 746 quae
1405 717 1490 741 habent
1506 719 1551 741 349
1570 718 1584 741 b
1601 731 1631 736 —
1647 720 1709 743 Licet
1720 721 1773 743 olim
1787 727 1891 743 commu-

1329 757 1387 779 niter
1404 763 1486 780 omues
1502 757 1555 780 boni
1574 761 1595 780 et
1611 759 1682 781 sancti
1700 760 1794 788 suerint,
1812 762 1889 782 tamen

1327 796 1397 818 modo
1414 796 1493 824 plures
1509 800 1562 819 sunt
1579 798 1654 820 Sancti
1678 798 1699 820 in
1725 799 1823 821 Ecclesia
1849 799 1888 821 Dei

1327 833 1381 857 ibid.
1398 847 1428 850 —
1445 835 1491 858 Cur
1509 836 1576 863 pauci
1594 836 1668 859 Sancti
1687 837 1710 859 in
1727 838 1825 860 Ecclesia
1838 844 1888 860 esse

1327 873 1449 896 videantur
1466 873 1519 897 ibid.
1537 887 1567 890 —
1584 875 1635 903 Quo
1646 882 1715 898 sensu
1728 876 1802 898 Sancti
1815 883 1889 905 quan-

1328 912 1405 941 doque
1422 918 1435 934 a
1452 913 1499 935 Deo
1517 913 1638 936 dissentire
1655 914 1777 937 videantur
1794 915 1834 937 354
1856 915 1872 937 b

1372 962 1404 967 —
1420 951 1500 973 Omnis
1517 952 1647 980 pulcritudo
1662 953 1785 976 electorum
1798 953 1889 976 ornabit

1326 988 1442 1011 Christum
1460 989 1489 1011 84
1507 990 1536 1012 44
1553 1002 1583 1007 -
1601 991 1676 1013 Sancti
1688 992 1710 1013 in
1723 992 1785 1014 caelo
1796 992 1889 1015 assidue

1326 1027 1349 1049 in
1367 1028 1494 1055 praesentia
1513 1029 1554 1051 Dei
1565 1029 1615 1051 eius
1626 1029 1732 1052 laudibus
1744 1033 1797 1052 sunt
1808 1031 1888 1053 intenti

1328 1065 1371 1087 148
1390 1066 1404 1088 5
1420 1078 1451 1083 —
1467 1066 1548 1089 Omnis
1559 1068 1630 1095 gloria
1643 1069 1779 1091 Sanctorum
1792 1069 1813 1091 in
1825 1069 1888 1092 caelo

1327 1103 1376 1126 fluit
1401 1110 1413 1126 a
1438 1103 1528 1127 Christo
1553 1105 1598 1127 375
1620 1106 1633 1128 3
1651 1118 1680 1121 -
1698 1106 1774 1128 Sancti
1791 1107 1887 1134 gloriam

1327 1143 1383 1165 caeli
1400 1143 1530 1166 differenter
1547 1144 1683 1172 participant
1700 1151 1742 1173 pro
1760 1148 1828 1173 captu
1845 1151 1887 1168 suo

1329 1180 1383 1204 ibid.
1401 1194 1430 1197 —
1447 1182 1556 1205 Omnium
1574 1183 1710 1206 Sanctorum
1722 1184 1844 1212 collegium
1856 1185 1888 1207 di-

1327 1220 1379 1242 vina
1397 1221 1518 1244 clementia
1535 1225 1701 1250 congregatum
1719 1226 1753 1245 est
1768 1224 1796 1245 ad
1809 1229 1888 1245 cumu-

1327 1260 1373 1281 lum
1391 1259 1537 1283 beatitudinis
1553 1261 1583 1283 60
1601 1262 1629 1284 13
1648 1274 1676 1277 -
1690 1262 1721 1284 De
1733 1262 1823 1284 illorum
1836 1261 1888 1284 bea-

1327 1298 1412 1321 tissima
1435 1300 1544 1322 societate
1567 1306 1685 1329 nunquam
1710 1301 1829 1323 discedere
1854 1303 1888 1323 est

1327 1337 1438 1365 gaudium
1461 1338 1612 1361 inenarrabile
1633 1338 1687 1361 ibid.
1703 1351 1734 1356 —-
1750 1340 1835 1362 Eorum
1853 1345 1888 1361 03-

1326 1377 1381 1399 11135
1397 1378 1497 1405 perfecta
1522 1380 1556 1400 est
1580 1380 1602 1400 et
1626 1378 1738 1406 gaudium
1763 1384 1887 1400 commune

1326 1415 1380 1438 ibid.
1398 1416 1423 1438 61
1446 1416 1482 1438 15.
1500 1417 1529 1439 62
1548 1417 1575 1439 18
1593 1430 1623 1433 —-
1641 1417 1739 1446 Quilibet
1750 1420 1823 1439 status
1834 1418 1887 1439 San-

1326 1457 1415 1478 ctorum
1438 1462 1505 1478 suam
1521 1455 1590 1478 habet
1607 1456 1793 1484 praerogativam
1810 1456 1854 1478 236
1873 1456 1886 1478 3

1326 1506 1356 1510 -—
1367 1494 1493 1517 Associatio
1504 1495 1607 1518 omnium
1620 1496 1756 1518 Sanctorum
1773 1495 1886 1523 promissa

1326 1536 1360 1556 est
1375 1534 1522 1557 credentibus
1539 1537 1561 1557 et
1577 1534 1726 1562 diligentibus
1744 1535 1817 1557 Deum
1829 1534 1844 1557 7
1860 1534 1886 1556 l4

1325 1585 1356 1589 —
1373 1573 1449 1595 Sancti
1466 1576 1531 1596 orant
1548 1579 1590 1601 pro
1608 1574 1642 1596 his
1659 1574 1698 1602 qui
1716 1579 1756 1596 eos
1767 1573 1885 1602 invocant,

1326 1614 1351 1634 ut
1367 1618 1380 1634 a
1396 1612 1456 1634 malo
1473 1615 1602 1639 serventur,
1620 1618 1632 1634 a
1650 1612 1813 1635 tentationibus
1830 1612 1887 1634 libe-

1325 1654 1411 1678 rentur,
1428 1651 1458 1673 ab
1474 1657 1552 1674 errore
1568 1652 1713 1679 corrigantur
1729 1654 1752 1673 et
1773 1651 1805 1673 eis
1827 1651 1886 1673 cele-

1325 1690 1373 1712 rius
1398 1691 1539 1713 associentur
1564 1691 1609 1713 500
1627 1691 1640 1714 5
1658 1703 1688 1706 —
1705 1691 1793 1713 lllorum
1819 1696 1885 1713 orare

1325 1732 1359 1751 est
1374 1730 1490 1752 cruciatus
1506 1730 1610 1758 corporis
1620 1730 1662 1752 'vel
1680 1729 1738 1752 bene
1755 1732 1818 1757 gesta
1842 1735 1885 1757 pro

1325 1768 1414 1791 Christo
1436 1769 1484 1791 Deo
1501 1771 1674 1797 repraesentare
1691 1768 1745 1791 ibid.
1761 1781 1791 1785 —
1808 1769 1886 1791 Beato-

1324 1813 1375 1829 rum
1393 1807 1502 1835 suffragia
1518 1810 1540 1830 et
1557 1808 1668 1830 iustorum
1682 1807 1762 1830 merita
1774 1807 1822 1829 aliis
1834 1813 1885 1835 pro·

1325 1849 1378 1869 sunt
1403 1847 1416 1868 8
1442 1846 1455 1868 3
1474 1859 1503 1862 -
1520 1847 1562 1869 Per
1587 1847 1723 1869 Sanctorum
1748 1846 1884 1874 suffragium

1324 1891 1416 1913 semper
1440 1888 1518 1913 parata
1544 1888 1596 1908 sunt
1618 1885 1744 1914 patrocinia
1763 1886 1790 1907 10
1809 1885 1837 1907 10
1853 1897 1884 1901 -

1324 1925 1460 1946 Sanctorum
1482 1924 1590 1952 suffragia
1612 1924 1704 1952 erigunt
1725 1924 1753 1947 311
1771 1930 1837 1952 spem
1854 1924 1883 1946 38

1325 1963 1353 1984 28
1370 1974 1401 1979 -
1417 1964 1554 1985 Sanctorum
1571 1962 1701 1986 subsidium
1724 1962 1882 1992 quaerendum

1325 2002 1337 2023 8
1356 2002 1368 2024 3
1386 2014 1416 2019 -
1434 2002 1529 2024 Devotio
1546 2002 1627 2025 invitat
1643 2003 1739 2024 Sanctos
1761 2001 1804 2024 148
1822 2002 1836 2024 2
1855 2014 1882 2017 -

1324 2041 1420 2063 Devotio
1437 2041 1459 2063 S.
1476 2041 1591 2063 Francisci
1612 2047 1666 2069 erga
1690 2042 1785 2063 Sanctos
1807 2040 1852 2062 530
1869 2040 1882 2062 3

1324 2092 1354 2096 -
1370 2080 1446 2102 Sancti
1463 2080 1485 2102 in
1497 2080 1560 2102 caelo
1572 2080 1608 2102 vel
1620 2082 1774 2108 peccaverunt
1786 2080 1821 2102 vel
1833 2085 1885 2108 pec·

1324 2124 1376 2141 care
1392 2121 1517 2146 potuerunt
1535 2118 1564 2140 38
1583 2119 1612 2141 27

1371 2157 1480 2180 SANDALlA
1496 2169 1528 2174 --
1548 2159 1602 2180 sunt
1623 2157 1699 2180 soleae
1723 2157 1759 2179 vel
1784 2163 1886 2185 perones

1324 2196 1368 2219 388
1386 2196 1399 2218 6
1417 2208 1447 2212 --
1463 2195 1556 2224 Caligae
1571 2198 1625 2219 sunt
1641 2196 1742 2218 sandalia
1756 2195 1800 2218 402
1813 2196 1841 2217 17
1853 2208 1883 2211 —

1323 2235 1438 2263 Apostolis
1454 2241 1467 2257 a
1484 2235 1582 2257 Domino
1600 2241 1707 2257 concessa
1720 2237 1785 2257 erant
1797 2235 1840 2257 404
1854 2235 1878 2257 21

1371 2274 1463 2296 SANGuts
1479 2286 1509 2290 —
1526 2277 1560 2296 est
1577 2273 1644 2296 sedes
1661 2273 1752 2296 animae
1770 2273 1814 2295 100
1827 2274 1840 2295 2
1853 2285 1883 2290 -

1323 2313 1428 2335 Humano
1444 2313 1551 2340 sanguini
1563 2318 1646 2340 magna
1658 2312 1755 2334 dulcedo
1768 2312 1826 2334 inest
1838 2312 1878 2333 484

1323 2351 1336 2373 4
1354 2364 1384 2367 —
1406 2351 1507 2377 Bestiae,
1532 2353 1619 2379 quanto
1643 2350 1694 2378 plus
1719 2352 1883 2378 gustaverunt,

1322 2391 1383 2412 tanto
1395 2390 1446 2417 plus
1457 2389 1535 2411 sitiunt
1546 2389 1681 2417 sanguinem
1692 2390 1817 2411 humanum
1828 2387 1881 2411 ibid.

1368 2440 1399 2444 —
1416 2429 1508 2456 Septem
1525 2430 1675 2450 numerantur
1691 2428 1813 2450 effusiones
1834 2434 1884 2450 san-

1323 2467 1399 2495 guinis
1415 2466 1497 2489 Christi
1515 2467 1559 2489 483
1578 2467 1598 2489 4.
1616 2473 1667 2496 sqq.
1684 2479 1713 2482 —
1725 2466 1807 2489 Christi
1819 2466 1882 2489 fundi

1322 2506 1398 2534 coepit
1409 2506 1432 2528 in
1443 2505 1631 2534 circumcisione,
1642 2505 1683 2534 qui
1695 2505 1717 2527 in
1729 2505 1882 2533 completione

1322 2545 1400 2567 salutis
1422 2547 1482 2567 totus
1508 2545 1581 2567 fuerat
1605 2544 1757 2566 effundendus
1773 2543 1803 2567 ib.
1821 2545 1834 2566 2
1852 2556 1882 2560 —-

1322 2583 1424 2607 Christus
1440 2589 1452 2606 a
1470 2583 1583 2612 principio
1608 2585 1671 2605 ortus
1695 2583 1731 2605 sui
1756 2589 1830 2611 usque
1851 2582 1882 2605 ad

1322 2624 1433 2649 mortem,
1450 2622 1522 2644 immo
1538 2624 1560 2644 et
1571 2624 1623 2650 post
1634 2624 1731 2644 mortem
1743 2621 1881 2649 sanguinem

1321 2667 1389 2683 suum
1407 2661 1487 2683 effudit
1504 2661 1548 2683 187
1566 2661 1579 2683 2
1595 2672 1626 2677 -
1643 2660 1728 2688 pluries
1744 2660 1829 2682 effusus
1846 2666 1882 2682 ru-

1322 2699 1418 2722 bricavit
1435 2702 1522 2722 vestem
1540 2699 1692 2728 pontificalem
1709 2698 1791 2721 Christi
1809 2699 1838 2721 80
1850 2699 1876 2721 31

1320 2751 1350 2755 -
1368 2738 1450 2762 Christi
1466 2740 1500 2761 est
1517 2738 1562 2761 vita
1580 2740 1656 2761 nostra
1675 2738 1714 2760 181
1737 2737 1750 2760 4
1766 2749 1798 2754 -
1819 2737 1881 2760 Chri-

1321 2778 1348 2800 sti
1365 2778 1451 2800 effusus
1466 2779 1500 2800 est
1516 2777 1546 2800 de
1562 2783 1604 2799 suo
1621 2777 1689 2799 latere
1707 2779 1814 2805 tanquam
1832 2782 1882 2805 pre-

1321 2816 1378 2839 tium
1403 2818 1493 2838 nostrae
1517 2816 1595 2838 salutis
1619 2815 1649 2837 79
1672 2815 1700 2837 30
1719 2827 1749 2830 ——
1764 2815 1850 2837 effusus
1867 2821 1879 2837 a

1321 2855 1398 2877 cordis
1414 2861 1498 2877 arcano
1514 2861 1556 2883 per
1568 2855 1713 2877 Sacramenta
1726 2853 1837 2876 Ecclesiae
1849 2853 1881 2876 vi·

1321 2896 1367 2916 tam
1385 2894 1471 2922 gratiae
1488 2894 1581 2922 confert,
1598 2895 1620 2916 et
1637 2895 1670 2915 est
1687 2893 1795 2920 poculum
1812 2892 1881 2915 fontis

1321 2933 1368 2955 vivi
1385 2931 1438 2955 ibid.
1455 2945 1486 2949 —
1502 2934 1536 2955 est
1553 2933 1603 2954 fons
1628 2931 1729 2960 paradisi
1755 2931 1881 2954 fecundans

1320 2974 1342 2994 et
1366 2971 1464 2999 irrigans
1489 2971 1558 2994 corda
1585 2970 1668 2993 devota
1694 2970 1723 2992 80
1740 2970 1769 2992 30
1788 2982 1817 2986 —
1834 2969 1882 2993 Cur
