<?xml version="1.0" encoding="UTF-8"?>
<!DOCTYPE html PUBLIC "-//W3C//DTD XHTML 1.0 Transitional//EN"
    "http://www.w3.org/TR/xhtml1/DTD/xhtml1-transitional.dtd">
<html xmlns="http://www.w3.org/1999/xhtml" xml:lang="en" lang="en">
 <head>
  <title>
</title>
<meta http-equiv="Content-Type" content="text/html;charset=utf-8" />
  <meta name='ocr-system' content='tesseract 3.04.00' />
  <meta name='ocr-capabilities' content='ocr_page ocr_carea ocr_par ocr_line ocrx_word'/>
</head>
<body>
  <div class='ocr_page' id='page_1' title='image "./doctorisseraphic08bona_0837.png"; bbox 0 0 2133 3317; ppageno 0'>
   <div class='ocr_carea' id='block_1_1' title="bbox 98 263 685 3035">
    <p class='ocr_par' dir='ltr' id='par_1_1' title="bbox 356 263 410 285">
     <span class='ocr_line' id='line_1_1' title="bbox 356 263 410 285; baseline 0 0"><span class='ocrx_word' id='word_1_1' title='bbox 356 263 410 285; x_wconf 84' lang='lat' dir='ltr'>DEU</span> 
     </span>
    </p>

    <p class='ocr_par' dir='ltr' id='par_1_2' title="bbox 98 300 672 606">
     <span class='ocr_line' id='line_1_2' title="bbox 105 300 669 329; baseline -0.012 -1"><span class='ocrx_word' id='word_1_2' title='bbox 105 311 158 328; x_wconf 91' lang='lat' dir='ltr'>cum</span> <span class='ocrx_word' id='word_1_3' title='bbox 176 304 292 327; x_wconf 78' lang='lat' dir='ltr'>blanditur</span> <span class='ocrx_word' id='word_1_4' title='bbox 310 303 338 325; x_wconf 82' lang='grc'>52</span> <span class='ocrx_word' id='word_1_5' title='bbox 356 303 386 324; x_wconf 92' lang='grc'>20</span> <span class='ocrx_word' id='word_1_6' title='bbox 402 314 433 318; x_wconf 96' lang='grc'>-</span> <span class='ocrx_word' id='word_1_7' title='bbox 449 301 542 329; x_wconf 82' lang='lat' dir='ltr'>Triplici</span> <span class='ocrx_word' id='word_1_8' title='bbox 560 300 589 323; x_wconf 89' lang='lat' dir='ltr'>de</span> <span class='ocrx_word' id='word_1_9' title='bbox 601 306 669 322; x_wconf 83' lang='lat' dir='ltr'>causa</span> 
     </span>
     <span class='ocr_line' id='line_1_3' title="bbox 104 339 670 367; baseline -0.012 0"><span class='ocrx_word' id='word_1_10' title='bbox 104 350 189 367; x_wconf 89' lang='lat' dir='ltr'>nomen</span> <span class='ocrx_word' id='word_1_11' title='bbox 207 343 247 365; x_wconf 91' lang='lat' dir='ltr'>Dei</span> <span class='ocrx_word' id='word_1_12' title='bbox 264 341 455 365; x_wconf 81' lang='lat' dir='ltr'>sanctificandum</span> <span class='ocrx_word' id='word_1_13' title='bbox 472 343 506 363; x_wconf 85' lang='lat' dir='ltr'>est</span> <span class='ocrx_word' id='word_1_14' title='bbox 524 340 568 362; x_wconf 90' lang='grc'>105</span> <span class='ocrx_word' id='word_1_15' title='bbox 591 339 617 360; x_wconf 89' lang='grc'>18</span> <span class='ocrx_word' id='word_1_16' title='bbox 639 351 670 355; x_wconf 94' lang='grc'><strong>-</strong></span> 
     </span>
     <span class='ocr_line' id='line_1_4' title="bbox 106 378 671 412; baseline -0.012 -6"><span class='ocrx_word' id='word_1_17' title='bbox 106 382 270 412; x_wconf 84' lang='lat' dir='ltr'>glorificandus</span> <span class='ocrx_word' id='word_1_18' title='bbox 295 384 329 403; x_wconf 88' lang='lat' dir='ltr'>est</span> <span class='ocrx_word' id='word_1_19' title='bbox 354 381 376 403; x_wconf 88' lang='lat' dir='ltr'>in</span> <span class='ocrx_word' id='word_1_20' title='bbox 397 379 506 402; x_wconf 88' lang='lat' dir='ltr'>omnibus</span> <span class='ocrx_word' id='word_1_21' title='bbox 533 378 600 401; x_wconf 89' lang='lat' dir='ltr'>donis</span> <span class='ocrx_word' id='word_1_22' title='bbox 622 378 671 400; x_wconf 88' lang='lat' dir='ltr'>suis</span> 
     </span>
     <span class='ocr_line' id='line_1_5' title="bbox 106 417 671 446; baseline -0.014 0"><span class='ocrx_word' id='word_1_23' title='bbox 106 426 128 446; x_wconf 86' lang='lat' dir='ltr'>et</span> <span class='ocrx_word' id='word_1_24' title='bbox 144 422 211 445; x_wconf 87' lang='lat' dir='ltr'>bonis</span> <span class='ocrx_word' id='word_1_25' title='bbox 227 421 311 444; x_wconf 90' lang='lat' dir='ltr'>nostris</span> <span class='ocrx_word' id='word_1_26' title='bbox 328 420 357 442; x_wconf 84' lang='lat'>94</span> <span class='ocrx_word' id='word_1_27' title='bbox 374 420 388 441; x_wconf 86' lang='grc'>3</span> <span class='ocrx_word' id='word_1_28' title='bbox 404 431 436 435; x_wconf 93' lang='grc'><strong>-</strong></span> <span class='ocrx_word' id='word_1_29' title='bbox 452 419 472 441; x_wconf 91' lang='lat' dir='ltr'>ei</span> <span class='ocrx_word' id='word_1_30' title='bbox 489 417 565 440; x_wconf 88' lang='lat' dir='ltr'>omnis</span> <span class='ocrx_word' id='word_1_31' title='bbox 577 417 671 445; x_wconf 90' lang='lat' dir='ltr'>spiritus</span> 
     </span>
     <span class='ocr_line' id='line_1_6' title="bbox 98 456 672 490; baseline -0.014 -5"><span class='ocrx_word' id='word_1_32' title='bbox 98 462 226 490; x_wconf 23' lang='lat' dir='ltr'>*confitetur</span> <span class='ocrx_word' id='word_1_33' title='bbox 246 461 288 482; x_wconf 89' lang='grc'>182</span> <span class='ocrx_word' id='word_1_34' title='bbox 304 460 309 481; x_wconf 99' lang='lat'>1</span> <span class='ocrx_word' id='word_1_35' title='bbox 327 471 356 475; x_wconf 91' lang='lat'>—-</span> <span class='ocrx_word' id='word_1_36' title='bbox 368 458 397 481; x_wconf 93' lang='lat' dir='ltr'>de</span> <span class='ocrx_word' id='word_1_37' title='bbox 415 458 462 480; x_wconf 89' lang='lat' dir='ltr'>Deo</span> <span class='ocrx_word' id='word_1_38' title='bbox 479 456 625 479; x_wconf 82' lang='lat' dir='ltr'>sentiendum</span> <span class='ocrx_word' id='word_1_39' title='bbox 638 459 672 478; x_wconf 88' lang='lat' dir='ltr'>est</span> 
     </span>
     <span class='ocr_line' id='line_1_7' title="bbox 106 496 672 528; baseline -0.014 -4"><span class='ocrx_word' id='word_1_40' title='bbox 106 501 226 527; x_wconf 73' lang='lat' dir='ltr'>altissime,</span> <span class='ocrx_word' id='word_1_41' title='bbox 243 499 357 528; x_wconf 81' lang='lat' dir='ltr'>piissime,</span> <span class='ocrx_word' id='word_1_42' title='bbox 373 496 518 520; x_wconf 73' lang='lat' dir='ltr'>sanctissime</span> <span class='ocrx_word' id='word_1_43' title='bbox 536 496 579 518; x_wconf 84' lang='grc'>128</span> <span class='ocrx_word' id='word_1_44' title='bbox 600 496 619 517; x_wconf 89' lang='grc'>1.</span> <span class='ocrx_word' id='word_1_45' title='bbox 636 501 672 524; x_wconf 91' lang='lat' dir='ltr'>sq.</span> 
     </span>
     <span class='ocr_line' id='line_1_8' title="bbox 105 534 672 568; baseline -0.012 -5"><span class='ocrx_word' id='word_1_46' title='bbox 105 553 136 557; x_wconf 85' lang='lat'>-—</span> <span class='ocrx_word' id='word_1_47' title='bbox 152 541 230 568; x_wconf 83' lang='lat' dir='ltr'>Ipsum</span> <span class='ocrx_word' id='word_1_48' title='bbox 248 540 362 560; x_wconf 87' lang='lat' dir='ltr'>honorare</span> <span class='ocrx_word' id='word_1_49' title='bbox 373 535 487 559; x_wconf 82' lang='lat' dir='ltr'>debemus</span> <span class='ocrx_word' id='word_1_50' title='bbox 502 534 620 557; x_wconf 83' lang='lat' dir='ltr'>offerendo</span> <span class='ocrx_word' id='word_1_51' title='bbox 632 540 672 556; x_wconf 88' lang='lat' dir='ltr'>cor</span> 
     </span>
     <span class='ocr_line' id='line_1_9' title="bbox 107 574 591 606; baseline -0.014 -4"><span class='ocrx_word' id='word_1_52' title='bbox 107 579 201 606; x_wconf 87' lang='lat' dir='ltr'>humile,</span> <span class='ocrx_word' id='word_1_53' title='bbox 218 578 329 600; x_wconf 75' lang='lat' dir='ltr'>devotum</span> <span class='ocrx_word' id='word_1_54' title='bbox 347 578 369 598; x_wconf 93' lang='lat' dir='ltr'>et</span> <span class='ocrx_word' id='word_1_55' title='bbox 386 574 497 597; x_wconf 85' lang='lat' dir='ltr'>illibatum</span> <span class='ocrx_word' id='word_1_56' title='bbox 519 575 560 596; x_wconf 90' lang='grc'>129</span> <span class='ocrx_word' id='word_1_57' title='bbox 579 574 591 595; x_wconf 87' lang='grc'>3</span> 
     </span>
    </p>

    <p class='ocr_par' dir='ltr' id='par_1_3' title="bbox 106 613 674 918">
     <span class='ocr_line' id='line_1_10' title="bbox 153 613 672 643; baseline -0.013 -3"><span class='ocrx_word' id='word_1_58' title='bbox 153 631 184 635; x_wconf 93' lang='grc'><strong>-</strong></span> <span class='ocrx_word' id='word_1_59' title='bbox 201 617 278 640; x_wconf 87' lang='lat' dir='ltr'>omnia</span> <span class='ocrx_word' id='word_1_60' title='bbox 296 616 319 638; x_wconf 92' lang='lat' dir='ltr'>in</span> <span class='ocrx_word' id='word_1_61' title='bbox 335 614 447 643; x_wconf 80' lang='lat' dir='ltr'>sapientia</span> <span class='ocrx_word' id='word_1_62' title='bbox 466 614 517 636; x_wconf 92' lang='lat' dir='ltr'>fecit</span> <span class='ocrx_word' id='word_1_63' title='bbox 535 613 579 635; x_wconf 87' lang='grc'>268</span> <span class='ocrx_word' id='word_1_64' title='bbox 605 613 618 634; x_wconf 90' lang='grc'>6</span> <span class='ocrx_word' id='word_1_65' title='bbox 641 624 672 628; x_wconf 87' lang='grc'>-</span> 
     </span>
     <span class='ocr_line' id='line_1_11' title="bbox 106 651 673 684; baseline -0.012 -4"><span class='ocrx_word' id='word_1_66' title='bbox 106 658 192 680; x_wconf 76' lang='lat' dir='ltr'>infinita</span> <span class='ocrx_word' id='word_1_67' title='bbox 209 655 319 684; x_wconf 88' lang='lat' dir='ltr'>sapientia</span> <span class='ocrx_word' id='word_1_68' title='bbox 337 657 419 676; x_wconf 87' lang='lat' dir='ltr'>cuncta</span> <span class='ocrx_word' id='word_1_69' title='bbox 437 652 551 681; x_wconf 77' lang='lat' dir='ltr'>gubernat</span> <span class='ocrx_word' id='word_1_70' title='bbox 568 654 591 674; x_wconf 87' lang='lat' dir='ltr'>et</span> <span class='ocrx_word' id='word_1_71' title='bbox 611 651 673 674; x_wconf 92' lang='lat' dir='ltr'>ordi-</span> 
     </span>
     <span class='ocr_line' id='line_1_12' title="bbox 107 690 673 720; baseline -0.012 -1"><span class='ocrx_word' id='word_1_72' title='bbox 107 700 147 720; x_wconf 89' lang='lat' dir='ltr'>nat</span> <span class='ocrx_word' id='word_1_73' title='bbox 167 696 208 718; x_wconf 80' lang='grc'>128</span> <span class='ocrx_word' id='word_1_74' title='bbox 227 696 240 717; x_wconf 93' lang='grc'>2</span> <span class='ocrx_word' id='word_1_75' title='bbox 257 707 288 711; x_wconf 87' lang='lat'>-—</span> <span class='ocrx_word' id='word_1_76' title='bbox 304 694 359 716; x_wconf 85' lang='lat' dir='ltr'>nihil</span> <span class='ocrx_word' id='word_1_77' title='bbox 384 693 540 716; x_wconf 88' lang='lat' dir='ltr'>inordinatum</span> <span class='ocrx_word' id='word_1_78' title='bbox 566 690 673 719; x_wconf 81' lang='lat' dir='ltr'>relinquit</span> 
     </span>
     <span class='ocr_line' id='line_1_13' title="bbox 107 730 672 759; baseline -0.012 -1"><span class='ocrx_word' id='word_1_79' title='bbox 107 736 133 759; x_wconf 87' lang='lat'>71</span> <span class='ocrx_word' id='word_1_80' title='bbox 159 736 164 757; x_wconf 98' lang='lat'>1</span> <span class='ocrx_word' id='word_1_81' title='bbox 187 747 216 751; x_wconf 82' lang='lat'><em>-</em></span> <span class='ocrx_word' id='word_1_82' title='bbox 233 734 309 756; x_wconf 88' lang='lat' dir='ltr'>omnia</span> <span class='ocrx_word' id='word_1_83' title='bbox 327 733 396 755; x_wconf 74' lang='lat' dir='ltr'>vaide</span> <span class='ocrx_word' id='word_1_84' title='bbox 412 732 473 754; x_wconf 91' lang='lat' dir='ltr'>bona</span> <span class='ocrx_word' id='word_1_85' title='bbox 500 731 551 753; x_wconf 93' lang='lat' dir='ltr'>fecit</span> <span class='ocrx_word' id='word_1_86' title='bbox 573 731 617 752; x_wconf 86' lang='grc'>203</span> <span class='ocrx_word' id='word_1_87' title='bbox 644 730 672 751; x_wconf 85' lang='grc'>86</span> 
     </span>
     <span class='ocr_line' id='line_1_14' title="bbox 108 770 673 797; baseline -0.012 0"><span class='ocrx_word' id='word_1_88' title='bbox 108 788 138 791; x_wconf 93' lang='grc'><strong>-</strong></span> <span class='ocrx_word' id='word_1_89' title='bbox 155 775 178 797; x_wconf 88' lang='lat' dir='ltr'>ln</span> <span class='ocrx_word' id='word_1_90' title='bbox 196 774 243 796; x_wconf 87' lang='lat' dir='ltr'>Deo</span> <span class='ocrx_word' id='word_1_91' title='bbox 260 773 336 795; x_wconf 86' lang='lat' dir='ltr'>omnia</span> <span class='ocrx_word' id='word_1_92' title='bbox 354 772 457 795; x_wconf 89' lang='lat' dir='ltr'>ordinata</span> <span class='ocrx_word' id='word_1_93' title='bbox 475 774 528 793; x_wconf 92' lang='lat' dir='ltr'>sunt</span> <span class='ocrx_word' id='word_1_94' title='bbox 546 770 590 792; x_wconf 92' lang='lat'>440</span> <span class='ocrx_word' id='word_1_95' title='bbox 612 770 624 791; x_wconf 93' lang='lat'>9</span> <span class='ocrx_word' id='word_1_96' title='bbox 643 781 673 785; x_wconf 90' lang='lat'>—</span> 
     </span>
     <span class='ocr_line' id='line_1_15' title="bbox 107 809 674 838; baseline -0.011 -2"><span class='ocrx_word' id='word_1_97' title='bbox 107 815 173 836; x_wconf 84' lang='lat' dir='ltr'>Pater</span> <span class='ocrx_word' id='word_1_98' title='bbox 190 813 212 835; x_wconf 91' lang='lat' dir='ltr'>in</span> <span class='ocrx_word' id='word_1_99' title='bbox 230 813 284 835; x_wconf 89' lang='lat' dir='ltr'>Filio</span> <span class='ocrx_word' id='word_1_100' title='bbox 302 811 378 834; x_wconf 88' lang='lat' dir='ltr'>omnia</span> <span class='ocrx_word' id='word_1_101' title='bbox 396 810 522 838; x_wconf 83' lang='lat' dir='ltr'>disposuit,</span> <span class='ocrx_word' id='word_1_102' title='bbox 546 809 609 836; x_wconf 79' lang='lat' dir='ltr'>tecit,</span> <span class='ocrx_word' id='word_1_103' title='bbox 634 815 674 836; x_wconf 86' lang='lat' dir='ltr'>gu-</span> 
     </span>
     <span class='ocr_line' id='line_1_16' title="bbox 108 848 674 878; baseline -0.012 -2"><span class='ocrx_word' id='word_1_104' title='bbox 108 853 190 876; x_wconf 83' lang='lat' dir='ltr'>bernat</span> <span class='ocrx_word' id='word_1_105' title='bbox 206 856 227 875; x_wconf 87' lang='lat' dir='ltr'>et</span> <span class='ocrx_word' id='word_1_106' title='bbox 248 852 339 874; x_wconf 88' lang='lat' dir='ltr'>ordinat</span> <span class='ocrx_word' id='word_1_107' title='bbox 364 856 405 878; x_wconf 89' lang='lat' dir='ltr'>per</span> <span class='ocrx_word' id='word_1_108' title='bbox 426 853 542 876; x_wconf 88' lang='lat' dir='ltr'>naturam,</span> <span class='ocrx_word' id='word_1_109' title='bbox 564 848 674 876; x_wconf 80' lang='lat' dir='ltr'>gratiam,</span> 
     </span>
     <span class='ocr_line' id='line_1_17' title="bbox 108 889 504 918; baseline -0.013 -3"><span class='ocrx_word' id='word_1_110' title='bbox 108 892 231 918; x_wconf 84' lang='lat' dir='ltr'>iustitiam,</span> <span class='ocrx_word' id='word_1_111' title='bbox 249 890 430 913; x_wconf 88' lang='lat' dir='ltr'>misericordiam</span> <span class='ocrx_word' id='word_1_112' title='bbox 448 889 473 910; x_wconf 92' lang='lat'>71</span> <span class='ocrx_word' id='word_1_113' title='bbox 498 889 504 910; x_wconf 92' lang='lat'>1</span> 
     </span>
    </p>

    <p class='ocr_par' dir='ltr' id='par_1_4' title="bbox 109 927 675 1229">
     <span class='ocr_line' id='line_1_18' title="bbox 156 927 674 956; baseline -0.012 -2"><span class='ocrx_word' id='word_1_114' title='bbox 156 944 187 947; x_wconf 97' lang='lat'><strong>—</strong></span> <span class='ocrx_word' id='word_1_115' title='bbox 204 934 238 953; x_wconf 84' lang='lat' dir='ltr'>est</span> <span class='ocrx_word' id='word_1_116' title='bbox 255 932 357 956; x_wconf 88' lang='lat' dir='ltr'>creator,</span> <span class='ocrx_word' id='word_1_117' title='bbox 373 929 520 955; x_wconf 75' lang='lat' dir='ltr'>redemptor,</span> <span class='ocrx_word' id='word_1_118' title='bbox 537 927 674 954; x_wconf 80' lang='lat' dir='ltr'>consolator,</span> 
     </span>
     <span class='ocr_line' id='line_1_19' title="bbox 109 967 675 993; baseline -0.012 1"><span class='ocrx_word' id='word_1_119' title='bbox 109 972 269 993; x_wconf 80' lang='lat' dir='ltr'>remunerator</span> <span class='ocrx_word' id='word_1_120' title='bbox 288 968 311 991; x_wconf 87' lang='lat'>41</span> <span class='ocrx_word' id='word_1_121' title='bbox 334 969 362 990; x_wconf 88' lang='grc'>38</span> <span class='ocrx_word' id='word_1_122' title='bbox 380 980 410 984; x_wconf 94' lang='grc'><strong>-</strong></span> <span class='ocrx_word' id='word_1_123' title='bbox 427 973 439 989; x_wconf 91' lang='lat' dir='ltr'>a</span> <span class='ocrx_word' id='word_1_124' title='bbox 458 967 505 989; x_wconf 83' lang='lat' dir='ltr'>Deo</span> <span class='ocrx_word' id='word_1_125' title='bbox 525 972 606 988; x_wconf 90' lang='lat' dir='ltr'>sumus</span> <span class='ocrx_word' id='word_1_126' title='bbox 633 967 675 987; x_wconf 89' lang='lat' dir='ltr'>for-</span> 
     </span>
     <span class='ocr_line' id='line_1_20' title="bbox 110 1004 675 1037; baseline -0.012 -5"><span class='ocrx_word' id='word_1_127' title='bbox 110 1010 177 1037; x_wconf 82' lang='lat' dir='ltr'>mati,</span> <span class='ocrx_word' id='word_1_128' title='bbox 195 1008 325 1034; x_wconf 86' lang='lat' dir='ltr'>reformati,</span> <span class='ocrx_word' id='word_1_129' title='bbox 342 1006 445 1033; x_wconf 81' lang='lat' dir='ltr'>educati,</span> <span class='ocrx_word' id='word_1_130' title='bbox 462 1005 520 1028; x_wconf 86' lang='lat' dir='ltr'>eruti</span> <span class='ocrx_word' id='word_1_131' title='bbox 532 1005 561 1028; x_wconf 91' lang='lat' dir='ltr'>de</span> <span class='ocrx_word' id='word_1_132' title='bbox 578 1010 619 1027; x_wconf 86' lang='lat' dir='ltr'>ore</span> <span class='ocrx_word' id='word_1_133' title='bbox 635 1004 675 1026; x_wconf 87' lang='lat' dir='ltr'>ini-</span> 
     </span>
     <span class='ocr_line' id='line_1_21' title="bbox 109 1043 675 1076; baseline -0.011 -5"><span class='ocrx_word' id='word_1_134' title='bbox 109 1049 176 1076; x_wconf 85' lang='lat' dir='ltr'>mici,</span> <span class='ocrx_word' id='word_1_135' title='bbox 193 1047 307 1075; x_wconf 82' lang='lat' dir='ltr'>redempti</span> <span class='ocrx_word' id='word_1_136' title='bbox 324 1046 354 1069; x_wconf 92' lang='lat' dir='ltr'>de</span> <span class='ocrx_word' id='word_1_137' title='bbox 371 1046 471 1072; x_wconf 84' lang='lat' dir='ltr'>inferno,</span> <span class='ocrx_word' id='word_1_138' title='bbox 484 1044 590 1067; x_wconf 90' lang='lat' dir='ltr'>conducti</span> <span class='ocrx_word' id='word_1_139' title='bbox 604 1044 626 1065; x_wconf 92' lang='lat' dir='ltr'>in</span> <span class='ocrx_word' id='word_1_140' title='bbox 643 1043 675 1065; x_wconf 84' lang='lat' dir='ltr'>vi-</span> 
     </span>
     <span class='ocr_line' id='line_1_22' title="bbox 109 1082 675 1110; baseline -0.011 0"><span class='ocrx_word' id='word_1_141' title='bbox 109 1093 178 1110; x_wconf 89' lang='lat' dir='ltr'>neam</span> <span class='ocrx_word' id='word_1_142' title='bbox 196 1086 286 1109; x_wconf 89' lang='lat' dir='ltr'>Domini</span> <span class='ocrx_word' id='word_1_143' title='bbox 304 1085 358 1108; x_wconf 89' lang='lat' dir='ltr'>ibid.</span> <span class='ocrx_word' id='word_1_144' title='bbox 382 1098 410 1100; x_wconf 97' lang='lat'><strong>—</strong></span> <span class='ocrx_word' id='word_1_145' title='bbox 434 1084 485 1106; x_wconf 89' lang='lat' dir='ltr'>fecit</span> <span class='ocrx_word' id='word_1_146' title='bbox 502 1083 619 1106; x_wconf 87' lang='lat' dir='ltr'>hominem</span> <span class='ocrx_word' id='word_1_147' title='bbox 645 1082 675 1105; x_wconf 89' lang='lat' dir='ltr'>ad</span> 
     </span>
     <span class='ocr_line' id='line_1_23' title="bbox 109 1124 675 1155; baseline -0.012 -5"><span class='ocrx_word' id='word_1_148' title='bbox 109 1127 237 1155; x_wconf 81' lang='lat' dir='ltr'>imaginem</span> <span class='ocrx_word' id='word_1_149' title='bbox 253 1131 319 1148; x_wconf 84' lang='lat' dir='ltr'>suam</span> <span class='ocrx_word' id='word_1_150' title='bbox 336 1128 358 1147; x_wconf 89' lang='lat' dir='ltr'>et</span> <span class='ocrx_word' id='word_1_151' title='bbox 375 1127 455 1152; x_wconf 87' lang='lat' dir='ltr'>postea</span> <span class='ocrx_word' id='word_1_152' title='bbox 468 1124 540 1145; x_wconf 87' lang='lat' dir='ltr'>factus</span> <span class='ocrx_word' id='word_1_153' title='bbox 551 1125 675 1144; x_wconf 78' lang='grc'>8515001111-</span> 
     </span>
     <span class='ocr_line' id='line_1_24' title="bbox 110 1160 675 1189; baseline -0.012 0"><span class='ocrx_word' id='word_1_154' title='bbox 110 1166 167 1189; x_wconf 87' lang='lat' dir='ltr'>dum</span> <span class='ocrx_word' id='word_1_155' title='bbox 185 1165 303 1188; x_wconf 83' lang='lat' dir='ltr'>hominem</span> <span class='ocrx_word' id='word_1_156' title='bbox 322 1164 365 1186; x_wconf 84' lang='grc'>203</span> <span class='ocrx_word' id='word_1_157' title='bbox 384 1164 412 1185; x_wconf 82' lang='grc'>86</span> <span class='ocrx_word' id='word_1_158' title='bbox 437 1175 469 1179; x_wconf 83' lang='lat'>-</span> <span class='ocrx_word' id='word_1_159' title='bbox 489 1163 571 1189; x_wconf 80' lang='lat' dir='ltr'>imago</span> <span class='ocrx_word' id='word_1_160' title='bbox 589 1161 628 1183; x_wconf 89' lang='lat' dir='ltr'>Dei</span> <span class='ocrx_word' id='word_1_161' title='bbox 653 1160 675 1182; x_wconf 90' lang='lat' dir='ltr'>in</span> 
     </span>
     <span class='ocr_line' id='line_1_25' title="bbox 109 1200 624 1229; baseline -0.012 -1"><span class='ocrx_word' id='word_1_162' title='bbox 109 1205 199 1229; x_wconf 89' lang='lat' dir='ltr'>cunctis</span> <span class='ocrx_word' id='word_1_163' title='bbox 215 1202 348 1226; x_wconf 87' lang='lat' dir='ltr'>hominibus</span> <span class='ocrx_word' id='word_1_164' title='bbox 364 1201 531 1225; x_wconf 82' lang='lat' dir='ltr'>consideranda</span> <span class='ocrx_word' id='word_1_165' title='bbox 551 1200 595 1223; x_wconf 84' lang='grc'>495</span> <span class='ocrx_word' id='word_1_166' title='bbox 613 1206 624 1222; x_wconf 92' lang='lat' dir='ltr'>a</span> 
     </span>
    </p>

    <p class='ocr_par' dir='ltr' id='par_1_5' title="bbox 111 1240 676 1424">
     <span class='ocr_line' id='line_1_26' title="bbox 157 1240 676 1270; baseline -0.01 -4"><span class='ocrx_word' id='word_1_167' title='bbox 157 1256 189 1260; x_wconf 97' lang='lat'><strong>—</strong></span> <span class='ocrx_word' id='word_1_168' title='bbox 205 1246 239 1266; x_wconf 88' lang='lat' dir='ltr'>est</span> <span class='ocrx_word' id='word_1_169' title='bbox 256 1244 305 1265; x_wconf 91' lang='lat' dir='ltr'>fons</span> <span class='ocrx_word' id='word_1_170' title='bbox 322 1241 484 1270; x_wconf 80' lang='lat' dir='ltr'>pulcritudinis</span> <span class='ocrx_word' id='word_1_171' title='bbox 500 1241 529 1262; x_wconf 86' lang='grc'>33</span> <span class='ocrx_word' id='word_1_172' title='bbox 552 1240 577 1262; x_wconf 96' lang='grc' dir='ltr'>Ι2</span> <span class='ocrx_word' id='word_1_173' title='bbox 593 1252 625 1256; x_wconf 84' lang='lat'>--</span> <span class='ocrx_word' id='word_1_174' title='bbox 642 1242 676 1261; x_wconf 86' lang='lat' dir='ltr'>est</span> 
     </span>
     <span class='ocr_line' id='line_1_27' title="bbox 111 1279 675 1312; baseline -0.011 -6"><span class='ocrx_word' id='word_1_175' title='bbox 111 1283 237 1312; x_wconf 85' lang='lat' dir='ltr'>speciosior</span> <span class='ocrx_word' id='word_1_176' title='bbox 259 1281 371 1304; x_wconf 87' lang='lat' dir='ltr'>creaturis</span> <span class='ocrx_word' id='word_1_177' title='bbox 391 1280 446 1303; x_wconf 80' lang='lat' dir='ltr'>ibid.</span> <span class='ocrx_word' id='word_1_178' title='bbox 466 1292 497 1296; x_wconf 88' lang='lat'>—</span> <span class='ocrx_word' id='word_1_179' title='bbox 523 1279 675 1302; x_wconf 72' lang='lat' dir='ltr'>perfectiones</span> 
     </span>
     <span class='ocr_line' id='line_1_28' title="bbox 112 1317 675 1345; baseline -0.009 0"><span class='ocrx_word' id='word_1_180' title='bbox 112 1323 152 1345; x_wconf 89' lang='lat' dir='ltr'>Dei</span> <span class='ocrx_word' id='word_1_181' title='bbox 170 1322 192 1344; x_wconf 90' lang='lat' dir='ltr'>in</span> <span class='ocrx_word' id='word_1_182' title='bbox 215 1321 324 1344; x_wconf 82' lang='lat' dir='ltr'>creaturis</span> <span class='ocrx_word' id='word_1_183' title='bbox 346 1321 450 1343; x_wconf 79' lang='lat' dir='ltr'>relucent</span> <span class='ocrx_word' id='word_1_184' title='bbox 472 1318 526 1342; x_wconf 80' lang='lat' dir='ltr'>ibid.</span> <span class='ocrx_word' id='word_1_185' title='bbox 543 1331 573 1335; x_wconf 98' lang='lat'><strong>—</strong></span> <span class='ocrx_word' id='word_1_186' title='bbox 590 1317 675 1340; x_wconf 87' lang='lat' dir='ltr'>Pulcri-</span> 
     </span>
     <span class='ocr_line' id='line_1_29' title="bbox 113 1357 676 1386; baseline -0.009 -2"><span class='ocrx_word' id='word_1_187' title='bbox 113 1362 169 1385; x_wconf 90' lang='lat' dir='ltr'>tudo</span> <span class='ocrx_word' id='word_1_188' title='bbox 180 1364 337 1384; x_wconf 77' lang='lat' dir='ltr'>creaturarum</span> <span class='ocrx_word' id='word_1_189' title='bbox 354 1359 450 1382; x_wconf 85' lang='lat' dir='ltr'>scintilla</span> <span class='ocrx_word' id='word_1_190' title='bbox 463 1357 624 1386; x_wconf 85' lang='lat' dir='ltr'>pulcritudinis</span> <span class='ocrx_word' id='word_1_191' title='bbox 636 1357 676 1379; x_wconf 88' lang='lat' dir='ltr'>Dei</span> 
     </span>
     <span class='ocr_line' id='line_1_30' title="bbox 113 1397 549 1424; baseline -0.011 0"><span class='ocrx_word' id='word_1_192' title='bbox 113 1400 168 1424; x_wconf 82' lang='lat' dir='ltr'>ibid.</span> <span class='ocrx_word' id='word_1_193' title='bbox 184 1413 215 1417; x_wconf 97' lang='lat'><strong>—</strong></span> <span class='ocrx_word' id='word_1_194' title='bbox 232 1403 265 1422; x_wconf 88' lang='lat' dir='ltr'>est</span> <span class='ocrx_word' id='word_1_195' title='bbox 283 1399 350 1422; x_wconf 89' lang='lat' dir='ltr'>melle</span> <span class='ocrx_word' id='word_1_196' title='bbox 367 1399 456 1421; x_wconf 86' lang='lat' dir='ltr'>dulcior</span> <span class='ocrx_word' id='word_1_197' title='bbox 473 1397 502 1421; x_wconf 86' lang='lat' dir='ltr'>ib.</span> <span class='ocrx_word' id='word_1_198' title='bbox 524 1398 549 1419; x_wconf 86' lang='lat'>13</span> 
     </span>
    </p>

    <p class='ocr_par' dir='ltr' id='par_1_6' title="bbox 113 1436 680 1816">
     <span class='ocr_line' id='line_1_31' title="bbox 159 1436 675 1462; baseline -0.008 0"><span class='ocrx_word' id='word_1_199' title='bbox 159 1453 190 1456; x_wconf 97' lang='lat'><strong>—</strong></span> <span class='ocrx_word' id='word_1_200' title='bbox 202 1442 235 1462; x_wconf 89' lang='lat' dir='ltr'>est</span> <span class='ocrx_word' id='word_1_201' title='bbox 249 1440 299 1461; x_wconf 87' lang='lat' dir='ltr'>sons</span> <span class='ocrx_word' id='word_1_202' title='bbox 308 1438 383 1461; x_wconf 89' lang='lat' dir='ltr'>omnis</span> <span class='ocrx_word' id='word_1_203' title='bbox 395 1437 449 1460; x_wconf 90' lang='lat' dir='ltr'>boni</span> <span class='ocrx_word' id='word_1_204' title='bbox 462 1438 475 1459; x_wconf 87' lang='lat'><strong>6</strong></span> <span class='ocrx_word' id='word_1_205' title='bbox 490 1437 517 1459; x_wconf 83' lang='lat'>14</span> <span class='ocrx_word' id='word_1_206' title='bbox 529 1449 560 1453; x_wconf 97' lang='lat'><strong>—</strong></span> <span class='ocrx_word' id='word_1_207' title='bbox 572 1436 675 1459; x_wconf 90' lang='lat' dir='ltr'>omnium</span> 
     </span>
     <span class='ocr_line' id='line_1_32' title="bbox 114 1475 677 1502; baseline -0.009 0"><span class='ocrx_word' id='word_1_208' title='bbox 114 1479 229 1502; x_wconf 89' lang='lat' dir='ltr'>bonorum</span> <span class='ocrx_word' id='word_1_209' title='bbox 247 1481 327 1501; x_wconf 81' lang='lat' dir='ltr'>auctor</span> <span class='ocrx_word' id='word_1_210' title='bbox 346 1478 389 1500; x_wconf 87' lang='lat'>110</span> <span class='ocrx_word' id='word_1_211' title='bbox 407 1478 420 1499; x_wconf 91' lang='grc'>2</span> <span class='ocrx_word' id='word_1_212' title='bbox 438 1489 469 1493; x_wconf 93' lang='grc'><strong>-</strong></span> <span class='ocrx_word' id='word_1_213' title='bbox 485 1477 532 1498; x_wconf 92' lang='lat' dir='ltr'>Deo</span> <span class='ocrx_word' id='word_1_214' title='bbox 552 1482 621 1498; x_wconf 86' lang='lat' dir='ltr'>omne</span> <span class='ocrx_word' id='word_1_215' title='bbox 639 1475 677 1497; x_wconf 94' lang='lat' dir='ltr'>bo-</span> 
     </span>
     <span class='ocr_line' id='line_1_33' title="bbox 113 1514 678 1542; baseline -0.007 -1"><span class='ocrx_word' id='word_1_216' title='bbox 113 1525 170 1542; x_wconf 89' lang='lat' dir='ltr'>num</span> <span class='ocrx_word' id='word_1_217' title='bbox 188 1518 337 1541; x_wconf 88' lang='lat' dir='ltr'>tribuendum</span> <span class='ocrx_word' id='word_1_218' title='bbox 350 1516 404 1539; x_wconf 90' lang='lat' dir='ltr'>ibid.</span> <span class='ocrx_word' id='word_1_219' title='bbox 415 1529 446 1533; x_wconf 88' lang='lat'>-</span> <span class='ocrx_word' id='word_1_220' title='bbox 457 1516 557 1538; x_wconf 83' lang='lat' dir='ltr'>Plurima</span> <span class='ocrx_word' id='word_1_221' title='bbox 575 1519 627 1538; x_wconf 86' lang='lat' dir='ltr'>sunt</span> <span class='ocrx_word' id='word_1_222' title='bbox 640 1514 678 1537; x_wconf 89' lang='lat' dir='ltr'>be-</span> 
     </span>
     <span class='ocr_line' id='line_1_34' title="bbox 113 1555 677 1581; baseline -0.009 0"><span class='ocrx_word' id='word_1_223' title='bbox 113 1558 195 1581; x_wconf 80' lang='lat' dir='ltr'>neficia</span> <span class='ocrx_word' id='word_1_224' title='bbox 214 1557 254 1580; x_wconf 91' lang='lat' dir='ltr'>Dei</span> <span class='ocrx_word' id='word_1_225' title='bbox 274 1558 316 1579; x_wconf 86' lang='lat'>118</span> <span class='ocrx_word' id='word_1_226' title='bbox 340 1557 353 1578; x_wconf 84' lang='lat'><strong>3</strong></span> <span class='ocrx_word' id='word_1_227' title='bbox 372 1569 402 1572; x_wconf 93' lang='lat'>—</span> <span class='ocrx_word' id='word_1_228' title='bbox 422 1555 521 1578; x_wconf 86' lang='lat' dir='ltr'>Grandia</span> <span class='ocrx_word' id='word_1_229' title='bbox 545 1558 598 1577; x_wconf 92' lang='lat' dir='ltr'>sunt</span> <span class='ocrx_word' id='word_1_230' title='bbox 621 1556 677 1577; x_wconf 87' lang='lat' dir='ltr'>haec</span> 
     </span>
     <span class='ocr_line' id='line_1_35' title="bbox 114 1593 677 1622; baseline -0.009 -2"><span class='ocrx_word' id='word_1_231' title='bbox 114 1597 225 1620; x_wconf 82' lang='lat' dir='ltr'>beneficia</span> <span class='ocrx_word' id='word_1_232' title='bbox 243 1596 288 1619; x_wconf 86' lang='grc'>478</span> <span class='ocrx_word' id='word_1_233' title='bbox 312 1596 324 1618; x_wconf 90' lang='grc'>4</span> <span class='ocrx_word' id='word_1_234' title='bbox 346 1608 378 1612; x_wconf 82' lang='lat'>-—</span> <span class='ocrx_word' id='word_1_235' title='bbox 401 1595 439 1617; x_wconf 90' lang='lat' dir='ltr'>Dei</span> <span class='ocrx_word' id='word_1_236' title='bbox 462 1594 565 1622; x_wconf 86' lang='lat' dir='ltr'>operatio</span> <span class='ocrx_word' id='word_1_237' title='bbox 587 1600 632 1616; x_wconf 89' lang='lat' dir='ltr'>non</span> <span class='ocrx_word' id='word_1_238' title='bbox 656 1593 677 1615; x_wconf 89' lang='lat' dir='ltr'>in</span> 
     </span>
     <span class='ocr_line' id='line_1_36' title="bbox 115 1633 679 1664; baseline -0.011 -4"><span class='ocrx_word' id='word_1_239' title='bbox 115 1636 224 1660; x_wconf 90' lang='lat' dir='ltr'>omnibus</span> <span class='ocrx_word' id='word_1_240' title='bbox 242 1635 333 1664; x_wconf 82' lang='lat' dir='ltr'>proficit</span> <span class='ocrx_word' id='word_1_241' title='bbox 357 1635 386 1657; x_wconf 91' lang='lat' dir='ltr'>ad</span> <span class='ocrx_word' id='word_1_242' title='bbox 411 1635 508 1657; x_wconf 87' lang='lat' dir='ltr'>salutem</span> <span class='ocrx_word' id='word_1_243' title='bbox 534 1633 578 1656; x_wconf 96' lang='grc'>140</span> <span class='ocrx_word' id='word_1_244' title='bbox 603 1633 630 1655; x_wconf 94' lang='grc'>10</span> <span class='ocrx_word' id='word_1_245' title='bbox 647 1645 679 1649; x_wconf 94' lang='grc'><strong>-</strong></span> 
     </span>
     <span class='ocr_line' id='line_1_37' title="bbox 115 1671 678 1701; baseline -0.009 -3"><span class='ocrx_word' id='word_1_246' title='bbox 115 1676 208 1698; x_wconf 89' lang='lat' dir='ltr'>Bonitas</span> <span class='ocrx_word' id='word_1_247' title='bbox 225 1675 265 1698; x_wconf 90' lang='lat' dir='ltr'>Dei</span> <span class='ocrx_word' id='word_1_248' title='bbox 282 1675 311 1697; x_wconf 88' lang='lat' dir='ltr'>ad</span> <span class='ocrx_word' id='word_1_249' title='bbox 323 1675 433 1701; x_wconf 85' lang='lat' dir='ltr'>indignos</span> <span class='ocrx_word' id='word_1_250' title='bbox 449 1680 474 1696; x_wconf 88' lang='lat' dir='ltr'>se</span> <span class='ocrx_word' id='word_1_251' title='bbox 491 1673 590 1695; x_wconf 87' lang='lat' dir='ltr'>extendit</span> <span class='ocrx_word' id='word_1_252' title='bbox 608 1672 651 1694; x_wconf 87' lang='grc'>106</span> <span class='ocrx_word' id='word_1_253' title='bbox 665 1671 678 1693; x_wconf 88' lang='grc'>5</span> 
     </span>
     <span class='ocr_line' id='line_1_38' title="bbox 115 1711 680 1737; baseline -0.009 1"><span class='ocrx_word' id='word_1_254' title='bbox 115 1728 146 1732; x_wconf 92' lang='grc'>-</span> <span class='ocrx_word' id='word_1_255' title='bbox 163 1715 230 1737; x_wconf 92' lang='lat' dir='ltr'>valde</span> <span class='ocrx_word' id='word_1_256' title='bbox 247 1714 346 1737; x_wconf 88' lang='lat' dir='ltr'>liberalis</span> <span class='ocrx_word' id='word_1_257' title='bbox 362 1717 396 1736; x_wconf 85' lang='lat' dir='ltr'>est</span> <span class='ocrx_word' id='word_1_258' title='bbox 414 1713 438 1735; x_wconf 84' lang='lat'>31</span> <span class='ocrx_word' id='word_1_259' title='bbox 461 1713 474 1734; x_wconf 98' lang='lat'>5</span> <span class='ocrx_word' id='word_1_260' title='bbox 491 1725 522 1729; x_wconf 89' lang='lat'><strong>—</strong></span> <span class='ocrx_word' id='word_1_261' title='bbox 539 1712 579 1734; x_wconf 92' lang='lat' dir='ltr'>Dei</span> <span class='ocrx_word' id='word_1_262' title='bbox 600 1711 680 1734; x_wconf 85' lang='lat' dir='ltr'>tibera-</span> 
     </span>
     <span class='ocr_line' id='line_1_39' title="bbox 115 1751 678 1778; baseline -0.009 -1"><span class='ocrx_word' id='word_1_263' title='bbox 115 1755 165 1778; x_wconf 88' lang='lat' dir='ltr'>litas</span> <span class='ocrx_word' id='word_1_264' title='bbox 182 1760 227 1777; x_wconf 93' lang='lat' dir='ltr'>non</span> <span class='ocrx_word' id='word_1_265' title='bbox 244 1753 351 1776; x_wconf 90' lang='lat' dir='ltr'>diminuit</span> <span class='ocrx_word' id='word_1_266' title='bbox 373 1759 438 1775; x_wconf 87' lang='lat' dir='ltr'>suam</span> <span class='ocrx_word' id='word_1_267' title='bbox 457 1752 582 1774; x_wconf 85' lang='lat' dir='ltr'>bonitatem</span> <span class='ocrx_word' id='word_1_268' title='bbox 602 1751 631 1773; x_wconf 84' lang='grc'>52</span> <span class='ocrx_word' id='word_1_269' title='bbox 654 1751 678 1773; x_wconf 93' lang='grc'>19</span> 
     </span>
     <span class='ocr_line' id='line_1_40' title="bbox 115 1791 564 1816; baseline -0.011 1"><span class='ocrx_word' id='word_1_270' title='bbox 115 1807 146 1811; x_wconf 97' lang='lat'>—</span> <span class='ocrx_word' id='word_1_271' title='bbox 163 1794 204 1816; x_wconf 92' lang='lat' dir='ltr'>Dei</span> <span class='ocrx_word' id='word_1_272' title='bbox 220 1792 342 1816; x_wconf 81' lang='lat' dir='ltr'>liberalitas</span> <span class='ocrx_word' id='word_1_273' title='bbox 359 1792 470 1814; x_wconf 86' lang='lat' dir='ltr'>exaltatur</span> <span class='ocrx_word' id='word_1_274' title='bbox 487 1792 512 1813; x_wconf 86' lang='lat'>51</span> <span class='ocrx_word' id='word_1_275' title='bbox 536 1791 564 1812; x_wconf 89' lang='lat'>19</span> 
     </span>
    </p>

    <p class='ocr_par' dir='ltr' id='par_1_7' title="bbox 115 1829 682 2170">
     <span class='ocr_line' id='line_1_41' title="bbox 163 1829 678 1858; baseline -0.008 -3"><span class='ocrx_word' id='word_1_276' title='bbox 163 1845 194 1850; x_wconf 91' lang='lat'>—</span> <span class='ocrx_word' id='word_1_277' title='bbox 211 1833 264 1855; x_wconf 89' lang='lat' dir='ltr'>Eius</span> <span class='ocrx_word' id='word_1_278' title='bbox 280 1831 439 1854; x_wconf 86' lang='lat' dir='ltr'>misericordia</span> <span class='ocrx_word' id='word_1_279' title='bbox 456 1836 547 1853; x_wconf 88' lang='lat' dir='ltr'>summe</span> <span class='ocrx_word' id='word_1_280' title='bbox 565 1829 678 1858; x_wconf 81' lang='lat' dir='ltr'>benigna,</span> 
     </span>
     <span class='ocr_line' id='line_1_42' title="bbox 116 1869 681 1900; baseline -0.007 -5"><span class='ocrx_word' id='word_1_281' title='bbox 116 1873 244 1900; x_wconf 79' lang='lat' dir='ltr'>viscerosa,</span> <span class='ocrx_word' id='word_1_282' title='bbox 261 1870 361 1894; x_wconf 85' lang='lat' dir='ltr'>liberalis</span> <span class='ocrx_word' id='word_1_283' title='bbox 382 1871 422 1892; x_wconf 96' lang='grc'>128</span> <span class='ocrx_word' id='word_1_284' title='bbox 441 1871 454 1892; x_wconf 92' lang='grc'>2</span> <span class='ocrx_word' id='word_1_285' title='bbox 465 1882 496 1886; x_wconf 93' lang='grc'>-</span> <span class='ocrx_word' id='word_1_286' title='bbox 508 1869 582 1892; x_wconf 86' lang='lat' dir='ltr'>Ardor</span> <span class='ocrx_word' id='word_1_287' title='bbox 599 1869 681 1891; x_wconf 89' lang='lat' dir='ltr'>carita-</span> 
     </span>
     <span class='ocr_line' id='line_1_43' title="bbox 115 1908 675 1939; baseline -0.009 -4"><span class='ocrx_word' id='word_1_288' title='bbox 115 1913 144 1935; x_wconf 85' lang='lat' dir='ltr'>tis</span> <span class='ocrx_word' id='word_1_289' title='bbox 161 1918 216 1935; x_wconf 89' lang='lat' dir='ltr'>suae</span> <span class='ocrx_word' id='word_1_290' title='bbox 233 1917 288 1939; x_wconf 85' lang='lat' dir='ltr'>erga</span> <span class='ocrx_word' id='word_1_291' title='bbox 306 1917 347 1933; x_wconf 93' lang='lat' dir='ltr'>nos</span> <span class='ocrx_word' id='word_1_292' title='bbox 364 1913 398 1932; x_wconf 86' lang='lat' dir='ltr'>est</span> <span class='ocrx_word' id='word_1_293' title='bbox 415 1908 587 1932; x_wconf 88' lang='lat' dir='ltr'>inaestimabilis</span> <span class='ocrx_word' id='word_1_294' title='bbox 608 1909 648 1930; x_wconf 84' lang='grc'>182</span> <span class='ocrx_word' id='word_1_295' title='bbox 668 1908 675 1930; x_wconf 99' lang='grc'>1</span> 
     </span>
     <span class='ocr_line' id='line_1_44' title="bbox 115 1948 681 1977; baseline -0.009 -3"><span class='ocrx_word' id='word_1_296' title='bbox 115 1963 147 1968; x_wconf 90' lang='grc'>-</span> <span class='ocrx_word' id='word_1_297' title='bbox 165 1950 318 1974; x_wconf 86' lang='lat' dir='ltr'>Misericordia</span> <span class='ocrx_word' id='word_1_298' title='bbox 331 1949 371 1972; x_wconf 90' lang='lat' dir='ltr'>Dei</span> <span class='ocrx_word' id='word_1_299' title='bbox 382 1955 475 1977; x_wconf 86' lang='lat' dir='ltr'>semper</span> <span class='ocrx_word' id='word_1_300' title='bbox 486 1949 516 1971; x_wconf 90' lang='lat' dir='ltr'>ad</span> <span class='ocrx_word' id='word_1_301' title='bbox 533 1948 625 1970; x_wconf 90' lang='lat' dir='ltr'>meliora</span> <span class='ocrx_word' id='word_1_302' title='bbox 642 1954 681 1969; x_wconf 75' lang='lat' dir='ltr'>vo-</span> 
     </span>
     <span class='ocr_line' id='line_1_45' title="bbox 117 1988 680 2016; baseline -0.007 -3"><span class='ocrx_word' id='word_1_303' title='bbox 117 1994 153 2013; x_wconf 91' lang='lat' dir='ltr'>cat</span> <span class='ocrx_word' id='word_1_304' title='bbox 174 1990 203 2012; x_wconf 83' lang='lat'>34</span> <span class='ocrx_word' id='word_1_305' title='bbox 230 1990 258 2012; x_wconf 89' lang='grc'>16</span> <span class='ocrx_word' id='word_1_306' title='bbox 275 2001 307 2005; x_wconf 93' lang='lat'>——</span> <span class='ocrx_word' id='word_1_307' title='bbox 323 1991 358 2011; x_wconf 88' lang='lat' dir='ltr'>est</span> <span class='ocrx_word' id='word_1_308' title='bbox 382 1989 434 2016; x_wconf 89' lang='lat' dir='ltr'>pius</span> <span class='ocrx_word' id='word_1_309' title='bbox 459 1988 590 2016; x_wconf 83' lang='lat' dir='ltr'>exauditor,</span> <span class='ocrx_word' id='word_1_310' title='bbox 614 1988 680 2009; x_wconf 83' lang='lat' dir='ltr'>velox</span> 
     </span>
     <span class='ocr_line' id='line_1_46' title="bbox 117 2026 681 2058; baseline -0.007 -6"><span class='ocrx_word' id='word_1_311' title='bbox 117 2029 257 2058; x_wconf 80' lang='lat' dir='ltr'>promissor,</span> <span class='ocrx_word' id='word_1_312' title='bbox 283 2031 405 2056; x_wconf 90' lang='lat' dir='ltr'>promptus</span> <span class='ocrx_word' id='word_1_313' title='bbox 427 2027 531 2050; x_wconf 84' lang='lat' dir='ltr'>redditor</span> <span class='ocrx_word' id='word_1_314' title='bbox 560 2026 601 2049; x_wconf 97' lang='grc'>174</span> <span class='ocrx_word' id='word_1_315' title='bbox 619 2027 632 2048; x_wconf 86' lang='grc'>2</span> <span class='ocrx_word' id='word_1_316' title='bbox 650 2038 681 2042; x_wconf 90' lang='grc'><strong>-</strong></span> 
     </span>
     <span class='ocr_line' id='line_1_47' title="bbox 117 2065 680 2094; baseline -0.007 -3"><span class='ocrx_word' id='word_1_317' title='bbox 117 2069 157 2091; x_wconf 92' lang='lat' dir='ltr'>Dei</span> <span class='ocrx_word' id='word_1_318' title='bbox 175 2067 305 2091; x_wconf 82' lang='lat' dir='ltr'>subsidium</span> <span class='ocrx_word' id='word_1_319' title='bbox 323 2068 423 2089; x_wconf 90' lang='lat' dir='ltr'>clamore</span> <span class='ocrx_word' id='word_1_320' title='bbox 435 2066 606 2094; x_wconf 89' lang='lat' dir='ltr'>implorandum</span> <span class='ocrx_word' id='word_1_321' title='bbox 629 2066 654 2087; x_wconf 91' lang='grc'>12</span> <span class='ocrx_word' id='word_1_322' title='bbox 667 2065 680 2087; x_wconf 87' lang='grc'>2</span> 
     </span>
     <span class='ocr_line' id='line_1_48' title="bbox 116 2105 682 2130; baseline -0.007 0"><span class='ocrx_word' id='word_1_323' title='bbox 116 2120 148 2124; x_wconf 94' lang='grc'><strong>-</strong></span> <span class='ocrx_word' id='word_1_324' title='bbox 164 2108 239 2130; x_wconf 88' lang='lat' dir='ltr'>servis</span> <span class='ocrx_word' id='word_1_325' title='bbox 255 2107 303 2129; x_wconf 87' lang='lat' dir='ltr'>suis</span> <span class='ocrx_word' id='word_1_326' title='bbox 328 2107 419 2128; x_wconf 88' lang='lat' dir='ltr'>auferre</span> <span class='ocrx_word' id='word_1_327' title='bbox 439 2106 476 2127; x_wconf 89' lang='lat' dir='ltr'>vel</span> <span class='ocrx_word' id='word_1_328' title='bbox 493 2105 600 2127; x_wconf 84' lang='lat' dir='ltr'>alleviare</span> <span class='ocrx_word' id='word_1_329' title='bbox 624 2105 682 2127; x_wconf 91' lang='lat' dir='ltr'>solet</span> 
     </span>
     <span class='ocr_line' id='line_1_49' title="bbox 118 2146 319 2170; baseline -0.015 0"><span class='ocrx_word' id='word_1_330' title='bbox 118 2149 229 2170; x_wconf 88' lang='lat' dir='ltr'>tormenta</span> <span class='ocrx_word' id='word_1_331' title='bbox 250 2146 292 2168; x_wconf 83' lang='lat'>186</span> <span class='ocrx_word' id='word_1_332' title='bbox 312 2146 319 2167; x_wconf 91' lang='grc'>1</span> 
     </span>
    </p>

    <p class='ocr_par' dir='ltr' id='par_1_8' title="bbox 117 2183 682 2369">
     <span class='ocr_line' id='line_1_50' title="bbox 164 2183 682 2212; baseline -0.008 -4"><span class='ocrx_word' id='word_1_333' title='bbox 164 2199 195 2202; x_wconf 94' lang='grc'><strong>-</strong></span> <span class='ocrx_word' id='word_1_334' title='bbox 212 2186 254 2208; x_wconf 82' lang='lat' dir='ltr'>Per</span> <span class='ocrx_word' id='word_1_335' title='bbox 271 2185 311 2207; x_wconf 89' lang='lat' dir='ltr'>Dei</span> <span class='ocrx_word' id='word_1_336' title='bbox 329 2184 499 2212; x_wconf 90' lang='lat' dir='ltr'>inspirationem</span> <span class='ocrx_word' id='word_1_337' title='bbox 525 2183 611 2205; x_wconf 86' lang='lat' dir='ltr'>bonum</span> <span class='ocrx_word' id='word_1_338' title='bbox 630 2189 682 2211; x_wconf 90' lang='lat' dir='ltr'>pro-</span> 
     </span>
     <span class='ocr_line' id='line_1_51' title="bbox 117 2222 681 2254; baseline -0.007 -6"><span class='ocrx_word' id='word_1_339' title='bbox 117 2225 219 2254; x_wconf 86' lang='lat' dir='ltr'>positum</span> <span class='ocrx_word' id='word_1_340' title='bbox 232 2224 361 2252; x_wconf 89' lang='lat' dir='ltr'>concipitur</span> <span class='ocrx_word' id='word_1_341' title='bbox 373 2223 402 2245; x_wconf 84' lang='grc'>94</span> <span class='ocrx_word' id='word_1_342' title='bbox 417 2225 431 2246; x_wconf 89' lang='grc'>2</span> <span class='ocrx_word' id='word_1_343' title='bbox 443 2235 474 2240; x_wconf 91' lang='grc'>--</span> <span class='ocrx_word' id='word_1_344' title='bbox 485 2222 590 2245; x_wconf 86' lang='lat' dir='ltr'>accendit</span> <span class='ocrx_word' id='word_1_345' title='bbox 606 2223 681 2244; x_wconf 92' lang='lat' dir='ltr'>zelum</span> 
     </span>
     <span class='ocr_line' id='line_1_52' title="bbox 117 2261 681 2291; baseline -0.005 -5"><span class='ocrx_word' id='word_1_346' title='bbox 117 2264 233 2291; x_wconf 78' lang='lat' dir='ltr'>iustitiae,</span> <span class='ocrx_word' id='word_1_347' title='bbox 257 2263 355 2285; x_wconf 82' lang='lat' dir='ltr'>infundit</span> <span class='ocrx_word' id='word_1_348' title='bbox 378 2263 485 2290; x_wconf 87' lang='lat' dir='ltr'>pietatem</span> <span class='ocrx_word' id='word_1_349' title='bbox 503 2261 681 2289; x_wconf 84' lang='lat' dir='ltr'>compassionis,</span> 
     </span>
     <span class='ocr_line' id='line_1_53' title="bbox 118 2299 682 2332; baseline -0.005 -7"><span class='ocrx_word' id='word_1_350' title='bbox 118 2303 253 2332; x_wconf 86' lang='lat' dir='ltr'>patientiam</span> <span class='ocrx_word' id='word_1_351' title='bbox 275 2301 382 2328; x_wconf 85' lang='lat' dir='ltr'>roborat,</span> <span class='ocrx_word' id='word_1_352' title='bbox 399 2301 477 2323; x_wconf 85' lang='lat' dir='ltr'>condit</span> <span class='ocrx_word' id='word_1_353' title='bbox 493 2301 626 2328; x_wconf 87' lang='lat' dir='ltr'>exemplum</span> <span class='ocrx_word' id='word_1_354' title='bbox 644 2299 682 2322; x_wconf 88' lang='lat' dir='ltr'>bo·</span> 
     </span>
     <span class='ocr_line' id='line_1_54' title="bbox 118 2339 582 2369; baseline -0.009 -4"><span class='ocrx_word' id='word_1_355' title='bbox 118 2348 187 2369; x_wconf 85' lang='lat' dir='ltr'>num,</span> <span class='ocrx_word' id='word_1_356' title='bbox 204 2342 367 2365; x_wconf 87' lang='lat' dir='ltr'>discretionem</span> <span class='ocrx_word' id='word_1_357' title='bbox 385 2340 493 2363; x_wconf 78' lang='lat' dir='ltr'>clarificat</span> <span class='ocrx_word' id='word_1_358' title='bbox 514 2339 554 2362; x_wconf 96' lang='lat'>147</span> <span class='ocrx_word' id='word_1_359' title='bbox 574 2340 582 2361; x_wconf 95' lang='grc'>1</span> 
     </span>
    </p>

    <p class='ocr_par' dir='ltr' id='par_1_9' title="bbox 120 2378 683 2679">
     <span class='ocr_line' id='line_1_55' title="bbox 166 2378 682 2410; baseline -0.008 -6"><span class='ocrx_word' id='word_1_360' title='bbox 166 2394 197 2398; x_wconf 91' lang='lat'>—-</span> <span class='ocrx_word' id='word_1_361' title='bbox 214 2381 333 2410; x_wconf 87' lang='lat' dir='ltr'>quomodo</span> <span class='ocrx_word' id='word_1_362' title='bbox 351 2379 481 2408; x_wconf 83' lang='lat' dir='ltr'>diligendus</span> <span class='ocrx_word' id='word_1_363' title='bbox 497 2378 538 2401; x_wconf 88' lang='grc'>124</span> <span class='ocrx_word' id='word_1_364' title='bbox 556 2380 569 2401; x_wconf 90' lang='grc'>2</span> <span class='ocrx_word' id='word_1_365' title='bbox 587 2391 609 2394; x_wconf 96' lang='grc'>-</span> <span class='ocrx_word' id='word_1_366' title='bbox 629 2379 682 2400; x_wconf 86' lang='lat' dir='ltr'>Gra-</span> 
     </span>
     <span class='ocr_line' id='line_1_56' title="bbox 120 2418 682 2448; baseline -0.009 -4"><span class='ocrx_word' id='word_1_367' title='bbox 120 2421 164 2444; x_wconf 89' lang='lat' dir='ltr'>dus</span> <span class='ocrx_word' id='word_1_368' title='bbox 185 2421 270 2443; x_wconf 87' lang='lat' dir='ltr'>amoris</span> <span class='ocrx_word' id='word_1_369' title='bbox 295 2419 381 2448; x_wconf 85' lang='lat' dir='ltr'>pendet</span> <span class='ocrx_word' id='word_1_370' title='bbox 403 2425 414 2441; x_wconf 92' lang='lat' dir='ltr'>a</span> <span class='ocrx_word' id='word_1_371' title='bbox 441 2419 515 2447; x_wconf 85' lang='lat' dir='ltr'>gradu</span> <span class='ocrx_word' id='word_1_372' title='bbox 538 2418 682 2440; x_wconf 87' lang='lat' dir='ltr'>reverentiae</span> 
     </span>
     <span class='ocr_line' id='line_1_57' title="bbox 120 2458 682 2486; baseline -0.005 -4"><span class='ocrx_word' id='word_1_373' title='bbox 120 2459 160 2482; x_wconf 87' lang='grc'>141</span> <span class='ocrx_word' id='word_1_374' title='bbox 183 2461 196 2482; x_wconf 88' lang='grc'>6</span> <span class='ocrx_word' id='word_1_375' title='bbox 213 2472 244 2476; x_wconf 94' lang='grc'><strong>-</strong></span> <span class='ocrx_word' id='word_1_376' title='bbox 261 2460 324 2482; x_wconf 84' lang='grc'>501115</span> <span class='ocrx_word' id='word_1_377' title='bbox 336 2459 405 2481; x_wconf 87' lang='lat' dir='ltr'>debet</span> <span class='ocrx_word' id='word_1_378' title='bbox 421 2458 488 2481; x_wconf 89' lang='lat' dir='ltr'>nobis</span> <span class='ocrx_word' id='word_1_379' title='bbox 500 2458 591 2486; x_wconf 87' lang='lat' dir='ltr'>placere</span> <span class='ocrx_word' id='word_1_380' title='bbox 607 2460 630 2479; x_wconf 88' lang='lat' dir='ltr'>et</span> <span class='ocrx_word' id='word_1_381' title='bbox 642 2463 682 2479; x_wconf 89' lang='lat' dir='ltr'>nos</span> 
     </span>
     <span class='ocr_line' id='line_1_58' title="bbox 120 2495 683 2527; baseline -0.009 -5"><span class='ocrx_word' id='word_1_382' title='bbox 120 2500 168 2522; x_wconf 89' lang='lat' dir='ltr'>Deo</span> <span class='ocrx_word' id='word_1_383' title='bbox 185 2500 198 2521; x_wconf 87' lang='lat'>9</span> <span class='ocrx_word' id='word_1_384' title='bbox 217 2500 230 2520; x_wconf 88' lang='grc'>8</span> <span class='ocrx_word' id='word_1_385' title='bbox 247 2512 278 2515; x_wconf 92' lang='grc'><strong>-</strong></span> <span class='ocrx_word' id='word_1_386' title='bbox 294 2502 408 2527; x_wconf 88' lang='lat' dir='ltr'>quantum</span> <span class='ocrx_word' id='word_1_387' title='bbox 420 2497 551 2525; x_wconf 81' lang='lat' dir='ltr'>diligendus</span> <span class='ocrx_word' id='word_1_388' title='bbox 564 2496 592 2518; x_wconf 89' lang='grc'>42</span> <span class='ocrx_word' id='word_1_389' title='bbox 610 2495 638 2518; x_wconf 91' lang='grc'>43</span> <span class='ocrx_word' id='word_1_390' title='bbox 652 2508 683 2512; x_wconf 94' lang='grc'><strong>-</strong></span> 
     </span>
     <span class='ocr_line' id='line_1_59' title="bbox 120 2536 683 2567; baseline -0.005 -6"><span class='ocrx_word' id='word_1_391' title='bbox 120 2538 252 2567; x_wconf 58' lang='lat' dir='ltr'>diligendus</span> <span class='ocrx_word' id='word_1_392' title='bbox 268 2541 291 2561; x_wconf 89' lang='lat' dir='ltr'>et</span> <span class='ocrx_word' id='word_1_393' title='bbox 307 2537 452 2566; x_wconf 86' lang='lat' dir='ltr'>appetendus</span> <span class='ocrx_word' id='word_1_394' title='bbox 468 2542 539 2564; x_wconf 89' lang='lat' dir='ltr'>super</span> <span class='ocrx_word' id='word_1_395' title='bbox 561 2536 637 2558; x_wconf 85' lang='lat' dir='ltr'>omnia</span> <span class='ocrx_word' id='word_1_396' title='bbox 661 2538 683 2558; x_wconf 89' lang='lat' dir='ltr'>et</span> 
     </span>
     <span class='ocr_line' id='line_1_60' title="bbox 121 2575 682 2606; baseline -0.007 -6"><span class='ocrx_word' id='word_1_397' title='bbox 121 2581 215 2606; x_wconf 89' lang='lat' dir='ltr'>propter</span> <span class='ocrx_word' id='word_1_398' title='bbox 232 2584 257 2600; x_wconf 82' lang='lat' dir='ltr'>se</span> <span class='ocrx_word' id='word_1_399' title='bbox 273 2577 287 2599; x_wconf 93' lang='lat'>7</span> <span class='ocrx_word' id='word_1_400' title='bbox 307 2577 334 2599; x_wconf 77' lang='grc' dir='ltr'>ι14</span> <span class='ocrx_word' id='word_1_401' title='bbox 351 2589 382 2593; x_wconf 94' lang='grc'><strong>-</strong></span> <span class='ocrx_word' id='word_1_402' title='bbox 402 2577 424 2598; x_wconf 88' lang='grc'>111</span> <span class='ocrx_word' id='word_1_403' title='bbox 448 2576 521 2598; x_wconf 87' lang='lat' dir='ltr'>Deum</span> <span class='ocrx_word' id='word_1_404' title='bbox 546 2581 598 2597; x_wconf 82' lang='lat' dir='ltr'>cum</span> <span class='ocrx_word' id='word_1_405' title='bbox 619 2575 682 2597; x_wconf 92' lang='lat' dir='ltr'>omni</span> 
     </span>
     <span class='ocr_line' id='line_1_61' title="bbox 121 2614 683 2645; baseline -0.005 -6"><span class='ocrx_word' id='word_1_406' title='bbox 121 2617 250 2645; x_wconf 89' lang='lat' dir='ltr'>desiderio,</span> <span class='ocrx_word' id='word_1_407' title='bbox 267 2617 348 2639; x_wconf 78' lang='lat' dir='ltr'>affectu</span> <span class='ocrx_word' id='word_1_408' title='bbox 368 2619 390 2638; x_wconf 89' lang='lat' dir='ltr'>et</span> <span class='ocrx_word' id='word_1_409' title='bbox 410 2615 570 2638; x_wconf 85' lang='lat' dir='ltr'>benevolentia</span> <span class='ocrx_word' id='word_1_410' title='bbox 589 2614 683 2636; x_wconf 84' lang='lat' dir='ltr'>tendere</span> 
     </span>
     <span class='ocr_line' id='line_1_62' title="bbox 122 2655 306 2679; baseline -0.005 0"><span class='ocrx_word' id='word_1_411' title='bbox 122 2656 236 2679; x_wconf 87' lang='lat' dir='ltr'>debemus</span> <span class='ocrx_word' id='word_1_412' title='bbox 252 2655 306 2679; x_wconf 83' lang='lat' dir='ltr'>ibid.</span> 
     </span>
    </p>

    <p class='ocr_par' dir='ltr' id='par_1_10' title="bbox 121 2693 685 3035">
     <span class='ocr_line' id='line_1_63' title="bbox 169 2693 683 2717; baseline -0.008 1"><span class='ocrx_word' id='word_1_413' title='bbox 169 2707 199 2712; x_wconf 94' lang='lat'>—</span> <span class='ocrx_word' id='word_1_414' title='bbox 217 2695 332 2717; x_wconf 86' lang='lat' dir='ltr'>desiderat</span> <span class='ocrx_word' id='word_1_415' title='bbox 348 2693 476 2717; x_wconf 85' lang='lat' dir='ltr'>inhabitare</span> <span class='ocrx_word' id='word_1_416' title='bbox 492 2693 514 2715; x_wconf 85' lang='lat' dir='ltr'>in</span> <span class='ocrx_word' id='word_1_417' title='bbox 531 2693 607 2715; x_wconf 88' lang='lat' dir='ltr'>anima</span> <span class='ocrx_word' id='word_1_418' title='bbox 623 2693 647 2714; x_wconf 88' lang='grc'>31</span> <span class='ocrx_word' id='word_1_419' title='bbox 670 2693 683 2715; x_wconf 85' lang='grc'>5</span> 
     </span>
     <span class='ocr_line' id='line_1_64' title="bbox 121 2732 684 2762; baseline -0.005 -5"><span class='ocrx_word' id='word_1_420' title='bbox 121 2747 153 2751; x_wconf 94' lang='grc'><strong>-</strong></span> <span class='ocrx_word' id='word_1_421' title='bbox 169 2735 191 2757; x_wconf 85' lang='grc'>111</span> <span class='ocrx_word' id='word_1_422' title='bbox 209 2734 324 2762; x_wconf 80' lang='lat' dir='ltr'>praesenti</span> <span class='ocrx_word' id='word_1_423' title='bbox 341 2740 387 2756; x_wconf 89' lang='lat' dir='ltr'>non</span> <span class='ocrx_word' id='word_1_424' title='bbox 405 2736 479 2761; x_wconf 87' lang='lat' dir='ltr'>potest</span> <span class='ocrx_word' id='word_1_425' title='bbox 495 2734 594 2760; x_wconf 78' lang='lat' dir='ltr'>perfecte</span> <span class='ocrx_word' id='word_1_426' title='bbox 611 2732 684 2760; x_wconf 84' lang='lat' dir='ltr'>possi-</span> 
     </span>
     <span class='ocr_line' id='line_1_65' title="bbox 122 2771 684 2799; baseline -0.005 -3"><span class='ocrx_word' id='word_1_427' title='bbox 122 2773 171 2796; x_wconf 88' lang='lat' dir='ltr'>deri</span> <span class='ocrx_word' id='word_1_428' title='bbox 190 2774 218 2795; x_wconf 90' lang='grc'>10</span> <span class='ocrx_word' id='word_1_429' title='bbox 237 2774 250 2794; x_wconf 84' lang='grc'>9</span> <span class='ocrx_word' id='word_1_430' title='bbox 267 2785 298 2789; x_wconf 95' lang='grc'>-</span> <span class='ocrx_word' id='word_1_431' title='bbox 316 2773 443 2795; x_wconf 83' lang='lat' dir='ltr'>Praesentia</span> <span class='ocrx_word' id='word_1_432' title='bbox 460 2772 501 2794; x_wconf 88' lang='lat' dir='ltr'>Dei</span> <span class='ocrx_word' id='word_1_433' title='bbox 522 2771 620 2794; x_wconf 81' lang='lat' dir='ltr'>liabetur</span> <span class='ocrx_word' id='word_1_434' title='bbox 643 2777 684 2799; x_wconf 85' lang='lat' dir='ltr'>per</span> 
     </span>
     <span class='ocr_line' id='line_1_66' title="bbox 123 2811 685 2840; baseline -0.005 -5"><span class='ocrx_word' id='word_1_435' title='bbox 123 2818 226 2835; x_wconf 85' lang='lat' dir='ltr'>amorem</span> <span class='ocrx_word' id='word_1_436' title='bbox 243 2812 257 2834; x_wconf 93' lang='lat'>7</span> <span class='ocrx_word' id='word_1_437' title='bbox 278 2813 305 2834; x_wconf 85' lang='lat'>16</span> <span class='ocrx_word' id='word_1_438' title='bbox 323 2825 351 2828; x_wconf 97' lang='lat'><strong>—</strong></span> <span class='ocrx_word' id='word_1_439' title='bbox 369 2812 430 2840; x_wconf 73' lang='lat' dir='ltr'>tugis</span> <span class='ocrx_word' id='word_1_440' title='bbox 448 2811 485 2834; x_wconf 88' lang='lat' dir='ltr'>Dei</span> <span class='ocrx_word' id='word_1_441' title='bbox 504 2811 615 2833; x_wconf 85' lang='lat' dir='ltr'>memoria</span> <span class='ocrx_word' id='word_1_442' title='bbox 633 2811 685 2832; x_wconf 90' lang='lat' dir='ltr'>reti-</span> 
     </span>
     <span class='ocr_line' id='line_1_67' title="bbox 123 2849 683 2879; baseline -0.005 -5"><span class='ocrx_word' id='word_1_443' title='bbox 123 2851 198 2874; x_wconf 89' lang='lat' dir='ltr'>nenda</span> <span class='ocrx_word' id='word_1_444' title='bbox 218 2851 261 2873; x_wconf 82' lang='grc'>150</span> <span class='ocrx_word' id='word_1_445' title='bbox 282 2851 308 2873; x_wconf 89' lang='grc'>12</span> <span class='ocrx_word' id='word_1_446' title='bbox 325 2863 356 2867; x_wconf 95' lang='grc'><strong>-</strong></span> <span class='ocrx_word' id='word_1_447' title='bbox 373 2850 460 2879; x_wconf 89' lang='lat' dir='ltr'>ubique</span> <span class='ocrx_word' id='word_1_448' title='bbox 482 2850 510 2872; x_wconf 89' lang='lat' dir='ltr'>sit</span> <span class='ocrx_word' id='word_1_449' title='bbox 527 2850 549 2872; x_wconf 93' lang='lat' dir='ltr'>in</span> <span class='ocrx_word' id='word_1_450' title='bbox 573 2849 683 2872; x_wconf 88' lang='lat' dir='ltr'>memoria</span> 
     </span>
     <span class='ocr_line' id='line_1_68' title="bbox 125 2889 685 2912; baseline -0.004 0"><span class='ocrx_word' id='word_1_451' title='bbox 125 2891 168 2912; x_wconf 84' lang='lat'>496</span> <span class='ocrx_word' id='word_1_452' title='bbox 187 2897 199 2912; x_wconf 88' lang='lat' dir='ltr'>a</span> <span class='ocrx_word' id='word_1_453' title='bbox 216 2902 246 2906; x_wconf 90' lang='lat'>—</span> <span class='ocrx_word' id='word_1_454' title='bbox 264 2893 297 2912; x_wconf 83' lang='lat' dir='ltr'>est</span> <span class='ocrx_word' id='word_1_455' title='bbox 314 2889 414 2912; x_wconf 90' lang='lat' dir='ltr'>intimior</span> <span class='ocrx_word' id='word_1_456' title='bbox 437 2889 516 2911; x_wconf 89' lang='lat' dir='ltr'>intimo</span> <span class='ocrx_word' id='word_1_457' title='bbox 539 2892 616 2911; x_wconf 84' lang='lat' dir='ltr'>nostro</span> <span class='ocrx_word' id='word_1_458' title='bbox 634 2895 685 2911; x_wconf 84' lang='lat' dir='ltr'>esse</span> 
     </span>
     <span class='ocr_line' id='line_1_69' title="bbox 125 2928 685 2951; baseline -0.004 0"><span class='ocrx_word' id='word_1_459' title='bbox 125 2930 149 2951; x_wconf 85' lang='lat'>31</span> <span class='ocrx_word' id='word_1_460' title='bbox 173 2929 186 2951; x_wconf 72' lang='lat'>‚²5</span> <span class='ocrx_word' id='word_1_461' title='bbox 212 2942 242 2944; x_wconf 97' lang='lat'><strong>—</strong></span> <span class='ocrx_word' id='word_1_462' title='bbox 267 2929 343 2951; x_wconf 90' lang='lat' dir='ltr'>omnia</span> <span class='ocrx_word' id='word_1_463' title='bbox 359 2931 436 2950; x_wconf 85' lang='lat' dir='ltr'>nostra</span> <span class='ocrx_word' id='word_1_464' title='bbox 458 2928 522 2950; x_wconf 86' lang='lat' dir='ltr'>videt</span> <span class='ocrx_word' id='word_1_465' title='bbox 542 2928 584 2950; x_wconf 82' lang='grc'>150</span> <span class='ocrx_word' id='word_1_466' title='bbox 609 2928 636 2949; x_wconf 89' lang='grc'>13</span> <span class='ocrx_word' id='word_1_467' title='bbox 654 2939 685 2944; x_wconf 89' lang='grc'>-</span> 
     </span>
     <span class='ocr_line' id='line_1_70' title="bbox 124 2967 685 2995; baseline -0.004 -5"><span class='ocrx_word' id='word_1_468' title='bbox 124 2975 168 2991; x_wconf 88' lang='lat' dir='ltr'>non</span> <span class='ocrx_word' id='word_1_469' title='bbox 187 2968 329 2990; x_wconf 79' lang='lat' dir='ltr'>obliviscitur</span> <span class='ocrx_word' id='word_1_470' title='bbox 342 2967 395 2989; x_wconf 88' lang='lat' dir='ltr'>boni</span> <span class='ocrx_word' id='word_1_471' title='bbox 407 2968 436 2989; x_wconf 90' lang='lat' dir='ltr'>ad</span> <span class='ocrx_word' id='word_1_472' title='bbox 454 2967 630 2995; x_wconf 81' lang='lat' dir='ltr'>praemiandum</span> <span class='ocrx_word' id='word_1_473' title='bbox 643 2973 685 2988; x_wconf 72' lang='lat' dir='ltr'>uec</span> 
     </span>
     <span class='ocr_line' id='line_1_71' title="bbox 125 3006 684 3035; baseline -0.002 -6"><span class='ocrx_word' id='word_1_474' title='bbox 125 3008 178 3030; x_wconf 93' lang='lat' dir='ltr'>mali</span> <span class='ocrx_word' id='word_1_475' title='bbox 196 3008 224 3029; x_wconf 75' lang='lat' dir='ltr'>ati</span> <span class='ocrx_word' id='word_1_476' title='bbox 239 3007 381 3035; x_wconf 83' lang='lat' dir='ltr'>puniendum</span> <span class='ocrx_word' id='word_1_477' title='bbox 394 3006 448 3029; x_wconf 86' lang='lat' dir='ltr'>ibid.</span> <span class='ocrx_word' id='word_1_478' title='bbox 464 3018 494 3023; x_wconf 90' lang='lat'><strong>—</strong></span> <span class='ocrx_word' id='word_1_479' title='bbox 506 3006 540 3028; x_wconf 80' lang='lat' dir='ltr'>Ad</span> <span class='ocrx_word' id='word_1_480' title='bbox 558 3006 684 3028; x_wconf 83' lang='lat' dir='ltr'>videndum</span> 
     </span>
    </p>
   </div>
   <div class='ocr_carea' id='block_1_2' title="bbox 219 3054 534 3077">
    <p class='ocr_par' dir='ltr' id='par_1_11' title="bbox 219 3054 534 3077">
     <span class='ocr_line' id='line_1_72' title="bbox 219 3054 534 3077; baseline -0.006 0"><span class='ocrx_word' id='word_1_481' title='bbox 219 3054 246 3077; x_wconf 91' lang='lat' dir='ltr'>S.</span> <span class='ocrx_word' id='word_1_482' title='bbox 257 3054 346 3076; x_wconf 76' lang='lat' dir='ltr'>Bonae.</span> <span class='ocrx_word' id='word_1_483' title='bbox 357 3066 387 3070; x_wconf 92' lang='lat'>—</span> <span class='ocrx_word' id='word_1_484' title='bbox 398 3054 467 3076; x_wconf 90' lang='lat' dir='ltr'>Tom.</span> <span class='ocrx_word' id='word_1_485' title='bbox 479 3054 534 3076; x_wconf 86' lang='lat' dir='ltr'>Vltt.</span> 
     </span>
    </p>
   </div>
   <div class='ocr_carea' id='block_1_3' title="bbox 685 304 706 3027">
    <p class='ocr_par' dir='ltr' id='par_1_12' title="bbox 685 304 706 3027">
     <span class='ocr_line' id='line_1_73' title="bbox 685 304 706 3027; baseline 0 0"><span class='ocrx_word' id='word_1_486' title='bbox 685 304 706 3027; x_wconf 95' lang='lat' dir='ltr'> </span> 
     </span>
    </p>
   </div>
   <div class='ocr_carea' id='block_1_4' title="bbox 800 220 1168 249">
    <p class='ocr_par' dir='ltr' id='par_1_13' title="bbox 800 220 1168 249">
     <span class='ocr_line' id='line_1_74' title="bbox 800 220 1168 249; baseline -0.003 0"><span class='ocrx_word' id='word_1_487' title='bbox 800 221 900 249; x_wconf 81' lang='lat' dir='ltr'>INDEX</span> <span class='ocrx_word' id='word_1_488' title='bbox 921 220 1168 249; x_wconf 65' lang='lat' dir='ltr'>ALPHABETICL&#39;S.</span> 
     </span>
    </p>
   </div>
   <div class='ocr_carea' id='block_1_5' title="bbox 703 299 1284 3032">
    <p class='ocr_par' dir='ltr' id='par_1_14' title="bbox 703 299 1269 724">
     <span class='ocr_line' id='line_1_75' title="bbox 704 299 1268 334; baseline -0.016 -5"><span class='ocrx_word' id='word_1_489' title='bbox 704 302 776 324; x_wconf 72' lang='lat' dir='ltr'>DCum</span> <span class='ocrx_word' id='word_1_490' title='bbox 794 305 918 334; x_wconf 88' lang='lat' dir='ltr'>requiritur</span> <span class='ocrx_word' id='word_1_491' title='bbox 936 302 1062 325; x_wconf 84' lang='lat' dir='ltr'>intellectus</span> <span class='ocrx_word' id='word_1_492' title='bbox 1075 300 1188 327; x_wconf 79' lang='lat' dir='ltr'>purgatus</span> <span class='ocrx_word' id='word_1_493' title='bbox 1201 302 1223 321; x_wconf 88' lang='lat' dir='ltr'>et</span> <span class='ocrx_word' id='word_1_494' title='bbox 1239 299 1268 320; x_wconf 92' lang='lat' dir='ltr'>af-</span> 
     </span>
     <span class='ocr_line' id='line_1_76' title="bbox 704 338 1269 371; baseline -0.011 -5"><span class='ocrx_word' id='word_1_495' title='bbox 704 345 775 366; x_wconf 88' lang='lat' dir='ltr'>fectus</span> <span class='ocrx_word' id='word_1_496' title='bbox 793 343 851 366; x_wconf 85' lang='lat' dir='ltr'>bene</span> <span class='ocrx_word' id='word_1_497' title='bbox 868 343 994 371; x_wconf 88' lang='lat' dir='ltr'>dispositus</span> <span class='ocrx_word' id='word_1_498' title='bbox 1011 343 1040 365; x_wconf 82' lang='lat'>56</span> <span class='ocrx_word' id='word_1_499' title='bbox 1062 342 1088 364; x_wconf 89' lang='grc'>12</span> <span class='ocrx_word' id='word_1_500' title='bbox 1105 353 1135 356; x_wconf 93' lang='grc'>-</span> <span class='ocrx_word' id='word_1_501' title='bbox 1153 341 1171 362; x_wconf 70' lang='grc' dir='ltr'>Α</span> <span class='ocrx_word' id='word_1_502' title='bbox 1193 338 1269 361; x_wconf 88' lang='lat' dir='ltr'>multis</span> 
     </span>
     <span class='ocr_line' id='line_1_77' title="bbox 703 373 1269 411; baseline -0.011 -6"><span class='ocrx_word' id='word_1_503' title='bbox 703 383 798 411; x_wconf 89' lang='lat' dir='ltr'>limpide</span> <span class='ocrx_word' id='word_1_504' title='bbox 823 373 966 411; x_wconf 76' lang='lat' dir='ltr'>speculatur,</span> <span class='ocrx_word' id='word_1_505' title='bbox 991 381 1032 404; x_wconf 81' lang='lat' dir='ltr'>sed</span> <span class='ocrx_word' id='word_1_506' title='bbox 1057 387 1105 403; x_wconf 86' lang='lat' dir='ltr'>non</span> <span class='ocrx_word' id='word_1_507' title='bbox 1132 380 1269 407; x_wconf 83' lang='lat' dir='ltr'>degustatur</span> 
     </span>
     <span class='ocr_line' id='line_1_78' title="bbox 705 417 1269 449; baseline -0.011 -4"><span class='ocrx_word' id='word_1_508' title='bbox 705 422 757 445; x_wconf 84' lang='lat' dir='ltr'>ibid.</span> <span class='ocrx_word' id='word_1_509' title='bbox 774 434 805 438; x_wconf 97' lang='lat'><strong>—</strong></span> <span class='ocrx_word' id='word_1_510' title='bbox 822 422 856 444; x_wconf 73' lang='lat' dir='ltr'>Ad</span> <span class='ocrx_word' id='word_1_511' title='bbox 874 422 914 444; x_wconf 88' lang='lat' dir='ltr'>Dei</span> <span class='ocrx_word' id='word_1_512' title='bbox 930 420 1148 449; x_wconf 85' lang='lat' dir='ltr'>contemplationem</span> <span class='ocrx_word' id='word_1_513' title='bbox 1166 417 1269 441; x_wconf 87' lang='lat' dir='ltr'>ascendi-</span> 
     </span>
     <span class='ocr_line' id='line_1_79' title="bbox 704 456 1268 484; baseline -0.011 0"><span class='ocrx_word' id='word_1_514' title='bbox 704 464 740 484; x_wconf 91' lang='lat' dir='ltr'>tur</span> <span class='ocrx_word' id='word_1_515' title='bbox 762 462 889 484; x_wconf 88' lang='lat' dir='ltr'>humilitate</span> <span class='ocrx_word' id='word_1_516' title='bbox 907 461 951 483; x_wconf 89' lang='lat'>477</span> <span class='ocrx_word' id='word_1_517' title='bbox 969 461 982 483; x_wconf 87' lang='lat'><strong>3</strong></span> <span class='ocrx_word' id='word_1_518' title='bbox 1002 472 1033 477; x_wconf 92' lang='lat'>—-</span> <span class='ocrx_word' id='word_1_519' title='bbox 1052 457 1208 482; x_wconf 81' lang='lat' dir='ltr'>Consideratio</span> <span class='ocrx_word' id='word_1_520' title='bbox 1229 456 1268 479; x_wconf 88' lang='lat' dir='ltr'>Dei</span> 
     </span>
     <span class='ocr_line' id='line_1_80' title="bbox 704 496 1269 523; baseline -0.009 0"><span class='ocrx_word' id='word_1_521' title='bbox 704 504 738 523; x_wconf 88' lang='lat' dir='ltr'>est</span> <span class='ocrx_word' id='word_1_522' title='bbox 754 501 835 523; x_wconf 86' lang='lat' dir='ltr'>semita</span> <span class='ocrx_word' id='word_1_523' title='bbox 853 501 882 523; x_wconf 88' lang='lat' dir='ltr'>ad</span> <span class='ocrx_word' id='word_1_524' title='bbox 895 500 1047 522; x_wconf 89' lang='lat' dir='ltr'>humilitatem</span> <span class='ocrx_word' id='word_1_525' title='bbox 1069 498 1109 520; x_wconf 92' lang='grc'>110</span> <span class='ocrx_word' id='word_1_526' title='bbox 1128 498 1141 519; x_wconf 88' lang='grc'>2</span> <span class='ocrx_word' id='word_1_527' title='bbox 1158 509 1189 513; x_wconf 89' lang='grc'>-</span> <span class='ocrx_word' id='word_1_528' title='bbox 1201 496 1269 518; x_wconf 87' lang='lat' dir='ltr'>Fasti-</span> 
     </span>
     <span class='ocr_line' id='line_1_81' title="bbox 704 535 1268 567; baseline -0.011 -5"><span class='ocrx_word' id='word_1_529' title='bbox 704 540 769 562; x_wconf 88' lang='lat' dir='ltr'>diens</span> <span class='ocrx_word' id='word_1_530' title='bbox 786 544 875 562; x_wconf 89' lang='lat' dir='ltr'>terrena</span> <span class='ocrx_word' id='word_1_531' title='bbox 893 540 939 561; x_wconf 92' lang='lat' dir='ltr'>Deo</span> <span class='ocrx_word' id='word_1_532' title='bbox 957 538 1128 567; x_wconf 84' lang='lat' dir='ltr'>appropinquat</span> <span class='ocrx_word' id='word_1_533' title='bbox 1146 535 1189 558; x_wconf 84' lang='lat'>490</span> <span class='ocrx_word' id='word_1_534' title='bbox 1211 536 1216 556; x_wconf 96' lang='lat'>1</span> <span class='ocrx_word' id='word_1_535' title='bbox 1240 548 1268 550; x_wconf 97' lang='lat'><strong>—</strong></span> 
     </span>
     <span class='ocr_line' id='line_1_82' title="bbox 704 575 1268 605; baseline -0.012 -2"><span class='ocrx_word' id='word_1_536' title='bbox 704 581 805 602; x_wconf 76' lang='lat' dir='ltr'>Pei-fecte</span> <span class='ocrx_word' id='word_1_537' title='bbox 823 580 869 602; x_wconf 91' lang='lat' dir='ltr'>Deo</span> <span class='ocrx_word' id='word_1_538' title='bbox 891 579 980 601; x_wconf 69' lang='lat' dir='ltr'>servire</span> <span class='ocrx_word' id='word_1_539' title='bbox 1005 577 1102 605; x_wconf 81' lang='lat' dir='ltr'>cupiens</span> <span class='ocrx_word' id='word_1_540' title='bbox 1127 575 1197 598; x_wconf 87' lang='lat' dir='ltr'>debet</span> <span class='ocrx_word' id='word_1_541' title='bbox 1214 581 1238 597; x_wconf 86' lang='lat' dir='ltr'>se</span> <span class='ocrx_word' id='word_1_542' title='bbox 1256 581 1268 597; x_wconf 85' lang='lat' dir='ltr'>a</span> 
     </span>
     <span class='ocr_line' id='line_1_83' title="bbox 705 617 1269 642; baseline -0.011 0"><span class='ocrx_word' id='word_1_543' title='bbox 705 619 792 642; x_wconf 90' lang='lat' dir='ltr'>mundo</span> <span class='ocrx_word' id='word_1_544' title='bbox 810 619 938 641; x_wconf 79' lang='lat' dir='ltr'>dissolvere</span> <span class='ocrx_word' id='word_1_545' title='bbox 961 617 1001 639; x_wconf 85' lang='lat'>491</span> <span class='ocrx_word' id='word_1_546' title='bbox 1028 618 1033 638; x_wconf 97' lang='lat'>1</span> <span class='ocrx_word' id='word_1_547' title='bbox 1054 628 1085 632; x_wconf 91' lang='lat'>—-</span> <span class='ocrx_word' id='word_1_548' title='bbox 1102 622 1147 638; x_wconf 92' lang='lat' dir='ltr'>non</span> <span class='ocrx_word' id='word_1_549' title='bbox 1170 618 1204 637; x_wconf 86' lang='lat' dir='ltr'>est</span> <span class='ocrx_word' id='word_1_550' title='bbox 1221 620 1269 636; x_wconf 90' lang='lat' dir='ltr'>sen-</span> 
     </span>
     <span class='ocr_line' id='line_1_84' title="bbox 705 653 1269 685; baseline -0.012 -4"><span class='ocrx_word' id='word_1_551' title='bbox 705 658 788 685; x_wconf 83' lang='lat' dir='ltr'>sibilis,</span> <span class='ocrx_word' id='word_1_552' title='bbox 806 657 846 680; x_wconf 91' lang='lat' dir='ltr'>sed</span> <span class='ocrx_word' id='word_1_553' title='bbox 864 660 925 679; x_wconf 91' lang='lat' dir='ltr'>totus</span> <span class='ocrx_word' id='word_1_554' title='bbox 936 655 1097 679; x_wconf 88' lang='lat' dir='ltr'>desiderabilis</span> <span class='ocrx_word' id='word_1_555' title='bbox 1113 654 1127 676; x_wconf 91' lang='lat'>7</span> <span class='ocrx_word' id='word_1_556' title='bbox 1144 653 1169 676; x_wconf 92' lang='lat'>17</span> <span class='ocrx_word' id='word_1_557' title='bbox 1184 666 1215 670; x_wconf 86' lang='lat'>—-</span> <span class='ocrx_word' id='word_1_558' title='bbox 1228 659 1269 675; x_wconf 88' lang='lat' dir='ltr'>cur</span> 
     </span>
     <span class='ocr_line' id='line_1_85' title="bbox 705 692 1237 724; baseline -0.009 -5"><span class='ocrx_word' id='word_1_559' title='bbox 705 704 750 720; x_wconf 90' lang='lat' dir='ltr'>non</span> <span class='ocrx_word' id='word_1_560' title='bbox 768 697 796 719; x_wconf 85' lang='lat' dir='ltr'>sit</span> <span class='ocrx_word' id='word_1_561' title='bbox 813 695 967 724; x_wconf 87' lang='lat' dir='ltr'>imaginabitis</span> <span class='ocrx_word' id='word_1_562' title='bbox 983 698 1006 717; x_wconf 91' lang='lat' dir='ltr'>et</span> <span class='ocrx_word' id='word_1_563' title='bbox 1019 693 1167 722; x_wconf 86' lang='lat' dir='ltr'>intelligibilis</span> <span class='ocrx_word' id='word_1_564' title='bbox 1184 692 1237 715; x_wconf 82' lang='lat' dir='ltr'>ibid.</span> 
     </span>
    </p>

    <p class='ocr_par' dir='ltr' id='par_1_15' title="bbox 706 731 1271 918">
     <span class='ocr_line' id='line_1_86' title="bbox 752 731 1269 762; baseline -0.01 -4"><span class='ocrx_word' id='word_1_565' title='bbox 752 749 783 752; x_wconf 95' lang='lat'><strong>—</strong></span> <span class='ocrx_word' id='word_1_566' title='bbox 808 736 936 758; x_wconf 76' lang='lat' dir='ltr'>Perfectum</span> <span class='ocrx_word' id='word_1_567' title='bbox 963 734 1074 762; x_wconf 78' lang='lat' dir='ltr'>gaudium</span> <span class='ocrx_word' id='word_1_568' title='bbox 1101 733 1223 755; x_wconf 81' lang='lat' dir='ltr'>Beatorum</span> <span class='ocrx_word' id='word_1_569' title='bbox 1246 731 1269 753; x_wconf 91' lang='lat' dir='ltr'>in</span> 
     </span>
     <span class='ocr_line' id='line_1_87' title="bbox 707 771 1269 799; baseline -0.011 -1"><span class='ocrx_word' id='word_1_570' title='bbox 707 777 753 798; x_wconf 92' lang='lat' dir='ltr'>Deo</span> <span class='ocrx_word' id='word_1_571' title='bbox 770 775 874 798; x_wconf 83' lang='lat' dir='ltr'>consistit</span> <span class='ocrx_word' id='word_1_572' title='bbox 885 774 914 796; x_wconf 89' lang='lat'>64</span> <span class='ocrx_word' id='word_1_573' title='bbox 928 774 965 796; x_wconf 86' lang='grc'>23.</span> <span class='ocrx_word' id='word_1_574' title='bbox 978 774 1006 795; x_wconf 86' lang='grc'>66</span> <span class='ocrx_word' id='word_1_575' title='bbox 1019 773 1048 795; x_wconf 85' lang='grc'>27</span> <span class='ocrx_word' id='word_1_576' title='bbox 1060 785 1091 789; x_wconf 91' lang='grc'><strong>-</strong></span> <span class='ocrx_word' id='word_1_577' title='bbox 1100 778 1140 794; x_wconf 84' lang='lat' dir='ltr'>sua</span> <span class='ocrx_word' id='word_1_578' title='bbox 1158 771 1269 799; x_wconf 85' lang='lat' dir='ltr'>sapientia</span> 
     </span>
     <span class='ocr_line' id='line_1_88' title="bbox 706 810 1270 837; baseline -0.011 0"><span class='ocrx_word' id='word_1_579' title='bbox 706 816 788 837; x_wconf 86' lang='lat' dir='ltr'>Beatos</span> <span class='ocrx_word' id='word_1_580' title='bbox 804 814 916 836; x_wconf 90' lang='lat' dir='ltr'>illuminat</span> <span class='ocrx_word' id='word_1_581' title='bbox 927 816 949 835; x_wconf 89' lang='lat' dir='ltr'>et</span> <span class='ocrx_word' id='word_1_582' title='bbox 961 812 1079 835; x_wconf 87' lang='lat' dir='ltr'>clementia</span> <span class='ocrx_word' id='word_1_583' title='bbox 1094 811 1161 833; x_wconf 86' lang='lat' dir='ltr'>satiat</span> <span class='ocrx_word' id='word_1_584' title='bbox 1173 810 1197 832; x_wconf 87' lang='grc'>31</span> <span class='ocrx_word' id='word_1_585' title='bbox 1214 810 1228 831; x_wconf 81' lang='lat'>5</span> <span class='ocrx_word' id='word_1_586' title='bbox 1239 822 1270 826; x_wconf 97' lang='lat'><strong>—</strong></span> 
     </span>
     <span class='ocr_line' id='line_1_89' title="bbox 707 849 1271 877; baseline -0.011 0"><span class='ocrx_word' id='word_1_587' title='bbox 707 855 768 877; x_wconf 91' lang='lat' dir='ltr'>solus</span> <span class='ocrx_word' id='word_1_588' title='bbox 785 853 851 876; x_wconf 83' lang='lat' dir='ltr'>satiat</span> <span class='ocrx_word' id='word_1_589' title='bbox 865 852 1006 875; x_wconf 87' lang='lat' dir='ltr'>desiderium</span> <span class='ocrx_word' id='word_1_590' title='bbox 1024 851 1114 873; x_wconf 88' lang='lat' dir='ltr'>animae</span> <span class='ocrx_word' id='word_1_591' title='bbox 1127 849 1156 873; x_wconf 86' lang='lat' dir='ltr'>ib.</span> <span class='ocrx_word' id='word_1_592' title='bbox 1169 850 1182 871; x_wconf 88' lang='lat'>6</span> <span class='ocrx_word' id='word_1_593' title='bbox 1195 862 1225 865; x_wconf 97' lang='lat'><strong>—</strong></span> <span class='ocrx_word' id='word_1_594' title='bbox 1237 851 1271 871; x_wconf 90' lang='lat' dir='ltr'>est</span> 
     </span>
     <span class='ocr_line' id='line_1_90' title="bbox 706 887 1270 918; baseline -0.011 -2"><span class='ocrx_word' id='word_1_595' title='bbox 706 893 782 916; x_wconf 90' lang='lat' dir='ltr'>omnis</span> <span class='ocrx_word' id='word_1_596' title='bbox 793 892 900 915; x_wconf 88' lang='lat' dir='ltr'>desiderii</span> <span class='ocrx_word' id='word_1_597' title='bbox 913 892 964 913; x_wconf 83' lang='grc'>111115</span> <span class='ocrx_word' id='word_1_598' title='bbox 976 894 997 913; x_wconf 90' lang='lat' dir='ltr'>et</span> <span class='ocrx_word' id='word_1_599' title='bbox 1009 890 1204 918; x_wconf 85' lang='lat' dir='ltr'>complementum</span> <span class='ocrx_word' id='word_1_600' title='bbox 1217 889 1245 910; x_wconf 86' lang='grc'>29</span> <span class='ocrx_word' id='word_1_601' title='bbox 1258 887 1270 910; x_wconf 93' lang='grc'>4</span> 
     </span>
    </p>

    <p class='ocr_par' dir='ltr' id='par_1_16' title="bbox 707 928 1272 1193">
     <span class='ocr_line' id='line_1_91' title="bbox 755 928 1270 954; baseline -0.01 0"><span class='ocrx_word' id='word_1_602' title='bbox 755 933 852 954; x_wconf 74' lang='lat' dir='ltr'>DavoTto</span> <span class='ocrx_word' id='word_1_603' title='bbox 866 944 893 947; x_wconf 90' lang='lat'>-—</span> <span class='ocrx_word' id='word_1_604' title='bbox 906 934 940 953; x_wconf 84' lang='lat' dir='ltr'>est</span> <span class='ocrx_word' id='word_1_605' title='bbox 957 930 1030 952; x_wconf 79' lang='lat' dir='ltr'>virtus</span> <span class='ocrx_word' id='word_1_606' title='bbox 1041 929 1150 951; x_wconf 85' lang='lat' dir='ltr'>ordinans</span> <span class='ocrx_word' id='word_1_607' title='bbox 1163 929 1183 950; x_wconf 90' lang='lat' dir='ltr'>in</span> <span class='ocrx_word' id='word_1_608' title='bbox 1197 928 1270 950; x_wconf 81' lang='lat' dir='ltr'>Deum</span> 
     </span>
     <span class='ocr_line' id='line_1_92' title="bbox 708 967 1271 996; baseline -0.011 -2"><span class='ocrx_word' id='word_1_609' title='bbox 708 972 751 994; x_wconf 87' lang='grc'>439</span> <span class='ocrx_word' id='word_1_610' title='bbox 771 972 783 993; x_wconf 83' lang='grc'>7</span> <span class='ocrx_word' id='word_1_611' title='bbox 801 983 832 987; x_wconf 95' lang='grc'>-</span> <span class='ocrx_word' id='word_1_612' title='bbox 848 973 882 993; x_wconf 85' lang='lat' dir='ltr'>est</span> <span class='ocrx_word' id='word_1_613' title='bbox 907 970 983 992; x_wconf 83' lang='lat' dir='ltr'>unctio</span> <span class='ocrx_word' id='word_1_614' title='bbox 1007 969 1105 996; x_wconf 84' lang='lat' dir='ltr'>Spiritus</span> <span class='ocrx_word' id='word_1_615' title='bbox 1130 968 1217 990; x_wconf 83' lang='lat' dir='ltr'>docens</span> <span class='ocrx_word' id='word_1_616' title='bbox 1242 967 1271 989; x_wconf 88' lang='lat' dir='ltr'>de</span> 
     </span>
     <span class='ocr_line' id='line_1_93' title="bbox 707 1006 1272 1036; baseline -0.011 -3"><span class='ocrx_word' id='word_1_617' title='bbox 707 1010 817 1033; x_wconf 88' lang='lat' dir='ltr'>omnibus</span> <span class='ocrx_word' id='word_1_618' title='bbox 837 1009 878 1031; x_wconf 89' lang='grc'>147</span> <span class='ocrx_word' id='word_1_619' title='bbox 901 1010 905 1030; x_wconf 93' lang='lat' dir='ltr'>l</span> <span class='ocrx_word' id='word_1_620' title='bbox 928 1021 958 1025; x_wconf 97' lang='lat'><strong>—</strong></span> <span class='ocrx_word' id='word_1_621' title='bbox 976 1009 1074 1036; x_wconf 80' lang='lat' dir='ltr'>Spiritus</span> <span class='ocrx_word' id='word_1_622' title='bbox 1091 1006 1221 1029; x_wconf 80' lang='lat' dir='ltr'>devotionis</span> <span class='ocrx_word' id='word_1_623' title='bbox 1238 1008 1272 1028; x_wconf 88' lang='lat' dir='ltr'>est</span> 
     </span>
     <span class='ocr_line' id='line_1_94' title="bbox 707 1045 1272 1078; baseline -0.011 -6"><span class='ocrx_word' id='word_1_624' title='bbox 707 1050 801 1078; x_wconf 91' lang='lat' dir='ltr'>spiritus</span> <span class='ocrx_word' id='word_1_625' title='bbox 819 1049 909 1071; x_wconf 90' lang='lat' dir='ltr'>Domini</span> <span class='ocrx_word' id='word_1_626' title='bbox 928 1047 972 1070; x_wconf 87' lang='grc'>434</span> <span class='ocrx_word' id='word_1_627' title='bbox 990 1048 1003 1069; x_wconf 87' lang='grc'>9</span> <span class='ocrx_word' id='word_1_628' title='bbox 1022 1060 1051 1063; x_wconf 87' lang='grc'>-</span> <span class='ocrx_word' id='word_1_629' title='bbox 1068 1046 1219 1069; x_wconf 84' lang='lat' dir='ltr'>determinata</span> <span class='ocrx_word' id='word_1_630' title='bbox 1236 1045 1272 1067; x_wconf 81' lang='lat' dir='ltr'>vel</span> 
     </span>
     <span class='ocr_line' id='line_1_95' title="bbox 707 1084 1271 1115; baseline -0.009 -4"><span class='ocrx_word' id='word_1_631' title='bbox 707 1088 880 1111; x_wconf 84' lang='lat' dir='ltr'>indeterminata</span> <span class='ocrx_word' id='word_1_632' title='bbox 901 1087 944 1109; x_wconf 82' lang='grc'>440</span> <span class='ocrx_word' id='word_1_633' title='bbox 956 1087 978 1109; x_wconf 89' lang='lat'>7.</span> <span class='ocrx_word' id='word_1_634' title='bbox 995 1093 1030 1115; x_wconf 83' lang='lat' dir='ltr'>sq.</span> <span class='ocrx_word' id='word_1_635' title='bbox 1042 1098 1071 1102; x_wconf 88' lang='lat'><em>-</em></span> <span class='ocrx_word' id='word_1_636' title='bbox 1084 1086 1164 1113; x_wconf 87' lang='lat' dir='ltr'>triplex</span> <span class='ocrx_word' id='word_1_637' title='bbox 1181 1088 1215 1107; x_wconf 88' lang='lat' dir='ltr'>est</span> <span class='ocrx_word' id='word_1_638' title='bbox 1231 1084 1271 1106; x_wconf 86' lang='lat'>148</span> 
     </span>
     <span class='ocr_line' id='line_1_96' title="bbox 709 1123 1272 1157; baseline -0.009 -7"><span class='ocrx_word' id='word_1_639' title='bbox 709 1128 729 1151; x_wconf 86' lang='lat'>4.</span> <span class='ocrx_word' id='word_1_640' title='bbox 746 1134 797 1157; x_wconf 83' lang='lat' dir='ltr'>sqq.</span> <span class='ocrx_word' id='word_1_641' title='bbox 815 1140 845 1143; x_wconf 85' lang='lat'><em>-</em></span> <span class='ocrx_word' id='word_1_642' title='bbox 862 1126 968 1154; x_wconf 88' lang='lat' dir='ltr'>specialis</span> <span class='ocrx_word' id='word_1_643' title='bbox 986 1125 1089 1148; x_wconf 85' lang='lat' dir='ltr'>consistit</span> <span class='ocrx_word' id='word_1_644' title='bbox 1102 1125 1123 1147; x_wconf 91' lang='lat' dir='ltr'>in</span> <span class='ocrx_word' id='word_1_645' title='bbox 1142 1123 1215 1146; x_wconf 82' lang='lat' dir='ltr'>tribus</span> <span class='ocrx_word' id='word_1_646' title='bbox 1232 1123 1272 1145; x_wconf 89' lang='lat'>149</span> 
     </span>
     <span class='ocr_line' id='line_1_97' title="bbox 712 1164 1233 1193; baseline -0.01 -4"><span class='ocrx_word' id='word_1_647' title='bbox 712 1168 737 1189; x_wconf 93' lang='grc'>10</span> <span class='ocrx_word' id='word_1_648' title='bbox 754 1179 785 1183; x_wconf 91' lang='grc'>-</span> <span class='ocrx_word' id='word_1_649' title='bbox 802 1166 895 1188; x_wconf 88' lang='lat' dir='ltr'>assidua</span> <span class='ocrx_word' id='word_1_650' title='bbox 913 1165 994 1193; x_wconf 87' lang='lat' dir='ltr'>triplex</span> <span class='ocrx_word' id='word_1_651' title='bbox 1011 1167 1045 1187; x_wconf 87' lang='lat' dir='ltr'>est</span> <span class='ocrx_word' id='word_1_652' title='bbox 1067 1165 1108 1186; x_wconf 90' lang='lat'>150</span> <span class='ocrx_word' id='word_1_653' title='bbox 1130 1164 1163 1185; x_wconf 88' lang='grc'>12.</span> <span class='ocrx_word' id='word_1_654' title='bbox 1182 1170 1233 1192; x_wconf 85' lang='lat' dir='ltr'>sqq.</span> 
     </span>
    </p>

    <p class='ocr_par' dir='ltr' id='par_1_17' title="bbox 708 1202 1278 1941">
     <span class='ocr_line' id='line_1_98' title="bbox 754 1202 1274 1232; baseline -0.008 -4"><span class='ocrx_word' id='word_1_655' title='bbox 754 1219 784 1222; x_wconf 98' lang='lat'><strong>—</strong></span> <span class='ocrx_word' id='word_1_656' title='bbox 802 1205 922 1228; x_wconf 77' lang='lat' dir='ltr'>coniicitur</span> <span class='ocrx_word' id='word_1_657' title='bbox 944 1203 1138 1232; x_wconf 86' lang='lat' dir='ltr'>contemplatione</span> <span class='ocrx_word' id='word_1_658' title='bbox 1160 1202 1274 1231; x_wconf 87' lang='lat' dir='ltr'>passionis</span> 
     </span>
     <span class='ocr_line' id='line_1_99' title="bbox 708 1243 1274 1270; baseline -0.009 -2"><span class='ocrx_word' id='word_1_659' title='bbox 708 1248 730 1268; x_wconf 90' lang='lat' dir='ltr'>et</span> <span class='ocrx_word' id='word_1_660' title='bbox 747 1245 847 1267; x_wconf 83' lang='lat' dir='ltr'>caritatis</span> <span class='ocrx_word' id='word_1_661' title='bbox 858 1244 941 1267; x_wconf 81' lang='lat' dir='ltr'>Christi</span> <span class='ocrx_word' id='word_1_662' title='bbox 962 1243 1004 1265; x_wconf 84' lang='lat'>187</span> <span class='ocrx_word' id='word_1_663' title='bbox 1021 1243 1039 1265; x_wconf 91' lang='lat'>1.</span> <span class='ocrx_word' id='word_1_664' title='bbox 1056 1243 1096 1264; x_wconf 94' lang='grc'>188</span> <span class='ocrx_word' id='word_1_665' title='bbox 1110 1243 1132 1264; x_wconf 86' lang='grc'>2.</span> <span class='ocrx_word' id='word_1_666' title='bbox 1144 1248 1179 1270; x_wconf 91' lang='lat' dir='ltr'>sq.</span> <span class='ocrx_word' id='word_1_667' title='bbox 1190 1254 1222 1258; x_wconf 97' lang='lat'><strong>—</strong></span> <span class='ocrx_word' id='word_1_668' title='bbox 1233 1248 1274 1263; x_wconf 91' lang='lat' dir='ltr'>nu-</span> 
     </span>
     <span class='ocr_line' id='line_1_100' title="bbox 708 1281 1275 1310; baseline -0.009 -3"><span class='ocrx_word' id='word_1_669' title='bbox 708 1286 774 1308; x_wconf 89' lang='lat' dir='ltr'>tritur</span> <span class='ocrx_word' id='word_1_670' title='bbox 791 1287 813 1306; x_wconf 91' lang='lat' dir='ltr'>et</span> <span class='ocrx_word' id='word_1_671' title='bbox 829 1285 980 1306; x_wconf 78' lang='lat' dir='ltr'>conservatur</span> <span class='ocrx_word' id='word_1_672' title='bbox 994 1282 1108 1310; x_wconf 84' lang='lat' dir='ltr'>passionis</span> <span class='ocrx_word' id='word_1_673' title='bbox 1125 1281 1207 1304; x_wconf 89' lang='lat' dir='ltr'>Christi</span> <span class='ocrx_word' id='word_1_674' title='bbox 1229 1287 1275 1303; x_wconf 88' lang='lat' dir='ltr'>me-</span> 
     </span>
     <span class='ocr_line' id='line_1_101' title="bbox 709 1319 1275 1346; baseline -0.007 0"><span class='ocrx_word' id='word_1_675' title='bbox 709 1324 781 1346; x_wconf 90' lang='lat' dir='ltr'>moria</span> <span class='ocrx_word' id='word_1_676' title='bbox 800 1324 844 1345; x_wconf 85' lang='grc'>120</span> <span class='ocrx_word' id='word_1_677' title='bbox 863 1323 871 1345; x_wconf 92' lang='grc'>1</span> <span class='ocrx_word' id='word_1_678' title='bbox 893 1335 924 1339; x_wconf 94' lang='grc'><strong>-</strong></span> <span class='ocrx_word' id='word_1_679' title='bbox 941 1321 1045 1344; x_wconf 83' lang='lat' dir='ltr'>hauritur</span> <span class='ocrx_word' id='word_1_680' title='bbox 1062 1321 1092 1343; x_wconf 90' lang='lat' dir='ltr'>de</span> <span class='ocrx_word' id='word_1_681' title='bbox 1108 1321 1121 1343; x_wconf 92' lang='lat'>5</span> <span class='ocrx_word' id='word_1_682' title='bbox 1139 1319 1275 1342; x_wconf 88' lang='lat' dir='ltr'>vulneribus</span> 
     </span>
     <span class='ocr_line' id='line_1_102' title="bbox 709 1360 1275 1388; baseline -0.009 -2"><span class='ocrx_word' id='word_1_683' title='bbox 709 1363 791 1386; x_wconf 89' lang='lat' dir='ltr'>Christi</span> <span class='ocrx_word' id='word_1_684' title='bbox 809 1361 864 1385; x_wconf 83' lang='lat' dir='ltr'>ibid.</span> <span class='ocrx_word' id='word_1_685' title='bbox 877 1374 907 1378; x_wconf 98' lang='lat'><strong>—</strong></span> <span class='ocrx_word' id='word_1_686' title='bbox 919 1368 944 1384; x_wconf 85' lang='lat' dir='ltr'>ex</span> <span class='ocrx_word' id='word_1_687' title='bbox 958 1360 1139 1388; x_wconf 84' lang='lat' dir='ltr'>compunctione</span> <span class='ocrx_word' id='word_1_688' title='bbox 1151 1361 1275 1387; x_wconf 83' lang='lat' dir='ltr'>generatur</span> 
     </span>
     <span class='ocr_line' id='line_1_103' title="bbox 710 1399 1275 1430; baseline -0.011 -5"><span class='ocrx_word' id='word_1_689' title='bbox 710 1402 754 1425; x_wconf 87' lang='lat'>434</span> <span class='ocrx_word' id='word_1_690' title='bbox 771 1403 784 1424; x_wconf 93' lang='lat'>9</span> <span class='ocrx_word' id='word_1_691' title='bbox 803 1414 834 1418; x_wconf 91' lang='lat'>—</span> <span class='ocrx_word' id='word_1_692' title='bbox 851 1401 974 1430; x_wconf 85' lang='lat' dir='ltr'>Quomodo</span> <span class='ocrx_word' id='word_1_693' title='bbox 996 1400 1024 1422; x_wconf 91' lang='lat' dir='ltr'>sit</span> <span class='ocrx_word' id='word_1_694' title='bbox 1041 1399 1160 1422; x_wconf 79' lang='lat' dir='ltr'>excitanda</span> <span class='ocrx_word' id='word_1_695' title='bbox 1181 1402 1203 1420; x_wconf 90' lang='lat' dir='ltr'>et</span> <span class='ocrx_word' id='word_1_696' title='bbox 1224 1404 1275 1420; x_wconf 88' lang='lat' dir='ltr'>con-</span> 
     </span>
     <span class='ocr_line' id='line_1_104' title="bbox 709 1437 1275 1464; baseline -0.011 0"><span class='ocrx_word' id='word_1_697' title='bbox 709 1441 823 1464; x_wconf 85' lang='lat' dir='ltr'>servanda</span> <span class='ocrx_word' id='word_1_698' title='bbox 845 1440 885 1463; x_wconf 90' lang='grc'>149</span> <span class='ocrx_word' id='word_1_699' title='bbox 903 1440 917 1462; x_wconf 97' lang='grc'>7</span> <span class='ocrx_word' id='word_1_700' title='bbox 934 1452 966 1456; x_wconf 94' lang='grc'>-</span> <span class='ocrx_word' id='word_1_701' title='bbox 983 1438 1126 1462; x_wconf 81' lang='lat' dir='ltr'>Perturbatio</span> <span class='ocrx_word' id='word_1_702' title='bbox 1144 1437 1275 1460; x_wconf 68' lang='lat' dir='ltr'>devotionis</span> 
     </span>
     <span class='ocr_line' id='line_1_105' title="bbox 710 1477 1276 1505; baseline -0.009 -2"><span class='ocrx_word' id='word_1_703' title='bbox 710 1481 812 1503; x_wconf 89' lang='lat' dir='ltr'>cavenda</span> <span class='ocrx_word' id='word_1_704' title='bbox 824 1480 867 1502; x_wconf 84' lang='grc'>134</span> <span class='ocrx_word' id='word_1_705' title='bbox 879 1480 907 1501; x_wconf 85' lang='lat'>10</span> <span class='ocrx_word' id='word_1_706' title='bbox 916 1492 944 1495; x_wconf 89' lang='lat'>—-</span> <span class='ocrx_word' id='word_1_707' title='bbox 952 1477 1171 1505; x_wconf 86' lang='lat' dir='ltr'>Devotionispeciali</span> <span class='ocrx_word' id='word_1_708' title='bbox 1183 1477 1276 1504; x_wconf 82' lang='lat' dir='ltr'>saepius</span> 
     </span>
     <span class='ocr_line' id='line_1_106' title="bbox 710 1515 1276 1545; baseline -0.009 -3"><span class='ocrx_word' id='word_1_709' title='bbox 710 1519 876 1542; x_wconf 89' lang='lat' dir='ltr'>intendendum</span> <span class='ocrx_word' id='word_1_710' title='bbox 891 1518 931 1540; x_wconf 84' lang='lat'>149</span> <span class='ocrx_word' id='word_1_711' title='bbox 946 1518 950 1540; x_wconf 99' lang='lat'>1</span> <span class='ocrx_word' id='word_1_712' title='bbox 962 1519 967 1539; x_wconf 96' lang='lat'>1</span> <span class='ocrx_word' id='word_1_713' title='bbox 980 1530 1011 1534; x_wconf 97' lang='lat'><strong>—</strong></span> <span class='ocrx_word' id='word_1_714' title='bbox 1021 1516 1171 1545; x_wconf 87' lang='lat' dir='ltr'>praeferenda</span> <span class='ocrx_word' id='word_1_715' title='bbox 1184 1515 1276 1538; x_wconf 80' lang='lat' dir='ltr'>investi-</span> 
     </span>
     <span class='ocr_line' id='line_1_107' title="bbox 711 1555 1276 1588; baseline -0.011 -6"><span class='ocrx_word' id='word_1_716' title='bbox 711 1559 797 1588; x_wconf 88' lang='lat' dir='ltr'>gationi</span> <span class='ocrx_word' id='word_1_717' title='bbox 815 1559 843 1580; x_wconf 86' lang='lat'>69</span> <span class='ocrx_word' id='word_1_718' title='bbox 861 1558 875 1580; x_wconf 80' lang='lat'>5</span> <span class='ocrx_word' id='word_1_719' title='bbox 898 1570 929 1574; x_wconf 92' lang='grc'>--</span> <span class='ocrx_word' id='word_1_720' title='bbox 952 1556 1128 1579; x_wconf 87' lang='lat' dir='ltr'>Commendatio</span> <span class='ocrx_word' id='word_1_721' title='bbox 1145 1555 1276 1578; x_wconf 83' lang='lat' dir='ltr'>devotionis</span> 
     </span>
     <span class='ocr_line' id='line_1_108' title="bbox 712 1594 1270 1623; baseline -0.009 -2"><span class='ocrx_word' id='word_1_722' title='bbox 712 1599 757 1621; x_wconf 87' lang='grc'>205</span> <span class='ocrx_word' id='word_1_723' title='bbox 775 1598 804 1620; x_wconf 88' lang='grc'>90</span> <span class='ocrx_word' id='word_1_724' title='bbox 816 1610 847 1613; x_wconf 87' lang='lat'>—</span> <span class='ocrx_word' id='word_1_725' title='bbox 859 1600 893 1619; x_wconf 91' lang='lat' dir='ltr'>est</span> <span class='ocrx_word' id='word_1_726' title='bbox 910 1600 971 1619; x_wconf 83' lang='lat' dir='ltr'>sexta</span> <span class='ocrx_word' id='word_1_727' title='bbox 989 1596 1023 1618; x_wconf 93' lang='lat' dir='ltr'>ala</span> <span class='ocrx_word' id='word_1_728' title='bbox 1037 1596 1190 1623; x_wconf 86' lang='lat' dir='ltr'>praelatorum</span> <span class='ocrx_word' id='word_1_729' title='bbox 1208 1594 1248 1616; x_wconf 85' lang='lat'>147</span> <span class='ocrx_word' id='word_1_730' title='bbox 1263 1594 1270 1615; x_wconf 94' lang='grc'>1</span> 
     </span>
     <span class='ocr_line' id='line_1_109' title="bbox 712 1633 1276 1665; baseline -0.009 -5"><span class='ocrx_word' id='word_1_731' title='bbox 712 1649 742 1654; x_wconf 82' lang='lat'>——</span> <span class='ocrx_word' id='word_1_732' title='bbox 759 1637 848 1665; x_wconf 84' lang='lat' dir='ltr'>Moyses</span> <span class='ocrx_word' id='word_1_733' title='bbox 865 1638 887 1658; x_wconf 90' lang='lat' dir='ltr'>et</span> <span class='ocrx_word' id='word_1_734' title='bbox 903 1635 1007 1659; x_wconf 90' lang='lat' dir='ltr'>Christus</span> <span class='ocrx_word' id='word_1_735' title='bbox 1024 1635 1129 1662; x_wconf 81' lang='lat' dir='ltr'>exempla</span> <span class='ocrx_word' id='word_1_736' title='bbox 1146 1633 1276 1656; x_wconf 84' lang='lat' dir='ltr'>devotionis</span> 
     </span>
     <span class='ocr_line' id='line_1_110' title="bbox 712 1673 1276 1704; baseline -0.009 -5"><span class='ocrx_word' id='word_1_737' title='bbox 712 1676 818 1704; x_wconf 86' lang='lat' dir='ltr'>specialis</span> <span class='ocrx_word' id='word_1_738' title='bbox 836 1675 880 1698; x_wconf 89' lang='grc'>149</span> <span class='ocrx_word' id='word_1_739' title='bbox 902 1675 923 1697; x_wconf 93' lang='lat'>11</span> <span class='ocrx_word' id='word_1_740' title='bbox 944 1687 975 1691; x_wconf 86' lang='lat'>-—</span> <span class='ocrx_word' id='word_1_741' title='bbox 992 1680 1039 1696; x_wconf 88' lang='lat' dir='ltr'>non</span> <span class='ocrx_word' id='word_1_742' title='bbox 1057 1673 1126 1696; x_wconf 91' lang='lat' dir='ltr'>debet</span> <span class='ocrx_word' id='word_1_743' title='bbox 1151 1673 1230 1695; x_wconf 87' lang='lat' dir='ltr'>necari</span> <span class='ocrx_word' id='word_1_744' title='bbox 1247 1673 1276 1694; x_wconf 93' lang='lat' dir='ltr'>la-</span> 
     </span>
     <span class='ocr_line' id='line_1_111' title="bbox 713 1712 1276 1738; baseline -0.009 0"><span class='ocrx_word' id='word_1_745' title='bbox 713 1715 809 1738; x_wconf 79' lang='lat' dir='ltr'>boribus</span> <span class='ocrx_word' id='word_1_746' title='bbox 830 1714 977 1737; x_wconf 87' lang='lat' dir='ltr'>manualibus</span> <span class='ocrx_word' id='word_1_747' title='bbox 999 1713 1042 1735; x_wconf 86' lang='grc'>334</span> <span class='ocrx_word' id='word_1_748' title='bbox 1064 1714 1077 1735; x_wconf 88' lang='grc'>9</span> <span class='ocrx_word' id='word_1_749' title='bbox 1096 1725 1126 1729; x_wconf 96' lang='lat'><em>-</em></span> <span class='ocrx_word' id='word_1_750' title='bbox 1144 1712 1276 1734; x_wconf 86' lang='lat' dir='ltr'>Devotionis</span> 
     </span>
     <span class='ocr_line' id='line_1_112' title="bbox 713 1752 1275 1783; baseline -0.007 -6"><span class='ocrx_word' id='word_1_751' title='bbox 713 1754 805 1783; x_wconf 87' lang='lat' dir='ltr'>puritati</span> <span class='ocrx_word' id='word_1_752' title='bbox 818 1754 869 1782; x_wconf 89' lang='lat' dir='ltr'>plus</span> <span class='ocrx_word' id='word_1_753' title='bbox 878 1753 963 1776; x_wconf 89' lang='lat' dir='ltr'>obsunt</span> <span class='ocrx_word' id='word_1_754' title='bbox 975 1758 1044 1775; x_wconf 87' lang='lat' dir='ltr'>curae</span> <span class='ocrx_word' id='word_1_755' title='bbox 1055 1752 1194 1780; x_wconf 83' lang='lat' dir='ltr'>temporales</span> <span class='ocrx_word' id='word_1_756' title='bbox 1205 1757 1275 1780; x_wconf 90' lang='lat' dir='ltr'>quam</span> 
     </span>
     <span class='ocr_line' id='line_1_113' title="bbox 712 1791 1277 1817; baseline -0.009 0"><span class='ocrx_word' id='word_1_757' title='bbox 712 1794 843 1817; x_wconf 89' lang='lat' dir='ltr'>exercitatio</span> <span class='ocrx_word' id='word_1_758' title='bbox 855 1793 1009 1815; x_wconf 73' lang='lat' dir='ltr'>virtuosarum</span> <span class='ocrx_word' id='word_1_759' title='bbox 1023 1791 1138 1814; x_wconf 91' lang='lat' dir='ltr'>actionum</span> <span class='ocrx_word' id='word_1_760' title='bbox 1156 1791 1200 1813; x_wconf 84' lang='lat'>338</span> <span class='ocrx_word' id='word_1_761' title='bbox 1218 1796 1230 1812; x_wconf 89' lang='lat' dir='ltr'>a</span> <span class='ocrx_word' id='word_1_762' title='bbox 1246 1802 1277 1806; x_wconf 97' lang='lat'><strong>—</strong></span> 
     </span>
     <span class='ocr_line' id='line_1_114' title="bbox 713 1829 1278 1861; baseline -0.007 -6"><span class='ocrx_word' id='word_1_763' title='bbox 713 1834 769 1856; x_wconf 89' lang='lat' dir='ltr'>solet</span> <span class='ocrx_word' id='word_1_764' title='bbox 785 1832 912 1861; x_wconf 82' lang='lat' dir='ltr'>gemitibus</span> <span class='ocrx_word' id='word_1_765' title='bbox 928 1830 1121 1854; x_wconf 86' lang='lat' dir='ltr'>inenarrabilibus</span> <span class='ocrx_word' id='word_1_766' title='bbox 1137 1829 1219 1853; x_wconf 83' lang='lat' dir='ltr'>Christi</span> <span class='ocrx_word' id='word_1_767' title='bbox 1237 1829 1278 1851; x_wconf 86' lang='lat' dir='ltr'>cle-</span> 
     </span>
     <span class='ocr_line' id='line_1_115' title="bbox 714 1868 1278 1900; baseline -0.009 -5"><span class='ocrx_word' id='word_1_768' title='bbox 714 1872 822 1895; x_wconf 84' lang='lat' dir='ltr'>mentiam</span> <span class='ocrx_word' id='word_1_769' title='bbox 839 1872 964 1900; x_wconf 82' lang='lat' dir='ltr'>implorare</span> <span class='ocrx_word' id='word_1_770' title='bbox 983 1869 1027 1892; x_wconf 88' lang='grc'>434</span> <span class='ocrx_word' id='word_1_771' title='bbox 1045 1870 1057 1891; x_wconf 91' lang='grc'>9</span> <span class='ocrx_word' id='word_1_772' title='bbox 1076 1882 1106 1886; x_wconf 93' lang='grc'>-</span> <span class='ocrx_word' id='word_1_773' title='bbox 1123 1875 1165 1897; x_wconf 93' lang='lat' dir='ltr'>per</span> <span class='ocrx_word' id='word_1_774' title='bbox 1182 1868 1278 1891; x_wconf 88' lang='lat' dir='ltr'>multilo-</span> 
     </span>
     <span class='ocr_line' id='line_1_116' title="bbox 713 1909 1058 1941; baseline -0.009 -7"><span class='ocrx_word' id='word_1_775' title='bbox 713 1912 795 1941; x_wconf 87' lang='lat' dir='ltr'>quium</span> <span class='ocrx_word' id='word_1_776' title='bbox 812 1910 963 1938; x_wconf 83' lang='lat' dir='ltr'>exstinguitur</span> <span class='ocrx_word' id='word_1_777' title='bbox 981 1909 1024 1932; x_wconf 84' lang='lat'>453</span> <span class='ocrx_word' id='word_1_778' title='bbox 1044 1909 1058 1931; x_wconf 92' lang='lat' dir='ltr'>b</span> 
     </span>
    </p>

    <p class='ocr_par' dir='ltr' id='par_1_18' title="bbox 713 1947 1280 2287">
     <span class='ocr_line' id='line_1_117' title="bbox 761 1947 1277 1976; baseline -0.01 -3"><span class='ocrx_word' id='word_1_779' title='bbox 761 1964 791 1967; x_wconf 86' lang='lat'>-—</span> <span class='ocrx_word' id='word_1_780' title='bbox 809 1950 838 1972; x_wconf 88' lang='grc'>24</span> <span class='ocrx_word' id='word_1_781' title='bbox 856 1951 942 1972; x_wconf 73' lang='lat' dir='ltr'>tructus</span> <span class='ocrx_word' id='word_1_782' title='bbox 960 1949 1067 1976; x_wconf 80' lang='lat' dir='ltr'>producit</span> <span class='ocrx_word' id='word_1_783' title='bbox 1082 1947 1123 1970; x_wconf 87' lang='lat'>147</span> <span class='ocrx_word' id='word_1_784' title='bbox 1138 1948 1151 1970; x_wconf 98' lang='grc'>2</span> <span class='ocrx_word' id='word_1_785' title='bbox 1163 1959 1194 1963; x_wconf 94' lang='grc'>-</span> <span class='ocrx_word' id='word_1_786' title='bbox 1206 1947 1235 1969; x_wconf 85' lang='lat' dir='ltr'>Ex</span> <span class='ocrx_word' id='word_1_787' title='bbox 1251 1952 1277 1969; x_wconf 84' lang='lat' dir='ltr'>ea</span> 
     </span>
     <span class='ocr_line' id='line_1_118' title="bbox 714 1986 1279 2016; baseline -0.009 -3"><span class='ocrx_word' id='word_1_788' title='bbox 714 1990 804 2013; x_wconf 86' lang='lat' dir='ltr'>fulcitur</span> <span class='ocrx_word' id='word_1_789' title='bbox 816 1989 892 2011; x_wconf 87' lang='lat' dir='ltr'>omnis</span> <span class='ocrx_word' id='word_1_790' title='bbox 904 1988 991 2016; x_wconf 83' lang='lat' dir='ltr'>Religio</span> <span class='ocrx_word' id='word_1_791' title='bbox 1004 1990 1025 2010; x_wconf 91' lang='lat' dir='ltr'>et</span> <span class='ocrx_word' id='word_1_792' title='bbox 1037 1993 1106 2009; x_wconf 89' lang='lat' dir='ltr'>omne</span> <span class='ocrx_word' id='word_1_793' title='bbox 1115 1986 1204 2009; x_wconf 70' lang='lat' dir='ltr'>virtutis</span> <span class='ocrx_word' id='word_1_794' title='bbox 1216 1992 1279 2008; x_wconf 86' lang='lat' dir='ltr'>exer-</span> 
     </span>
     <span class='ocr_line' id='line_1_119' title="bbox 714 2026 1279 2056; baseline -0.009 -4"><span class='ocrx_word' id='word_1_795' title='bbox 714 2030 792 2052; x_wconf 88' lang='lat' dir='ltr'>citium</span> <span class='ocrx_word' id='word_1_796' title='bbox 815 2029 975 2056; x_wconf 81' lang='lat' dir='ltr'>impinguatur</span> <span class='ocrx_word' id='word_1_797' title='bbox 998 2027 1042 2049; x_wconf 86' lang='grc'>134</span> <span class='ocrx_word' id='word_1_798' title='bbox 1069 2027 1094 2048; x_wconf 94' lang='grc'>10</span> <span class='ocrx_word' id='word_1_799' title='bbox 1111 2038 1141 2042; x_wconf 96' lang='grc'><strong>-</strong></span> <span class='ocrx_word' id='word_1_800' title='bbox 1158 2026 1279 2052; x_wconf 77' lang='lat' dir='ltr'>informat,</span> 
     </span>
     <span class='ocr_line' id='line_1_120' title="bbox 714 2064 1279 2098; baseline -0.009 -7"><span class='ocrx_word' id='word_1_801' title='bbox 714 2069 770 2098; x_wconf 87' lang='lat' dir='ltr'>quid</span> <span class='ocrx_word' id='word_1_802' title='bbox 788 2068 918 2090; x_wconf 89' lang='lat' dir='ltr'>faciendum</span> <span class='ocrx_word' id='word_1_803' title='bbox 944 2067 984 2093; x_wconf 84' lang='lat' dir='ltr'>sit,</span> <span class='ocrx_word' id='word_1_804' title='bbox 1010 2066 1116 2092; x_wconf 76' lang='lat' dir='ltr'>adiuvat,</span> <span class='ocrx_word' id='word_1_805' title='bbox 1142 2068 1167 2087; x_wconf 88' lang='lat' dir='ltr'>ut</span> <span class='ocrx_word' id='word_1_806' title='bbox 1191 2064 1279 2093; x_wconf 85' lang='lat' dir='ltr'>possis,</span> 
     </span>
     <span class='ocr_line' id='line_1_121' title="bbox 713 2104 1280 2134; baseline -0.011 -3"><span class='ocrx_word' id='word_1_807' title='bbox 713 2110 845 2134; x_wconf 82' lang='lat' dir='ltr'>conservat,</span> <span class='ocrx_word' id='word_1_808' title='bbox 863 2113 892 2129; x_wconf 91' lang='lat' dir='ltr'>ne</span> <span class='ocrx_word' id='word_1_809' title='bbox 908 2106 988 2129; x_wconf 84' lang='lat' dir='ltr'>devies</span> <span class='ocrx_word' id='word_1_810' title='bbox 1010 2105 1049 2128; x_wconf 85' lang='grc'>148</span> <span class='ocrx_word' id='word_1_811' title='bbox 1069 2106 1081 2127; x_wconf 89' lang='grc'>3</span> <span class='ocrx_word' id='word_1_812' title='bbox 1101 2117 1130 2120; x_wconf 88' lang='lat'><strong>—</strong></span> <span class='ocrx_word' id='word_1_813' title='bbox 1147 2104 1280 2126; x_wconf 73' lang='lat' dir='ltr'>Derotionis</span> 
     </span>
     <span class='ocr_line' id='line_1_122' title="bbox 714 2143 1279 2175; baseline -0.007 -6"><span class='ocrx_word' id='word_1_814' title='bbox 714 2147 851 2175; x_wconf 82' lang='lat' dir='ltr'>magnitudo</span> <span class='ocrx_word' id='word_1_815' title='bbox 876 2146 940 2168; x_wconf 90' lang='lat' dir='ltr'>ducit</span> <span class='ocrx_word' id='word_1_816' title='bbox 964 2146 985 2167; x_wconf 92' lang='lat' dir='ltr'>in</span> <span class='ocrx_word' id='word_1_817' title='bbox 1012 2145 1095 2167; x_wconf 85' lang='lat' dir='ltr'>mentis</span> <span class='ocrx_word' id='word_1_818' title='bbox 1120 2143 1279 2166; x_wconf 87' lang='lat' dir='ltr'>alienationem</span> 
     </span>
     <span class='ocr_line' id='line_1_123' title="bbox 718 2181 1280 2214; baseline -0.007 -6"><span class='ocrx_word' id='word_1_819' title='bbox 718 2187 723 2208; x_wconf 97' lang='lat'>1</span> <span class='ocrx_word' id='word_1_820' title='bbox 734 2186 759 2208; x_wconf 89' lang='lat'>19</span> <span class='ocrx_word' id='word_1_821' title='bbox 778 2186 800 2208; x_wconf 88' lang='lat'>6.</span> <span class='ocrx_word' id='word_1_822' title='bbox 817 2192 851 2214; x_wconf 89' lang='lat' dir='ltr'>sq.</span> <span class='ocrx_word' id='word_1_823' title='bbox 864 2197 894 2201; x_wconf 94' lang='lat'>—-</span> <span class='ocrx_word' id='word_1_824' title='bbox 907 2185 1017 2207; x_wconf 87' lang='lat' dir='ltr'>Excessus</span> <span class='ocrx_word' id='word_1_825' title='bbox 1029 2183 1162 2206; x_wconf 80' lang='lat' dir='ltr'>devotionis</span> <span class='ocrx_word' id='word_1_826' title='bbox 1177 2183 1206 2204; x_wconf 91' lang='lat' dir='ltr'>ad</span> <span class='ocrx_word' id='word_1_827' title='bbox 1218 2181 1280 2204; x_wconf 86' lang='lat' dir='ltr'>Chri-</span> 
     </span>
     <span class='ocr_line' id='line_1_124' title="bbox 714 2222 1280 2252; baseline -0.009 -4"><span class='ocrx_word' id='word_1_828' title='bbox 714 2228 774 2248; x_wconf 88' lang='lat' dir='ltr'>stum</span> <span class='ocrx_word' id='word_1_829' title='bbox 787 2224 912 2252; x_wconf 89' lang='lat' dir='ltr'>patientem</span> <span class='ocrx_word' id='word_1_830' title='bbox 928 2224 953 2245; x_wconf 90' lang='grc'>13</span> <span class='ocrx_word' id='word_1_831' title='bbox 967 2224 979 2245; x_wconf 98' lang='grc'>3</span> <span class='ocrx_word' id='word_1_832' title='bbox 992 2235 1022 2239; x_wconf 93' lang='grc'><strong>-</strong></span> <span class='ocrx_word' id='word_1_833' title='bbox 1035 2223 1132 2245; x_wconf 74' lang='lat' dir='ltr'>Effectus</span> <span class='ocrx_word' id='word_1_834' title='bbox 1147 2222 1200 2244; x_wconf 88' lang='lat' dir='ltr'>mali</span> <span class='ocrx_word' id='word_1_835' title='bbox 1213 2222 1280 2244; x_wconf 85' lang='lat' dir='ltr'>omis-</span> 
     </span>
     <span class='ocr_line' id='line_1_125' title="bbox 714 2262 1041 2287; baseline -0.006 -1"><span class='ocrx_word' id='word_1_836' title='bbox 714 2264 785 2287; x_wconf 86' lang='lat' dir='ltr'>sionis</span> <span class='ocrx_word' id='word_1_837' title='bbox 801 2263 930 2286; x_wconf 75' lang='lat' dir='ltr'>devotionis</span> <span class='ocrx_word' id='word_1_838' title='bbox 952 2262 992 2285; x_wconf 83' lang='lat'>134</span> <span class='ocrx_word' id='word_1_839' title='bbox 1015 2263 1041 2284; x_wconf 92' lang='grc'>10</span> 
     </span>
    </p>

    <p class='ocr_par' dir='ltr' id='par_1_19' title="bbox 762 2301 1152 2325">
     <span class='ocr_line' id='line_1_126' title="bbox 762 2301 1152 2325; baseline -0.005 0"><span class='ocrx_word' id='word_1_840' title='bbox 762 2303 867 2325; x_wconf 66' lang='lat' dir='ltr'>Donatus</span> <span class='ocrx_word' id='word_1_841' title='bbox 885 2315 914 2318; x_wconf 97' lang='lat'><strong>—</strong></span> <span class='ocrx_word' id='word_1_842' title='bbox 932 2301 983 2324; x_wconf 77' lang='lat' dir='ltr'>vide</span> <span class='ocrx_word' id='word_1_843' title='bbox 999 2308 1022 2324; x_wconf 82' lang='lat' dir='ltr'>v.</span> <span class='ocrx_word' id='word_1_844' title='bbox 1039 2301 1152 2324; x_wconf 82' lang='lat' dir='ltr'>Daemon.</span> 
     </span>
    </p>

    <p class='ocr_par' dir='ltr' id='par_1_20' title="bbox 762 2340 1037 2364">
     <span class='ocr_line' id='line_1_127' title="bbox 762 2340 1037 2364; baseline -0.011 0"><span class='ocrx_word' id='word_1_845' title='bbox 762 2342 894 2364; x_wconf 64' lang='lat' dir='ltr'>Dionaeam</span> <span class='ocrx_word' id='word_1_846' title='bbox 912 2353 942 2356; x_wconf 86' lang='lat'>—</span> <span class='ocrx_word' id='word_1_847' title='bbox 961 2340 1006 2362; x_wconf 91' lang='grc'>414</span> <span class='ocrx_word' id='word_1_848' title='bbox 1024 2340 1037 2361; x_wconf 85' lang='grc'>6</span> 
     </span>
    </p>

    <p class='ocr_par' dir='ltr' id='par_1_21' title="bbox 715 2378 1283 2682">
     <span class='ocr_line' id='line_1_128' title="bbox 763 2378 1282 2407; baseline -0.006 -5"><span class='ocrx_word' id='word_1_849' title='bbox 763 2380 814 2402; x_wconf 70' lang='lat' dir='ltr'>Dies</span> <span class='ocrx_word' id='word_1_850' title='bbox 826 2392 856 2395; x_wconf 80' lang='lat'>—</span> <span class='ocrx_word' id='word_1_851' title='bbox 867 2378 983 2407; x_wconf 87' lang='lat' dir='ltr'>Operibus</span> <span class='ocrx_word' id='word_1_852' title='bbox 995 2385 1033 2400; x_wconf 91' lang='lat' dir='ltr'>sex</span> <span class='ocrx_word' id='word_1_853' title='bbox 1045 2378 1135 2400; x_wconf 90' lang='lat' dir='ltr'>dierum</span> <span class='ocrx_word' id='word_1_854' title='bbox 1148 2383 1282 2404; x_wconf 85' lang='lat' dir='ltr'>correspon-</span> 
     </span>
     <span class='ocr_line' id='line_1_129' title="bbox 715 2417 1282 2446; baseline -0.009 -4"><span class='ocrx_word' id='word_1_855' title='bbox 715 2419 754 2442; x_wconf 90' lang='lat' dir='ltr'>det</span> <span class='ocrx_word' id='word_1_856' title='bbox 770 2419 859 2442; x_wconf 88' lang='lat' dir='ltr'>senaria</span> <span class='ocrx_word' id='word_1_857' title='bbox 877 2418 986 2446; x_wconf 90' lang='lat' dir='ltr'>perfectio</span> <span class='ocrx_word' id='word_1_858' title='bbox 1002 2417 1092 2439; x_wconf 90' lang='lat' dir='ltr'>animae</span> <span class='ocrx_word' id='word_1_859' title='bbox 1109 2417 1154 2439; x_wconf 89' lang='grc'>249</span> <span class='ocrx_word' id='word_1_860' title='bbox 1172 2417 1193 2438; x_wconf 88' lang='grc'>8.</span> <span class='ocrx_word' id='word_1_861' title='bbox 1205 2422 1282 2445; x_wconf 90' lang='lat' dir='ltr'>sq.—</span> 
     </span>
     <span class='ocr_line' id='line_1_130' title="bbox 716 2455 1281 2486; baseline -0.007 -6"><span class='ocrx_word' id='word_1_862' title='bbox 716 2459 770 2481; x_wconf 83' lang='lat' dir='ltr'>Tria</span> <span class='ocrx_word' id='word_1_863' title='bbox 787 2458 860 2486; x_wconf 91' lang='lat' dir='ltr'>prima</span> <span class='ocrx_word' id='word_1_864' title='bbox 874 2463 944 2485; x_wconf 87' lang='lat' dir='ltr'>opera</span> <span class='ocrx_word' id='word_1_865' title='bbox 962 2459 1014 2479; x_wconf 91' lang='lat' dir='ltr'>sunt</span> <span class='ocrx_word' id='word_1_866' title='bbox 1027 2456 1108 2478; x_wconf 92' lang='lat' dir='ltr'>mundi</span> <span class='ocrx_word' id='word_1_867' title='bbox 1121 2455 1281 2482; x_wconf 80' lang='lat' dir='ltr'>fundamenta,</span> 
     </span>
     <span class='ocr_line' id='line_1_131' title="bbox 716 2494 1281 2526; baseline -0.007 -6"><span class='ocrx_word' id='word_1_868' title='bbox 716 2498 757 2520; x_wconf 84' lang='lat' dir='ltr'>trIa</span> <span class='ocrx_word' id='word_1_869' title='bbox 774 2497 893 2526; x_wconf 88' lang='lat' dir='ltr'>sequentia</span> <span class='ocrx_word' id='word_1_870' title='bbox 909 2496 1076 2524; x_wconf 89' lang='lat' dir='ltr'>complementa</span> <span class='ocrx_word' id='word_1_871' title='bbox 1096 2494 1150 2517; x_wconf 83' lang='lat' dir='ltr'>ibid.</span> <span class='ocrx_word' id='word_1_872' title='bbox 1161 2507 1192 2511; x_wconf 90' lang='lat'>—</span> <span class='ocrx_word' id='word_1_873' title='bbox 1206 2494 1281 2522; x_wconf 88' lang='lat' dir='ltr'>Opera</span> 
     </span>
     <span class='ocr_line' id='line_1_132' title="bbox 716 2533 1282 2563; baseline -0.007 -4"><span class='ocrx_word' id='word_1_874' title='bbox 716 2537 784 2559; x_wconf 88' lang='lat' dir='ltr'>trium</span> <span class='ocrx_word' id='word_1_875' title='bbox 802 2536 894 2558; x_wconf 90' lang='lat' dir='ltr'>dierum</span> <span class='ocrx_word' id='word_1_876' title='bbox 916 2535 1043 2563; x_wconf 89' lang='lat' dir='ltr'>primorum</span> <span class='ocrx_word' id='word_1_877' title='bbox 1062 2534 1175 2562; x_wconf 85' lang='lat' dir='ltr'>pertinent</span> <span class='ocrx_word' id='word_1_878' title='bbox 1191 2533 1220 2556; x_wconf 91' lang='lat' dir='ltr'>ad</span> <span class='ocrx_word' id='word_1_879' title='bbox 1238 2533 1282 2556; x_wconf 89' lang='lat' dir='ltr'>dis-</span> 
     </span>
     <span class='ocr_line' id='line_1_133' title="bbox 717 2573 1281 2602; baseline -0.007 -4"><span class='ocrx_word' id='word_1_880' title='bbox 717 2575 848 2598; x_wconf 89' lang='lat' dir='ltr'>tinctionem</span> <span class='ocrx_word' id='word_1_881' title='bbox 873 2574 926 2597; x_wconf 89' lang='lat' dir='ltr'>ibid.</span> <span class='ocrx_word' id='word_1_882' title='bbox 948 2586 979 2590; x_wconf 98' lang='lat'><strong>—</strong></span> <span class='ocrx_word' id='word_1_883' title='bbox 995 2573 1149 2602; x_wconf 85' lang='lat' dir='ltr'>quadraginta</span> <span class='ocrx_word' id='word_1_884' title='bbox 1170 2578 1281 2600; x_wconf 85' lang='lat' dir='ltr'>magnum</span> 
     </span>
     <span class='ocr_line' id='line_1_134' title="bbox 717 2610 1283 2642; baseline -0.009 -5"><span class='ocrx_word' id='word_1_885' title='bbox 717 2615 838 2642; x_wconf 84' lang='lat' dir='ltr'>designant</span> <span class='ocrx_word' id='word_1_886' title='bbox 855 2613 990 2641; x_wconf 81' lang='lat' dir='ltr'>mysterium</span> <span class='ocrx_word' id='word_1_887' title='bbox 1009 2613 1038 2635; x_wconf 88' lang='grc'>82</span> <span class='ocrx_word' id='word_1_888' title='bbox 1056 2612 1084 2634; x_wconf 88' lang='grc'>37</span> <span class='ocrx_word' id='word_1_889' title='bbox 1104 2624 1135 2628; x_wconf 95' lang='grc'><strong>-</strong></span> <span class='ocrx_word' id='word_1_890' title='bbox 1153 2612 1214 2638; x_wconf 79' lang='lat' dir='ltr'>lesu,</span> <span class='ocrx_word' id='word_1_891' title='bbox 1231 2610 1283 2640; x_wconf 86' lang='lat' dir='ltr'>quis</span> 
     </span>
     <span class='ocr_line' id='line_1_135' title="bbox 717 2652 968 2682; baseline -0.008 -6"><span class='ocrx_word' id='word_1_892' title='bbox 717 2657 739 2676; x_wconf 91' lang='lat' dir='ltr'>et</span> <span class='ocrx_word' id='word_1_893' title='bbox 755 2654 830 2682; x_wconf 87' lang='lat' dir='ltr'>qualis</span> <span class='ocrx_word' id='word_1_894' title='bbox 847 2653 875 2675; x_wconf 88' lang='lat' dir='ltr'>sit</span> <span class='ocrx_word' id='word_1_895' title='bbox 893 2652 937 2674; x_wconf 81' lang='lat'>158</span> <span class='ocrx_word' id='word_1_896' title='bbox 955 2653 968 2674; x_wconf 87' lang='grc'>2</span> 
     </span>
    </p>

    <p class='ocr_par' dir='ltr' id='par_1_22' title="bbox 717 2689 1284 3032">
     <span class='ocr_line' id='line_1_136' title="bbox 781 2689 1283 2719; baseline -0.008 -4"><span class='ocrx_word' id='word_1_897' title='bbox 781 2693 922 2715; x_wconf 65' lang='lat' dir='ltr'>Dirricumts</span> <span class='ocrx_word' id='word_1_898' title='bbox 938 2704 969 2708; x_wconf 90' lang='lat'><strong>—</strong></span> <span class='ocrx_word' id='word_1_899' title='bbox 980 2691 1120 2719; x_wconf 84' lang='lat' dir='ltr'>proveniens</span> <span class='ocrx_word' id='word_1_900' title='bbox 1131 2696 1157 2712; x_wconf 88' lang='lat' dir='ltr'>ex</span> <span class='ocrx_word' id='word_1_901' title='bbox 1170 2689 1283 2712; x_wconf 87' lang='lat' dir='ltr'>arduitate</span> 
     </span>
     <span class='ocr_line' id='line_1_137' title="bbox 717 2729 1282 2759; baseline -0.009 -4"><span class='ocrx_word' id='word_1_902' title='bbox 717 2735 739 2755; x_wconf 88' lang='lat' dir='ltr'>et</span> <span class='ocrx_word' id='word_1_903' title='bbox 756 2732 873 2754; x_wconf 89' lang='lat' dir='ltr'>nobilitate</span> <span class='ocrx_word' id='word_1_904' title='bbox 890 2731 981 2759; x_wconf 88' lang='lat' dir='ltr'>generis</span> <span class='ocrx_word' id='word_1_905' title='bbox 998 2730 1075 2758; x_wconf 86' lang='lat' dir='ltr'>operis</span> <span class='ocrx_word' id='word_1_906' title='bbox 1088 2729 1195 2752; x_wconf 88' lang='lat' dir='ltr'>meritum</span> <span class='ocrx_word' id='word_1_907' title='bbox 1213 2731 1282 2756; x_wconf 83' lang='lat' dir='ltr'>auget</span> 
     </span>
     <span class='ocr_line' id='line_1_138' title="bbox 718 2767 1282 2794; baseline -0.009 0"><span class='ocrx_word' id='word_1_908' title='bbox 718 2771 763 2794; x_wconf 84' lang='grc'>248</span> <span class='ocrx_word' id='word_1_909' title='bbox 789 2772 814 2793; x_wconf 92' lang='grc'>15</span> <span class='ocrx_word' id='word_1_910' title='bbox 833 2783 862 2786; x_wconf 93' lang='grc'><strong>-</strong></span> <span class='ocrx_word' id='word_1_911' title='bbox 879 2770 952 2792; x_wconf 88' lang='lat' dir='ltr'>maior</span> <span class='ocrx_word' id='word_1_912' title='bbox 969 2769 1084 2791; x_wconf 86' lang='lat' dir='ltr'>invenitur</span> <span class='ocrx_word' id='word_1_913' title='bbox 1107 2769 1129 2791; x_wconf 91' lang='lat' dir='ltr'>in</span> <span class='ocrx_word' id='word_1_914' title='bbox 1151 2768 1188 2790; x_wconf 84' lang='lat' dir='ltr'>via</span> <span class='ocrx_word' id='word_1_915' title='bbox 1210 2767 1282 2789; x_wconf 93' lang='lat' dir='ltr'>divini</span> 
     </span>
     <span class='ocr_line' id='line_1_139' title="bbox 718 2807 1283 2838; baseline -0.009 -5"><span class='ocrx_word' id='word_1_916' title='bbox 718 2810 804 2833; x_wconf 88' lang='lat' dir='ltr'>consilii</span> <span class='ocrx_word' id='word_1_917' title='bbox 821 2816 892 2838; x_wconf 83' lang='lat' dir='ltr'>quam</span> <span class='ocrx_word' id='word_1_918' title='bbox 905 2808 1020 2837; x_wconf 86' lang='lat' dir='ltr'>praecepti</span> <span class='ocrx_word' id='word_1_919' title='bbox 1039 2807 1092 2831; x_wconf 80' lang='lat' dir='ltr'>ibid.</span> <span class='ocrx_word' id='word_1_920' title='bbox 1104 2820 1134 2823; x_wconf 91' lang='lat'>-—-</span> <span class='ocrx_word' id='word_1_921' title='bbox 1146 2807 1241 2829; x_wconf 89' lang='lat' dir='ltr'>veniens</span> <span class='ocrx_word' id='word_1_922' title='bbox 1257 2813 1283 2829; x_wconf 85' lang='lat' dir='ltr'>ex</span> 
     </span>
     <span class='ocr_line' id='line_1_140' title="bbox 718 2845 1282 2876; baseline -0.009 -4"><span class='ocrx_word' id='word_1_923' title='bbox 718 2849 841 2872; x_wconf 85' lang='lat' dir='ltr'>vitiositate</span> <span class='ocrx_word' id='word_1_924' title='bbox 852 2848 942 2876; x_wconf 80' lang='lat' dir='ltr'>agentis</span> <span class='ocrx_word' id='word_1_925' title='bbox 959 2854 1004 2870; x_wconf 91' lang='lat' dir='ltr'>non</span> <span class='ocrx_word' id='word_1_926' title='bbox 1017 2849 1086 2875; x_wconf 81' lang='lat' dir='ltr'>auget</span> <span class='ocrx_word' id='word_1_927' title='bbox 1104 2846 1225 2873; x_wconf 87' lang='lat' dir='ltr'>meritum,</span> <span class='ocrx_word' id='word_1_928' title='bbox 1242 2845 1282 2868; x_wconf 90' lang='lat' dir='ltr'>sed</span> 
     </span>
     <span class='ocr_line' id='line_1_141' title="bbox 719 2885 1284 2911; baseline -0.009 0"><span class='ocrx_word' id='word_1_929' title='bbox 719 2889 834 2911; x_wconf 90' lang='lat' dir='ltr'>miseriam</span> <span class='ocrx_word' id='word_1_930' title='bbox 852 2887 881 2910; x_wconf 90' lang='lat' dir='ltr'>ib.</span> <span class='ocrx_word' id='word_1_931' title='bbox 898 2888 926 2909; x_wconf 90' lang='lat'>16</span> <span class='ocrx_word' id='word_1_932' title='bbox 943 2899 974 2903; x_wconf 96' lang='lat'><strong>—</strong></span> <span class='ocrx_word' id='word_1_933' title='bbox 985 2887 1079 2909; x_wconf 86' lang='lat' dir='ltr'>veniens</span> <span class='ocrx_word' id='word_1_934' title='bbox 1091 2892 1117 2908; x_wconf 88' lang='lat' dir='ltr'>ex</span> <span class='ocrx_word' id='word_1_935' title='bbox 1134 2885 1284 2908; x_wconf 85' lang='lat' dir='ltr'>circumstan-</span> 
     </span>
     <span class='ocr_line' id='line_1_142' title="bbox 719 2924 1282 2954; baseline -0.007 -4"><span class='ocrx_word' id='word_1_936' title='bbox 719 2928 755 2950; x_wconf 90' lang='lat' dir='ltr'>tiis</span> <span class='ocrx_word' id='word_1_937' title='bbox 766 2927 898 2950; x_wconf 77' lang='lat' dir='ltr'>extrinsecis</span> <span class='ocrx_word' id='word_1_938' title='bbox 911 2932 951 2954; x_wconf 91' lang='lat' dir='ltr'>per</span> <span class='ocrx_word' id='word_1_939' title='bbox 963 2926 1069 2948; x_wconf 86' lang='lat' dir='ltr'>accidens</span> <span class='ocrx_word' id='word_1_940' title='bbox 1081 2928 1150 2953; x_wconf 86' lang='lat' dir='ltr'>auget</span> <span class='ocrx_word' id='word_1_941' title='bbox 1162 2924 1282 2950; x_wconf 88' lang='lat' dir='ltr'>meritum,</span> 
     </span>
     <span class='ocr_line' id='line_1_143' title="bbox 719 2963 1283 2989; baseline -0.007 0"><span class='ocrx_word' id='word_1_942' title='bbox 719 2967 760 2989; x_wconf 84' lang='lat' dir='ltr'>sed</span> <span class='ocrx_word' id='word_1_943' title='bbox 778 2966 806 2988; x_wconf 90' lang='lat' dir='ltr'>de</span> <span class='ocrx_word' id='word_1_944' title='bbox 823 2972 847 2987; x_wconf 87' lang='lat' dir='ltr'>sc</span> <span class='ocrx_word' id='word_1_945' title='bbox 865 2968 898 2988; x_wconf 75' lang='grc'>051</span> <span class='ocrx_word' id='word_1_946' title='bbox 915 2966 951 2987; x_wconf 75' lang='lat' dir='ltr'>via</span> <span class='ocrx_word' id='word_1_947' title='bbox 970 2965 998 2987; x_wconf 70' lang='lat' dir='ltr'>att</span> <span class='ocrx_word' id='word_1_948' title='bbox 1012 2965 1102 2987; x_wconf 80' lang='lat' dir='ltr'>ruinam</span> <span class='ocrx_word' id='word_1_949' title='bbox 1120 2963 1174 2986; x_wconf 83' lang='lat' dir='ltr'>ibid.</span> <span class='ocrx_word' id='word_1_950' title='bbox 1191 2975 1222 2979; x_wconf 97' lang='lat'><strong>—</strong></span> <span class='ocrx_word' id='word_1_951' title='bbox 1240 2963 1283 2985; x_wconf 91' lang='lat' dir='ltr'>Dif-</span> 
     </span>
     <span class='ocr_line' id='line_1_144' title="bbox 720 3002 1259 3032; baseline -0.009 -4"><span class='ocrx_word' id='word_1_952' title='bbox 720 3006 784 3028; x_wconf 79' lang='lat' dir='ltr'>ficilia</span> <span class='ocrx_word' id='word_1_953' title='bbox 802 3007 854 3027; x_wconf 86' lang='lat' dir='ltr'>sunt</span> <span class='ocrx_word' id='word_1_954' title='bbox 872 3004 1030 3032; x_wconf 70' lang='lat' dir='ltr'>aggredienda</span> <span class='ocrx_word' id='word_1_955' title='bbox 1049 3003 1181 3025; x_wconf 79' lang='lat' dir='ltr'>strenuitate</span> <span class='ocrx_word' id='word_1_956' title='bbox 1202 3002 1227 3024; x_wconf 78' lang='lat'>16</span> <span class='ocrx_word' id='word_1_957' title='bbox 1246 3002 1259 3022; x_wconf 89' lang='lat'>9</span> 
     </span>
    </p>
   </div>
   <div class='ocr_carea' id='block_1_6' title="bbox 1283 298 1304 3024">
    <p class='ocr_par' dir='ltr' id='par_1_23' title="bbox 1283 298 1304 3024">
     <span class='ocr_line' id='line_1_145' title="bbox 1283 298 1304 3024; baseline 0 0"><span class='ocrx_word' id='word_1_958' title='bbox 1283 298 1304 3024; x_wconf 95' lang='lat' dir='ltr'> </span> 
     </span>
    </p>
   </div>
   <div class='ocr_carea' id='block_1_7' title="bbox 1573 220 1865 280">
    <p class='ocr_par' dir='ltr' id='par_1_24' title="bbox 1573 220 1865 280">
     <span class='ocr_line' id='line_1_146' title="bbox 1810 220 1865 247; baseline 0 0"><span class='ocrx_word' id='word_1_959' title='bbox 1810 220 1865 247; x_wconf 81' lang='lat'>705</span> 
     </span>
     <span class='ocr_line' id='line_1_147' title="bbox 1573 259 1617 280; baseline 0 0"><span class='ocrx_word' id='word_1_960' title='bbox 1573 259 1617 280; x_wconf 83' lang='lat' dir='ltr'>Dis</span> 
     </span>
    </p>
   </div>
   <div class='ocr_carea' id='block_1_8' title="bbox 1301 297 1875 1498">
    <p class='ocr_par' dir='ltr' id='par_1_25' title="bbox 1301 297 1867 404">
     <span class='ocr_line' id='line_1_148' title="bbox 1348 297 1867 325; baseline -0.002 -5"><span class='ocrx_word' id='word_1_961' title='bbox 1348 298 1489 320; x_wconf 66' lang='lat' dir='ltr'>Dirrtoaxm</span> <span class='ocrx_word' id='word_1_962' title='bbox 1508 310 1538 313; x_wconf 97' lang='lat'><strong>—</strong></span> <span class='ocrx_word' id='word_1_963' title='bbox 1556 297 1640 325; x_wconf 81' lang='lat' dir='ltr'>duplex</span> <span class='ocrx_word' id='word_1_964' title='bbox 1665 300 1699 319; x_wconf 86' lang='lat' dir='ltr'>est</span> <span class='ocrx_word' id='word_1_965' title='bbox 1724 297 1768 319; x_wconf 83' lang='grc'>324</span> <span class='ocrx_word' id='word_1_966' title='bbox 1791 298 1819 319; x_wconf 89' lang='grc'>23</span> <span class='ocrx_word' id='word_1_967' title='bbox 1837 310 1867 313; x_wconf 85' lang='lat'>—-</span> 
     </span>
     <span class='ocr_line' id='line_1_149' title="bbox 1301 336 1867 364; baseline -0.002 -5"><span class='ocrx_word' id='word_1_968' title='bbox 1301 336 1426 359; x_wconf 84' lang='lat' dir='ltr'>abscedere</span> <span class='ocrx_word' id='word_1_969' title='bbox 1443 336 1512 359; x_wconf 87' lang='lat' dir='ltr'>debet</span> <span class='ocrx_word' id='word_1_970' title='bbox 1523 343 1535 358; x_wconf 91' lang='lat' dir='ltr'>a</span> <span class='ocrx_word' id='word_1_971' title='bbox 1549 336 1748 364; x_wconf 86' lang='lat' dir='ltr'>praedicatoribus</span> <span class='ocrx_word' id='word_1_972' title='bbox 1765 336 1867 358; x_wconf 63' lang='lat' dir='ltr'>veritatis</span> 
     </span>
     <span class='ocr_line' id='line_1_150' title="bbox 1301 375 1797 404; baseline -0.002 -6"><span class='ocrx_word' id='word_1_973' title='bbox 1301 375 1432 404; x_wconf 82' lang='lat' dir='ltr'>Christique</span> <span class='ocrx_word' id='word_1_974' title='bbox 1449 376 1568 403; x_wconf 86' lang='lat' dir='ltr'>discipulis</span> <span class='ocrx_word' id='word_1_975' title='bbox 1586 376 1630 398; x_wconf 87' lang='grc'>323</span> <span class='ocrx_word' id='word_1_976' title='bbox 1649 377 1687 398; x_wconf 86' lang='grc'>22.</span> <span class='ocrx_word' id='word_1_977' title='bbox 1705 375 1749 398; x_wconf 90' lang='grc'>324</span> <span class='ocrx_word' id='word_1_978' title='bbox 1768 376 1797 397; x_wconf 88' lang='grc'>23</span> 
     </span>
    </p>

    <p class='ocr_par' dir='ltr' id='par_1_26' title="bbox 1302 415 1869 521">
     <span class='ocr_line' id='line_1_151' title="bbox 1350 415 1869 443; baseline 0 -6"><span class='ocrx_word' id='word_1_979' title='bbox 1350 415 1449 437; x_wconf 72' lang='grc'>01110510</span> <span class='ocrx_word' id='word_1_980' title='bbox 1465 427 1497 431; x_wconf 92' lang='grc'><strong>-</strong></span> <span class='ocrx_word' id='word_1_981' title='bbox 1513 418 1547 437; x_wconf 85' lang='lat' dir='ltr'>est</span> <span class='ocrx_word' id='word_1_982' title='bbox 1564 415 1585 436; x_wconf 93' lang='lat' dir='ltr'>in</span> <span class='ocrx_word' id='word_1_983' title='bbox 1603 421 1681 437; x_wconf 81' lang='lat' dir='ltr'>amore</span> <span class='ocrx_word' id='word_1_984' title='bbox 1693 418 1757 443; x_wconf 86' lang='lat' dir='ltr'>actu,</span> <span class='ocrx_word' id='word_1_985' title='bbox 1775 415 1811 437; x_wconf 71' lang='lat' dir='ltr'>vel</span> <span class='ocrx_word' id='word_1_986' title='bbox 1828 415 1869 437; x_wconf 88' lang='lat' dir='ltr'>de-</span> 
     </span>
     <span class='ocr_line' id='line_1_152' title="bbox 1302 454 1868 476; baseline 0 0"><span class='ocrx_word' id='word_1_987' title='bbox 1302 454 1386 476; x_wconf 84' lang='lat' dir='ltr'>siderio</span> <span class='ocrx_word' id='word_1_988' title='bbox 1404 454 1448 476; x_wconf 83' lang='grc'>253</span> <span class='ocrx_word' id='word_1_989' title='bbox 1466 455 1479 476; x_wconf 87' lang='grc'>2</span> <span class='ocrx_word' id='word_1_990' title='bbox 1497 467 1526 470; x_wconf 94' lang='grc'>-</span> <span class='ocrx_word' id='word_1_991' title='bbox 1544 454 1630 476; x_wconf 89' lang='lat' dir='ltr'>amoris</span> <span class='ocrx_word' id='word_1_992' title='bbox 1647 454 1747 476; x_wconf 85' lang='lat' dir='ltr'>maxime</span> <span class='ocrx_word' id='word_1_993' title='bbox 1769 454 1868 476; x_wconf 86' lang='lat' dir='ltr'>ostendi-</span> 
     </span>
     <span class='ocr_line' id='line_1_153' title="bbox 1303 492 1664 521; baseline 0 -6"><span class='ocrx_word' id='word_1_994' title='bbox 1303 496 1339 515; x_wconf 91' lang='lat' dir='ltr'>tur</span> <span class='ocrx_word' id='word_1_995' title='bbox 1357 493 1379 515; x_wconf 86' lang='lat' dir='ltr'>in</span> <span class='ocrx_word' id='word_1_996' title='bbox 1397 496 1471 515; x_wconf 90' lang='lat' dir='ltr'>morte</span> <span class='ocrx_word' id='word_1_997' title='bbox 1488 499 1530 521; x_wconf 89' lang='lat' dir='ltr'>pro</span> <span class='ocrx_word' id='word_1_998' title='bbox 1548 493 1591 515; x_wconf 88' lang='lat' dir='ltr'>aiio</span> <span class='ocrx_word' id='word_1_999' title='bbox 1609 492 1664 516; x_wconf 85' lang='lat' dir='ltr'>ibid.</span> 
     </span>
    </p>

    <p class='ocr_par' dir='ltr' id='par_1_27' title="bbox 1302 532 1868 594">
     <span class='ocr_line' id='line_1_154' title="bbox 1350 532 1868 555; baseline 0 -1"><span class='ocrx_word' id='word_1_1000' title='bbox 1350 532 1484 555; x_wconf 60' lang='lat' dir='ltr'>Dumna-res</span> <span class='ocrx_word' id='word_1_1001' title='bbox 1500 544 1531 549; x_wconf 90' lang='lat'>—-</span> <span class='ocrx_word' id='word_1_1002' title='bbox 1550 532 1629 555; x_wconf 90' lang='lat' dir='ltr'>mundi</span> <span class='ocrx_word' id='word_1_1003' title='bbox 1654 535 1773 554; x_wconf 82' lang='lat' dir='ltr'>transeunt</span> <span class='ocrx_word' id='word_1_1004' title='bbox 1795 536 1817 554; x_wconf 95' lang='lat' dir='ltr'>et</span> <span class='ocrx_word' id='word_1_1005' title='bbox 1834 538 1868 554; x_wconf 88' lang='lat' dir='ltr'>ca·</span> 
     </span>
     <span class='ocr_line' id='line_1_155' title="bbox 1302 570 1690 594; baseline 0.003 -1"><span class='ocrx_word' id='word_1_1006' title='bbox 1302 571 1360 593; x_wconf 85' lang='lat' dir='ltr'>dunt</span> <span class='ocrx_word' id='word_1_1007' title='bbox 1381 571 1422 593; x_wconf 83' lang='grc'>442</span> <span class='ocrx_word' id='word_1_1008' title='bbox 1444 572 1469 593; x_wconf 88' lang='grc'>18</span> <span class='ocrx_word' id='word_1_1009' title='bbox 1491 570 1545 594; x_wconf 74' lang='lat' dir='ltr'>Vide</span> <span class='ocrx_word' id='word_1_1010' title='bbox 1564 578 1583 594; x_wconf 79' lang='lat' dir='ltr'>v.</span> <span class='ocrx_word' id='word_1_1011' title='bbox 1602 571 1690 594; x_wconf 74' lang='lat' dir='ltr'>Honor.</span> 
     </span>
    </p>

    <p class='ocr_par' dir='ltr' id='par_1_28' title="bbox 1302 610 1870 789">
     <span class='ocr_line' id='line_1_156' title="bbox 1350 610 1868 633; baseline 0.002 -1"><span class='ocrx_word' id='word_1_1012' title='bbox 1350 610 1453 632; x_wconf 73' lang='lat' dir='ltr'>Ditecrto</span> <span class='ocrx_word' id='word_1_1013' title='bbox 1470 623 1500 627; x_wconf 89' lang='lat'><strong>—</strong></span> <span class='ocrx_word' id='word_1_1014' title='bbox 1518 611 1599 632; x_wconf 79' lang='lat' dir='ltr'>Anima</span> <span class='ocrx_word' id='word_1_1015' title='bbox 1615 610 1663 632; x_wconf 87' lang='lat' dir='ltr'>sine</span> <span class='ocrx_word' id='word_1_1016' title='bbox 1680 611 1801 633; x_wconf 88' lang='lat' dir='ltr'>dilectione</span> <span class='ocrx_word' id='word_1_1017' title='bbox 1818 616 1868 633; x_wconf 80' lang='lat' dir='ltr'>esse</span> 
     </span>
     <span class='ocr_line' id='line_1_157' title="bbox 1302 649 1870 678; baseline 0 -7"><span class='ocrx_word' id='word_1_1018' title='bbox 1302 656 1348 671; x_wconf 91' lang='lat' dir='ltr'>non</span> <span class='ocrx_word' id='word_1_1019' title='bbox 1365 652 1440 677; x_wconf 88' lang='lat' dir='ltr'>potest</span> <span class='ocrx_word' id='word_1_1020' title='bbox 1458 649 1486 671; x_wconf 90' lang='lat'>47</span> <span class='ocrx_word' id='word_1_1021' title='bbox 1505 650 1517 671; x_wconf 90' lang='grc'>8</span> <span class='ocrx_word' id='word_1_1022' title='bbox 1537 662 1564 665; x_wconf 59' lang='grc'>»-</span> <span class='ocrx_word' id='word_1_1023' title='bbox 1578 650 1666 678; x_wconf 81' lang='lat' dir='ltr'>Quanta</span> <span class='ocrx_word' id='word_1_1024' title='bbox 1679 650 1707 672; x_wconf 88' lang='lat' dir='ltr'>sit</span> <span class='ocrx_word' id='word_1_1025' title='bbox 1718 650 1754 672; x_wconf 91' lang='lat' dir='ltr'>vis</span> <span class='ocrx_word' id='word_1_1026' title='bbox 1771 649 1870 672; x_wconf 90' lang='lat' dir='ltr'>dilectio-</span> 
     </span>
     <span class='ocr_line' id='line_1_158' title="bbox 1302 688 1869 711; baseline 0 0"><span class='ocrx_word' id='word_1_1027' title='bbox 1302 689 1338 711; x_wconf 87' lang='lat' dir='ltr'>nis</span> <span class='ocrx_word' id='word_1_1028' title='bbox 1355 689 1383 711; x_wconf 83' lang='grc'>58</span> <span class='ocrx_word' id='word_1_1029' title='bbox 1403 688 1415 710; x_wconf 85' lang='grc'>4</span> <span class='ocrx_word' id='word_1_1030' title='bbox 1433 701 1463 705; x_wconf 94' lang='grc'><strong>-</strong></span> <span class='ocrx_word' id='word_1_1031' title='bbox 1480 689 1558 711; x_wconf 86' lang='lat' dir='ltr'>fortior</span> <span class='ocrx_word' id='word_1_1032' title='bbox 1583 692 1618 711; x_wconf 86' lang='lat' dir='ltr'>est</span> <span class='ocrx_word' id='word_1_1033' title='bbox 1642 691 1715 711; x_wconf 88' lang='lat' dir='ltr'>morte</span> <span class='ocrx_word' id='word_1_1034' title='bbox 1745 689 1786 711; x_wconf 87' lang='grc'>163</span> <span class='ocrx_word' id='word_1_1035' title='bbox 1808 690 1821 711; x_wconf 92' lang='grc'>2</span> <span class='ocrx_word' id='word_1_1036' title='bbox 1838 702 1869 705; x_wconf 91' lang='lat'>—</span> 
     </span>
     <span class='ocr_line' id='line_1_159' title="bbox 1302 728 1869 756; baseline 0 -6"><span class='ocrx_word' id='word_1_1037' title='bbox 1302 728 1393 750; x_wconf 87' lang='lat' dir='ltr'>Gradus</span> <span class='ocrx_word' id='word_1_1038' title='bbox 1409 728 1495 750; x_wconf 87' lang='lat' dir='ltr'>doloris</span> <span class='ocrx_word' id='word_1_1039' title='bbox 1512 728 1628 755; x_wconf 81' lang='lat' dir='ltr'>dependet</span> <span class='ocrx_word' id='word_1_1040' title='bbox 1644 734 1656 749; x_wconf 88' lang='lat' dir='ltr'>a</span> <span class='ocrx_word' id='word_1_1041' title='bbox 1675 728 1748 756; x_wconf 83' lang='lat' dir='ltr'>gradu</span> <span class='ocrx_word' id='word_1_1042' title='bbox 1770 728 1869 750; x_wconf 85' lang='lat' dir='ltr'>dilectio-</span> 
     </span>
     <span class='ocr_line' id='line_1_160' title="bbox 1303 767 1427 789; baseline -0.008 0"><span class='ocrx_word' id='word_1_1043' title='bbox 1303 767 1338 789; x_wconf 90' lang='lat' dir='ltr'>nis</span> <span class='ocrx_word' id='word_1_1044' title='bbox 1360 768 1400 789; x_wconf 84' lang='lat'>133</span> <span class='ocrx_word' id='word_1_1045' title='bbox 1423 768 1427 788; x_wconf 97' lang='lat'>1</span> 
     </span>
    </p>

    <p class='ocr_par' dir='ltr' id='par_1_29' title="bbox 1303 806 1872 1338">
     <span class='ocr_line' id='line_1_161' title="bbox 1350 806 1869 834; baseline 0 -6"><span class='ocrx_word' id='word_1_1046' title='bbox 1350 819 1379 822; x_wconf 97' lang='lat'><strong>—</strong></span> <span class='ocrx_word' id='word_1_1047' title='bbox 1398 807 1439 828; x_wconf 81' lang='lat' dir='ltr'>Per</span> <span class='ocrx_word' id='word_1_1048' title='bbox 1456 806 1602 828; x_wconf 88' lang='lat' dir='ltr'>dilectionem</span> <span class='ocrx_word' id='word_1_1049' title='bbox 1622 806 1710 828; x_wconf 78' lang='lat' dir='ltr'>Veritas</span> <span class='ocrx_word' id='word_1_1050' title='bbox 1728 809 1762 828; x_wconf 80' lang='lat' dir='ltr'>est</span> <span class='ocrx_word' id='word_1_1051' title='bbox 1782 807 1869 834; x_wconf 81' lang='lat' dir='ltr'>ample-</span> 
     </span>
     <span class='ocr_line' id='line_1_162' title="bbox 1303 845 1869 873; baseline 0 -6"><span class='ocrx_word' id='word_1_1052' title='bbox 1303 846 1383 868; x_wconf 79' lang='lat' dir='ltr'>cienda</span> <span class='ocrx_word' id='word_1_1053' title='bbox 1401 846 1426 867; x_wconf 78' lang='grc'>18</span> <span class='ocrx_word' id='word_1_1054' title='bbox 1448 845 1473 867; x_wconf 88' lang='grc'>14</span> <span class='ocrx_word' id='word_1_1055' title='bbox 1491 858 1520 861; x_wconf 79' lang='lat'>-</span> <span class='ocrx_word' id='word_1_1056' title='bbox 1537 845 1585 867; x_wconf 90' lang='lat' dir='ltr'>Deo</span> <span class='ocrx_word' id='word_1_1057' title='bbox 1597 845 1712 867; x_wconf 87' lang='lat' dir='ltr'>offerenda</span> <span class='ocrx_word' id='word_1_1058' title='bbox 1729 849 1763 867; x_wconf 87' lang='lat' dir='ltr'>est</span> <span class='ocrx_word' id='word_1_1059' title='bbox 1775 848 1869 873; x_wconf 87' lang='lat' dir='ltr'>propter</span> 
     </span>
     <span class='ocr_line' id='line_1_163' title="bbox 1305 884 1870 913; baseline 0 -7"><span class='ocrx_word' id='word_1_1060' title='bbox 1305 884 1364 907; x_wconf 87' lang='lat' dir='ltr'>bona</span> <span class='ocrx_word' id='word_1_1061' title='bbox 1381 885 1461 907; x_wconf 86' lang='lat' dir='ltr'>collata</span> <span class='ocrx_word' id='word_1_1062' title='bbox 1478 884 1508 906; x_wconf 85' lang='lat'>94</span> <span class='ocrx_word' id='word_1_1063' title='bbox 1527 884 1539 906; x_wconf 88' lang='grc'>4</span> <span class='ocrx_word' id='word_1_1064' title='bbox 1551 897 1581 901; x_wconf 88' lang='grc'>-</span> <span class='ocrx_word' id='word_1_1065' title='bbox 1593 884 1652 913; x_wconf 86' lang='lat' dir='ltr'>Quid</span> <span class='ocrx_word' id='word_1_1066' title='bbox 1664 885 1692 907; x_wconf 88' lang='lat' dir='ltr'>sit</span> <span class='ocrx_word' id='word_1_1067' title='bbox 1709 884 1825 907; x_wconf 85' lang='lat' dir='ltr'>obiectum</span> <span class='ocrx_word' id='word_1_1068' title='bbox 1839 884 1870 906; x_wconf 87' lang='lat' dir='ltr'>di-</span> 
     </span>
     <span class='ocr_line' id='line_1_164' title="bbox 1304 923 1869 952; baseline 0 -7"><span class='ocrx_word' id='word_1_1069' title='bbox 1304 924 1407 945; x_wconf 90' lang='lat' dir='ltr'>lectionis</span> <span class='ocrx_word' id='word_1_1070' title='bbox 1424 924 1463 946; x_wconf 92' lang='lat' dir='ltr'>Dei</span> <span class='ocrx_word' id='word_1_1071' title='bbox 1483 923 1510 945; x_wconf 86' lang='lat'>43</span> <span class='ocrx_word' id='word_1_1072' title='bbox 1530 923 1557 945; x_wconf 80' lang='grc'>44</span> <span class='ocrx_word' id='word_1_1073' title='bbox 1571 936 1603 939; x_wconf 94' lang='grc'><strong>-</strong></span> <span class='ocrx_word' id='word_1_1074' title='bbox 1621 923 1673 950; x_wconf 85' lang='lat' dir='ltr'>Dei,</span> <span class='ocrx_word' id='word_1_1075' title='bbox 1685 926 1770 952; x_wconf 86' lang='lat' dir='ltr'>quanta</span> <span class='ocrx_word' id='word_1_1076' title='bbox 1782 927 1804 945; x_wconf 91' lang='lat' dir='ltr'>et</span> <span class='ocrx_word' id='word_1_1077' title='bbox 1815 929 1869 952; x_wconf 83' lang='lat' dir='ltr'>qua-</span> 
     </span>
     <span class='ocr_line' id='line_1_165' title="bbox 1304 962 1869 991; baseline 0 -7"><span class='ocrx_word' id='word_1_1078' title='bbox 1304 962 1331 985; x_wconf 89' lang='lat' dir='ltr'>lis</span> <span class='ocrx_word' id='word_1_1079' title='bbox 1348 969 1398 985; x_wconf 89' lang='lat' dir='ltr'>esse</span> <span class='ocrx_word' id='word_1_1080' title='bbox 1415 962 1498 985; x_wconf 90' lang='lat' dir='ltr'>debeat</span> <span class='ocrx_word' id='word_1_1081' title='bbox 1516 962 1544 984; x_wconf 86' lang='grc'>42</span> <span class='ocrx_word' id='word_1_1082' title='bbox 1564 962 1600 985; x_wconf 88' lang='grc'>43.</span> <span class='ocrx_word' id='word_1_1083' title='bbox 1622 963 1662 984; x_wconf 89' lang='grc'>124</span> <span class='ocrx_word' id='word_1_1084' title='bbox 1681 963 1694 984; x_wconf 88' lang='grc'>2</span> <span class='ocrx_word' id='word_1_1085' title='bbox 1712 975 1742 978; x_wconf 80' lang='lat'>—</span> <span class='ocrx_word' id='word_1_1086' title='bbox 1760 963 1819 991; x_wconf 84' lang='lat' dir='ltr'>Quid</span> <span class='ocrx_word' id='word_1_1087' title='bbox 1841 963 1869 984; x_wconf 89' lang='lat' dir='ltr'>sit</span> 
     </span>
     <span class='ocr_line' id='line_1_166' title="bbox 1305 1001 1870 1029; baseline 0 -6"><span class='ocrx_word' id='word_1_1088' title='bbox 1305 1001 1400 1029; x_wconf 85' lang='lat' dir='ltr'>diligere</span> <span class='ocrx_word' id='word_1_1089' title='bbox 1418 1002 1490 1023; x_wconf 89' lang='lat' dir='ltr'>Deum</span> <span class='ocrx_word' id='word_1_1090' title='bbox 1508 1007 1535 1023; x_wconf 88' lang='lat' dir='ltr'>ex</span> <span class='ocrx_word' id='word_1_1091' title='bbox 1552 1004 1598 1023; x_wconf 88' lang='lat' dir='ltr'>toto</span> <span class='ocrx_word' id='word_1_1092' title='bbox 1616 1001 1686 1023; x_wconf 88' lang='lat' dir='ltr'>corde</span> <span class='ocrx_word' id='word_1_1093' title='bbox 1708 1001 1748 1023; x_wconf 87' lang='grc'>124</span> <span class='ocrx_word' id='word_1_1094' title='bbox 1766 1002 1779 1023; x_wconf 88' lang='grc'>2</span> <span class='ocrx_word' id='word_1_1095' title='bbox 1797 1013 1827 1017; x_wconf 95' lang='grc'>-</span> <span class='ocrx_word' id='word_1_1096' title='bbox 1844 1007 1870 1023; x_wconf 87' lang='lat' dir='ltr'>ex</span> 
     </span>
     <span class='ocr_line' id='line_1_167' title="bbox 1305 1039 1871 1063; baseline 0 -1"><span class='ocrx_word' id='word_1_1097' title='bbox 1305 1043 1351 1063; x_wconf 89' lang='lat' dir='ltr'>tota</span> <span class='ocrx_word' id='word_1_1098' title='bbox 1368 1041 1443 1062; x_wconf 83' lang='lat' dir='ltr'>anima</span> <span class='ocrx_word' id='word_1_1099' title='bbox 1461 1039 1490 1062; x_wconf 87' lang='lat' dir='ltr'>ib.</span> <span class='ocrx_word' id='word_1_1100' title='bbox 1503 1041 1516 1062; x_wconf 89' lang='grc'>3</span> <span class='ocrx_word' id='word_1_1101' title='bbox 1529 1053 1560 1057; x_wconf 86' lang='grc'><strong>-</strong></span> <span class='ocrx_word' id='word_1_1102' title='bbox 1571 1047 1598 1062; x_wconf 84' lang='lat' dir='ltr'>ex</span> <span class='ocrx_word' id='word_1_1103' title='bbox 1610 1043 1655 1062; x_wconf 87' lang='lat' dir='ltr'>tota</span> <span class='ocrx_word' id='word_1_1104' title='bbox 1668 1043 1744 1062; x_wconf 90' lang='lat' dir='ltr'>mente</span> <span class='ocrx_word' id='word_1_1105' title='bbox 1761 1040 1802 1062; x_wconf 78' lang='grc'>125</span> <span class='ocrx_word' id='word_1_1106' title='bbox 1815 1040 1828 1062; x_wconf 83' lang='grc'>4</span> <span class='ocrx_word' id='word_1_1107' title='bbox 1840 1052 1871 1056; x_wconf 93' lang='grc'>-</span> 
     </span>
     <span class='ocr_line' id='line_1_168' title="bbox 1306 1079 1871 1107; baseline 0 -6"><span class='ocrx_word' id='word_1_1108' title='bbox 1306 1079 1349 1107; x_wconf 88' lang='lat' dir='ltr'>Qui</span> <span class='ocrx_word' id='word_1_1109' title='bbox 1367 1079 1440 1101; x_wconf 87' lang='lat' dir='ltr'>Deum</span> <span class='ocrx_word' id='word_1_1110' title='bbox 1458 1082 1522 1107; x_wconf 83' lang='lat' dir='ltr'>optat</span> <span class='ocrx_word' id='word_1_1111' title='bbox 1534 1080 1632 1107; x_wconf 82' lang='lat' dir='ltr'>perfecte</span> <span class='ocrx_word' id='word_1_1112' title='bbox 1649 1079 1745 1107; x_wconf 83' lang='lat' dir='ltr'>diligere</span> <span class='ocrx_word' id='word_1_1113' title='bbox 1763 1079 1831 1101; x_wconf 83' lang='lat' dir='ltr'>debet</span> <span class='ocrx_word' id='word_1_1114' title='bbox 1847 1085 1871 1101; x_wconf 87' lang='lat' dir='ltr'>se</span> 
     </span>
     <span class='ocr_line' id='line_1_169' title="bbox 1306 1118 1872 1146; baseline 0 -6"><span class='ocrx_word' id='word_1_1115' title='bbox 1306 1118 1397 1140; x_wconf 81' lang='lat' dir='ltr'>elevare</span> <span class='ocrx_word' id='word_1_1116' title='bbox 1416 1124 1486 1146; x_wconf 88' lang='lat' dir='ltr'>supra</span> <span class='ocrx_word' id='word_1_1117' title='bbox 1511 1124 1616 1144; x_wconf 84' lang='lat' dir='ltr'>sensum,</span> <span class='ocrx_word' id='word_1_1118' title='bbox 1638 1118 1827 1146; x_wconf 84' lang='lat' dir='ltr'>imaginationem</span> <span class='ocrx_word' id='word_1_1119' title='bbox 1850 1121 1872 1140; x_wconf 85' lang='lat' dir='ltr'>et</span> 
     </span>
     <span class='ocr_line' id='line_1_170' title="bbox 1308 1157 1871 1185; baseline 0 -6"><span class='ocrx_word' id='word_1_1120' title='bbox 1308 1157 1446 1180; x_wconf 90' lang='lat' dir='ltr'>intellectum</span> <span class='ocrx_word' id='word_1_1121' title='bbox 1463 1157 1476 1179; x_wconf 92' lang='lat'>7</span> <span class='ocrx_word' id='word_1_1122' title='bbox 1499 1158 1523 1179; x_wconf 94' lang='lat'>17</span> <span class='ocrx_word' id='word_1_1123' title='bbox 1536 1170 1566 1174; x_wconf 99' lang='lat'><strong>—</strong></span> <span class='ocrx_word' id='word_1_1124' title='bbox 1579 1158 1701 1185; x_wconf 74' lang='lat' dir='ltr'>Diligentes</span> <span class='ocrx_word' id='word_1_1125' title='bbox 1714 1158 1786 1180; x_wconf 86' lang='lat' dir='ltr'>Deum</span> <span class='ocrx_word' id='word_1_1126' title='bbox 1801 1164 1871 1185; x_wconf 84' lang='lat' dir='ltr'>super</span> 
     </span>
     <span class='ocr_line' id='line_1_171' title="bbox 1307 1196 1871 1225; baseline -0.002 -5"><span class='ocrx_word' id='word_1_1127' title='bbox 1307 1198 1384 1220; x_wconf 86' lang='lat' dir='ltr'>omnia</span> <span class='ocrx_word' id='word_1_1128' title='bbox 1405 1197 1468 1225; x_wconf 84' lang='lat' dir='ltr'>digni</span> <span class='ocrx_word' id='word_1_1129' title='bbox 1490 1200 1626 1225; x_wconf 90' lang='lat' dir='ltr'>reputantur</span> <span class='ocrx_word' id='word_1_1130' title='bbox 1647 1203 1739 1219; x_wconf 80' lang='lat' dir='ltr'>summo</span> <span class='ocrx_word' id='word_1_1131' title='bbox 1763 1197 1825 1219; x_wconf 87' lang='lat' dir='ltr'>Bono</span> <span class='ocrx_word' id='word_1_1132' title='bbox 1843 1196 1871 1219; x_wconf 85' lang='lat' dir='ltr'>ib.</span> 
     </span>
     <span class='ocr_line' id='line_1_172' title="bbox 1311 1236 1871 1259; baseline -0.004 0"><span class='ocrx_word' id='word_1_1133' title='bbox 1311 1237 1337 1259; x_wconf 85' lang='lat'>14</span> <span class='ocrx_word' id='word_1_1134' title='bbox 1355 1249 1385 1253; x_wconf 97' lang='lat'><strong>—</strong></span> <span class='ocrx_word' id='word_1_1135' title='bbox 1402 1237 1476 1259; x_wconf 78' lang='lat' dir='ltr'>Motus</span> <span class='ocrx_word' id='word_1_1136' title='bbox 1493 1237 1595 1258; x_wconf 85' lang='lat' dir='ltr'>fervidae</span> <span class='ocrx_word' id='word_1_1137' title='bbox 1612 1236 1739 1258; x_wconf 78' lang='lat' dir='ltr'>dilectionis</span> <span class='ocrx_word' id='word_1_1138' title='bbox 1756 1236 1778 1258; x_wconf 91' lang='lat' dir='ltr'>in</span> <span class='ocrx_word' id='word_1_1139' title='bbox 1799 1236 1871 1258; x_wconf 89' lang='lat' dir='ltr'>Deum</span> 
     </span>
     <span class='ocr_line' id='line_1_173' title="bbox 1308 1275 1872 1304; baseline -0.002 -6"><span class='ocrx_word' id='word_1_1140' title='bbox 1308 1279 1330 1298; x_wconf 91' lang='lat' dir='ltr'>et</span> <span class='ocrx_word' id='word_1_1141' title='bbox 1346 1282 1419 1304; x_wconf 88' lang='lat' dir='ltr'>purae</span> <span class='ocrx_word' id='word_1_1142' title='bbox 1435 1276 1466 1298; x_wconf 86' lang='lat' dir='ltr'>ad</span> <span class='ocrx_word' id='word_1_1143' title='bbox 1476 1275 1596 1298; x_wconf 89' lang='lat' dir='ltr'>inimicum</span> <span class='ocrx_word' id='word_1_1144' title='bbox 1613 1279 1647 1298; x_wconf 88' lang='lat' dir='ltr'>est</span> <span class='ocrx_word' id='word_1_1145' title='bbox 1659 1276 1774 1303; x_wconf 80' lang='lat' dir='ltr'>perfectus</span> <span class='ocrx_word' id='word_1_1146' title='bbox 1791 1281 1872 1297; x_wconf 89' lang='lat' dir='ltr'>secun-</span> 
     </span>
     <span class='ocr_line' id='line_1_174' title="bbox 1308 1315 1494 1338; baseline -0.005 0"><span class='ocrx_word' id='word_1_1147' title='bbox 1308 1315 1364 1338; x_wconf 88' lang='lat' dir='ltr'>dum</span> <span class='ocrx_word' id='word_1_1148' title='bbox 1382 1322 1406 1338; x_wconf 88' lang='lat' dir='ltr'>se</span> <span class='ocrx_word' id='word_1_1149' title='bbox 1419 1316 1462 1337; x_wconf 84' lang='grc'>238</span> <span class='ocrx_word' id='word_1_1150' title='bbox 1482 1316 1494 1337; x_wconf 86' lang='grc'>8</span> 
     </span>
    </p>

    <p class='ocr_par' dir='ltr' id='par_1_30' title="bbox 1308 1354 1875 1498">
     <span class='ocr_line' id='line_1_175' title="bbox 1356 1354 1872 1382; baseline -0.002 -5"><span class='ocrx_word' id='word_1_1151' title='bbox 1356 1367 1385 1370; x_wconf 81' lang='lat'>—</span> <span class='ocrx_word' id='word_1_1152' title='bbox 1403 1355 1501 1382; x_wconf 84' lang='lat' dir='ltr'>proximi</span> <span class='ocrx_word' id='word_1_1153' title='bbox 1513 1355 1597 1382; x_wconf 82' lang='lat' dir='ltr'>duplex</span> <span class='ocrx_word' id='word_1_1154' title='bbox 1609 1357 1643 1376; x_wconf 80' lang='lat' dir='ltr'>est</span> <span class='ocrx_word' id='word_1_1155' title='bbox 1656 1354 1699 1376; x_wconf 88' lang='grc'>446</span> <span class='ocrx_word' id='word_1_1156' title='bbox 1713 1355 1741 1376; x_wconf 88' lang='grc'>32</span> <span class='ocrx_word' id='word_1_1157' title='bbox 1753 1367 1783 1369; x_wconf 89' lang='grc'><strong>-</strong></span> <span class='ocrx_word' id='word_1_1158' title='bbox 1795 1354 1872 1382; x_wconf 84' lang='lat' dir='ltr'>quoad</span> 
     </span>
     <span class='ocr_line' id='line_1_176' title="bbox 1308 1392 1874 1419; baseline -0.004 -3"><span class='ocrx_word' id='word_1_1159' title='bbox 1308 1393 1396 1416; x_wconf 83' lang='lat' dir='ltr'>amicos</span> <span class='ocrx_word' id='word_1_1160' title='bbox 1413 1393 1482 1416; x_wconf 87' lang='lat' dir='ltr'>debet</span> <span class='ocrx_word' id='word_1_1161' title='bbox 1498 1392 1584 1415; x_wconf 85' lang='lat' dir='ltr'>habere</span> <span class='ocrx_word' id='word_1_1162' title='bbox 1602 1393 1788 1419; x_wconf 83' lang='lat' dir='ltr'>familiaritatem,</span> <span class='ocrx_word' id='word_1_1163' title='bbox 1811 1398 1874 1414; x_wconf 84' lang='lat' dir='ltr'>com—</span> 
     </span>
     <span class='ocr_line' id='line_1_177' title="bbox 1309 1431 1875 1460; baseline -0.004 -5"><span class='ocrx_word' id='word_1_1164' title='bbox 1309 1432 1525 1460; x_wconf 79' lang='lat' dir='ltr'>nmnicabitttatem,</span> <span class='ocrx_word' id='word_1_1165' title='bbox 1543 1432 1692 1460; x_wconf 84' lang='lat' dir='ltr'>pronitatem,</span> <span class='ocrx_word' id='word_1_1166' title='bbox 1709 1431 1875 1459; x_wconf 81' lang='lat' dir='ltr'>infatigabilita-</span> 
     </span>
     <span class='ocr_line' id='line_1_178' title="bbox 1308 1471 1874 1498; baseline -0.004 -4"><span class='ocrx_word' id='word_1_1167' title='bbox 1308 1475 1354 1494; x_wconf 88' lang='lat' dir='ltr'>tem</span> <span class='ocrx_word' id='word_1_1168' title='bbox 1373 1472 1416 1494; x_wconf 86' lang='grc'>446</span> <span class='ocrx_word' id='word_1_1169' title='bbox 1435 1472 1464 1494; x_wconf 83' lang='grc'>32</span> <span class='ocrx_word' id='word_1_1170' title='bbox 1476 1484 1506 1488; x_wconf 93' lang='grc'>-</span> <span class='ocrx_word' id='word_1_1171' title='bbox 1519 1472 1617 1494; x_wconf 82' lang='lat' dir='ltr'>fraterna</span> <span class='ocrx_word' id='word_1_1172' title='bbox 1630 1471 1738 1493; x_wconf 84' lang='lat' dir='ltr'>informat</span> <span class='ocrx_word' id='word_1_1173' title='bbox 1755 1471 1784 1493; x_wconf 91' lang='lat' dir='ltr'>ad</span> <span class='ocrx_word' id='word_1_1174' title='bbox 1802 1471 1874 1498; x_wconf 88' lang='lat' dir='ltr'>pieta-</span> 
     </span>
    </p>
   </div>
   <div class='ocr_carea' id='block_1_9' title="bbox 1309 1510 1874 1612">
    <p class='ocr_par' dir='ltr' id='par_1_31' title="bbox 1309 1510 1874 1612">
     <span class='ocr_line' id='line_1_179' title="bbox 1310 1510 1874 1538; baseline -0.004 -5"><span class='ocrx_word' id='word_1_1175' title='bbox 1310 1514 1355 1533; x_wconf 91' lang='lat' dir='ltr'>tem</span> <span class='ocrx_word' id='word_1_1176' title='bbox 1377 1511 1417 1533; x_wconf 86' lang='lat'>136</span> <span class='ocrx_word' id='word_1_1177' title='bbox 1445 1511 1452 1533; x_wconf 94' lang='grc'>1</span> <span class='ocrx_word' id='word_1_1178' title='bbox 1473 1523 1505 1527; x_wconf 94' lang='grc'><strong>-</strong></span> <span class='ocrx_word' id='word_1_1179' title='bbox 1525 1511 1611 1533; x_wconf 79' lang='lat' dir='ltr'>Nomen</span> <span class='ocrx_word' id='word_1_1180' title='bbox 1637 1510 1763 1533; x_wconf 85' lang='lat' dir='ltr'>dilectionis</span> <span class='ocrx_word' id='word_1_1181' title='bbox 1788 1510 1874 1538; x_wconf 87' lang='lat' dir='ltr'>optime</span> 
     </span>
     <span class='ocr_line' id='line_1_180' title="bbox 1309 1549 1785 1578; baseline -0.002 -6"><span class='ocrx_word' id='word_1_1182' title='bbox 1309 1553 1375 1572; x_wconf 88' lang='lat' dir='ltr'>sonat</span> <span class='ocrx_word' id='word_1_1183' title='bbox 1392 1551 1414 1572; x_wconf 90' lang='lat' dir='ltr'>iu</span> <span class='ocrx_word' id='word_1_1184' title='bbox 1431 1549 1528 1578; x_wconf 88' lang='lat' dir='ltr'>eloquiis</span> <span class='ocrx_word' id='word_1_1185' title='bbox 1545 1549 1691 1572; x_wconf 89' lang='lat' dir='ltr'>hierarchicis</span> <span class='ocrx_word' id='word_1_1186' title='bbox 1708 1549 1753 1571; x_wconf 89' lang='grc'>392</span> <span class='ocrx_word' id='word_1_1187' title='bbox 1772 1550 1785 1571; x_wconf 87' lang='grc'>2</span> 
     </span>
     <span class='ocr_line' id='line_1_181' title="bbox 1358 1588 1874 1612; baseline -0.004 0"><span class='ocrx_word' id='word_1_1188' title='bbox 1358 1590 1482 1612; x_wconf 73' lang='lat' dir='ltr'>DtLtGENTtA</span> <span class='ocrx_word' id='word_1_1189' title='bbox 1499 1601 1530 1605; x_wconf 97' lang='lat'><strong>—</strong></span> <span class='ocrx_word' id='word_1_1190' title='bbox 1554 1589 1680 1611; x_wconf 84' lang='lat' dir='ltr'>necessaria</span> <span class='ocrx_word' id='word_1_1191' title='bbox 1706 1591 1740 1610; x_wconf 89' lang='lat' dir='ltr'>est</span> <span class='ocrx_word' id='word_1_1192' title='bbox 1765 1588 1786 1610; x_wconf 93' lang='lat' dir='ltr'>in</span> <span class='ocrx_word' id='word_1_1193' title='bbox 1804 1588 1874 1610; x_wconf 87' lang='lat' dir='ltr'>corde</span> 
     </span>
    </p>
   </div>
   <div class='ocr_carea' id='block_1_10' title="bbox 1309 1627 1879 2399">
    <p class='ocr_par' dir='ltr' id='par_1_32' title="bbox 1309 1627 1875 1696">
     <span class='ocr_line' id='line_1_182' title="bbox 1309 1627 1875 1656; baseline -0.005 -5"><span class='ocrx_word' id='word_1_1194' title='bbox 1309 1629 1475 1656; x_wconf 89' lang='lat' dir='ltr'>custodiendo,</span> <span class='ocrx_word' id='word_1_1195' title='bbox 1496 1632 1601 1656; x_wconf 88' lang='lat' dir='ltr'>tempore</span> <span class='ocrx_word' id='word_1_1196' title='bbox 1617 1627 1770 1656; x_wconf 78' lang='lat' dir='ltr'>expendendo</span> <span class='ocrx_word' id='word_1_1197' title='bbox 1787 1630 1809 1649; x_wconf 90' lang='lat' dir='ltr'>et</span> <span class='ocrx_word' id='word_1_1198' title='bbox 1831 1627 1875 1649; x_wconf 86' lang='lat' dir='ltr'>tine</span> 
     </span>
     <span class='ocr_line' id='line_1_183' title="bbox 1310 1667 1522 1696; baseline 0 -6"><span class='ocrx_word' id='word_1_1199' title='bbox 1310 1668 1460 1696; x_wconf 79' lang='lat' dir='ltr'>praefigendo</span> <span class='ocrx_word' id='word_1_1200' title='bbox 1479 1668 1491 1690; x_wconf 93' lang='grc'>4</span> <span class='ocrx_word' id='word_1_1201' title='bbox 1510 1667 1522 1689; x_wconf 93' lang='grc'>4</span> 
     </span>
    </p>

    <p class='ocr_par' dir='ltr' id='par_1_33' title="bbox 1311 1705 1876 1774">
     <span class='ocr_line' id='line_1_184' title="bbox 1358 1705 1876 1734; baseline -0.006 -5"><span class='ocrx_word' id='word_1_1202' title='bbox 1358 1707 1473 1729; x_wconf 68' lang='lat' dir='ltr'>Dionxstns</span> <span class='ocrx_word' id='word_1_1203' title='bbox 1484 1720 1514 1722; x_wconf 97' lang='lat'><strong>—</strong></span> <span class='ocrx_word' id='word_1_1204' title='bbox 1524 1707 1589 1734; x_wconf 88' lang='lat' dir='ltr'>ponit</span> <span class='ocrx_word' id='word_1_1205' title='bbox 1600 1705 1816 1734; x_wconf 87' lang='lat' dir='ltr'>contemplationem</span> <span class='ocrx_word' id='word_1_1206' title='bbox 1829 1705 1876 1727; x_wconf 92' lang='lat' dir='ltr'>Tri-</span> 
     </span>
     <span class='ocr_line' id='line_1_185' title="bbox 1311 1746 1690 1774; baseline -0.003 -6"><span class='ocrx_word' id='word_1_1207' title='bbox 1311 1747 1387 1769; x_wconf 83' lang='lat' dir='ltr'>nitatis</span> <span class='ocrx_word' id='word_1_1208' title='bbox 1403 1752 1444 1774; x_wconf 88' lang='lat' dir='ltr'>per</span> <span class='ocrx_word' id='word_1_1209' title='bbox 1461 1746 1600 1768; x_wconf 89' lang='lat' dir='ltr'>ablationem</span> <span class='ocrx_word' id='word_1_1210' title='bbox 1622 1746 1647 1767; x_wconf 90' lang='lat'>16</span> <span class='ocrx_word' id='word_1_1211' title='bbox 1670 1746 1690 1767; x_wconf 96' lang='lat'>11</span> 
     </span>
    </p>

    <p class='ocr_par' dir='ltr' id='par_1_34' title="bbox 1359 1784 1796 1812">
     <span class='ocr_line' id='line_1_186' title="bbox 1359 1784 1796 1812; baseline -0.005 -4"><span class='ocrx_word' id='word_1_1212' title='bbox 1359 1786 1487 1808; x_wconf 71' lang='lat' dir='ltr'>Disccnnun</span> <span class='ocrx_word' id='word_1_1213' title='bbox 1504 1797 1535 1801; x_wconf 92' lang='lat'><strong>—</strong></span> <span class='ocrx_word' id='word_1_1214' title='bbox 1551 1792 1563 1807; x_wconf 92' lang='lat' dir='ltr'>a</span> <span class='ocrx_word' id='word_1_1215' title='bbox 1582 1785 1688 1812; x_wconf 86' lang='lat' dir='ltr'>perfectis</span> <span class='ocrx_word' id='word_1_1216' title='bbox 1705 1785 1749 1806; x_wconf 88' lang='grc'>303</span> <span class='ocrx_word' id='word_1_1217' title='bbox 1768 1784 1796 1806; x_wconf 88' lang='grc'>27</span> 
     </span>
    </p>

    <p class='ocr_par' dir='ltr' id='par_1_35' title="bbox 1311 1823 1879 2283">
     <span class='ocr_line' id='line_1_187' title="bbox 1360 1823 1875 1851; baseline -0.006 -4"><span class='ocrx_word' id='word_1_1218' title='bbox 1360 1826 1478 1847; x_wconf 65' lang='lat' dir='ltr'>Disctrtth</span> <span class='ocrx_word' id='word_1_1219' title='bbox 1488 1837 1518 1841; x_wconf 97' lang='lat'>—</span> <span class='ocrx_word' id='word_1_1220' title='bbox 1527 1824 1632 1851; x_wconf 81' lang='lat' dir='ltr'>exterior,</span> <span class='ocrx_word' id='word_1_1221' title='bbox 1644 1830 1684 1846; x_wconf 90' lang='lat' dir='ltr'>cur</span> <span class='ocrx_word' id='word_1_1222' title='bbox 1696 1823 1724 1846; x_wconf 89' lang='lat' dir='ltr'>sit</span> <span class='ocrx_word' id='word_1_1223' title='bbox 1735 1826 1818 1845; x_wconf 86' lang='lat' dir='ltr'>statuta</span> <span class='ocrx_word' id='word_1_1224' title='bbox 1834 1823 1875 1845; x_wconf 85' lang='lat'>135</span> 
     </span>
     <span class='ocr_line' id='line_1_188' title="bbox 1313 1862 1871 1893; baseline -0.005 -7"><span class='ocrx_word' id='word_1_1225' title='bbox 1313 1865 1337 1886; x_wconf 92' lang='grc'>11</span> <span class='ocrx_word' id='word_1_1226' title='bbox 1353 1876 1385 1880; x_wconf 89' lang='lat'>-—</span> <span class='ocrx_word' id='word_1_1227' title='bbox 1396 1864 1515 1893; x_wconf 89' lang='lat' dir='ltr'>quomodo</span> <span class='ocrx_word' id='word_1_1228' title='bbox 1527 1863 1640 1886; x_wconf 85' lang='lat' dir='ltr'>servanda</span> <span class='ocrx_word' id='word_1_1229' title='bbox 1653 1863 1682 1885; x_wconf 83' lang='lat' dir='ltr'>sit</span> <span class='ocrx_word' id='word_1_1230' title='bbox 1698 1863 1739 1884; x_wconf 86' lang='grc'>130</span> <span class='ocrx_word' id='word_1_1231' title='bbox 1749 1863 1772 1885; x_wconf 78' lang='grc'>8,</span> <span class='ocrx_word' id='word_1_1232' title='bbox 1792 1862 1834 1884; x_wconf 83' lang='grc'>135</span> <span class='ocrx_word' id='word_1_1233' title='bbox 1850 1862 1871 1883; x_wconf 91' lang='grc'>11</span> 
     </span>
     <span class='ocr_line' id='line_1_189' title="bbox 1311 1902 1877 1930; baseline -0.005 -4"><span class='ocrx_word' id='word_1_1234' title='bbox 1311 1916 1343 1920; x_wconf 94' lang='grc'><strong>-</strong></span> <span class='ocrx_word' id='word_1_1235' title='bbox 1360 1905 1382 1926; x_wconf 83' lang='grc'>111</span> <span class='ocrx_word' id='word_1_1236' title='bbox 1395 1903 1541 1926; x_wconf 74' lang='lat' dir='ltr'>observantia</span> <span class='ocrx_word' id='word_1_1237' title='bbox 1554 1902 1688 1930; x_wconf 82' lang='lat' dir='ltr'>disciplinae</span> <span class='ocrx_word' id='word_1_1238' title='bbox 1705 1902 1808 1930; x_wconf 83' lang='lat' dir='ltr'>quinque</span> <span class='ocrx_word' id='word_1_1239' title='bbox 1824 1903 1877 1923; x_wconf 91' lang='lat' dir='ltr'>sunt</span> 
     </span>
     <span class='ocr_line' id='line_1_190' title="bbox 1312 1940 1876 1969; baseline -0.005 -4"><span class='ocrx_word' id='word_1_1240' title='bbox 1312 1943 1416 1966; x_wconf 74' lang='lat' dir='ltr'>cavenda</span> <span class='ocrx_word' id='word_1_1241' title='bbox 1438 1943 1479 1965; x_wconf 85' lang='lat'>135</span> <span class='ocrx_word' id='word_1_1242' title='bbox 1501 1943 1526 1964; x_wconf 88' lang='grc'>12</span> <span class='ocrx_word' id='word_1_1243' title='bbox 1543 1954 1574 1958; x_wconf 88' lang='grc'>-</span> <span class='ocrx_word' id='word_1_1244' title='bbox 1592 1942 1626 1964; x_wconf 77' lang='grc' dir='ltr'>Λᾶ</span> <span class='ocrx_word' id='word_1_1245' title='bbox 1644 1941 1778 1969; x_wconf 87' lang='lat' dir='ltr'>disciplinae</span> <span class='ocrx_word' id='word_1_1246' title='bbox 1800 1940 1876 1963; x_wconf 89' lang='lat' dir='ltr'>obser-</span> 
     </span>
     <span class='ocr_line' id='line_1_191' title="bbox 1313 1979 1876 2010; baseline -0.005 -6"><span class='ocrx_word' id='word_1_1247' title='bbox 1313 1983 1414 2005; x_wconf 90' lang='lat' dir='ltr'>vantiam</span> <span class='ocrx_word' id='word_1_1248' title='bbox 1431 1981 1538 2005; x_wconf 68' lang='lat' dir='ltr'>convenit</span> <span class='ocrx_word' id='word_1_1249' title='bbox 1554 1982 1657 2010; x_wconf 86' lang='lat' dir='ltr'>quinque</span> <span class='ocrx_word' id='word_1_1250' title='bbox 1668 1980 1814 2003; x_wconf 86' lang='lat' dir='ltr'>considerare</span> <span class='ocrx_word' id='word_1_1251' title='bbox 1832 1979 1876 2001; x_wconf 86' lang='lat'>497</span> 
     </span>
     <span class='ocr_line' id='line_1_192' title="bbox 1313 2018 1875 2048; baseline -0.009 -3"><span class='ocrx_word' id='word_1_1252' title='bbox 1313 2028 1326 2044; x_wconf 86' lang='lat' dir='ltr'>a</span> <span class='ocrx_word' id='word_1_1253' title='bbox 1342 2034 1373 2038; x_wconf 88' lang='lat'><strong>—</strong></span> <span class='ocrx_word' id='word_1_1254' title='bbox 1391 2021 1494 2044; x_wconf 76' lang='lat' dir='ltr'>Efficacia</span> <span class='ocrx_word' id='word_1_1255' title='bbox 1512 2020 1646 2048; x_wconf 87' lang='lat' dir='ltr'>disciplinae</span> <span class='ocrx_word' id='word_1_1256' title='bbox 1662 2019 1783 2047; x_wconf 78' lang='lat' dir='ltr'>religiosae</span> <span class='ocrx_word' id='word_1_1257' title='bbox 1804 2018 1845 2040; x_wconf 89' lang='lat'>134</span> <span class='ocrx_word' id='word_1_1258' title='bbox 1862 2018 1875 2040; x_wconf 87' lang='grc'>7</span> 
     </span>
     <span class='ocr_line' id='line_1_193' title="bbox 1313 2059 1878 2087; baseline -0.009 -3"><span class='ocrx_word' id='word_1_1259' title='bbox 1313 2073 1344 2077; x_wconf 95' lang='grc'><strong>-</strong></span> <span class='ocrx_word' id='word_1_1260' title='bbox 1361 2061 1410 2083; x_wconf 85' lang='lat' dir='ltr'>eius</span> <span class='ocrx_word' id='word_1_1261' title='bbox 1427 2060 1526 2083; x_wconf 89' lang='lat' dir='ltr'>desertio</span> <span class='ocrx_word' id='word_1_1262' title='bbox 1543 2063 1575 2082; x_wconf 88' lang='lat' dir='ltr'>cst</span> <span class='ocrx_word' id='word_1_1263' title='bbox 1588 2060 1680 2087; x_wconf 82' lang='lat' dir='ltr'>signum</span> <span class='ocrx_word' id='word_1_1264' title='bbox 1699 2059 1816 2086; x_wconf 86' lang='lat' dir='ltr'>neglectae</span> <span class='ocrx_word' id='word_1_1265' title='bbox 1827 2064 1878 2080; x_wconf 86' lang='lat' dir='ltr'>con-</span> 
     </span>
     <span class='ocr_line' id='line_1_194' title="bbox 1313 2097 1878 2123; baseline -0.009 0"><span class='ocrx_word' id='word_1_1266' title='bbox 1313 2100 1421 2123; x_wconf 87' lang='lat' dir='ltr'>scientiae</span> <span class='ocrx_word' id='word_1_1267' title='bbox 1438 2103 1460 2122; x_wconf 89' lang='lat' dir='ltr'>et</span> <span class='ocrx_word' id='word_1_1268' title='bbox 1483 2099 1581 2122; x_wconf 87' lang='lat' dir='ltr'>levitatis</span> <span class='ocrx_word' id='word_1_1269' title='bbox 1611 2098 1652 2121; x_wconf 79' lang='grc'>135</span> <span class='ocrx_word' id='word_1_1270' title='bbox 1682 2098 1703 2120; x_wconf 92' lang='lat'>11</span> <span class='ocrx_word' id='word_1_1271' title='bbox 1724 2110 1754 2114; x_wconf 91' lang='lat'>—-</span> <span class='ocrx_word' id='word_1_1272' title='bbox 1772 2097 1820 2119; x_wconf 90' lang='lat' dir='ltr'>eius</span> <span class='ocrx_word' id='word_1_1273' title='bbox 1841 2102 1878 2118; x_wconf 90' lang='lat' dir='ltr'>ne-</span> 
     </span>
     <span class='ocr_line' id='line_1_195' title="bbox 1314 2135 1878 2168; baseline -0.009 -6"><span class='ocrx_word' id='word_1_1274' title='bbox 1314 2141 1389 2168; x_wconf 87' lang='lat' dir='ltr'>glectu</span> <span class='ocrx_word' id='word_1_1275' title='bbox 1407 2139 1539 2162; x_wconf 88' lang='lat' dir='ltr'>insolentiae</span> <span class='ocrx_word' id='word_1_1276' title='bbox 1551 2141 1657 2160; x_wconf 85' lang='lat' dir='ltr'>creseunt</span> <span class='ocrx_word' id='word_1_1277' title='bbox 1675 2136 1718 2159; x_wconf 89' lang='grc'>470</span> <span class='ocrx_word' id='word_1_1278' title='bbox 1737 2137 1750 2158; x_wconf 87' lang='lat'>3</span> <span class='ocrx_word' id='word_1_1279' title='bbox 1767 2148 1798 2153; x_wconf 85' lang='lat'>·—-</span> <span class='ocrx_word' id='word_1_1280' title='bbox 1814 2135 1878 2158; x_wconf 90' lang='lat' dir='ltr'>facile</span> 
     </span>
     <span class='ocr_line' id='line_1_196' title="bbox 1315 2174 1879 2207; baseline -0.009 -6"><span class='ocrx_word' id='word_1_1281' title='bbox 1315 2179 1438 2207; x_wconf 82' lang='lat' dir='ltr'>negligitur</span> <span class='ocrx_word' id='word_1_1282' title='bbox 1454 2182 1476 2201; x_wconf 88' lang='lat' dir='ltr'>et</span> <span class='ocrx_word' id='word_1_1283' title='bbox 1494 2177 1605 2200; x_wconf 92' lang='lat' dir='ltr'>omittitur</span> <span class='ocrx_word' id='word_1_1284' title='bbox 1629 2177 1672 2199; x_wconf 87' lang='grc'>497</span> <span class='ocrx_word' id='word_1_1285' title='bbox 1695 2182 1707 2197; x_wconf 91' lang='lat' dir='ltr'>a</span> <span class='ocrx_word' id='word_1_1286' title='bbox 1725 2188 1755 2191; x_wconf 97' lang='lat'><strong>—</strong></span> <span class='ocrx_word' id='word_1_1287' title='bbox 1772 2174 1879 2197; x_wconf 81' lang='lat' dir='ltr'>Perfectis</span> 
     </span>
     <span class='ocr_line' id='line_1_197' title="bbox 1314 2214 1879 2245; baseline -0.011 -4"><span class='ocrx_word' id='word_1_1288' title='bbox 1314 2219 1390 2241; x_wconf 91' lang='lat' dir='ltr'>omnis</span> <span class='ocrx_word' id='word_1_1289' title='bbox 1402 2219 1465 2240; x_wconf 90' lang='lat' dir='ltr'>locus</span> <span class='ocrx_word' id='word_1_1290' title='bbox 1477 2220 1545 2245; x_wconf 81' lang='lat' dir='ltr'>aptus</span> <span class='ocrx_word' id='word_1_1291' title='bbox 1562 2220 1596 2239; x_wconf 91' lang='lat' dir='ltr'>est</span> <span class='ocrx_word' id='word_1_1292' title='bbox 1612 2222 1655 2244; x_wconf 88' lang='lat' dir='ltr'>pro</span> <span class='ocrx_word' id='word_1_1293' title='bbox 1667 2215 1800 2243; x_wconf 85' lang='lat' dir='ltr'>disciplinae</span> <span class='ocrx_word' id='word_1_1294' title='bbox 1812 2214 1879 2236; x_wconf 88' lang='lat' dir='ltr'>inter-</span> 
     </span>
     <span class='ocr_line' id='line_1_198' title="bbox 1315 2252 1879 2283; baseline -0.011 -3"><span class='ocrx_word' id='word_1_1295' title='bbox 1315 2264 1357 2280; x_wconf 87' lang='lat' dir='ltr'>nae</span> <span class='ocrx_word' id='word_1_1296' title='bbox 1374 2256 1497 2283; x_wconf 83' lang='lat' dir='ltr'>exercitiis,</span> <span class='ocrx_word' id='word_1_1297' title='bbox 1514 2256 1554 2278; x_wconf 90' lang='lat' dir='ltr'>sed</span> <span class='ocrx_word' id='word_1_1298' title='bbox 1575 2261 1621 2278; x_wconf 90' lang='lat' dir='ltr'>non</span> <span class='ocrx_word' id='word_1_1299' title='bbox 1644 2253 1784 2282; x_wconf 85' lang='lat' dir='ltr'>imperfectis</span> <span class='ocrx_word' id='word_1_1300' title='bbox 1801 2252 1841 2275; x_wconf 87' lang='lat'>341</span> <span class='ocrx_word' id='word_1_1301' title='bbox 1864 2252 1879 2274; x_wconf 94' lang='lat' dir='ltr'>b</span> 
     </span>
    </p>

    <p class='ocr_par' dir='ltr' id='par_1_36' title="bbox 1315 2291 1879 2399">
     <span class='ocr_line' id='line_1_199' title="bbox 1362 2291 1878 2321; baseline -0.012 -2"><span class='ocrx_word' id='word_1_1302' title='bbox 1362 2297 1487 2319; x_wconf 76' lang='lat' dir='ltr'>Discirutus</span> <span class='ocrx_word' id='word_1_1303' title='bbox 1503 2308 1533 2311; x_wconf 97' lang='lat'><strong>—</strong></span> <span class='ocrx_word' id='word_1_1304' title='bbox 1552 2295 1662 2317; x_wconf 89' lang='lat' dir='ltr'>Dominus</span> <span class='ocrx_word' id='word_1_1305' title='bbox 1680 2292 1789 2321; x_wconf 88' lang='lat' dir='ltr'>pascebat</span> <span class='ocrx_word' id='word_1_1306' title='bbox 1811 2291 1878 2314; x_wconf 90' lang='lat' dir='ltr'>disci-</span> 
     </span>
     <span class='ocr_line' id='line_1_200' title="bbox 1315 2330 1876 2364; baseline -0.012 -6"><span class='ocrx_word' id='word_1_1307' title='bbox 1315 2336 1382 2364; x_wconf 89' lang='lat' dir='ltr'>pulos</span> <span class='ocrx_word' id='word_1_1308' title='bbox 1407 2335 1455 2357; x_wconf 88' lang='lat' dir='ltr'>sine</span> <span class='ocrx_word' id='word_1_1309' title='bbox 1477 2334 1540 2356; x_wconf 89' lang='lat' dir='ltr'>omni</span> <span class='ocrx_word' id='word_1_1310' title='bbox 1566 2332 1719 2355; x_wconf 86' lang='lat' dir='ltr'>sollicitudine</span> <span class='ocrx_word' id='word_1_1311' title='bbox 1748 2331 1789 2353; x_wconf 86' lang='lat'>114</span> <span class='ocrx_word' id='word_1_1312' title='bbox 1813 2330 1827 2352; x_wconf 94' lang='lat'>7</span> <span class='ocrx_word' id='word_1_1313' title='bbox 1845 2343 1876 2346; x_wconf 91' lang='lat'><em>-</em></span> 
     </span>
     <span class='ocr_line' id='line_1_201' title="bbox 1315 2369 1879 2399; baseline -0.009 -3"><span class='ocrx_word' id='word_1_1314' title='bbox 1315 2374 1396 2397; x_wconf 88' lang='lat' dir='ltr'>Christi</span> <span class='ocrx_word' id='word_1_1315' title='bbox 1414 2374 1436 2396; x_wconf 90' lang='lat' dir='ltr'>in</span> <span class='ocrx_word' id='word_1_1316' title='bbox 1459 2371 1644 2395; x_wconf 89' lang='lat' dir='ltr'>tribulationibus</span> <span class='ocrx_word' id='word_1_1317' title='bbox 1670 2376 1820 2399; x_wconf 82' lang='lat' dir='ltr'>perseverare</span> <span class='ocrx_word' id='word_1_1318' title='bbox 1842 2369 1879 2391; x_wconf 91' lang='lat' dir='ltr'>de-</span> 
     </span>
    </p>
   </div>
   <div class='ocr_carea' id='block_1_11' title="bbox 1315 2409 1879 2553">
    <p class='ocr_par' dir='ltr' id='par_1_37' title="bbox 1315 2409 1879 2475">
     <span class='ocr_line' id='line_1_202' title="bbox 1316 2409 1879 2439; baseline -0.009 -4"><span class='ocrx_word' id='word_1_1319' title='bbox 1316 2413 1370 2435; x_wconf 89' lang='lat' dir='ltr'>bent</span> <span class='ocrx_word' id='word_1_1320' title='bbox 1388 2413 1431 2434; x_wconf 89' lang='lat'>416</span> <span class='ocrx_word' id='word_1_1321' title='bbox 1453 2412 1478 2434; x_wconf 90' lang='grc'>12</span> <span class='ocrx_word' id='word_1_1322' title='bbox 1496 2424 1526 2427; x_wconf 86' lang='lat'>—</span> <span class='ocrx_word' id='word_1_1323' title='bbox 1547 2411 1660 2439; x_wconf 83' lang='lat' dir='ltr'>gradatim</span> <span class='ocrx_word' id='word_1_1324' title='bbox 1683 2410 1704 2432; x_wconf 94' lang='lat' dir='ltr'>in</span> <span class='ocrx_word' id='word_1_1325' title='bbox 1726 2409 1780 2431; x_wconf 88' lang='lat' dir='ltr'>artis</span> <span class='ocrx_word' id='word_1_1326' title='bbox 1802 2409 1879 2436; x_wconf 87' lang='lat' dir='ltr'>apices</span> 
     </span>
     <span class='ocr_line' id='line_1_203' title="bbox 1315 2450 1534 2475; baseline -0.014 0"><span class='ocrx_word' id='word_1_1327' title='bbox 1315 2459 1340 2475; x_wconf 85' lang='lat' dir='ltr'>se</span> <span class='ocrx_word' id='word_1_1328' title='bbox 1357 2451 1463 2474; x_wconf 80' lang='lat' dir='ltr'>extendat</span> <span class='ocrx_word' id='word_1_1329' title='bbox 1480 2450 1534 2473; x_wconf 85' lang='lat' dir='ltr'>ibid.</span> 
     </span>
    </p>

    <p class='ocr_par' dir='ltr' id='par_1_38' title="bbox 1317 2487 1879 2553">
     <span class='ocr_line' id='line_1_204' title="bbox 1363 2487 1879 2518; baseline -0.008 -5"><span class='ocrx_word' id='word_1_1330' title='bbox 1363 2491 1465 2513; x_wconf 74' lang='lat' dir='ltr'>Discneri</span> <span class='ocrx_word' id='word_1_1331' title='bbox 1495 2502 1526 2506; x_wconf 98' lang='lat'><strong>—</strong></span> <span class='ocrx_word' id='word_1_1332' title='bbox 1556 2488 1675 2518; x_wconf 85' lang='lat' dir='ltr'>quomodo</span> <span class='ocrx_word' id='word_1_1333' title='bbox 1707 2488 1808 2516; x_wconf 84' lang='lat' dir='ltr'>eligendi</span> <span class='ocrx_word' id='word_1_1334' title='bbox 1835 2487 1879 2510; x_wconf 86' lang='lat' dir='ltr'>sint</span> 
     </span>
     <span class='ocr_line' id='line_1_205' title="bbox 1317 2529 1393 2553; baseline -0.013 0"><span class='ocrx_word' id='word_1_1335' title='bbox 1317 2530 1356 2553; x_wconf 87' lang='lat'>461</span> <span class='ocrx_word' id='word_1_1336' title='bbox 1378 2529 1393 2552; x_wconf 86' lang='lat' dir='ltr'>b</span> 
     </span>
    </p>
   </div>
   <div class='ocr_carea' id='block_1_12' title="bbox 1316 2566 1880 3065">
    <p class='ocr_par' dir='ltr' id='par_1_39' title="bbox 1316 2566 1880 3023">
     <span class='ocr_line' id='line_1_206' title="bbox 1363 2566 1879 2596; baseline -0.01 -4"><span class='ocrx_word' id='word_1_1337' title='bbox 1363 2570 1479 2592; x_wconf 71' lang='lat' dir='ltr'>Discnsrio</span> <span class='ocrx_word' id='word_1_1338' title='bbox 1496 2568 1621 2596; x_wconf 84' lang='lat' dir='ltr'>—duplex</span> <span class='ocrx_word' id='word_1_1339' title='bbox 1633 2569 1667 2589; x_wconf 88' lang='lat' dir='ltr'>est</span> <span class='ocrx_word' id='word_1_1340' title='bbox 1688 2566 1729 2589; x_wconf 89' lang='grc'>142</span> <span class='ocrx_word' id='word_1_1341' title='bbox 1747 2567 1760 2588; x_wconf 89' lang='grc'>2</span> <span class='ocrx_word' id='word_1_1342' title='bbox 1771 2578 1803 2582; x_wconf 95' lang='grc'>-</span> <span class='ocrx_word' id='word_1_1343' title='bbox 1819 2572 1879 2588; x_wconf 88' lang='lat' dir='ltr'>com-</span> 
     </span>
     <span class='ocr_line' id='line_1_207' title="bbox 1316 2605 1878 2637; baseline -0.007 -6"><span class='ocrx_word' id='word_1_1344' title='bbox 1316 2612 1409 2637; x_wconf 89' lang='lat' dir='ltr'>paratur</span> <span class='ocrx_word' id='word_1_1345' title='bbox 1426 2607 1484 2630; x_wconf 89' lang='lat' dir='ltr'>clavi</span> <span class='ocrx_word' id='word_1_1346' title='bbox 1502 2607 1546 2629; x_wconf 87' lang='grc'>397</span> <span class='ocrx_word' id='word_1_1347' title='bbox 1575 2607 1592 2629; x_wconf 87' lang='grc' dir='ltr'>Ι,</span> <span class='ocrx_word' id='word_1_1348' title='bbox 1614 2606 1658 2628; x_wconf 82' lang='grc'>398</span> <span class='ocrx_word' id='word_1_1349' title='bbox 1678 2605 1690 2627; x_wconf 93' lang='grc'>4</span> <span class='ocrx_word' id='word_1_1350' title='bbox 1713 2618 1743 2622; x_wconf 93' lang='grc'><strong>-</strong></span> <span class='ocrx_word' id='word_1_1351' title='bbox 1760 2605 1878 2634; x_wconf 87' lang='lat' dir='ltr'>sequenda</span> 
     </span>
     <span class='ocr_line' id='line_1_208' title="bbox 1317 2644 1879 2675; baseline -0.007 -5"><span class='ocrx_word' id='word_1_1352' title='bbox 1317 2651 1341 2670; x_wconf 90' lang='lat' dir='ltr'>ut</span> <span class='ocrx_word' id='word_1_1353' title='bbox 1357 2648 1438 2675; x_wconf 87' lang='lat' dir='ltr'>auriga</span> <span class='ocrx_word' id='word_1_1354' title='bbox 1455 2647 1567 2669; x_wconf 86' lang='lat' dir='ltr'>virtutum</span> <span class='ocrx_word' id='word_1_1355' title='bbox 1585 2646 1629 2668; x_wconf 84' lang='lat'>518</span> <span class='ocrx_word' id='word_1_1356' title='bbox 1648 2645 1661 2667; x_wconf 80' lang='lat'>7</span> <span class='ocrx_word' id='word_1_1357' title='bbox 1679 2658 1709 2661; x_wconf 81' lang='grc'><strong>-</strong></span> <span class='ocrx_word' id='word_1_1358' title='bbox 1731 2644 1751 2666; x_wconf 88' lang='grc'>111</span> <span class='ocrx_word' id='word_1_1359' title='bbox 1769 2644 1879 2667; x_wconf 86' lang='lat' dir='ltr'>omnibus</span> 
     </span>
     <span class='ocr_line' id='line_1_209' title="bbox 1316 2683 1880 2715; baseline -0.007 -6"><span class='ocrx_word' id='word_1_1360' title='bbox 1316 2687 1416 2715; x_wconf 87' lang='lat' dir='ltr'>optanda</span> <span class='ocrx_word' id='word_1_1361' title='bbox 1434 2689 1467 2709; x_wconf 91' lang='lat' dir='ltr'>est</span> <span class='ocrx_word' id='word_1_1362' title='bbox 1485 2686 1529 2708; x_wconf 88' lang='grc'>206</span> <span class='ocrx_word' id='word_1_1363' title='bbox 1547 2686 1576 2707; x_wconf 91' lang='grc'>92</span> <span class='ocrx_word' id='word_1_1364' title='bbox 1594 2697 1624 2701; x_wconf 96' lang='grc'>-</span> <span class='ocrx_word' id='word_1_1365' title='bbox 1641 2683 1767 2707; x_wconf 83' lang='lat' dir='ltr'>necessaria</span> <span class='ocrx_word' id='word_1_1366' title='bbox 1790 2686 1825 2705; x_wconf 90' lang='lat' dir='ltr'>est</span> <span class='ocrx_word' id='word_1_1367' title='bbox 1841 2689 1880 2705; x_wconf 84' lang='lat' dir='ltr'>su-</span> 
     </span>
     <span class='ocr_line' id='line_1_210' title="bbox 1317 2722 1879 2755; baseline -0.007 -7"><span class='ocrx_word' id='word_1_1368' title='bbox 1317 2725 1447 2755; x_wconf 89' lang='lat' dir='ltr'>perioribus</span> <span class='ocrx_word' id='word_1_1369' title='bbox 1464 2725 1508 2747; x_wconf 85' lang='lat'>397</span> <span class='ocrx_word' id='word_1_1370' title='bbox 1531 2725 1547 2747; x_wconf 86' lang='lat'>1.</span> <span class='ocrx_word' id='word_1_1371' title='bbox 1566 2725 1610 2746; x_wconf 83' lang='lat'>398</span> <span class='ocrx_word' id='word_1_1372' title='bbox 1624 2723 1636 2746; x_wconf 89' lang='grc'>4</span> <span class='ocrx_word' id='word_1_1373' title='bbox 1649 2736 1679 2740; x_wconf 93' lang='grc'><strong>-</strong></span> <span class='ocrx_word' id='word_1_1374' title='bbox 1691 2723 1786 2751; x_wconf 87' lang='lat' dir='ltr'>praelati</span> <span class='ocrx_word' id='word_1_1375' title='bbox 1802 2722 1879 2744; x_wconf 90' lang='lat' dir='ltr'>omnia</span> 
     </span>
     <span class='ocr_line' id='line_1_211' title="bbox 1317 2760 1879 2794; baseline -0.011 -6"><span class='ocrx_word' id='word_1_1376' title='bbox 1317 2765 1406 2794; x_wconf 85' lang='lat' dir='ltr'>agenda</span> <span class='ocrx_word' id='word_1_1377' title='bbox 1424 2764 1522 2793; x_wconf 88' lang='lat' dir='ltr'>provide</span> <span class='ocrx_word' id='word_1_1378' title='bbox 1544 2763 1677 2792; x_wconf 87' lang='lat' dir='ltr'>prospicere</span> <span class='ocrx_word' id='word_1_1379' title='bbox 1700 2761 1768 2784; x_wconf 86' lang='lat' dir='ltr'>debet</span> <span class='ocrx_word' id='word_1_1380' title='bbox 1789 2761 1831 2783; x_wconf 82' lang='lat'>145</span> <span class='ocrx_word' id='word_1_1381' title='bbox 1851 2760 1879 2783; x_wconf 87' lang='grc'>14</span> 
     </span>
     <span class='ocr_line' id='line_1_212' title="bbox 1318 2801 1873 2827; baseline -0.011 1"><span class='ocrx_word' id='word_1_1382' title='bbox 1318 2818 1347 2821; x_wconf 92' lang='lat'><em>-</em></span> <span class='ocrx_word' id='word_1_1383' title='bbox 1364 2808 1398 2827; x_wconf 89' lang='lat' dir='ltr'>est</span> <span class='ocrx_word' id='word_1_1384' title='bbox 1415 2804 1542 2827; x_wconf 85' lang='lat' dir='ltr'>necessaria</span> <span class='ocrx_word' id='word_1_1385' title='bbox 1554 2803 1636 2826; x_wconf 75' lang='lat' dir='ltr'>ret-tori</span> <span class='ocrx_word' id='word_1_1386' title='bbox 1654 2802 1783 2824; x_wconf 89' lang='lat' dir='ltr'>animarum</span> <span class='ocrx_word' id='word_1_1387' title='bbox 1805 2801 1846 2823; x_wconf 85' lang='grc'>142</span> <span class='ocrx_word' id='word_1_1388' title='bbox 1868 2801 1873 2822; x_wconf 92' lang='grc'>1</span> 
     </span>
     <span class='ocr_line' id='line_1_213' title="bbox 1318 2841 1879 2870; baseline -0.011 -3"><span class='ocrx_word' id='word_1_1389' title='bbox 1318 2856 1347 2860; x_wconf 87' lang='grc'>-</span> <span class='ocrx_word' id='word_1_1390' title='bbox 1363 2843 1492 2866; x_wconf 87' lang='lat' dir='ltr'>necessaria</span> <span class='ocrx_word' id='word_1_1391' title='bbox 1510 2845 1544 2865; x_wconf 80' lang='lat' dir='ltr'>est</span> <span class='ocrx_word' id='word_1_1392' title='bbox 1561 2842 1661 2870; x_wconf 84' lang='lat' dir='ltr'>praelato</span> <span class='ocrx_word' id='word_1_1393' title='bbox 1679 2841 1756 2870; x_wconf 89' lang='lat' dir='ltr'>quoad</span> <span class='ocrx_word' id='word_1_1394' title='bbox 1780 2843 1879 2869; x_wconf 86' lang='lat' dir='ltr'>quatuor</span> 
     </span>
     <span class='ocr_line' id='line_1_214' title="bbox 1318 2879 1877 2911; baseline -0.009 -6"><span class='ocrx_word' id='word_1_1395' title='bbox 1318 2883 1345 2906; x_wconf 89' lang='lat' dir='ltr'>ib.</span> <span class='ocrx_word' id='word_1_1396' title='bbox 1364 2884 1378 2905; x_wconf 90' lang='grc'>2</span> <span class='ocrx_word' id='word_1_1397' title='bbox 1397 2895 1425 2899; x_wconf 81' lang='lat'>—-</span> <span class='ocrx_word' id='word_1_1398' title='bbox 1445 2882 1541 2911; x_wconf 83' lang='lat' dir='ltr'>requirit</span> <span class='ocrx_word' id='word_1_1399' title='bbox 1561 2885 1661 2910; x_wconf 85' lang='lat' dir='ltr'>quatuor</span> <span class='ocrx_word' id='word_1_1400' title='bbox 1685 2880 1759 2903; x_wconf 79' lang='lat' dir='ltr'>officia</span> <span class='ocrx_word' id='word_1_1401' title='bbox 1786 2879 1829 2901; x_wconf 87' lang='grc'>143</span> <span class='ocrx_word' id='word_1_1402' title='bbox 1856 2880 1877 2901; x_wconf 90' lang='grc'>3.</span> 
     </span>
     <span class='ocr_line' id='line_1_215' title="bbox 1317 2918 1880 2951; baseline -0.011 -6"><span class='ocrx_word' id='word_1_1403' title='bbox 1317 2929 1368 2951; x_wconf 84' lang='lat' dir='ltr'>sqq.</span> <span class='ocrx_word' id='word_1_1404' title='bbox 1385 2934 1415 2939; x_wconf 92' lang='lat'>—</span> <span class='ocrx_word' id='word_1_1405' title='bbox 1433 2921 1559 2944; x_wconf 84' lang='lat' dir='ltr'>necessaria</span> <span class='ocrx_word' id='word_1_1406' title='bbox 1578 2924 1611 2943; x_wconf 82' lang='lat' dir='ltr'>est</span> <span class='ocrx_word' id='word_1_1407' title='bbox 1629 2920 1650 2942; x_wconf 93' lang='lat' dir='ltr'>in</span> <span class='ocrx_word' id='word_1_1408' title='bbox 1672 2919 1835 2941; x_wconf 83' lang='lat' dir='ltr'>observatione</span> <span class='ocrx_word' id='word_1_1409' title='bbox 1853 2918 1880 2940; x_wconf 86' lang='lat' dir='ltr'>si-</span> 
     </span>
     <span class='ocr_line' id='line_1_216' title="bbox 1318 2958 1879 2986; baseline -0.011 -2"><span class='ocrx_word' id='word_1_1410' title='bbox 1318 2961 1377 2984; x_wconf 88' lang='lat' dir='ltr'>lcntii</span> <span class='ocrx_word' id='word_1_1411' title='bbox 1403 2961 1448 2983; x_wconf 88' lang='grc'>204</span> <span class='ocrx_word' id='word_1_1412' title='bbox 1473 2961 1502 2982; x_wconf 79' lang='grc'>87</span> <span class='ocrx_word' id='word_1_1413' title='bbox 1525 2973 1555 2976; x_wconf 93' lang='grc'>-</span> <span class='ocrx_word' id='word_1_1414' title='bbox 1578 2959 1714 2982; x_wconf 75' lang='lat' dir='ltr'>clarificatur</span> <span class='ocrx_word' id='word_1_1415' title='bbox 1739 2964 1778 2986; x_wconf 85' lang='lat' dir='ltr'>pcr</span> <span class='ocrx_word' id='word_1_1416' title='bbox 1807 2958 1879 2979; x_wconf 84' lang='lat' dir='ltr'>Deum</span> 
     </span>
     <span class='ocr_line' id='line_1_217' title="bbox 1322 3001 1405 3023; baseline -0.012 0"><span class='ocrx_word' id='word_1_1417' title='bbox 1322 3001 1362 3023; x_wconf 86' lang='lat'>147</span> <span class='ocrx_word' id='word_1_1418' title='bbox 1381 3001 1405 3023; x_wconf 88' lang='grc'>21</span> 
     </span>
    </p>

    <p class='ocr_par' dir='ltr' id='par_1_40' title="bbox 1757 3045 1785 3065">
     <span class='ocr_line' id='line_1_218' title="bbox 1757 3045 1785 3065; baseline -0.107 0"><span class='ocrx_word' id='word_1_1419' title='bbox 1757 3045 1785 3065; x_wconf 74' lang='grc'>89</span> 
     </span>
    </p>
   </div>
  </div>
 </body>
</html>
