2133 3317
343 219 539 249 OPUSCULUM
560 219 625 247 xvl.
648 218 821 247 EXPOSITIO
843 219 945 248 SUPER
967 219 1120 248 REGULAM
1141 220 1293 248 FRATRUM
1314 219 1475 248 MINORUM.
1497 219 1566 248 CAP.
1585 219 1626 247 IV.

115 297 221 334 fastigio
241 297 396 334 dignitatis,
417 296 459 325 fac
480 296 554 333 quod
575 296 702 325 fecerunt
719 296 847 332 Apostoli.
870 296 959 325 Vende

115 344 230 377 omnia,
251 352 326 381 quae
346 342 449 377 babes,
470 346 495 371 et
515 343 555 371 (ta
574 342 757 380 pauperibus
787 346 813 371 et
841 352 958 381 sequere

115 391 281 419 Salvatorem
303 393 330 418 et
351 389 452 418 nudam
474 389 615 426 solamque
637 397 747 418 crucem
764 389 867 418 virtute
885 390 959 418 nuda

115 436 240 474 sequaris
255 448 280 464 ».

197 483 239 510 l5.
261 481 299 510 Ad
320 485 451 519 quartum
473 482 635 516 dicendum,
657 482 731 519 quod
746 482 797 511 ista
810 482 959 519 apostolica

115 575 301 608 observanda,
322 578 354 603 ut
374 575 483 603 nullum
504 575 659 612 depositum
675 575 807 612 pecuniae
822 575 958 604 habeatur

113 620 148 649 ab
163 620 205 649 his
220 621 266 658 qui
284 621 368 650 huius
383 621 559 658 perfectionis
573 622 698 658 regulam
715 622 866 650 imitantur.
883 622 958 650 Unde

113 667 325 704 chrysostomus
346 675 431 704 super
459 668 641 702 Matthaeum,
676 668 788 696 homilia
819 669 958 705 trigesima

113 714 270 748 secunda¹,
293 715 319 743 in
342 714 396 743 fine
417 715 598 751 expositionis
619 715 745 743 litteralis
765 715 799 744 de
820 723 873 744 non
896 723 958 752 pos-

112 761 224 789 sidendo
245 764 293 789 aut
314 762 449 798 portando
470 769 570 790 aurum
587 762 629 790 vel
644 764 790 798 argentum
805 762 885 790 dicit:
906 762 956 790 «Si

112 807 139 835 in
169 807 258 836 aliena
286 808 375 844 patria
395 808 546 836 existentes
577 811 604 836 et
624 808 657 836 ad
689 808 796 844 ignotos
825 809 958 837 abeuntes

2 875 10 904 5
111 854 181 883 nihil
201 855 321 891 amplius
342 857 450 892 oportet
471 858 565 891 petere
586 855 746 892 quotidiano
767 855 844 889 cib03
870 856 958 884 multo

111 901 198 938 magis
218 901 292 929 domi
314 905 455 930 manentes
470 914 496 929 n.
520 902 601 935 Item,
624 902 754 938 vigesimo
769 902 890 930 secundo
906 903 958 930 Lu-

111 948 181 977 cae2
202 956 287 985 super
307 948 391 976 illud:
413 948 499 977 Nunc
519 949 572 986 qui
591 947 675 977 habet
701 948 870 983 saccutum,
892 949 958 977 dicit

111 994 219 1023 Glossa:
245 1006 259 1019 α
274 995 301 1023 111
318 995 369 1023 hoc
384 995 463 1023 nobis
481 995 563 1023 datur
588 995 764 1032 exemplum,
780 998 811 1023 ut
830 1003 957 1023 nonnun-

111 1049 203 1078 quam,
225 1049 308 1070 causa
328 1042 462 1076 instante,
485 1042 619 1078 quaedam
641 1042 674 1070 de
706 1042 791 1070 nostri
824 1042 956 1078 propositi

111 1088 203 1124 rigore
224 1088 283 1116 sine
297 1088 379 1124 culpa
394 1088 532 1124 possimus
546 1088 745 1122 intermittere;
760 1088 837 1117 verbi
852 1089 956 1125 gratia,

111 1134 133 1163 si
155 1142 204 1171 per
226 1134 405 1171 inhospitales
426 1135 552 1172 regiones
575 1135 627 1164 iter
648 1135 771 1172 agimus,
794 1135 875 1172 plura
900 1135 957 1164 via-

111 1181 156 1210 tici
178 1189 261 1210 causa
282 1181 345 1210 licet
366 1185 493 1218 portare,
514 1189 598 1218 quam
619 1181 691 1210 dorni
715 1182 866 1210 habeamus
881 1194 907 1210 ι».
926 1182 956 1211 Et

111 1235 243 1264 expresse
263 1227 344 1256 etiam
367 1228 394 1256 in
417 1227 583 1264 Evangelio⁸
609 1231 704 1265 aperte
732 1228 861 1264 prohibet
888 1229 956 1265 Apo-

109 1274 186 1303 stolis
217 1274 357 1311 possidere
388 1274 532 1311 pecuniam
564 1278 591 1303 et
622 1277 750 1311 portare,
772 1277 803 1303 ut
825 1277 899 1311 patet
920 1283 956 1304 ex

109 1321 274 1358 Hieronymo
294 1329 379 1358 super
400 1322 567 1350 Matthaeum
590 1321 691 1350 ibidem
710 1324 737 1350 et
752 1321 869 1350 Rabano.
886 1322 955 1350 Haec

2 1386 4 1404 s
109 1368 162 1397 fuit
189 1368 274 1405 igitur
304 1371 454 1405 paupertas
481 1368 630 1405 apostolica
660 1371 724 1397 ante
751 1368 906 1405 passionem
929 1372 957 1397 et

109 1418 172 1452 post
192 1415 347 1452 passionem
368 1415 401 1444 ad
431 1418 556 1452 tempus,
588 1418 680 1444 tamen
712 1415 802 1444 medio
833 1419 956 1452 tempore

110 1462 256 1499 paululum
287 1462 489 1499 dispensatione
518 1462 625 1490 Domini
654 1462 819 1499 interrupta.
841 1463 895 1491 Nec
917 1466 956 1491 ta—

109 1517 174 1538 men
194 1517 305 1543 omnes,
326 1512 358 1538 ut
377 1509 481 1538 dictum
513 1512 555 1538 est
565 1510 586 1543 4,
608 1509 642 1537 ad
673 1509 725 1537 hoc
756 1512 895 1538 tenentur.
924 1510 956 1538 Et

109 1555 171 1585 ideo
191 1556 308 1584 verbum
329 1555 473 1592 Augustini
495 1555 633 1592 loquentis
653 1555 687 1584 de
712 1556 853 1584 communi
882 1558 955 1585 statu

109 1603 254 1632 hominum
276 1603 504 1639 praecedentibus
525 1611 579 1631 non
602 1606 747 1639 repugnat.

190 1650 234 1678 16.
256 1649 308 1678 Sed
329 1649 411 1678 istum
435 1649 553 1686 Regulae
573 1649 723 1678 articulum
745 1649 855 1678 Fratres
875 1657 954 1686 prae-

0 1687 92 1743 iobieetio·
109 1696 227 1725 varicari
248 1696 388 1730 videntur,
409 1696 476 1724 dum
492 1696 631 1733 recipiunt
645 1699 676 1724 ut
690 1696 736 1724 alii
751 1704 888 1733 pauperes
903 1696 954 1725 sibi

109 1743 240 1780 pecunias
260 1746 394 1780 erogatas.
417 1743 443 1771 Si
464 1743 537 1771 enim
559 1743 604 1772 ille
625 1743 704 1777 facit,
727 1743 807 1772 cuius
834 1743 955 1772 auctori-

109 1792 164 1819 tate
184 1790 230 1824 fit;
252 1790 376 1827 ipsorum
397 1793 490 1818 autem
511 1790 675 1819 auctoritate
696 1798 747 1826 pro
762 1790 842 1818 libitu
857 1798 954 1818 eorum

109 1836 167 1865 suis
187 1836 369 1865 familiaribus
390 1836 507 1873 pecunia
521 1836 626 1873 pluries
640 1836 850 1865 commendatur
864 1839 892 1865 et
905 1836 954 1865 ali-

108 1883 217 1921 quoties
237 1886 319 1912 extra
340 1883 487 1912 dantium⁵
509 1885 687 1920 potestatem:
709 1891 776 1920 ergo
797 1883 848 1920 ipsi
871 1891 954 1920 pecu-

108 1930 181 1959 niam
203 1930 358 1967 recipiunt,
379 1932 411 1958 ut
433 1929 550 1959 videtur.

186 1977 224 2006 Ad
245 1977 298 2006 hoc
319 1980 394 2014 patet
415 1977 573 2014 responsio,
595 1977 725 2014 quoniam
747 1977 819 2005 (tare
840 1980 867 2006 et
881 1977 955 2006 reci-

0 2034 1 2040 *
17 2027 91 2048 solutio·
106 2032 174 2062 pere
187 2027 368 2061 opponuntur
383 2023 497 2053 relative
508 2024 527 2052 ⁶.
544 2024 630 2061 Igitur
644 2023 678 2052 de
692 2024 868 2058 necessitate,
883 2024 955 2052 sicut

108 2071 182 2100 dare
201 2078 230 2100 se
251 2070 334 2099 habet
354 2070 389 2099 ad
410 2070 615 2099 translationem
638 2070 751 2099 dominii
772 2074 800 2100 et
823 2071 954 2108 privatio-

108 2125 171 2147 nem
192 2117 297 2152 dantis,
318 2117 356 2146 ita
376 2117 503 2154 recipere
523 2125 552 2146 se
573 2117 656 2146 habet
677 2117 711 2146 ad
731 2117 845 2146 dominii
859 2118 954 2155 acqui-

109 2165 250 2199 sitionem;
265 2164 313 2193 sed
327 2164 422 2193 nullus
436 2165 488 2193 dat
501 2164 621 2201 aliquid,
636 2164 688 2193 nisi
703 2164 839 2199 intendat,
854 2172 883 2193 se
898 2165 951 2201 pri—

109 2211 167 2240 vari
189 2211 310 2240 dominio
330 2211 390 2240 eius
410 2211 485 2248 quod
505 2211 552 2240 dat
572 2214 600 2240 et
628 2211 718 2248 ipsum
747 2211 898 2240 transferre
926 2211 954 2239 in

110 2258 211 2287 alium:
232 2258 328 2287 nullus
348 2266 414 2295 ergo
435 2258 537 2295 recipit
558 2258 686 2295 proprie,
708 2257 862 2286 secundum
880 2257 954 2295 quod

11 537 90 594 maci
115 529 245 566 perfectio
266 532 307 557 est
327 537 382 557 non
403 529 492 558 solum
515 529 541 557 in
563 529 676 563 itinere,
698 529 746 557 sed
773 529 846 557 domi
875 529 957 558 etiam
1006 546 1015 553 -

1802 218 1858 247 417

1016 297 1137 333 receptio
1158 297 1307 334 opponitur
1328 297 1446 331 dationi,
1463 297 1513 326 nisi
1528 297 1575 334 qui
1593 296 1709 326 intendit
1720 297 1730 313 ⁷
1746 296 1796 325 sibi
1812 296 1859 325 do-

1016 343 1131 371 minium
1154 343 1191 372 rei
1214 343 1369 380 acquirere.
1391 344 1466 372 Unde
1488 351 1604 372 versus:

1110 429 1157 451 Non
1176 429 1216 452 tibi
1234 430 1272 452 dat
1288 430 1425 459 quisquam,
1443 430 1485 453 nisi
1502 436 1549 459 quo
1566 430 1616 452 vult
1632 429 1784 458 expropriari.

1111 468 1156 490 Nec
1173 471 1196 490 tu
1214 468 1270 497 quid
1289 469 1384 497 recipis,
1402 469 1419 491 si
1437 469 1495 491 nolis
1512 469 1533 491 ei
1549 469 1671 491 dominari.

1110 506 1213 535 Namque
1230 509 1330 534 recepta,
1347 507 1399 529 data
1417 507 1460 529 sibi
1478 510 1531 530 sunt
1547 508 1643 530 adversa
1658 508 1735 530 relata.

1110 545 1171 567 Dans
1188 551 1227 567 sua
1246 546 1357 573 privatur,
1374 546 1454 574 recipit
1471 546 1510 575 qui
1528 549 1579 574 post
1597 546 1736 568 dominatur.

1015 622 1214 659 Argumentum
1245 626 1338 652 autem
1371 624 1473 652 sactum
1505 632 1540 653 ex
1571 624 1645 661 falsi
1664 625 1862 662 suppositione
1874 630 2007 657 Falsasurpo-

1015 669 1154 705 procedit,
1176 670 1241 706 quia
1261 678 1315 698 non
1337 671 1480 704 Fratrum,
1502 671 1550 699 sed
1571 671 1739 700 mittentium
1767 675 1861 701 aucto·
1913 656 1964 672 ‘mm'

1016 715 1096 744 ritate
1117 716 1235 752 pecunia
1255 716 1418 745 custoditur.
1442 717 1516 746 Unde
1537 717 1689 746 dominium
1710 718 1783 755 apud
1799 719 1861 747 mit-

1016 764 1104 790 tentes
1124 770 1233 799 semper
1254 767 1394 798 remanet,
1414 763 1500 792 donec
1522 764 1556 792 sit
1578 772 1628 801 pro
1656 765 1784 793 Fratrum
1811 773 1858 794 ne-

1015 809 1189 838 cessitatibus
1220 813 1403 844 commutata;
1435 810 1509 847 quod
1538 811 1682 847 probatur,
1710 812 1776 848 quia
1796 812 1861 841 dicit

1016 855 1061 883 lex
1083 855 1109 883 ff.
1131 855 1165 883 de
1195 856 1368 892 Acquirendo
1400 864 1494 885 rerum
1525 857 1684 886 dominioss:
1711 870 1723 883 a
1740 859 1805 887 Rem
1833 859 1860 887 in

1015 901 1094 929 bonis
1115 902 1217 930 nostris
1239 902 1341 931 habere
1363 903 1552 940 intelligimur,
1568 904 1676 940 quoties
1691 905 1861 941 possidentes

1015 948 1223 984 exceptionem,
1244 952 1293 977 aut
1313 950 1469 978 amittentes
1490 950 1523 978 ad
1549 951 1770 987 recuperandum
1799 960 1860 980 eam

1014 994 1149 1023 actionem
1172 995 1307 1024 habemus
1322 1008 1348 1024 n.
1371 997 1439 1025 Cum
1461 997 1546 1034 igitur
1568 998 1612 1027 ille
1626 998 1673 1035 qui
1689 998 1763 1027 misit
1778 1007 1860 1035 pecu-

1014 1041 1103 1074 niam,
1126 1041 1147 1069 si
1171 1042 1252 1076 vivit,
1274 1044 1360 1079 possit
1374 1051 1433 1072 eam
1450 1047 1576 1080 repetere
1591 1045 1662 1073 sicut
1678 1053 1772 1079 suam,
1789 1054 1860 1074 nun-

1013 1095 1096 1124 quam
1118 1096 1134 1116 a
1161 1088 1282 1117 dominio
1311 1098 1362 1118 suo
1393 1091 1506 1119 recessit
1537 1099 1587 1119 nec
1619 1092 1645 1119 in
1678 1092 1721 1120 ius
1754 1093 1861 1121 transiit

1012 1135 1143 1163 alienum.

1095 1183 1138 1210 17.
1161 1182 1241 1210 Forte
1262 1182 1352 1216 dices,
1374 1183 1447 1219 quod
1470 1184 1580 1212 mittens
1602 1185 1746 1221 pecuniam
1772 1185 1860 1214 inten-
1874 1188 2006 1231 {⁰⁸⁷²{n-*2‘2'u‘

1012 1228 1052 1257 dit
1073 1236 1102 1257 se
1123 1229 1234 1265 privare
1255 1229 1342 1266 ipsius
1355 1229 1484 1258 dominio.
1502 1247 1536 1250 ——
1552 1231 1657 1265 Fateor,
1673 1232 1746 1269 quod
1761 1240 1859 1261 verum
1885 1217 1903 1230 ’ὃ
1915 1217 1999 1232 eoum.

1013 1278 1070 1309 est,
1092 1275 1140 1304 sed
1162 1275 1242 1304 modo
1263 1276 1406 1304 Fratribus
1429 1276 1501 1305 licito
1522 1280 1549 1306 et
1564 1278 1686 1306 honesto.
1703 1278 1771 1307 Cum
1786 1279 1859 1307 euim
1876 1282 1933 1306 Resv-
1947 1282 1965 1301 ¹-

1014 1322 1136 1350 intendat
1157 1323 1266 1351 Fratres
1288 1323 1390 1351 habere
1421 1323 1495 1360 apud
1527 1324 1614 1353 Deum
1646 1325 1858 1359 intercessores,

1013 1376 1068 1397 non
1089 1368 1206 1397 intendit
1225 1377 1272 1397 eos
1292 1369 1327 1397 ob
1342 1377 1425 1398 usum
1441 1370 1573 1406 pecuniae
1588 1379 1654 1399 suae
1666 1371 1676 1387 ⁹
1691 1371 1860 1400 constituere

1013 1416 1257 1452 praevaricatores.
1280 1416 1369 1444 Manet
1389 1424 1455 1453 ergo
1476 1424 1585 1454 semper
1608 1419 1724 1454 pecunia
1739 1418 1765 1446 in
1781 1418 1860 1447 bonis

1013 1462 1088 1497 eius,
1110 1463 1196 1491 donec
1217 1463 1252 1491 sit
1273 1471 1324 1500 pro
1345 1464 1472 1492 Fratrum
1499 1464 1708 1493 necessitatibus
1735 1473 1860 1493 commu-

1013 1512 1077 1538 tata.
1100 1526 1136 1529 -
1158 1510 1297 1546 Amplius,
1319 1518 1470 1546 ponamus,
1491 1510 1566 1547 quod
1594 1511 1718 1540 intendat
1745 1520 1774 1540 se
1802 1512 1858 1549 pri-
1877 1515 1965 1539 Β111112.

1012 1564 1078 1584 vare
1099 1556 1219 1584 dominio
1240 1557 1389 1593 pecuniae,
1410 1557 1501 1585 statim
1525 1561 1555 1585 ut
1580 1561 1621 1586 est
1648 1558 1729 1586 alicui
1758 1559 1860 1587 Fratri-

1012 1602 1065 1631 bus
1080 1602 1206 1631 familiari
1221 1603 1243 1620 10
1257 1603 1463 1638 commendata;
1478 1604 1554 1639 dico,
1573 1605 1646 1641 quod
1661 1605 1752 1633 adhuc
1766 1613 1781 1633 a
1795 1606 1860 1634 Fra-

1012 1649 1103 1678 tribus
1124 1658 1179 1678 non
1201 1650 1345 1686 recipitur,
1367 1658 1430 1679 cum
1454 1659 1508 1679 non
1530 1651 1688 1686 intendant,
1716 1652 1790 1689 quod
1811 1653 1860 1681 ali-

1012 1704 1068 1733 qua
1089 1704 1139 1733 pro
1160 1697 1199 1725 eis
1220 1697 1370 1734 recipiatur
1385 1697 1503 1734 pecunia
1516 1698 1588 1727 sicut
1602 1706 1668 1732 sua,
1683 1707 1733 1727 nec
1748 1699 1859 1728 omnino

1012 1743 1198 1777 consentiant,
1219 1744 1294 1781 quod
1315 1744 1354 1772 eis
1375 1744 1511 1780 possessio
1525 1745 1703 1782 acquiratur;
1719 1746 1778 1774 sine
1793 1754 1857 1774 con-

1012 1798 1095 1819 sensu
1116 1793 1209 1819 autem
1231 1798 1285 1818 non
1306 1791 1462 1828 acquiritur
1482 1791 1629 1828 possessio;
1645 1792 1718 1821 unde
1732 1792 1798 1821 dicit
1812 1792 1859 1821 lex

1011 1836 1038 1865 ff.
1054 1836 1087 1865 de
1101 1836 1273 1874 Acquirenda
1288 1845 1383 1865 rerum
1398 1837 1566 1874 proprietate
1577 1839 1607 1872 ¹¹,
1620 1838 1693 1875 quod
1713 1838 1764 1866 «in
1779 1839 1859 1867 amit-

1012 1883 1094 1912 tenda
1115 1884 1286 1920 possessione
1307 1884 1414 1913 affectio
1435 1884 1495 1913 eius
1515 1885 1562 1921 qui
1585 1885 1721 1922 possidet,
1750 1888 1792 1914 est
1816 1885 1856 1914 in-

1012 1930 1122 1959 tuenda.
1145 1930 1239 1967 ltaque
1261 1931 1282 1959 si
1305 1931 1331 1959 in
1353 1931 1439 1959 fundo
1470 1931 1522 1965 siS‚
1554 1934 1581 1960 et
1613 1934 1704 1960 tamen
1734 1932 1859 1961 nolueris

1011 1985 1076 2006 eum
1112 1977 1266 2014 possidere,
1301 1977 1429 2014 protinus
1463 1978 1572 2007 amittes
1613 1979 1812 2015 possessionem
1829 1991 1856 2007 ».

1012 2024 1065 2053 Nec
1084 2024 1166 2052 etiam
1188 2025 1246 2053 sine
1274 2024 1416 2053 voluntate
1443 2025 1596 2053 donatoris
1617 2025 1787 2054 transfertur
1808 2025 1857 2054 do-

1011 2070 1141 2105 minium,
1162 2074 1194 2099 ut
1215 2074 1289 2107 patet
1302 2071 1329 2099 ff.
1345 2071 1379 2100 de
1393 2071 1565 2108 Acquirendo
1580 2079 1675 2100 rerum
1690 2072 1811 2100 dominio
1824 2072 1856 2100 1².

1012 2117 1087 2146 Unde
1108 2125 1171 2146 cum
1192 2117 1271 2146 dator
1286 2118 1418 2154 pecuniae
1433 2118 1555 2146 intendat
1570 2126 1630 2147 eam
1646 2118 1719 2147 (lare
1733 2122 1857 2153 tantum,

1011 2166 1043 2192 ut
1064 2164 1149 2201 possit
1170 2164 1196 2193 in
1219 2165 1346 2193 Fratrum
1368 2172 1450 2193 usum
1466 2165 1605 2199 converti;
1623 2173 1766 2202 nunquam
1782 2166 1858 2200 vult,

1011 2210 1039 2239 in
1060 2219 1107 2240 eos
1127 2211 1278 2240 dominium
1302 2211 1462 2246 transferri,
1482 2212 1528 2241 sed
1544 2214 1651 2241 tantum
1667 2220 1718 2249 pro
1733 2212 1857 2249 ipsorum

1010 2258 1221 2287 necessitatibus
1236 2259 1409 2287 commutari.
1422 2259 1496 2293 ltem,
1509 2259 1608 2288 ibidem
1618 2259 1641 2276 ¹³
1656 2259 1722 2287 dicit
1735 2259 1788 2288 alia
1802 2260 1857 2294 lex,

172 2383 179 2396 ¹
197 2384 259 2406 Alias
276 2383 313 2406 33.
330 2389 352 2405 n.
371 2383 392 2405 5.
411 2383 431 2405 in
449 2383 502 2405 fine.
519 2382 565 2405 Csr.
582 2389 652 2411 supra
670 2389 724 2411 pag.
742 2383 800 2410 275,
818 2386 870 2406 nota
889 2383 910 2405 4.

171 2421 180 2435 ²
198 2423 265 2445 Vers.
282 2423 319 2445 36.
336 2423 414 2445 Glossa
433 2425 467 2444 est
478 2421 603 2445 ordinaria
616 2421 653 2450 (ex
664 2422 744 2451 Beda).
756 2422 801 2444 Csr.
814 2428 884 2450 supra
897 2428 952 2450 pag.

110 2462 168 2489 285,
185 2465 237 2484 nota
257 2461 281 2490 4,
300 2461 340 2483 ubi
357 2461 435 2484 ultima
454 2467 508 2489 pars
525 2461 645 2489 allegatur.

172 2500 181 2513 ²³
198 2501 273 2523 Matth.
292 2501 334 2528 10,
351 2502 377 2528 9;
395 2501 462 2523 Marc.
481 2501 507 2529 ὃ,
525 2501 552 2529 8;
577 2501 631 2523 Luc.
658 2500 684 2527 9,
702 2501 724 2523 3.
749 2503 771 2522 et
800 2501 838 2527 10,
856 2500 878 2523 4.
896 2500 954 2523 Vide

113 2540 205 2563 Hieron.
229 2543 251 2562 et
276 2539 376 2566 Raban.,
393 2540 415 2562 in
433 2540 510 2562 Mattli.
528 2540 569 2567 10,
586 2540 609 2562 9.
626 2539 670 2561 Cir.
688 2545 757 2567 supra
774 2546 796 2561 n.
814 2539 837 2561 3.
857 2542 879 2562 et
900 2545 954 2567 pag.

113 2579 171 2606 275,
188 2582 242 2601 nota
259 2579 282 2601 6.
298 2591 329 2596 —
347 2580 389 2601 Pro
405 2580 486 2608 aperte
499 2578 608 2608 prohibet
624 2578 661 2601 ed.
680 2579 687 2600 1
708 2584 724 2601 ιι
740 2578 796 2608 pari
805 2577 954 2607 prohibetur,

111 2621 132 2640 et
149 2618 247 2641 subinde
265 2619 282 2640 D
299 2618 383 2640 omittit
398 2617 491 2641 ibidem.

171 2656 182 2669 ⁴
197 2658 265 2680 Num.
283 2657 320 2679 113.
337 2660 359 2679 et
376 2657 414 2679 it.
435 2670 465 2673 —
487 2656 590 2679 Verbum
616 2656 737 2684 Augustini
762 2656 859 2679 liabetur
883 2662 953 2684 supra

110 2702 133 2718 n.
147 2696 169 2719 ὅ,
185 2708 217 2713 -
233 2696 276 2718 Pro
287 2695 320 2719 ad
330 2695 374 2719 hoc
385 2696 404 2718 D
415 2695 447 2718 ad
462 2695 524 2719 hanc
535 2699 558 2718 et
569 2702 612 2723 pro
624 2695 747 2718 hominum
760 2695 811 2717 vat.
823 2694 937 2718 omnium.

173 2734 182 2747 ⁵
199 2735 229 2758 lta
246 2735 264 2757 A
276 2736 306 2763 G,
323 2735 359 2757 ed.
378 2735 386 2756 1
408 2734 499 2762 dantis,
518 2735 568 2757 vat.
585 2733 682 2757 domini.

172 2772 182 2786 Β
199 2774 230 2796 De
247 2779 292 2802 qua
309 2773 456 2801 oppositione
473 2774 514 2796 cfr.
537 2773 641 2800 Aristot.,
658 2773 688 2795 de
711 2772 916 2799 praedicamentis,
934 2778 953 2795 c.

111 2812 138 2835 de
155 2812 285 2842 Oppositis,
303 2812 343 2835 uhi
361 2813 390 2835 de
406 2812 500 2835 relative
517 2812 629 2840 oppositis
651 2812 746 2839 dicitur,
768 2811 831 2840 quod
853 2819 864 2832 ‹
876 2811 905 2834 ad
922 2811 955 2833 in-

111 2852 185 2874 vicem
203 2852 311 2874 dicuntur
320 2860 342 2874 n.

174 2889 182 2903 ⁷
200 2891 252 2913 Vat.
269 2891 328 2912 hanc
345 2890 526 2918 propositionem
544 2890 572 2912 ita
591 2889 695 2912 exhibet:
711 2889 773 2912 sicut
791 2894 848 2918 erqo
869 2888 954 2912 nullus

112 2928 152 2952 dat
167 2928 282 2958 aliquid...
300 2928 324 2951 in
340 2928 431 2956 atium,-
448 2928 482 2952 sic
498 2934 541 2951 nec
557 2927 640 2957 recipit
651 2927 748 2957 proprie
758 2926 861 2956 alz'aeffuid,
873 2932 955 2950 secun-

112 2967 168 2990 dum
185 2967 248 2997 quod
264 2967 364 2996 receptio
381 2966 509 2996 opponitur
526 2966 628 2995 dationi,
646 2966 693 2989 nisi
709 2966 771 2996 quod
787 2965 891 2989 intendit.

174 3006 183 3020 Β
200 3006 261 3029 Libr.
280 3006 335 3028 ΧΗ.
355 3006 438 3033 Digest.
456 3006 487 3028 tit.
508 3007 527 3028 l.
545 3006 579 3028 lex
596 3007 633 3028 52.

206 3053 232 3077 S.
243 3053 333 3076 Bonav.
344 3065 375 3069 —
386 3053 454 3075 Tom.
467 3053 525 3075 Vlll.

1073 2383 1083 2396 ⁹
1099 2384 1154 2407 Cod.
1169 2384 1187 2406 D
1198 2383 1275 2407 abusu
1288 2384 1326 2413 [ita
1339 2387 1361 2406 et
1373 2385 1389 2406 A
1399 2385 1417 2406 G
1429 2386 1452 2406 et
1463 2384 1500 2406 ed.
1516 2384 1537 2413 l]
1548 2384 1662 2413 pecuniae
1674 2390 1732 2407 suae
1747 2383 1856 2413 Reyulae.

1074 2422 1093 2435 ²⁰
1111 2423 1161 2445 Vat.
1178 2424 1204 2446 ut
1221 2424 1256 2446 est
1270 2422 1354 2445 alienis
1371 2422 1499 2446 Fratribus
1515 2422 1640 2452 famulari.

1074 2461 1092 2474 ¹¹
1110 2461 1171 2484 Libr.
1189 2462 1243 2484 ΧΗ.
1261 2462 1347 2489 Digest.
1363 2462 1396 2484 tit.
1413 2462 1439 2483 2:
1457 2462 1489 2483 De
1506 2461 1646 2490 acquirenda
1672 2462 1708 2483 vel
1733 2461 1856 2483 amittenda

1011 2500 1169 2528 possessione,
1186 2501 1230 2528 leg.
1248 2499 1368 2523 Possideri
1383 2501 1462 2523 autem
1477 2501 1580 2529 possunt
1596 2499 1638 2528 (3.)
1651 2499 1664 2527 S
1676 2500 1704 2522 In
1715 2498 1853 2522 amittenda.

1074 2538 1093 2551 ¹²
1110 2538 1171 2561 Libr.
1189 2539 1245 2561 XLl.
1263 2539 1347 2566 Digest.
1359 2539 1392 2561 tit.
1405 2539 1425 2561 ·l.
1439 2539 1482 2566 leg.
1497 2538 1550 2566 Qua
1561 2538 1653 2561 ratione
1666 2539 1706 2567 (9.)
1719 2539 1732 2567 253
1744 2538 1856 2567 Litterae,

1011 2578 1106 2600 dicitur:
1124 2577 1181 2600 Nihil
1197 2578 1257 2600 enim
1276 2580 1322 2600 tam
1339 2578 1478 2600 conveniens
1495 2580 1529 2600 est
1546 2578 1641 2600 naturali
1653 2577 1774 2606 aequitati,
1786 2584 1856 2606 quam

1011 2617 1152 2639 voluntatem
1170 2616 1257 2639 domini
1276 2616 1359 2639 volenti
1376 2623 1425 2638 rem
1442 2622 1508 2639 suam
1522 2616 1543 2638 in
1555 2616 1625 2638 alium
1638 2616 1767 2644 transferri,
1783 2619 1855 2639 ratam

1011 2655 1098 2678 haberi.
1116 2655 1172 2678 lbid.
1191 2656 1233 2683 leg.
1252 2656 1297 2678 Per
1314 2661 1410 2678 servum
1428 2655 1484 2684 (37.)
1504 2655 1638 2682 insinuatur,
1656 2656 1676 2677 in
1695 2658 1806 2683 potestate
1817 2655 1856 2678 do·

1011 2694 1067 2717 mini
1084 2700 1147 2721 esse,
1164 2694 1363 2723 quemadmodum
1381 2700 1449 2716 servo
1467 2694 1588 2721 pecuniam
1607 2694 1688 2721 donet;
1706 2700 1759 2716 nam
1778 2693 1795 2716 si
1813 2694 1856 2716 hoc

1011 2734 1084 2762 egerit
1101 2739 1128 2756 eo
1146 2734 1219 2756 solum
1237 2733 1328 2761 animo,
1345 2735 1370 2755 ut
1387 2733 1484 2760 pecunia
1503 2733 1525 2755 in
1542 2733 1632 2761 peculio
1657 2733 1718 2755 servi
1743 2733 1783 2759 sit,
1809 2738 1856 2754 non

1011 2773 1089 2795 animo
1106 2772 1221 2800 donandi,
1242 2780 1252 2792 α
1265 2771 1366 2794 manebit
1382 2771 1486 2794 eiusdem
1504 2772 1591 2794 domini
1604 2771 1732 2799 proprietas
1745 2780 1755 2791 n
1770 2774 1812 2794 etc.
1824 2784 1854 2787 ——

1012 2812 1108 2834 luserius
1125 2817 1166 2839 pro
1183 2817 1236 2834 eam
1253 2810 1311 2833 dare
1325 2812 1417 2834 tantum
1430 2810 1469 2839 (ita
1483 2811 1500 2832 D
1512 2811 1540 2839 G)
1554 2811 1604 2833 Vat.
1615 2816 1668 2833 erim
1679 2809 1750 2838 dare,
1763 2811 1855 2838 tamen,

1011 2853 1032 2872 el
1050 2856 1092 2878 pro
1109 2856 1235 2879 nunquam
1252 2850 1269 2871 A
1286 2855 1342 2876 non,
1360 2848 1467 2878 inquam.

1075 2888 1094 2901 ¹³
1112 2889 1155 2911 Tit.
1173 2889 1199 2911 2:
1217 2889 1249 2910 De
1266 2888 1404 2917 acquirenda
1428 2889 1464 2910 vel
1487 2888 1611 2910 amittenda
1637 2887 1794 2916 possessione,
1811 2888 1855 2915 leg.

1011 2928 1129 2951 Possessio
1145 2926 1265 2956 appellata
1282 2928 1316 2950 est
1330 2927 1371 2956 (t.)
1384 2928 1397 2954 K]
1409 2926 1577 2956 Adipiscimur.
1588 2926 1634 2949 cu.
1646 2933 1716 2955 supra
1729 2932 1782 2954 pag.
1796 2927 1840 2948 313
1849 2944 1854 2954 ,

1011 2969 1062 2988 nota
1080 2966 1101 2988 5.
1119 2966 1162 2988 Pro
1176 2965 1313 2995 possidendi
1329 2968 1401 2988 textus
1418 2965 1535 2993 originalis
1552 2964 1650 2988 tenendi.
1664 2965 1725 2987 Hanc
1743 2965 1853 2987 rationem

1012 3005 1173 3033 supplevimus
1189 3010 1215 3026 ex
1232 3005 1249 3026 A
1261 3004 1354 3027 BCFG
1372 3007 1393 3027 et
1410 3004 1447 3026 ed.
1466 3005 1487 3027 1.

1731 3050 1760 3072 53
