2133 3317
771 218 1012 248 PROLEGOMENA
1034 219 1061 247 C.
1084 219 1124 247 lli.
1777 220 1820 249 CV

139 299 218 329 Quoad
236 301 327 322 nostros
344 298 436 321 codices
453 298 528 320 nullus
545 300 589 324 est,
608 297 647 325 qui
666 300 778 319 memoret
798 297 860 319 illum
878 297 920 318 Ho-

77 347 205 375 vedenum;
217 346 264 368 duo
277 345 348 374 (intra
360 351 383 367 n.
395 344 416 366 ὃ.
434 344 491 373 seq.)
504 346 622 367 auctorem
635 343 753 366 nominant
766 343 919 371 Bernardum;

78 400 136 418 unus
153 394 183 421 (n.
196 393 251 420 234,
264 393 374 419 Alanum;
386 391 433 414 duo
446 391 478 419 (n.
495 390 528 413 15.
540 393 562 413 et
574 390 629 419 2⁶),
642 391 808 417 Pecchamuni;
820 393 919 418 quatuor

78 442 110 470 (n.
129 441 151 463 7.
175 440 212 462 ll.
237 440 270 462 19.
288 439 349 467 211),
374 439 576 466 Bonaventuram3
604 437 769 466 septemdecim
793 440 867 459 tacent
889 437 919 459 de

77 490 169 511 anctore
184 490 207 510 et
223 487 245 509 hi
264 487 309 509 tere
326 492 407 508 omnes
423 488 476 508 sunt
492 485 642 514 antiquiores.

138 535 228 556 Praeter
239 533 390 555 Hovedenum
408 538 450 555 nec
462 532 593 554 Bernardus
610 537 664 558 nec,
681 534 706 554 ut
717 531 820 559 videtur,
832 531 918 553 Alanus

77 581 261 611 probabilitatem
284 580 376 603 habent.
396 580 522 602 Remanent
544 580 614 607 igitur
635 579 776 602 Pecchamus
799 581 820 600 et
846 578 918 600 Bona-

75 631 178 652 ventura.
191 628 213 650 ln
226 627 278 649 cod.
289 633 312 649 n.
325 627 362 649 26.
378 632 464 649 nornen
476 626 597 648 Pecchami
609 632 621 648 a
634 632 703 648 manu
716 625 842 653 posteriore
853 625 916 647 addi-

76 677 124 698 tum
136 676 182 700 est,
194 674 217 696 in
234 674 304 696 attero
322 678 389 700 vero,
400 673 440 701 qui
459 672 550 694 videtur
562 678 613 694 esse
628 677 689 694 saec.
700 671 760 698 XlV,
772 674 806 694 est
817 677 829 693 a
841 671 915 699 prima

76 727 153 744 manu.
169 720 272 749 Quatuor
297 719 328 741 iili
345 719 385 748 qui
403 720 481 741 tavent
501 719 689 745 Bonaventurae,
710 721 763 741 sunt
779 724 840 740 saec.
863 718 914 740 XV.

75 767 131 790 Hinc
148 767 202 789 satis
219 768 292 794 patet,
310 766 444 788 auctoritate
455 768 585 787 nostrorum
603 765 710 787 codicum
726 764 780 786 nihil
793 764 822 787 de
839 765 882 786 hac
894 770 918 786 re

75 816 137 837 certo
153 816 257 836 constare
282 818 358 840 posse.
375 811 457 840 Quoad
482 811 572 834 criteria
597 811 626 834 de
651 811 727 834 indole
744 811 812 834 huius
837 811 918 839 hymni

75 862 149 884 sumta
165 859 292 883 sententiae
311 859 419 881 carminis
435 865 480 881 non
501 862 554 881 sunt
571 858 689 886 indignae,
700 864 760 887 quae
775 858 919 880 Bonaventu-

75 913 114 930 rae
124 906 283 933 attribuantur,
295 906 336 928 sed
347 905 416 928 stilus
428 905 555 928 secundum
568 905 679 928 iudicium
692 908 796 927 nostrum
809 905 830 927 ei
842 905 918 927 minus

76 953 191 982 congruit,
208 956 230 975 et
247 954 289 975 hac
308 953 396 975 ratione
412 953 489 980 ipsum
512 952 588 980 potius
610 952 737 974 Pecchamo
755 951 917 975 ascribendum

76 1007 125 1024 esse
141 1000 240 1023 videtur.
256 1012 287 1016 —
304 1000 436 1022 Philomena
459 1005 528 1027 saepe
545 1005 612 1022 versa
634 1002 667 1022 est
691 999 713 1021 in
731 999 822 1027 linguas
842 1005 919 1021 recen-

76 1048 155 1075 tiores,
173 1047 194 1069 in
211 1046 314 1074 linguam
332 1046 490 1068 Germanicam
508 1045 538 1068 ab
555 1046 736 1068 eminentissimo
748 1046 857 1068 cardinali
870 1046 918 1068 Die-

76 1094 201 1123 penbrock,
219 1094 323 1122 principe
340 1094 449 1121 episcopo
462 1093 646 1121 Vratistax-iensi,
659 1096 681 1115 et
692 1093 760 1115 etiam
777 1093 806 1115 ab
823 1093 918 1121 egregio

76 1143 141 1170 poeta
158 1140 271 1163 Lebrecht
288 1141 389 1163 Drewes.

137 1187 255 1210 Lectiones
272 1188 348 1209 varias
370 1187 494 1215 praecipue
516 1187 643 1210 sumsimus
660 1193 687 1209 ex
709 1187 747 1210 ed.
768 1188 788 1214 l,
807 1193 867 1216 quae
884 1193 919 1209 re-

75 1236 203 1262 praesentat
218 1233 323 1256 codicem
335 1239 380 1255 non
392 1233 549 1260 nominatum;
561 1233 701 1256 contulimus
712 1233 780 1255 etiam
799 1233 849 1255 cod.
868 1239 920 1255 mu-

75 1279 151 1307 tilum,
168 1279 212 1303 sub
228 1286 252 1302 n.
265 1280 302 1302 112.
313 1280 410 1302 relatum
423 1285 482 1302 saec.
495 1279 554 1302 XlV.
572 1280 671 1302 ineuntis
689 1279 758 1308 (sign.
776 1280 815 1308 A),
830 1280 870 1309 qui
883 1281 920 1302 ha-

76 1326 113 1350 bet
130 1329 217 1349 tantum
239 1327 264 1349 ¹2
286 1328 405 1355 strophas⁷
424 1330 446 1349 et
462 1327 532 1349 alium
549 1327 699 1349 Parisiensem
718 1327 765 1356 (B),
782 1327 848 1349 cuius
866 1333 919 1355 pau-

75 1379 113 1396 cas
129 1374 235 1402 strophas
252 1374 346 1396 contulit
363 1373 468 1396 Haureau
486 1374 534 1401 (etr.
552 1374 610 1396 intra
628 1380 681 1402 pag.
700 1374 758 1401 659,
775 1377 827 1396 nota
845 1374 886 1402 3.).

352 1465 488 1496 Elenchus
508 1466 638 1497 codicum.

140 1561 157 1583 1.
175 1560 312 1590 Ascibargyii
327 1560 542 1589 (Ascuaffenburg),
560 1559 698 1583 bibliotheca
725 1578 729 1583 .
764 1577 769 1583 .
802 1577 807 1583 .
841 1578 847 1588 ‚
864 1560 916 1583 cod.

78 1607 128 1630 153.
145 1609 217 1630 chart.
234 1607 256 1630 in
274 1607 296 1630 4.
312 1613 372 1630 saec.
389 1608 438 1630 XV.
460 1620 490 1623 —
513 1607 576 1630 Circa
598 1607 668 1629 finem
691 1607 817 1630 voluminis
839 1608 877 1630 sol.
899 1614 917 1630 1.

74 1660 120 1677 11011
137 1657 258 1677 numerato
280 1657 315 1676 est
330 1653 422 1676 rubrica
442 1660 557 1683 sequens:
580 1653 679 1683 Biqmus
702 1654 752 1683 (sic)
767 1653 868 1683 pulcher
890 1654 917 1677 de

74 1701 214 1724 Philumena
229 1701 335 1729 mistica,
353 1700 377 1724 id
400 1702 434 1724 est
455 1701 537 1723 mzima
562 1702 653 1724 sancta.
677 1700 814 1724 Philumena
836 1701 916 1730 previa

74 1748 185 1778 temporis
202 1748 281 1771 ameni
296 1751 340 1771 etc.
356 1748 442 1771 Desinit
459 1748 496 1770 tol.
508 1748 613 1777 sequenti
625 1754 647 1770 v.
663 1748 753 1770 verbis:
770 1747 810 1771 Sic
821 1747 919 1771 concede

73 1795 138 1819 mori
153 1801 209 1824 nos,
226 1795 285 1823 Χία,
303 1801 361 1824 qnos
379 1794 463 1818 lavisti.
481 1794 587 1824 Explicit
607 1794 700 1824 riymus
711 1794 811 1824 pulcher
828 1794 855 1817 de
866 1794 918 1817 Phi-

74 1841 168 1865 lomena
185 1841 291 1869 mistica,
310 1840 333 1864 id
349 1842 384 1864 est
399 1841 426 1864 de
442 1841 524 1864 anima
540 1842 631 1864 sancta.
651 1839 727 1864 1466.

138 1888 160 1910 2.
177 1887 277 1917 Βνίιῃὶε,
295 1887 431 1910 bibliotheca
444 1887 537 1910 maioris
550 1887 685 1915 seminarii,
702 1887 754 1910 cod.
766 1887 805 1909 88.
819 1885 918 1909 membr.

75 1935 97 1957 in
116 1935 137 1957 8.
155 1940 214 1957 saec.
232 1934 292 1957 XlV.
309 1946 341 1951 —
357 1935 409 1956 Post
425 1934 562 1962 opusculum
579 1934 608 1956 de
625 1934 739 1956 Brevitate
750 1934 811 1956 vitae
821 1933 865 1956 suh
877 1940 918 1956 no-

75 1981 136 2004 mine
153 1981 254 2004 Alcuini:
272 1980 389 2011 Incipiunt
406 1987 489 2004 versas
506 1981 533 2004 de
551 1980 697 2004 Philumena.
715 1981 800 2004 Desinit
822 1982 859 2003 sol.
881 1982 917 2003 32.

75 2035 102 2051 v:
119 2028 159 2052 Sic
175 2028 274 2052 concede
290 2028 363 2056 mori,
381 2029 438 2057 Xte,
451 2034 509 2058 quos
527 2028 614 2052 lavz'sti.
633 2029 758 2057 Sequitur:
784 2028 874 2051 Tabula
892 2028 919 2051 de

75 2075 212 2099 Philumena
230 2076 314 2099 contra
331 2075 433 2098 cultores
450 2074 571 2098 idolorum
588 2075 694 2099 inducta.
707 2077 766 2099 Ante
783 2075 864 2099 onznia
881 2082 917 2099 ac-

75 2121 127 2146 cede
143 2121 175 2145 ad
190 2128 242 2145 eam
260 2125 303 2145 etc.

137 2170 159 2192 3.
176 2169 310 2197 Bruoeeltis,
328 2168 465 2192 bibliotheca
483 2169 566 2197 Regia,
590 2170 642 2192 cod.
659 2170 801 2193 2496-2215.
819 2170 919 2193 membr.

75 2221 135 2239 saec.
160 2216 218 2239 XlV.
235 2228 266 2233 —
284 2216 447 2239 Praemittitur:
465 2217 553 2240 Devota
569 2216 688 2240 meditatio
701 2216 737 2240 vel
753 2216 918 2246 contemplatio

75 2263 207 2293 spiritualis
224 2263 303 2286 anime
319 2262 351 2286 ad
361 2263 515 2287 eoecitandum
534 2269 643 2287 amm-em
656 2263 698 2287 Dei
714 2263 738 2287 in
757 2270 792 2293 se,
812 2264 876 2294 facta
887 2264 920 2287 ad

75 2310 277 2340 comparationem
293 2312 380 2333 nature
396 2309 544 2339 Phylumene.
563 2310 665 2333 Desinit:
683 2311 764 2340 Nupta
785 2310 918 2340 felicis-sime

77 2357 132 2387 Reqi
147 2356 291 2380 seculorum.
309 2356 414 2386 Explicit
430 2356 548 2380 meditatio
567 2356 713 2380 Philumena.
732 2357 819 2380 Nomen
840 2360 918 2380 aucto-

76 2403 107 2426 ris
122 2403 273 2427 desideratur.

140 2451 160 2473 4.
178 2450 346 2480 Cantabriaae,
366 2450 504 2473 bibliotheca
517 2450 686 2478 Universitatis‚
702 2451 753 2473 cod,
766 2451 808 2473 Dd.
826 2452 862 2474 lV.
881 2451 919 2473 35.

77 2497 98 2519 in
115 2497 179 2520 catal.
197 2498 251 2520 2l0.
271 2497 363 2520 miscell.
385 2503 444 2520 saec.
467 2497 517 2519 XV.
536 2509 566 2514 —
583 2497 663 2525 Incipit
679 2498 727 2519 sine
751 2497 814 2520 titulo
839 2501 861 2520 et
878 2504 918 2520 no-

77 2544 137 2567 mine
154 2544 253 2567 auctoris
270 2545 308 2566 sol.
326 2544 363 2566 41.
379 2550 398 2567 r.
416 2544 502 2566 Desinit
520 2544 556 2566 tol.
575 2544 623 2566 45:
642 2544 670 2567 Ut
681 2550 724 2568 nos
737 2547 821 2567 cantus
837 2545 918 2568 marti-

77 2589 111 2614 ris
127 2590 208 2614 doceat
224 2592 329 2614 cantare.
347 2591 429 2614 Amen.

139 2637 161 2660 5.
181 2637 302 2665 Coloniae,
323 2637 460 2660 bibliotheca
483 2636 599 2666 Civitatis,
618 2637 668 2660 cod.
692 2638 704 2660 Ι.
725 2637 746 2660 t.
766 2639 837 2661 chart.
855 2639 876 2661 in
895 2639 917 2661 8.

77 2690 136 2707 saec.
154 2684 205 2707 XV.
220 2684 329 2707 exeuntis
346 2697 376 2700 —
393 2684 535 2712 Opusculum
554 2684 632 2712 incipit
645 2684 704 2707 circa
722 2685 867 2707 medietatem
880 2691 919 2708 vo-

78 2730 169 2754 luminis
191 2731 227 2753 sol.
249 2737 268 2753 r.
290 2737 336 2754 non
360 2733 481 2753 numerato
506 2737 519 2753 a
544 2731 651 2754 rubrica:
670 2730 771 2754 Carmen
792 2730 820 2754 de
841 2731 919 2754 Philo-

77 2783 146 2801 mena
166 2777 259 2801 mistica
276 2777 295 2800 b.
313 2777 438 2801 Bernardi.
456 2778 556 2800 Desinit:
579 2778 619 2801 Sic
640 2778 738 2801 concede
759 2778 834 2807 mori,
857 2779 915 2806 Xte,

78 2830 136 2854 qnos
153 2825 239 2849 lavisti.
256 2825 360 2855 Eoeplicit
376 2825 524 2849 mot-alisatio
548 2825 568 2848 h.
587 2825 706 2849 Beinardi
721 2825 748 2849 de
766 2825 914 2854 Philumena,

79 2877 150 2902 quam
166 2871 268 2896 destinat
283 2872 364 2895 sorori
379 2878 445 2895 snae.

141 2919 162 2941 6.
180 2918 339 2947 Darmstadii,
356 2918 493 2942 bibliotheca
518 2919 621 2947 Ducalis‚
643 2919 694 2942 cod.
721 2920 758 2942 80.
781 2920 872 2942 miscell.
896 2920 918 2942 in

80 2965 102 2987 8.
118 2971 178 2988 saec.
195 2965 245 2988 XV.
262 2966 372 2988 exeuntis.
384 2978 412 2982 —-
425 2966 523 2989 Carmen
541 2967 583 2989 hoc
600 2966 678 2994 incipit
692 2967 728 2989 tol.
749 2967 799 2989 181.
817 2973 850 2989 r.:
868 2966 919 2989 Phi-

171 3043 198 3067 S.
209 3043 301 3067 Bonav.
311 3056 341 3061 -
354 3044 423 3066 Tom.
433 3044 488 3066 Vlll.

977 295 1070 319 lumena
1086 296 1169 326 previa
1186 296 1297 326 temporis
1313 297 1393 320 ameni
1413 300 1456 320 etc.
1473 297 1559 320 Desinit
1575 301 1600 320 ut
1617 297 1639 319 in
1662 297 1741 321 codice
1758 304 1821 326 prae-

976 343 1066 365 cedenti
1084 350 1137 366 cum
1155 345 1197 366 hac
1222 344 1354 366 additione:
1372 343 1477 374 Eaplicit
1501 343 1653 368 moralizatio
1679 343 1739 368 beati
1762 345 1818 368 Ber-

977 389 1049 412 nardi
1067 389 1158 413 abbatis
1175 390 1203 413 cle
1219 390 1370 418 Philumena,
1388 397 1460 420 quam
1472 396 1513 414 sue
1526 390 1626 420 proprie
1643 390 1768 414 destinavit
1784 397 1821 414 so-

976 435 1040 463 rori,
1060 437 1084 458 ut
1098 437 1164 465 patet
1179 435 1286 459 intuenti.

1038 482 1060 504 7.
1078 483 1301 513 Donaueschinyen,
1315 483 1451 507 bibliotheca
1469 484 1579 512 principis
1591 484 1754 513 Fiirstenberg,
1768 485 1819 508 cod.

977 529 1014 550 3l.
1031 529 1103 551 chart.
1120 529 1141 551 in
1160 529 1181 551 4.
1205 533 1310 553 exaratus
1334 536 1394 552 anno
1418 530 1483 553 1495.
1500 543 1531 548 —
1547 532 1593 554 Fol.
1620 532 1656 554 27.
1681 538 1699 554 r.
1724 532 1820 560 legitur:

976 574 1127 603 Philumena,
1144 577 1226 605 aptata
1240 576 1350 605 passioni
1360 576 1456 600 Domini
1473 583 1518 607 per
1534 579 1622 608 septem
1634 577 1707 601 horas
1724 578 1819 601 canoni-

976 627 1029 649 cas,
1047 621 1149 645 doctoris·
1165 622 1284 652 seraphici
1299 623 1376 647 sancti
1391 625 1564 648 Bonacenture.
1578 625 1662 648 Desinit
1679 626 1715 648 tol.
1733 626 1771 648 29.
1787 632 1819 648 r.:

976 669 1057 698 Nupta
1073 669 1207 699 felicissimo
1225 671 1281 700 Regi
1296 671 1439 694 seculorum.
1456 672 1504 695 Deo
1521 672 1619 701 aralius.

1039 718 1060 738 8.
1078 716 1166 745 Duaci,
1184 717 1320 740 bibliotheca
1346 718 1461 746 Civitatis,
1482 719 1534 742 cod.
1559 719 1612 742 503.
1637 720 1730 742 miscell.
1755 720 1778 742 in
1798 720 1819 742 4.

975 769 1035 786 saec.
1053 763 1104 786 XV.
1121 764 1227 786 ineuntis.
1243 776 1274 781 —
1290 765 1336 787 Fol.
1355 765 1407 787 468.
1430 772 1467 788 v.:
1485 765 1569 796 Incipit
1580 766 1719 789 Philumena
1735 766 1821 790 theolo-

976 809 1012 839 qie
1029 809 1126 833 reducta
1144 810 1176 833 ad
1188 811 1324 840 passionem
1338 812 1439 835 Domini.
1457 813 1542 835 Desinit
1559 813 1597 836 tot.
1614 813 1663 836 170.
1681 820 1717 836 v.:
1735 814 1765 837 Ut
1775 820 1818 837 nos

975 858 1059 880 cantus
1077 857 1185 881 martiris
1202 857 1283 881 doceat
1300 859 1404 881 cantare.
1423 861 1505 882 Amen.

1038 904 1060 925 9.
1087 903 1214 932 Gottwicii,
1242 904 1380 927 bibliotheca
1410 906 1538 928 lilonasterii
1549 925 1554 934 ,
1582 906 1635 929 cod.
1667 907 1717 929 121.
1741 907 1817 936 (192.)

976 949 1074 972 membr.
1091 951 1115 972 in
1133 950 1155 973 4.
1171 957 1231 973 saec.
1248 951 1306 974 XlV.
1324 964 1355 968 —
1371 951 1470 974 Carmen
1492 952 1571 981 incipit
1590 953 1626 975 tol.
1645 954 1667 976 ·1.
1689 960 1711 975 v.
1729 954 1779 976 sine
1796 954 1820 976 ti-

975 997 1022 1019 tulo
1047 1000 1069 1019 et
1093 997 1186 1020 nomine
1210 998 1323 1021 auctoris:
1345 998 1484 1022 Philumena
1503 1000 1586 1029 previa
1604 999 1716 1029 temporis
1733 1000 1818 1024 ameni.

975 1044 1061 1066 Desinit
1079 1044 1116 1066 sol.
1133 1044 1155 1066 5.
1175 1051 1192 1067 r.
1219 1044 1308 1067 verbis:
1333 1046 1413 1075 Nupta
1437 1045 1572 1075 felicissimo
1599 1047 1652 1076 reyi
1674 1046 1818 1070 seculorum.

975 1091 1058 1114 Amen.

1043 1139 1076 1160 10.
1094 1138 1207 1166 Londini‚
1225 1138 1361 1161 bibliotheca
1380 1140 1475 1167 Musaei,
1496 1141 1597 1163 collectio
1621 1141 1690 1169 Regia
1702 1159 1707 1169 ,
1728 1141 1780 1164 cod.
1798 1142 1820 1164 8.

976 1185 1001 1207 G.
1019 1185 1056 1207 w.
1074 1185 1167 1208 miscell.
1185 1186 1206 1208 in
1223 1187 1259 1208 tol.
1277 1192 1337 1209 saec.
1358 1187 1408 1209 XV.
1427 1200 1456 1203 —
1474 1187 1526 1210 Post
1547 1188 1588 1209 alia
1612 1194 1682 1216 opera
1706 1189 1744 1211 sol.
1767 1189 1819 1212 424.

976 1238 993 1254 r.
1011 1232 1115 1260 sequitur
1132 1233 1188 1255 haec
1199 1232 1304 1255 rubrica:
1317 1232 1425 1256 Ceterum
1436 1232 1468 1256 ad
1479 1233 1633 1257 excitandum
1649 1236 1750 1258 mentem
1763 1235 1819 1265 fide-

977 1278 1005 1301 lis
1030 1278 1062 1301 ad
1086 1278 1229 1302 devotionem
1255 1279 1292 1302 hic
1313 1279 1437 1303 subiicitur
1462 1281 1578 1304 tractatus
1603 1280 1631 1304 de
1647 1283 1719 1305 cantu
1743 1281 1819 1305 Philo-

976 1331 1042 1348 mene
1062 1325 1147 1349 mortis
1168 1326 1395 1356 appropinquantis,
1410 1333 1454 1357 per
1476 1327 1548 1350 horas
1574 1327 1620 1351 diei
1641 1327 1762 1357 distincto,
1780 1328 1821 1352 ubi

976 1374 1132 1402 comparatur
1149 1372 1286 1396 Philumena
1297 1373 1387 1397 mistice
1403 1374 1482 1397 aninw
1492 1374 1575 1397 :ctione
1591 1374 1715 1398 meditanti
1729 1377 1819 1399 statum

976 1420 998 1442 et
1014 1425 1087 1448 opera
1103 1419 1238 1443 Salvatoris
1263 1420 1293 1443 ab
1317 1420 1481 1444 incarnatione
1506 1428 1580 1452 usque
1600 1421 1632 1445 ad
1654 1423 1761 1445 mortem.
1779 1422 1819 1446 Sic

976 1465 1049 1495 iyitur
1071 1466 1204 1496 alloquitur
1229 1468 1345 1491 tractator
1368 1468 1547 1492 Philumenam:
1573 1469 1711 1493 Philumena
1733 1469 1818 1499 previa

976 1513 1087 1542 temporis
1107 1513 1192 1536 ameni.
1218 1514 1302 1537 Desinit
1322 1515 1358 1537 tol.
1388 1515 1437 1538 tit.
1465 1522 1483 1538 r.
1500 1516 1591 1539 verbis:
1613 1517 1642 1540 Ut
1665 1523 1709 1540 nos
1735 1518 1819 1540 cantus

976 1559 1083 1582 martiris
1101 1559 1182 1583 doceat
1198 1562 1304 1584 cantare.

1039 1607 1076 1629 «ll.
1093 1607 1203 1635 Louanii,
1229 1607 1366 1631 bibliotheca
1393 1609 1564 1637 Universitatis‚
1590 1610 1642 1632 cod.
1668 1610 1704 1632 115.
1722 1610 1753 1637 A,
1771 1610 1815 1632 iam

975 1653 1105 1681 descriptus
1122 1660 1192 1682 supra
1210 1660 1262 1682 pag.
1286 1655 1361 1677 XXXl
1387 1662 1409 1678 n.
1436 1656 1488 1678 1100.
1506 1668 1531 1672 -
1554 1657 1602 1679 Ηο0
1624 1662 1717 1679 carmen
1739 1657 1819 1685 incipit

976 1701 1012 1722 tol.
1030 1701 1066 1723 58.
1084 1707 1102 1722 r.
1120 1701 1169 1723 sine
1187 1701 1261 1724 titulo:
1275 1701 1411 1725 Philumena
1426 1703 1511 1732 previa
1523 1703 1634 1733 temporis
1651 1703 1736 1727 ameni.
1755 1704 1818 1727 Desi-

975 1747 1008 1769 nit
1025 1748 1062 1770 tol.
1081 1748 1118 1769 6⁴2.
1136 1754 1157 1770 V.
1176 1754 1229 1770 cum
1247 1748 1376 1771 additione:
1394 1748 1457 1772 Finit
1473 1749 1516 1772 huc
1537 1749 1654 1773 dictamen
1676 1750 1820 1774 devotissimi

975 1793 1078 1817 doctoris
1096 1793 1157 1817 beati
1172 1794 1284 1817 Iohannis
1301 1795 1468 1818 Bunaventure
1485 1795 1512 1818 de
1529 1796 1675 1819 Philumena.

1043 1842 1075 1863 ¹2.
1093 1841 1242 1870 Moquntiae,
1263 1841 1400 1864 bibliotheca
1424 1842 1530 1870 Publica,
1547 1843 1598 1866 cod.
1622 1843 1675 1866 556.
1700 1850 1818 1872 progress.

975 1886 1068 1910 CCCXl.
1093 1887 1191 1910 membr.
1207 1894 1267 1911 saec.
1284 1889 1343 1911 XlV.
1362 1889 1466 1912 ineuntis.
1485 1902 1514 1905 —
1531 1889 1630 1912 Robrica
1649 1890 1718 1913 huius
1739 1892 1819 1913 carmi-

975 1934 1011 1956 nis
1027 1936 1062 1956 est
1079 1934 1116 1956 tol.
1134 1934 1170 1956 37.
1189 1941 1212 1957 v.
1231 1935 1266 1957 his
1283 1934 1371 1958 verbis:
1391 1935 1559 1965 Contemplatio
1577 1938 1673 1965 sumpta
1695 1943 1710 1959 a
1726 1938 1817 1960 natura

973 1980 1106 2011 philomene
1122 1980 1154 2004 ad
1170 1981 1371 2005 conversationem
1387 1982 1438 2005 Xti.
1452 1982 1590 2006 Philumena
1604 1983 1689 2013 previa
1706 1983 1817 2013 temporis

975 2027 1055 2051 ameni
1070 2031 1112 2050 etc.
1131 2028 1217 2051 Desinit
1229 2029 1367 2056 incompleta
1385 2030 1421 2051 sol.
1439 2030 1476 2051 38.
1489 2036 1524 2052 v.:
1545 2039 1556 2050 α
1568 2033 1646 2053 sancte
1662 2031 1712 2059 spei
1723 2040 1735 2051 ιι
1755 2031 1820 2060 (stro-

975 2076 1019 2102 pha
1040 2075 1094 2103 113.).

1042 2122 1076 2143 13.
1095 2121 1194 2150 Ooeonii,
1212 2121 1349 2145 bibliotheca
1362 2123 1496 2150 Bodleiana‚
1508 2124 1561 2146 cod.
1575 2124 1715 2147 Rawlinson.
1727 2125 1752 2147 A.
1765 2125 1818 2147 389.

976 2168 1069 2191 miscell.
1086 2169 1108 2191 in
1126 2170 1164 2191 tol.
1180 2175 1240 2192 saec.
1257 2160 1431 2192 xv.'ineuntiS.
1449 2183 1479 2187 —
1496 2171 1547 2193 Post
1564 2171 1605 2192 alia
1631 2177 1702 2199 opera
1726 2171 1763 2194 sol.
1781 2172 1818 2194 2¹.

975 2220 993 2236 r.
1011 2214 1127 2243 sequitur:
1139 2215 1172 2237 De
1184 2216 1255 2237 cantu
1268 2214 1408 2238 Philumene.
1428 2215 1535 2239 Ceterum
1548 2216 1580 2239 acl
1591 2216 1744 2240 eoecitandum
1756 2223 1818 2240 men-

975 2263 1021 2284 tem
1037 2261 1142 2291 fidelium.
1164 2261 1196 2284 ad
1217 2261 1361 2285 devotionem
1383 2262 1420 2285 hic
1440 2262 1564 2286 subiicitur
1582 2265 1698 2287 tractatus
1721 2264 1818 2288 devotis-

974 2307 1050 2331 simus
1062 2307 1089 2331 de
1105 2310 1176 2331 cantu
1188 2308 1319 2337 philomene
1336 2310 1436 2332 mortem
1447 2309 1672 2339 appropinquantis,
1683 2316 1728 2339 per
1744 2311 1817 2334 horas

975 2354 1021 2377 diei
1035 2354 1156 2383 distincto,
1173 2354 1214 2378 ubi
1230 2357 1385 2385 comparatur
1402 2355 1538 2385 philumena
1554 2356 1643 2380 mistice
1660 2357 1739 2380 anime
1755 2357 1818 2381 chri-

974 2401 1050 2425 stiane
1066 2401 1199 2425 meditantis
1218 2402 1267 2430 (sie)
1284 2403 1374 2425 statum
1392 2404 1413 2425 el
1429 2408 1501 2432 opera
1513 2402 1646 2433 salvatoris
1658 2403 1688 2426 ab
1705 2403 1818 2427 incarna-

975 2447 1037 2471 tione
1054 2454 1128 2477 usque
1144 2447 1176 2470 ad
1191 2449 1300 2471 mortem.
1317 2448 1356 2471 Sic
1373 2448 1447 2477 iqitur
1459 2448 1591 2478 alloquitur
1609 2451 1725 2473 tractator
1740 2449 1817 2479 philo-

975 2501 1086 2518 menam:
1104 2494 1241 2518 Philomena
1252 2494 1335 2524 previa
1346 2495 1458 2524 temporis
1475 2495 1555 2519 ameni
1571 2499 1613 2518 etc.
1625 2496 1711 2519 Desinit
1730 2497 1765 2519 sol.
1778 2497 1816 2519 25.

975 2549 1010 2565 V.:
1030 2543 1058 2565 Ut
1075 2548 1118 2565 nos
1135 2543 1218 2565 cantus
1235 2541 1344 2565 martiris
1361 2542 1443 2565 doceat
1459 2544 1566 2566 cantare.

1039 2589 1075 2611 14.
1093 2588 1191 2617 Ibidem,
1208 2589 1259 2612 cod.
1278 2589 1330 2611 348.
1348 2589 1447 2611 membr.
1464 2596 1523 2612 saec
1541 2590 1592 2612 XV.
1608 2602 1639 2607 -—-
1656 2591 1704 2613 Hoc
1723 2597 1817 2613 carmen

975 2636 1053 2664 incipit
1066 2636 1102 2658 tol.
1115 2635 1153 2658 51.
1167 2642 1179 2658 a
1192 2637 1212 2658 2.
1225 2642 1294 2658 versu
1306 2637 1415 2664 strophae
1431 2637 1473 2659 36:
1491 2636 1572 2666 Sitim,
1591 2637 1692 2667 samem,
1708 2637 1814 2667 sriqorsm

975 2684 1037 2705 estus
1055 2684 1077 2705 et
1092 2682 1198 2706 sudores.
1216 2683 1301 2705 Desinit
1317 2683 1482 2711 incompletum
1500 2690 1584 2706 versu:
1602 2684 1656 2712 Dic,
1679 2683 1716 2707 dic
1732 2684 1816 2708 dulcis.

975 2729 1053 2752 Cetera
1071 2729 1238 2752 desiderantur.

1041 2777 1075 2798 15.
1093 2776 1189 2804 Ibidem,
1205 2777 1257 2799 cod.
1269 2777 1380 2800 Laudian.
1397 2777 1449 2800 368.
1462 2777 1560 2800 membr.
1572 2778 1595 2800 in
1608 2778 1628 2800 4.
1641 2778 1742 2806 plurium
1760 2782 1817 2801 aeta-

976 2826 1035 2851 tum,
1048 2829 1108 2846 saec.
1122 2823 1206 2846 scilicet
1224 2824 1278 2851 xlii,
1296 2824 1355 2846 XlV.
1368 2827 1390 2846 et
1402 2824 1452 2846 XV.
1464 2837 1495 2841 —
1506 2825 1553 2847 Fol.
1567 2825 1619 2847 Ἰ168.
1636 2828 1669 2848 est
1681 2825 1730 2848 alia
1742 2825 1815 2847 Philo-

975 2876 1041 2893 mena
1060 2871 1118 2893 ioan.
1136 2871 1258 2898 Hoveden,
1275 2877 1335 2900 quae
1352 2871 1441 2899 incipit:
1460 2872 1507 2895 Ave
1523 2871 1636 2901 verhum;
1654 2872 1683 2894 (le
1699 2878 1745 2901 qua
1763 2872 1817 2894 vide

975 2925 1035 2948 quae
1051 2924 1121 2946 supra
1138 2918 1250 2945 diximus3
1267 2918 1371 2947 sequitur
1388 2919 1425 2941 fol.
1437 2919 1491 2941 226.
1508 2919 1564 2941 hacc
1581 2918 1684 2941 rubrica:
1697 2918 1816 2943 Meditalio

975 2965 1059 2995 fratris
1072 2964 1168 2988 Ioannis
1180 2964 1206 2988 de
1218 2964 1340 2993 peccham,
1357 2964 1478 2995 quondam
1495 2965 1624 2989 cantuarie
1638 2965 1816 2995 archiepiscopi,

1671 3028 1721 3050 x1v
