2133 3317
208 234 263 262 746

460 505 517 527 TAB

257 547 437 572 Tanenmcmun
456 556 486 560 -—-
509 544 553 565 438
572 543 580 565 4
607 555 638 559 -
660 542 777 565 militantis

209 585 323 608 Ecclesiae
348 584 486 612 erigendum
512 585 546 605 est
571 582 600 605 ad
625 582 776 604 imitationem

209 625 346 652 exemplaris
364 622 434 645 Verbi
452 622 563 645 incarnati
581 621 625 643 243
645 622 673 643 42

256 665 418 686 'moneamus
434 674 464 678 -
481 661 532 684 ride
549 667 570 684 v.
587 659 722 684 Silentium.

257 703 376 725 Tinvismi
394 714 424 718 —
442 700 539 723 Marchia
557 700 602 722 519
622 700 650 721 12

259 742 353 764 'Pi-:eTuii
378 753 409 757 -
435 740 519 768 excipit
536 739 557 761 in
583 745 608 761 se
631 739 739 766 pulveres
755 740 778 760 et

209 781 296 804 imbres
313 784 335 803 et
352 783 474 802 ventorum
494 779 615 807 impulsus,
631 781 654 800 ut
670 777 776 799 interiora

210 820 296 843 munda
314 821 424 842 maneant
442 819 485 841 138
505 818 513 840 4

257 860 389 882 Taurorum
405 870 435 875 —
447 858 511 880 Circa
523 863 561 880 res
573 856 712 884 temporales
723 861 777 884 qua-

210 902 262 922 tuor
279 897 447 921 consideranda
465 899 519 919 sunt
536 897 581 919 312
599 896 612 918 5
629 907 660 912 —
672 895 778 923 Quadru—

210 939 260 967 plex
278 941 312 960 est
337 943 414 960 rerum
438 936 601 964 temporalium
624 934 778 957 communitas

211 978 255 1000 309
275 978 311 1000 13.
329 983 380 1006 sqq.
403 989 434 992 -
459 975 505 998 Cur
522 974 657 1002 temporalia
682 974 710 996 ita
729 973 778 995 dili-

211 1020 295 1045 gantur
313 1016 342 1038 52
360 1017 382 1038 2.
402 1015 446 1038 114
464 1016 476 1037 8
494 1027 525 1031 -
542 1015 573 1037 Ex
589 1014 659 1036 nimia
681 1019 779 1041 occupa-

211 1057 272 1079 tione
284 1055 446 1084 temporalium
460 1055 575 1083 pessimae
584 1053 691 1082 sequelae
703 1053 779 1075 oriun-

211 1095 310 1118 1111145
334 1095 362 1117 14
388 1106 419 1111 -
444 1095 515 1116 Amor
539 1092 701 1120 temporalium
727 1091 779 1113 facit

211 1135 322 1157 miserum
342 1134 370 1156 44
389 1133 418 1156 45
435 1146 466 1150 --
483 1135 536 1155 sunt
558 1131 667 1160 fugienda
687 1131 731 1152 120
749 1131 777 1152 40

211 1186 242 1190 -
268 1173 427 1201 significantiu-
452 1178 493 1200 per
520 1173 613 1194 t'oenum
634 1170 677 1192 327
697 1170 725 1191 32
749 1182 779 1185 —

211 1213 327 1235 Praelatus
345 1212 438 1234 humilis
454 1217 505 1233 esse
516 1210 586 1233 debet
603 1210 624 1232 in
643 1215 685 1231 usu
700 1214 778 1231 rerum

211 1252 373 1280 temporalium
393 1251 431 1273 141
452 1250 465 1272 5
477 1262 508 1266 -
517 1249 640 1278 Quomodo
652 1254 665 1270 a
678 1248 779 1276 praelato

210 1291 373 1319 temporalium
391 1296 445 1312 cura
463 1289 553 1317 agenda
571 1289 599 1311 sit
617 1288 662 1310 445
681 1287 710 1309 42
725 1285 780 1309 Vide

210 1337 233 1353 v.
249 1329 363 1353 Mundus.

261 1370 351 1392 'l'eurus
367 1381 398 1386 —
416 1371 449 1391 est
467 1368 578 1390 incertum
599 1368 627 1389 40
646 1367 674 1389 10
692 1379 723 1383 -
740 1367 781 1388 uti-

212 1410 262 1432 liter
279 1408 458 1437 expendendum
481 1410 515 1430 est
539 1407 551 1429 4
570 1407 591 1429 4.
610 1407 653 1428 108
672 1407 685 1428 2
703 1418 734 1422 -
751 1406 779 1428 ita

212 1448 390 1477 expendendum
409 1450 455 1474 cst,
473 1449 497 1469 ut
513 1447 542 1469 sit
559 1446 606 1468 Deo
619 1445 781 1473 honorificum,

213 1488 300 1510 homiui
312 1488 464 1515 fructuosum⁷
481 1486 586 1514 proximo
599 1485 780 1508 aedificatorium

215 1527 243 1550 37
261 1528 290 1549 22
317 1540 347 1542 -
373 1525 552 1554 expendendum
570 1525 643 1547 estin
667 1524 780 1552 oratioue,

213 1567 323 1593 lectione,
346 1565 407 1588 hona
433 1564 582 1587 meditatione
604 1567 626 1586 et
643 1564 664 1585 in
682 1563 781 1585 servitiis

215 1606 259 1628 476
281 1607 285 1627 l
308 1618 338 1621 --
363 1606 386 1627 ln
409 1607 514 1632 tempore
531 1603 707 1631 diligentissime
729 1608 781 1630 pur-

214 1645 290 1673 ganda
308 1647 343 1667 est
359 1644 435 1666 anima
454 1643 467 1665 5
485 1643 498 1665 7
511 1655 541 1659 —
554 1642 677 1670 Temporis
695 1648 781 1669 oppor-

214 1684 298 1706 tunitas
315 1684 344 1706 ad
357 1682 522 1712 poenitendum
535 1685 569 1704 est
581 1681 720 1703 heneficium
732 1686 781 1708 gra-

214 1724 258 1746 tiae
276 1724 289 1745 6
309 1724 337 1745 12
355 1735 386 1739 -
404 1722 514 1744 inutiliter
530 1721 552 1743 in
572 1722 615 1743 hoc
633 1723 738 1748 tempore
750 1720 781 1742 vi-

214 1763 283 1790 vitur,
301 1762 345 1784 nisi
362 1764 510 1790 comparetur
527 1760 635 1782 meritum
653 1766 695 1788 pro
712 1762 782 1781 aeter-

214 1802 284 1825 nitate
301 1802 330 1824 53
350 1801 362 1823 4
388 1813 418 1817 —-
444 1801 539 1828 Propter
557 1799 667 1827 temporis
685 1798 782 1821 brevita-

213 1844 259 1863 tem
278 1841 314 1864 vix
331 1840 467 1863 necessariis
483 1839 582 1867 negotiis
598 1838 727 1861 sufficimus
738 1838 782 1860 dis-

212 1880 325 1909 ponendis
343 1880 387 1902 145
406 1879 434 1901 14

260 1920 365 1943 Tannoni
383 1932 413 1936 —
425 1922 447 1941 et
458 1920 494 1941 lux
508 1925 553 1941 non
566 1918 698 1941 cohabitant
711 1918 755 1940 439
768 1918 781 1940 4

261 1960 339 1983 Tenen
365 1972 394 1976 —-
422 1960 512 1988 Quanto
535 1959 590 1987 quid
617 1961 651 1980 est
668 1958 782 1985 tenerius,

213 2003 274 2022 tanto
292 1999 379 2027 patitur
397 1999 492 2027 gravIus
511 1999 550 2020 121
573 1998 586 2020 5

260 2040 374 2062 Teurnia
392 2051 421 2054 -
440 2037 550 2060 Diabolus
575 2037 715 2060 incessanter
740 2043 781 2064 pcr

214 2079 350 2102 tentationes
366 2077 472 2100 fidelibus
489 2078 583 2099 latenter
596 2076 692 2099 obviare
704 2076 782 2098 nititur

214 2119 258 2141 486
282 2119 285 2140 l
307 2131 338 2134 -
356 2117 432 2140 Sancti
450 2123 532 2139 omnes
551 2115 714 2138 tentationibus
731 2121 782 2144 pro-

213 2158 261 2181 bati
279 2160 300 2179 et
317 2157 412 2185 perfecti
430 2159 483 2178 sunt
502 2156 545 2177 '¹99
563 2155 593 2177 74
610 2168 641 2171 —
659 2155 733 2183 magis
745 2161 782 2182 pe-

213 2197 313 2220 riculosa
331 2198 364 2218 est
382 2196 476 2223 proprio
489 2194 566 2217 sensui
578 2194 646 2216 nimis
658 2194 723 2216 inniti
737 2193 781 2215 440

216 2237 244 2259 48
262 2248 293 2252 -
311 2234 421 2257 Diabolus
439 2233 469 2256 ibi
483 2233 590 2256 libentius
601 2233 729 2261 insidiatur,
741 2232 781 2255 ubi

215 2276 303 2298 maiora
321 2274 403 2296 merita
422 2273 493 2295 cernit
509 2272 595 2301 inquiri
611 2271 665 2295 ibid.
682 2284 713 2288 —
731 2272 783 2294 Post

215 2317 333 2342 acceptam
352 2313 451 2341 Spiritus
469 2313 490 2333 S.
509 2312 605 2339 gratiam
632 2314 711 2333 contra
736 2311 782 2333 dia-

215 2354 294 2377 bolum
312 2353 398 2376 arctius
415 2352 504 2379 accingi
521 2351 635 2374 debemus
653 2351 696 2373 269
711 2351 739 2372 10
751 2363 782 2366 -e

215 2393 359 2416 imminentia
389 2391 520 2414 discrimina
548 2391 700 2413 tentationum
730 2394 783 2412 sunt

215 2433 281 2462 quasi
299 2431 391 2460 gladius
408 2430 575 2459 superveniens
593 2429 637 2452 317
656 2430 669 2452 5
689 2442 720 2445 -
745 2435 783 2451 an-

214 2471 314 2494 nuntiari
332 2469 402 2493 debet
419 2476 431 2492 a
442 2469 562 2492 sacerdote
573 2475 629 2491 suae
641 2474 711 2491 curae
722 2474 783 2491 com-

215 2511 291 2533 missis
308 2509 363 2533 ibid.
379 2522 410 2525 —
433 2515 486 2531 cum
507 2514 599 2530 summa
616 2507 732 2536 diligentia
750 2513 783 2530 re-

215 2549 335 2578 pellendae
353 2551 406 2571 sunt
418 2548 431 2570 4
444 2548 466 2570 4.
480 2548 523 2569 408
537 2548 549 2569 2
561 2560 591 2563 --
605 2547 711 2569 Pert’ectis
722 2552 783 2569 com-

215 2589 272 2617 petit
289 2592 381 2611 satanae
399 2588 463 2610 bellis
480 2587 603 2609 victoriose
619 2586 726 2608 resistere
738 2586 782 2608 259

216 2628 229 2650 4
246 2641 277 2644 -
294 2627 418 2656 Quomodo
442 2625 603 2649 tentationibus
628 2625 782 2648 resistendum

216 2667 244 2689 sit
262 2667 306 2689 486
326 2668 347 2689 1.
360 2673 411 2695 sqq.
425 2679 453 2682 -
466 2666 571 2688 Hostium
584 2665 707 2687 violentiae
719 2670 784 2687 ener-

216 2709 299 2729 vantur
317 2706 379 2728 dono
396 2705 534 2728 fortitudinis
551 2705 580 2726 86
599 2704 627 2726 49
644 2705 707 2726 —ln
719 2703 782 2726 omni

215 2745 365 2767 tentationum
383 2745 517 2767 discrimine
534 2744 562 2766 ad
575 2743 690 2766 Christum
708 2748 783 2765 recur-

215 2784 314 2807 rendum
332 2786 367 2806 est
382 2784 412 2806 73
433 2784 459 2806 10
482 2796 513 2799 -
538 2783 641 2806 Christus
658 2782 782 2805 imitandus

216 2824 238 2845 in
256 2824 314 2846 trina
332 2823 500 2845 conflictatione
517 2828 570 2845 cum
589 2823 654 2844 hoste
675 2821 729 2844 ibid.
752 2833 782 2838 —

217 2863 302 2885 Medela
330 2865 409 2885 contra
439 2862 573 2885 tentationes
597 2864 631 2884 est
664 2861 782 2883 meditatio

216 2902 272 2924 caeli
290 2902 319 2924 58
338 2902 350 2923 8
370 2914 399 2918 -
425 2908 469 2924 11011
487 2904 539 2924 511111
556 2901 617 2923 allud
635 2900 679 2922 nisi
696 2900 783 2922 aeterni

217 2941 295 2969 gaudii
308 2941 402 2963 materia
415 2940 469 2963 ibid.
481 2953 512 2957 -
524 2941 619 2968 Propter
631 2940 781 2962 tentationum

217 2980 354 3007 gravitatem
383 2980 536 3007 periculosam
562 2979 689 3007 spiritualia
714 2984 783 3006 saepe

216 3025 261 3041 non
280 3021 377 3047 possunt
393 3018 510 3041 observari
530 3018 573 3040 432
592 3018 604 3040 4

908 230 1008 258 INDEX
1030 230 1278 259 ALPHABETICUS.

1069 386 1109 432 Τ

857 543 941 565 ΤΕΝΤιο
958 554 989 559 -
1005 542 1171 570 obligationem
1189 545 1254 564 sonat
1271 541 1293 563 in
1319 541 1376 563 divi-

810 581 845 604 nis
866 581 910 604 410
928 582 941 604 8
959 594 990 598 -
1007 581 1174 609 obligationem
1193 581 1314 608 importat,
1330 586 1376 602 non

810 623 887 643 tamen
906 621 934 643 ita
952 621 1054 643 districte
1071 621 1130 642 sicut
1147 620 1246 642 verbum
1259 619 1377 648 praecepti

811 659 855 682 436
873 661 886 682 2
904 673 935 676 -
952 660 1073 682 aeternalis
1089 665 1196 682 summae
1206 659 1271 687 pacis
1283 661 1317 681 est
1328 659 1378 686 dos,

811 699 834 721 in
851 705 898 728 qua
915 699 1018 722 consistit
1036 699 1145 727 perfectio
1163 699 1261 726 praemii
1279 698 1302 719 11
1326 698 1334 719 4

858 738 979 760 Temmras
994 750 1026 754 —
1042 740 1076 760 est
1093 738 1158 760 virus
1175 737 1266 765 pietatis
1278 737 1306 758 89
1323 737 1335 758 3
1347 748 1378 752 —-

811 777 904 805 propria
921 777 1089 799 consideranda
1114 779 1136 799 et
1160 776 1300 798 conserenda
1325 782 1378 797 cum

810 816 903 838 caritate
920 816 998 838 divina
1016 817 1029 838 9
1048 816 1061 838 5

858 856 936 878 Tutum
953 867 984 871 —-
1000 857 1112 877 sustentat
1136 860 1178 877 sua
1200 854 1321 882 soliditate,
1347 860 1379 876 re-

811 897 873 917 creat
890 901 931 917 sua
951 894 1076 921 fertilitate,
1095 894 1193 916 delectat
1215 900 1256 916 sua
1280 893 1379 916 amoeni-

812 937 855 957 tate
873 934 902 956 32
919 934 933 956 7
952 946 981 950 -——
999 934 1021 955 ln
1039 934 1105 956 terris
1122 936 1156 956 est
1180 933 1311 955 amaritudo
1334 933 1378 955 438

813 974 821 995 1
843 985 873 990 -
891 974 913 995 111
931 976 990 995 terra
1008 975 1042 995 est
1067 975 1155 995 tantum
1179 972 1309 995 iucunditas
1332 978 1379 994 mo-

812 1015 941 1039 mentanea,
970 1013 991 1034 in
1018 1015 1076 1034 terra
1106 1012 1234 1034 viventium
1259 1011 1379 1033 aeternalis

814 1052 857 1074 442
888 1052 912 1074 18
938 1064 969 1068 --
993 1051 1130 1074 Affectiones
1155 1054 1301 1073 terrenorum
1326 1053 1379 1072 sunt

812 1091 902 1113 sarcina
919 1097 1018 1113 onerosa
1037 1090 1076 1112 491
1099 1091 1112 1113 2
1138 1102 1169 1106 --
1194 1089 1237 1113 Cor
1255 1089 1349 1112 sollicite
1366 1096 1378 1111 a

813 1130 908 1153 terrenis
925 1130 1104 1153 custodiendum
1121 1133 1155 1152 cst
1176 1128 1230 1152 ibid.
1254 1142 1285 1145 —
1309 1129 1380 1151 Multi—

812 1170 863 1197 plex
880 1176 959 1192 rerum
976 1169 1102 1191 labentium
1115 1169 1213 1191 varietas
1230 1169 1282 1197 plus
1301 1167 1379 1191 debito

812 1209 935 1236 ruminata,
954 1214 1039 1237 pravos
1056 1209 1150 1231 eftectus
1168 1209 1189 1230 in
1207 1208 1283 1230 anima
1296 1208 1381 1236 produ-

813 1255 865 1271 cere
882 1248 939 1271 solet
957 1248 996 1270 491
1020 1249 1033 1270 2
1050 1260 1081 1264 -
1104 1248 1192 1276 Quanto
1217 1247 1270 1276 quis
1295 1247 1381 1269 fastidit

814 1290 911 1316 terrena,
928 1290 990 1310 tanto
1007 1287 1054 1309 Deo
1073 1287 1227 1315 propinquius
1250 1289 1284 1309 est
1301 1286 1345 1308 490
1368 1287 1374 1307 1

814 1339 845 1343 -
862 1327 905 1355 Qui
923 1327 972 1349 vult
989 1329 1079 1348 terrena
1100 1329 1250 1348 contemnere
1275 1325 1380 1348 caelestia

815 1366 921 1389 meditari
939 1366 1008 1388 debe-t
1026 1365 1054 1388 ib.
1072 1367 1085 1388 2
1111 1378 1141 1381 —
1166 1365 1201 1387 Ad
1220 1368 1304 1387 terram
1331 1370 1381 1392 pro-

816 1406 911 1428 missam
921 1406 1056 1433 pervenitur
1069 1405 1211 1433 proficiendo
1223 1404 1246 1426 in
1257 1403 1381 1426 virtutibus

815 1445 828 1467 4
847 1445 859 1467 4
877 1458 908 1461 -
925 1448 987 1467 mota
1004 1448 1038 1467 est
1055 1447 1077 1467 et
1094 1444 1147 1466 luxit
1164 1444 1186 1466 in
1204 1446 1278 1466 morte
1299 1443 1380 1466 Christi

814 1485 844 1506 79
863 1485 891 1507 29
909 1497 940 1501 -
957 1487 1019 1506 mota
1037 1484 1059 1506 in
1077 1483 1245 1506 resurrectione
1257 1482 1338 1506 Christi
1352 1484 1376 1505 81

815 1524 844 1546 34
861 1536 892 1540 -
910 1523 1006 1546 Laboris
1023 1524 1068 1546 538
1089 1524 1124 1545 13.
1141 1523 1185 1545 547
1205 1523 1217 1545 6

862 1564 947 1586 Tanna
957 1564 1019 1585 —ln
1027 1563 1102 1585 Tertia
1111 1563 1222 1585 Dominus
1231 1565 1352 1584 accusatus
1361 1565 1382 1584 et

815 1603 929 1625 iudicatus
941 1605 987 1630 est,
1000 1606 1022 1624 et
1035 1602 1132 1630 Spiritus
1145 1602 1166 1624 S.
1180 1601 1298 1624 descendit
1312 1601 1354 1623 408
1368 1602 1381 1623 6

861 1642 1029 1665 ‚Tes’mmeu'ruu
1055 1654 1086 1657 —
1113 1641 1265 1663 inofficiosum
1285 1641 1328 1662 313
1354 1641 1381 1662 10

814 1693 845 1697 -
862 1682 1063 1703 Testamentorum
1081 1680 1179 1708 litigiosa
1196 1684 1218 1702 et
1235 1680 1302 1702 avida
1320 1680 1382 1701 inva-

815 1720 849 1743 sio
866 1720 929 1742 varia
949 1720 1007 1742 mala
1026 1720 1134 1748 producit
1152 1719 1195 1741 470
1214 1720 1226 1741 2

862 1760 998 1782 Τ1111111111Ε115
1026 1772 1055 1774 -
1078 1759 1201 1787 Apostolus
1225 1758 1327 1781 servarit
1352 1758 1384 1780 di-

815 1799 955 1822 strictionem
974 1799 1116 1821 voluntariae
1133 1801 1155 1820 et
1171 1798 1309 1826 penuriosae
1330 1803 1383 1825 pau-

816 1839 909 1867 pertatis
925 1839 1074 1866 evangelicae
1091 1838 1135 1860 283
1154 1838 1183 1860 33

862 1879 982 1901 TnaMAm'r
999 1890 1029 1893 —
1047 1877 1100 1899 villa
1118 1877 1138 1899 111
1152 1876 1282 1899 Catalaunia
1296 1876 1340 1899 555
1354 1877 1378 1898 11

863 1918 985 1940 TintnstLLA
1008 1929 1038 1933 ——
1063 1920 1111 1938 erat
1136 1916 1205 1938 amita
1229 1917 1252 1938 S.
1278 1915 1382 1944 Gregorii

816 1958 891 1985 Papae
908 1956 954 1979 204
972 1957 996 1979 21
1029 1969 1057 1972 -
1080 1956 1108 1979 ad
1126 1956 1218 1978 culmen
1235 1955 1383 1983 porsectionis

815 1997 922 2020 excrevit,
933 1997 1017 2018 virtute
1035 1996 1156 2018 continuae
1167 1995 1289 2023 orationis,
1306 1995 1384 2023 gravi-

815 2039 861 2059 tate
878 2037 950 2063 vitae,
967 2036 1126 2063 singularitate
1143 2034 1294 2057 abstinentiae
1311 2033 1365 2057 ibid.

865 2076 928 2098 Tnau
947 2087 975 2090 —
989 2076 1036 2097 Hoc
1049 2075 1141 2102 signum
1155 2075 1177 2096 S.
1189 2074 1323 2096 Franciscus
1335 2080 1384 2096 ina<

816 2121 861 2143 gno
879 2114 1034 2137 venerabatur
1051 2115 1131 2136 affectu
1150 2113 1196 2136 515
1214 2113 1235 2135 9.
1253 2113 1298 2135 564
1316 2113 1329 2134 7

864 2155 955 2176 Titanas
972 2166 1003 2170 —
1019 2154 1041 2175 in
1059 2153 1170 2175 Romania
1188 2153 1233 2175 559
1251 2153 1264 2174 2

864 2194 992 2216 ΤΗΕιηοΜΑ
1011 2205 1040 2208 -
1059 2193 1103 2214 385
1122 2193 1151 2214 12

864 2233 956 2254 Tnoilms
978 2244 1008 2248 -
1031 2231 1136 2258 credidit,
1154 2237 1207 2253 cum
1233 2231 1337 2258 palpavit.
1354 2230 1377 2251 81

816 2272 846 2294 34
863 2284 893 2287 —
910 2271 1005 2300 quidam
1024 2276 1066 2298 per
1078 2270 1100 2292 S.
1112 2270 1260 2293 Franciscum
1273 2276 1285 2291 a
1304 2269 1383 2292 mortis

816 2311 920 2339 periculo
938 2310 1047 2332 liberatus
1064 2309 1109 2332 553
1127 2311 1140 2331 2

863 2351 1005 2372 Tnnowus—
1012 2349 1045 2371 Ad
1054 2350 1161 2371 thronum
1170 2348 1298 2370 Salomonis
1308 2353 1384 2370 ascen-

816 2389 914 2412 debatur
930 2395 968 2411 sex
987 2387 1106 2416 gradibus,
1124 2394 1165 2415 per
1177 2393 1236 2416 quos
1256 2387 1384 2414 significan-

816 2432 853 2451 tur
870 2428 957 2457 gradus
974 2428 1073 2450 caritatis
1092 2427 1120 2449 40
1140 2427 1163 2448 11
1185 2438 1216 2443 -
1242 2426 1329 2448 Τ111·0111
1350 2429 1384 2448 est

816 2468 873 2490 ordo
892 2468 914 2490 in
937 2473 1047 2495 suprema
1070 2465 1197 2488 hierarchia
1223 2465 1321 2492 caelesti,
1346 2465 1383 2487 cui

816 2507 926 2530 convenit
942 2512 1048 2529 summae
1065 2506 1129 2534 pacis
1140 2505 1260 2527 aeternalis
1271 2505 1341 2527 tentio
1356 2505 1383 2526 12

818 2547 825 2568 1
847 2559 879 2562 -
896 2546 1045 2568 Thronorum
1058 2548 1092 2567 est
1107 2545 1211 2567 adoratio
1224 2544 1330 2566 Veritatis
1342 2549 1384 2572 per

816 2585 955 2608 sacrificium
972 2588 994 2607 et
1011 2585 1165 2607 laudationem
1189 2584 1213 2605 18
1241 2583 1268 2605 14
1294 2595 1325 2599 —-
1350 2589 1384 2605 or-

817 2626 872 2646 nant
888 2624 985 2646 caeleste
1002 2623 1136 2645 convivium
1153 2622 1268 2651 aequitate
1292 2621 1384 2644 divinae

817 2663 942 2685 maiestatis
959 2663 985 2684 64
1008 2662 1036 2684 17

865 2703 925 2724 Tuus
943 2714 971 2717 ——
983 2701 1097 2729 significat
1109 2701 1326 2728 contemplationem
1344 2700 1385 2722 de-

817 2744 894 2764 votam
914 2740 943 2763 94
962 2741 974 2763 4

863 2781 953 2803 Tmums
968 2793 999 2796 —-
1016 2780 1060 2803 558
1080 2780 1092 2802 3

865 2821 999 2843 Tissun‘ruvus
1015 2832 1046 2836 —
1063 2819 1187 2847 episcopus
1205 2818 1250 2841 557
1268 2818 1281 2840 4

865 2860 940 2882 Tmou
956 2872 987 2875 —-
1005 2859 1076 2881 oritur
1094 2864 1119 2880 ex
1137 2857 1283 2886 providentia
1301 2857 1385 2879 tuturo-

817 2905 870 2921 rum
888 2900 900 2921 8
920 2900 933 2921 2
950 2911 981 2915 —
998 2898 1065 2920 Omni
1083 2900 1189 2925 tempore
1205 2896 1333 2918 vivendum
1351 2898 1384 2918 est

816 2938 839 2960 in
856 2938 938 2960 timore
956 2937 1000 2959 494
1018 2943 1030 2959 a
1048 2949 1078 2953 —
1095 2937 1157 2958 Deus
1173 2935 1217 2958 sub
1234 2935 1315 2963 trIplici
1333 2941 1385 2957 con-

817 2977 956 3000 sideratione
971 2983 982 2999 a
996 2975 1063 2999 nobis
1075 2976 1097 2998 in
1109 2976 1248 2997 immensum
1261 2974 1336 2997 timeri
1348 2974 1385 2996 de·

818 3016 856 3039 bet
875 3016 919 3038 105
938 3016 966 3038 Ἰ17
983 3028 1013 3032 -
1031 3016 1135 3044 Sponsus
1150 3014 1240 3037 animae
1253 3016 1384 3036 reverenter

1677 503 1725 525 ΤΗΙ

1412 541 1529 563 timendus
1546 543 1581 563 est
1597 541 1626 563 52
1645 542 1673 564 20
1691 554 1722 558 -
1738 542 1799 564 Deus
1811 548 1857 564 non
1870 542 1978 564 5011111111-

1412 580 1515 602 mendus
1527 583 1573 608 est,
1591 586 1645 602 cum
1671 580 1782 608 irascitur,
1800 587 1883 603 verum
1908 581 1976 604 etiam

1411 625 1464 641 cum
1482 619 1620 641 suavissime
1636 618 1752 642 blanditur
1768 619 1823 642 ibid.
1837 631 1867 635 ——-
1883 620 1978 648 Propter

1412 658 1524 680 iudicium
1541 658 1693 681 contremisce
1711 659 1740 681 15
1757 659 1769 680 8
1796 671 1826 675 -
1847 659 1896 681 Non
1913 659 1978 682 timet

1412 697 1517 719 divinum
1536 697 1648 719 iudicium
1665 697 1709 719 nisi
1734 698 1773 726 qui
1796 698 1931 720 recordatur
1955 700 1978 720 et

1412 735 1528 758 erubescit
1545 736 1657 764 flagitium
1677 737 1705 758 12
1723 737 1737 758 2
1754 748 1785 752 -
1801 735 1871 758 debet
1887 743 1938 759 esse
1955 737 1978 759 in

1413 775 1619 803 circumspectione
1637 775 1714 797 iudicii
1740 775 1899 804 quadruplicis
1921 775 1975 798 ibid.

1412 826 1443 830 —
1460 814 1598 836 iudiciorum
1615 814 1749 836 divinorum
1767 814 1846 842 triplex
1858 817 1893 837 est
1905 815 1949 837 129
1963 814 1977 837 5

1411 865 1443 869 —
1459 852 1529 875 debet
1545 859 1595 875 esse
1612 853 1636 875 in
1652 853 1788 875 contritione
1805 855 1900 881 propter
1921 853 1979 876 iudi-

1412 892 1447 914 cia
1463 892 1554 914 latentia
1572 892 1600 913 46
1620 892 1648 914 10
1665 904 1695 907 —
1721 895 1755 914 est
1776 892 1797 914 in
1819 892 1978 920 deploratione

1412 931 1518 954 miseriae
1535 933 1629 959 propter
1646 931 1775 959 periculum
1793 931 1843 953 sive
1859 935 1948 954 reatum
1964 931 1977 953 8

1413 971 1434 992 2.
1453 970 1476 991 14
1499 970 1528 992 42
1545 982 1576 986 -·
1594 970 1647 997 Dei,
1672 976 1713 992 cur
1738 970 1766 992 sit
1787 971 1931 992 necessarius
1948 970 1978 993 55

1414 1010 1442 1032 12
1460 1022 1489 1025 -
1507 1009 1549 1037 Qui
1568 1015 1593 1031 se
1610 1015 1656 1031 11011
1673 1011 1735 1031 tenet
1746 1009 1770 1031 in
1782 1009 1864 1031 timore
1876 1009 1917 1031 Dei
1933 1006 1978 1031 cito

1412 1051 1504 1071 corruet
1517 1048 1561 1070 497
1574 1048 1589 1070 b
1600 1060 1631 1064 —
1644 1048 1708 1070 Dono
1721 1048 1809 1070 timoris
1821 1048 1937 1071 receditur
1949 1047 1978 1070 ab

1412 1088 1476 1110 omni
1493 1088 1553 1110 malo
1572 1088 1600 1109 86
1619 1087 1647 1109 49
1665 1099 1696 1103 -
1714 1087 1804 1109 Donum
1821 1087 1910 1110 timoris
1921 1089 1981 1109 tran-

1412 1127 1491 1156 quillat
1507 1126 1561 1149 ibid.
1578 1139 1609 1142 —
1628 1132 1673 1148 non
1691 1127 1790 1154 exagitat
1815 1128 1928 1154 mentem,
1955 1126 1979 1148 in

1412 1172 1458 1195 qua
1475 1168 1509 1188 est
1526 1172 1569 1193 pax
1587 1172 1629 1193 per
1646 1165 1831 1194 tranquillitatem
1855 1166 1883 1187 40
1902 1165 1926 1187 11
1948 1177 1979 1181 -

1414 1211 1502 1233 poenae
1518 1211 1564 1227 non
1582 1207 1650 1232 urget
1666 1210 1720 1227 eum
1738 1205 1777 1233 qui
1790 1204 1859 1227 hahet
1870 1210 1978 1232 soporem

1414 1244 1477 1272 pacis
1494 1244 1518 1266 in
1534 1243 1712 1266 obumbratione
1729 1243 1812 1266 Christi
1829 1244 1857 1265 42
1875 1244 1888 1266 2
1906 1256 1937 1260 --
1949 1244 1980 1266 so-

1414 1290 1450 1306 ras
1467 1284 1563 1306 mittitur
1580 1289 1622 1311 per
1645 1283 1790 1305 securitatem
1812 1283 1835 1305 in
1859 1283 1981 1305 dilectione

1414 1323 1454 1345 Dei
1473 1323 1501 1345 10
1520 1323 1543 1344 11
1567 1335 1595 1338 -
1613 1322 1702 1344 servilis
1718 1325 1752 1344 est
1769 1322 1857 1344 donum
1883 1322 1981 1350 Spiritus

1414 1363 1436 1384 S.
1454 1362 1499 1384 254
1512 1362 1525 1384 9
1539 1374 1568 1377 —
1579 1362 1670 1384 servilis
1681 1368 1726 1383 non
1739 1365 1771 1383 est
1784 1360 1914 1389 prohibitus
1926 1360 1980 1384 ibid.

1413 1414 1444 1418 —
1461 1408 1506 1424 non
1523 1401 1591 1423 docet
1608 1401 1689 1428 sugere
1706 1400 1835 1428 corporalia
1851 1400 1918 1427 bella,
1939 1400 1981 1422 sed

1414 1441 1541 1469 spiritualia
1559 1443 1652 1468 peccata
1670 1439 1724 1462 ibid.
1741 1452 1771 1456 —
1783 1440 1881 1467 Spiritus
1893 1439 1981 1461 timoris

1415 1481 1436 1503 in
1453 1480 1530 1502 anima
1546 1482 1698 1502 conservatur
1711 1485 1751 1508 per
1762 1479 1921 1502 omnimodam
1934 1484 1981 1501 mo-

1414 1520 1520 1548 destiam,
1539 1519 1656 1546 iustitiam,
1674 1519 1783 1546 pictatem
1802 1518 1846 1540 430
1865 1519 1877 1540 8

1462 1571 1492 1575 --
1509 1559 1569 1580 male
1586 1558 1710 1581 humilians
1735 1560 1769 1580 est
1791 1557 1855 1580 radix
1879 1557 1981 1580 secunda

1415 1598 1524 1620 vitiorum
1542 1598 1587 1619 299
1608 1598 1635 1619 16
1660 1610 1692 1613 -
1717 1597 1810 1619 Timere
1832 1599 1929 1619 mortem
1947 1599 1982 1618 est

1416 1638 1518 1660 naturale
1536 1636 1581 1659 254
1600 1637 1636 1659 10.
1654 1636 1700 1659 255
1715 1637 1741 1658 12
1753 1649 1784 1652 —
1797 1636 1882 1658 Omnes
1898 1635 1981 1658 timore

1416 1677 1497 1699 mortis
1514 1678 1626 1704 urgentur
1644 1675 1690 1698 255
1709 1676 1737 1697 12
1754 1688 1785 1691 -—
1806 1675 1884 1697 Nullus
1901 1674 1982 1696 mortis

1417 1717 1499 1738 timore
1516 1716 1539 1737 in
1562 1716 1640 1743 sugam
1667 1715 1822 1741 convertitur,
1846 1714 1890 1736 nisi
1914 1714 1982 1736 timor

1416 1755 1550 1778 huiusmodi
1568 1755 1590 1776 in
1608 1760 1635 1777 eo
1652 1754 1784 1776 dominetur
1802 1752 1855 1776 ibid.
1867 1765 1898 1769 —
1914 1753 1981 1775 Aliud

1416 1798 1450 1817 est
1467 1795 1555 1821 timere,
1573 1794 1634 1816 aliud
1652 1800 1678 1816 ex
1694 1794 1778 1816 timore
1800 1794 1881 1820 sugere
1905 1791 1934 1815 ib.
1953 1792 1977 1814 14

1415 1846 1447 1850 —-
1463 1834 1550 1857 Caritas
1566 1839 1611 1855 non
1629 1832 1727 1855 excludit
1744 1832 1838 1854 omnino
1853 1831 1982 1854 naturalem

1416 1873 1536 1900 timorem,
1553 1872 1653 1895 excludit
1669 1874 1745 1894 tamen
1767 1871 1826 1894 illius
1851 1870 1982 1893 dominium

1417 1912 1461 1935 254
1481 1913 1516 1934 10.
1535 1912 1580 1934 255
1599 1912 1623 1933 11

1462 1952 1591 1973 Τ1110111Ε115
1606 1963 1638 1967 -
1655 1956 1667 1972 a
1682 1950 1751 1972 Paulo
1763 1949 1847 1978 Ephesi
1859 1949 1983 1977 episcopus

1416 1992 1502 2013 electus
1520 1991 1561 2013 suit
1581 1991 1618 2013 131
1641 1990 1649 2012 1
1666 2002 1697 2006 -
1709 1996 1721 2012 a
1739 1990 1762 2012 S.
1775 1989 1844 2011 Paulo
1857 1989 1982 2011 instructus

1416 2032 1461 2059 est7
1473 2030 1592 2059 quomodo
1609 2032 1686 2052 sancte
1698 2029 1778 2051 vivere
1794 2031 1817 2051 et
1833 2028 1882 2050 aliis
1900 2028 1983 2050 utiliter

1416 2073 1438 2092 et
1456 2069 1572 2092 meritorie
1590 2074 1696 2097 praeesse
1713 2068 1786 2096 possit
1802 2067 1858 2090 ibid.

1464 2109 1560 2131 'rimus
1575 2120 1606 2124 —
1623 2108 1703 2131 Clerici
1720 2107 1768 2129 sine
1795 2107 1863 2129 titulis
1880 2112 1924 2128 nou
1943 2105 1983 2128 de-

1417 2148 1471 2170 bent
1488 2147 1588 2170 ordinari
1606 2148 1650 2169 328
1670 2146 1698 2169 34

1464 2188 1566 2209 Tarsum
1594 2198 1625 2203 —
1652 2185 1829 2208 Constitutiones
1862 2187 1982 2207 tonsuram

1416 2229 1580 2249 concernentes
1597 2225 1642 2247 454
1660 2231 1672 2247 a

1463 2266 1587 2287 Tomnznra
1613 2276 1644 2280 —
1669 2264 1731 2286 Deus
1753 2263 1827 2286 servis
1852 2263 1900 2285 suis
1922 2262 1983 2285 vires

1416 2308 1584 2327 tormentorum
1601 2304 1638 2326 vel
1655 2305 1745 2326 auferre
1762 2303 1799 2325 vel
1813 2302 1921 2324 alleviare
1932 2308 1983 2325 eon·

1416 2344 1492 2366 suevit
1511 2344 1554 2365 186
1576 2344 1581 2365 l

1464 2383 1553 2405 Toaeon
1569 2394 1601 2398 ——-
1625 2381 1774 2410 expellendus
1791 2383 1825 2403 est
1842 2386 1883 2409 per
1900 2380 1983 2403 exerci-

1416 2423 1473 2445 tium
1486 2422 1540 2444 boni
1552 2422 1642 2450 operis,
1655 2422 1809 2448 lacrymarum
1822 2419 1981 2442 contritionem

1416 2465 1437 2484 et
1454 2461 1585 2484 devotionis
1602 2461 1720 2482 flammam
1739 2459 1783 2481 102
1800 2459 1813 2481 9

1465 2501 1641 2526 TnAinuutri-As
1657 2511 1688 2516 -·
1700 2499 1826 2527 percipitur
1840 2498 1863 2520 in
1875 2497 1919 2520 fine
1930 2497 1983 2519 viae

1417 2539 1555 2568 purgativae
1572 2539 1584 2561 6
1603 2539 1616 2561 9
1634 2551 1665 2554 —
1682 2539 1712 2560 Ex
1730 2537 1890 2566 tranquillItate
1911 2537 1983 2559 oritur

1416 2579 1540 2607 spirltualis
1556 2578 1688 2601 iucunditas
1704 2576 1758 2599 ibid.
1775 2588 1805 2592 —
1822 2582 1877 2598 vera
1894 2578 1917 2598 et
1934 2581 1984 2604 per-

1416 2619 1473 2641 tecta
1491 2618 1564 2640 oritur
1580 2624 1606 2639 ex
1623 2616 1756 2643 securitate,
1773 2616 1796 2637 111
1813 2621 1859 2644 qua
1881 2619 1915 2638 est
1939 2620 1983 2643 pax

1417 2661 1439 2680 et
1455 2657 1548 2686 requies
1566 2657 1594 2678 40
1617 2657 1649 2678 ll.
1673 2656 1692 2678 11
1717 2656 1745 2678 12
1761 2667 1793 2671 ——
1809 2655 1844 2678 Ad
1862 2654 1984 2683 tranquilli-

1418 2700 1486 2719 tatem
1503 2703 1549 2719 non
1566 2699 1601 2718 est
1617 2695 1727 2724 possibile
1744 2695 1877 2723 pertingere
1887 2694 1929 2716 nisi
1941 2699 1983 2721 per

1417 2737 1533 2759 caritatem
1553 2736 1577 2757 11
1602 2736 1625 2757 11
1656 2747 1685 2750 -
1708 2734 1808 2757 iucunda
1831 2733 1913 2756 mentis
1931 2735 1984 2755 atte-

1417 2778 1490 2798 statur
1507 2774 1640 2803 perfectioni
1658 2774 1702 2796 260
1721 2774 1733 2795 9
1752 2786 1781 2789 —
1806 2773 1870 2795 Varii
1886 2775 1983 2795 eventus

1418 2816 1523 2837 fortunae
1540 2820 1591 2836 ean]
1609 2820 1655 2836 non
1673 2814 1781 2835 auserunt
1797 2811 1851 2835 ibid.

1466 2854 1614 2876 Tnnsnoma
1640 2865 1670 2869 —
1694 2855 1747 2874 sunt
1764 2857 1822 2873 vana
1845 2853 1868 2873 et
1884 2850 1983 2878 insipida

1418 2894 1443 2916 51
1466 2894 1494 2915 18
1512 2906 1542 2909 -
1560 2892 1672 2915 contraria
1697 2894 1752 2913 sunt
1776 2890 1873 2913 aeternis
1900 2889 1942 2912 489
1970 2890 1978 2911 1

1421 2932 1476 2955 Vide
1492 2939 1513 2955 v.
1530 2931 1642 2955 Mundus.

1465 2972 1597 2994 Tmeci..t·r1o
1615 2984 1645 2986 —
1664 2970 1714 2992 Vita
1732 2975 1841 2998 praesens
1863 2974 1982 2997 nunquam

1417 3015 1479 3035 caret
1500 3011 1602 3040 pondere
1629 3010 1801 3033 tribulationum
1830 3008 1873 3031 443
1899 3009 1927 3030 22
1952 3020 1982 3023 -
