2133 3317
279 220 335 249 3⁶22

279 298 421 327 servitutis
442 296 626 334 importabilis
640 296 774 324 violenter
790 302 938 332 oppressos
952 295 987 323 ab
1002 295 1130 332 ingressu

281 345 426 381 Religionis
447 344 593 372 retrahere
614 345 641 371 et
662 342 696 370 ad
717 349 861 379 egressum
882 342 1014 376 incitare,
1037 349 1130 378 quen]-

280 391 427 420 admodum
450 390 608 418 insinuatur
631 389 659 417 in
680 388 797 417 Exodo¹
820 396 869 425 per
891 389 944 417 boc
965 388 1040 426 quod
1061 388 1130 417 Pha-

279 446 327 466 rao
348 437 434 465 dixit:
459 437 574 472 Quare,
597 436 707 473 Moyses
728 439 753 464 et
769 435 889 469 Aaron,
904 435 1066 464 sollicitatis
1077 444 1130 472 po-

276 484 383 521 pulum
404 483 440 511 ab
462 482 598 520 operibus
619 482 704 510 suis?
726 482 766 510 Ite
787 482 828 511 acl
847 490 937 510 onera
951 485 1049 510 vestra
1056 492 1066 515 ,·
1081 481 1129 510 ubi

279 531 373 559 Glossa
394 530 465 558 sacri
487 529 638 558 Ambrosii:
665 540 679 554 «
694 529 793 563 Hodie,
816 529 837 558 si
859 529 965 565 Moyses
986 532 1012 557 et
1027 529 1129 563 Aaron,

278 578 305 606 id
326 580 367 606 est
388 576 569 614 propheticus
587 580 614 605 et
629 576 806 605 sacerdotalis
820 584 927 611 sermo,
942 576 1061 605 animam
1076 577 1130 605 sol-

280 624 365 653 licitet
386 623 419 652 ad
441 623 586 652 servitium
609 623 672 656 Dei,
688 623 768 651 exire
782 623 816 651 de
831 623 954 657 saeculo,
969 623 1131 652 renuntiare

279 670 423 704 00101005,
445 670 588 699 attendere
609 669 661 706 legi
683 672 711 698 et
731 669 817 698 verbo
839 669 903 704 Dei;
925 669 1056 698 continuo
1081 677 1130 698 au-

278 717 336 746 dies
356 717 503 746 unanimes
524 717 605 746 etiam
627 716 730 745 amicos
742 717 752 733 2
768 716 918 745 Pharaonis
932 716 1069 745 dicentes:
1086 716 1130 744 Vi-

279 765 356 798 dete,
379 763 518 801 quomodo
535 763 709 792 seducuntur
724 763 866 797 homines,
881 763 1001 800 qualiter
1016 770 1129 799 perver-

279 814 377 840 tuntur
398 810 601 844 adolescentes,
623 818 658 839 ne
689 810 831 844 laborent,
863 817 898 838 ne
930 809 1063 843 militent,
1095 817 1130 838 ne

277 860 359 895 agant
380 857 500 894 aliquid,
523 857 597 894 quod
619 856 657 885 eis
678 857 782 893 prosit,
805 856 908 885 relictis
930 856 1015 884 rebus
1036 863 1131 884 neces-

277 905 372 938 sariis,
394 904 511 941 ineptias
532 907 674 932 sectantur
696 906 723 932 et
750 903 854 938 otium,
876 903 1004 932 laborare
1031 903 1130 931 nolunt

277 955 303 981 et
318 952 364 980 otii
380 951 537 980 occasiones
552 951 701 987 requirunt
712 951 722 967 ³
737 963 764 979 n.
788 951 857 979 Haec
878 950 988 984 Glossa‚
1010 958 1065 987 qua
1080 950 1130 978 ho-

278 999 327 1027 stis
349 1006 505 1035 pauperum
526 997 606 1026 dolus
628 1001 754 1034 patenter
785 997 938 1035 detegitur,
970 996 1044 1034 quod
1074 1005 1129 1025 non

278 1045 349 1074 sicut
370 1044 471 1073 Christi
494 1044 647 1081 discipulus
668 1043 702 1072 ad
723 1044 858 1072 exercitia
879 1044 1016 1072 virtutum
1049 1051 1129 1072 cona*

278 1096 324 1121 tur
346 1092 468 1129 erigere,
491 1092 537 1120 sed
560 1095 692 1128 tanquam
713 1091 820 1120 amicus
835 1091 984 1119 Pharaonis
999 1091 1129 1127 spiritua-

278 1139 317 1168 les
338 1139 421 1168 lsrael
443 1139 513 1167 filios
534 1139 707 1175 impugnare.

361 1187 404 1214 18.
427 1186 484 1214 Alio
506 1193 618 1222 quoque
639 1185 721 1214 modo
743 1185 925 1214 calumnIator
954 1185 998 1213 hic
1027 1192 1129 1222 paupe-

142 1240 270 1261 seeuud0,0h
280 1241 343 1261 rum
365 1235 467 1261 statum
491 1232 615 1269 ipsorum
644 1231 797 1268 depravare
829 1231 983 1265 contendit,
1017 1239 1067 1268 pro
1098 1239 1130 1260 eo

133 1263 271 1282 abdicationem

142 1286 266 1305 banormum
280 1279 354 1317 quod
375 1279 445 1307 nihil
466 1279 516 1307 sibi
547 1278 671 1307 retinent
691 1279 723 1307 in
741 1278 866 1315 proprio
894 1278 936 1307 vel
964 1278 1129 1311 communi,

157 1310 257 1329 communi.

150 1473 257 1497 Responde-

186 1499 223 1516 tur.

155 1660 261 1679 Distinctio.

135 1894 220 1918 Largitas
235 1900 267 1918 po-

147 1918 199 1937 litica
217 1918 263 1936 duas

147 1941 264 1968 conditiones

147 1968 234 1988 requirit.

155 2081 182 2100 De
196 2081 262 2105 prima.

280 1327 345 1364 quia
371 1337 384 1350 «
400 1334 454 1354 non
477 1325 606 1354 videntur
628 1325 747 1353 virtutis
779 1328 873 1354 tenere
904 1325 1051 1359 medium,
1083 1324 1131 1353 sed

279 1373 446 1402 vitiositatis
468 1377 646 1406 extremuni,
669 1380 733 1401 cum
754 1372 826 1401 dicat
848 1372 1009 1401 Ambrosius
1020 1373 1040 1405 4,
1056 1371 1131 1409 quod

279 1429 333 1449 non
356 1423 421 1449 sunt
442 1420 623 1449 effundendae
644 1427 725 1456 opes,
755 1419 801 1448 sed
830 1419 1029 1456 dispensandae
1044 1431 1070 1446 ».
1093 1435 1129 1439 —-

281 1468 385 1496 Verum
416 1466 551 1495 consimili
584 1466 689 1495 ratione
710 1469 802 1503 posset
824 1469 851 1494 et
872 1468 966 1494 sancta
987 1465 1131 1503 virginitas

280 1514 385 1543 ostendi
408 1522 462 1542 non
484 1513 580 1548 laude,
603 1513 650 1542 sed
671 1513 810 1549 vituperio
831 1513 929 1550 digna,
945 1513 1130 1550 (1035100110-

279 1569 378 1594 mum,
400 1569 455 1589 non
477 1560 605 1588 medium
628 1563 730 1594 teneat,
746 1559 813 1588 dum
827 1559 862 1588 ab
877 1559 951 1588 omni
967 1559 1130 1593 concubitu,

280 1608 337 1636 sive
359 1607 452 1636 illicito
474 1607 532 1636 sive
554 1615 698 1641 concesso,
721 1614 750 1635 se
771 1610 825 1635 tam
842 1610 933 1635 mente
948 1615 1032 1643 quam
1049 1614 1131 1635 carne

280 1657 444 1691 sequestrat.
468 1670 504 1674 —
527 1654 702 1690 Quapropter
723 1653 840 1690 diligens
868 1653 1056 1682 considerator
1084 1652 1131 1681 ad-

280 1704 384 1735 vertat,
407 1701 481 1738 quod
502 1701 574 1730 sicut
594 1700 669 1729 aliud
691 1704 732 1729 est
753 1700 883 1729 mettium
904 1699 1052 1736 pudicitiae
1067 1708 1131 1728 con-

280 1748 394 1785 100305,
426 1747 501 1776 aliud
534 1747 730 1776 sanctimoniae
762 1747 919 1783 virginalis,
948 1746 986 1775 510
1009 1749 1036 1775 01
1056 1746 1131 1775 aliud

281 1794 429 1832 largitatis
448 1794 601 1831 politicae,
625 1794 699 1822 aliud
718 1793 906 1831 paupertatis
927 1793 1116 1830 eoanyelieae.

362 1842 404 1869 19.
428 1841 568 1878 Laryitas
589 1848 710 1878 namque
729 1840 850 1878 politica
861 1840 883 1874 ⁵,
905 1840 971 1877 quia
992 1840 1065 1869 circa
1084 1848 1131 1869 ne-

280 1888 353 1925 gotia
375 1888 515 1917 mundana
544 1891 685 1922 versatur,
718 1888 923 1924 possessionum
954 1890 1131 1916 terrenarum

281 1943 457 1972 nequaquam
479 1935 577 1964 suadet
598 1935 869 1964 abrenuntiationem
890 1942 905 1963 a
930 1934 1039 1963 Christo
1067 1942 1131 1963 con-

281 1983 398 2016 sultam,
421 1982 468 2011 sed
491 1982 582 2019 potius
603 1982 740 2011 bonorum
763 1982 835 2010 iuste
856 1990 1048 2018 possessorum
1063 1981 1131 2010 dile-

281 2029 402 2057 ctionem
423 2029 607 2058 moderatam
632 2032 659 2057 et
688 2028 933 2066 dispensationem
961 2028 1079 2066 laryam
1107 2031 1133 2056 et

277 2076 370 2113 piam.
394 2076 509 2112 Propter
531 2075 691 2104 dilectionis
719 2075 936 2103 moderantiam
964 2075 1030 2103 dicit
1057 2075 1132 2103 Salo-

280 2130 343 2151 mon
366 2122 393 2150 in
416 2122 592 2151 Proverbiis6
615 2122 642 2150 in
664 2129 782 2158 persona
803 2121 855 2149 viri
871 2121 988 2158 politici:
1004 2122 1069 2149 Duo
1084 2130 1131 2149 ro-

347 2308 353 2321 1
371 2307 426 2335 Cap.
444 2307 457 2329 ὃ
468 2324 473 2334 ,
493 2307 513 2329 4.
531 2319 561 2323 —
578 2307 657 2329 Glossa
675 2310 709 2329 est
726 2306 868 2335 ordi11n1·ia,·
886 2313 931 2329 non
949 2310 982 2329 est
1004 2306 1132 2332 Ambrosii,

281 2347 322 2369 sed
342 2346 464 2375 Oriyenis,
482 2346 565 2368 Homil.
583 2346 605 2368 3.
623 2346 643 2368 in
663 2346 732 2368 Exod.
751 2352 772 2368 n.
791 2347 812 2368 3.
832 2345 886 2374 (Csr.
904 2353 974 2374 snpra
995 2353 1049 2374 pag.
1074 2346 1133 2368 2781

282 2388 333 2408 nota
352 2387 378 2412 2,
398 2385 436 2407 ubi
455 2385 528 2407 simile
545 2385 663 2414 occurrit).
681 2384 753 2408 Codd.
772 2385 869 2407 ABCD
887 2388 908 2407 el
926 2386 962 2408 ed.
975 2386 983 2407 .1
1001 2385 1132 2414 Ambrosii,

281 2431 311 2448 (η’
329 2424 426 2447 homilia
444 2423 469 2447 5.
489 2430 561 2453 super
579 2424 707 2452 Eaeotlum‚·
726 2425 775 2446 Vat.
793 2427 815 2446 01
832 2425 868 2447 ed.
887 2426 900 2446 ‘2
919 2424 1045 2448 Ambrosii.

343 2463 352 2477 ²
370 2464 455 2486 Textus
472 2464 565 2486 Glossae
582 2464 645 2491 apud
663 2463 737 2486 Strab.
750 2463 876 2487 unanimes
887 2465 909 2487 et
919 2464 1017 2487 anticos.
1030 2464 1133 2486 Subinde

282 2508 324 2531 pro
341 2502 488 2526 seducuntur
506 2505 528 2524 et
544 2504 717 2531 pervertuntur
735 2503 785 2525 Vat.
803 2509 857 2525 011111
875 2502 912 2525 ed.
931 2503 938 2524 l
956 2505 978 2525 et
991 2503 1004 2525 2
1016 2502 1134 2526 seducunt

282 2545 303 2565 et
319 2543 465 2572 pervertunt.

344 2580 353 2593 ³
372 2581 457 2604 Textus
475 2580 594 2609 originalis
611 2581 675 2603 addit
693 2580 756 2608 Quicl
772 2582 806 2604 est
822 2580 912 2603 servire
928 2581 993 2603 Deo?
1011 2581 1130 2610 (1010113111

281 2626 323 2648 pro
341 2619 469 2650 requirunt
485 2619 602 2642 substituit
619 2621 745 2649 quaerunt

344 2658 353 2671 ⁴¹
370 2659 430 2681 Libr.
450 2659 464 2680 l.
482 2659 512 2682 de
529 2658 615 2681 Officiis
633 2659 757 2681 ministrer.
773 2665 792 2681 c.
813 2659 851 2681 30.
863 2665 884 2681 n.
899 2659 955 2681 149:
968 2658 1075 2681 Ceterum
1088 2659 1132 2681 Do-

281 2698 357 2720 minus
369 2705 413 2720 11011
427 2699 487 2725 vult,
500 2699 568 2721 simul
580 2698 666 2720 effundi
678 2704 747 2726 opes,
760 2698 801 2720 sed
813 2698 948 2726 dispensari.
961 2698 1006 2721 Cir.
1019 2698 1131 2726 Gratiam„

281 2743 330 2759 can.
348 2737 465 2760 Dominus
482 2743 531 2760 non
550 2737 600 2760 uult
617 2737 685 2766 (l5.)‚
703 2737 755 2759 dist.
773 2737 811 2759 86.
828 2749 859 2754 —
876 2737 989 2760 Virtutem
1007 2737 1132 2760 consistere

282 2776 303 2798 111
320 2776 410 2804 medio,
428 2776 528 2799 ostendit
544 2776 648 2804 Ariston,
666 2777 690 2799 ΙΙ.
708 2776 779 2799 Ε11110.
796 2783 815 2799 0.
834 2777 856 2798 6.

344 2813 353 2826 ⁵
370 2815 475 2843 Aristot.‚
494 2815 517 2837 ll.
537 2815 606 2837 Ethic.
625 2821 643 2837 0.
661 2815 688 2837 7:
707 2814 771 2838 Circa
793 2815 943 2838 donationem
965 2815 1132 2843 acceptionem-

282 2859 327 2881 que
350 2854 503 2881 pecuniarum
528 2854 675 2876 mediocritas
697 2857 731 2876 est
748 2853 890 2882 liberalitas,
908 2860 1015 2877 excessus
1031 2857 1053 2877 et
1070 2854 1132 2876 dese-

282 2894 332 2914 ctus
346 2891 507 2921 prodiynlitas
526 2895 547 2915 01
565 2892 702 2915 illiberalitas
719 2899 759 2915 seu
777 2892 896 2921 avuritiu;
914 2893 936 2915 in
948 2892 1034 2922 quibus
1045 2895 1132 2915 contra-

282 2931 316 2953 rio
334 2931 404 2953 modo
421 2932 535 2954 excedunt
554 2935 576 2953 et
592 2932 702 2955 deficiunt
719 2932 832 2955 homines.
849 2932 962 2960 Prodigus
979 2932 1041 2955 enim
1057 2932 1080 2954 in
1091 2932 1132 2954 lar-

284 2970 370 2998 giendo
387 2971 488 2999 excedit,
508 2971 530 2993 111
547 2971 683 2999 accipiendo
700 2972 789 2999 deficit;
808 2977 893 2994 avarus
908 2974 987 2994 contra
1004 2971 1093 2994 excedit
1108 2971 1131 2994 in

284 3009 434 3037 accipiendo,
452 3009 473 3031 in
493 3009 571 3031 dando
588 3009 671 3032 deficit.
689 3009 733 3032 (111.
750 3009 807 3032 ibid.
824 3010 862 3032 1V.
879 3016 898 3032 0.
917 3011 937 3032 l.
956 3010 1058 3033 Vocatur
1070 3009 1132 3039 poli-

756 217 954 246 OPUSCULUM
975 217 1017 245 XI.
1039 216 1200 245 APOLOGIA
1222 217 1403 247 PAUPERUM.
1426 218 1494 247 CAP.
1517 219 1569 247 XII.

1185 295 1257 332 pavi
1278 298 1318 329 te,
1341 304 1375 324 ne
1396 296 1514 334 deneges
1534 295 1624 331 milii,
1647 296 1859 325 mendicitatem
1874 301 1900 326 et
1917 297 2035 327 divitias

1185 350 1220 369 ne
1241 341 1355 370 dederis
1375 341 1465 376 milti,
1486 343 1537 371 secl
1557 346 1673 372 tantum
1693 343 1785 372 victui
1804 352 1866 372 meo
1882 343 1975 372 tribue
1988 353 2035 373 ne-

1187 388 1335 421 cessaria,
1358 389 1452 418 volens
1473 389 1500 417 in
1523 390 1575 418 hoc
1596 389 1757 424 ostendere,
1779 389 1853 426 quod
1875 390 1966 419 virtus
1987 399 2034 427 po-

1186 434 1260 463 litica
1280 438 1355 463 tenet
1375 435 1497 464 medium
1512 439 1539 464 et
1553 436 1624 473 fugit
1638 439 1774 465 extrema.
1789 453 1828 457 -—
1843 437 1957 473 Propter
1977 437 2035 466 dis-

1184 481 1367 517 pensationis
1380 482 1516 518 pietate-m
1530 482 1595 511 dicit
1610 483 1637 511 in
1652 483 1814 512 Ecclesiaste
1826 484 1835 500 ⁷
1853 492 1903 520 pro
1918 492 2036 520 persona

1188 528 1303 556 rectoris
1324 528 1475 557 Ecclesiae:
1503 529 1606 557 Utilior
1627 533 1669 558 est
1682 530 1830 567 sapientia
1844 539 1911 559 eum
1925 531 2035 560 divitiis

1187 578 1212 602 et
1233 574 1330 612 mayis
1347 575 1469 612 prodest
1487 576 1651 604 videntibus
1672 576 1767 605 solem.
1801 577 1878 613 Quod
1908 577 1968 607 ideo
1995 578 2035 607 di-

1187 624 1263 650 ctum
1285 624 1341 656 est,
1363 622 1429 658 quia
1450 625 1544 658 pastor
1565 623 1675 660 sapiens
1695 623 1776 652 etiam
1802 625 1907 661 absque
1934 625 2036 655 divitiis

1187 668 1298 696 utiliter
1318 668 1420 705 pascit,
1452 669 1519 697 dum
1551 677 1662 706 gregem
1694 670 1819 699 aedificat
1850 671 1979 708 exemplo
2010 673 2037 700 et

1188 715 1287 749 verbo;
1310 715 1359 743 sed
1380 723 1444 744 cum
1465 715 1510 752 pia
1531 716 1734 753 dispensatione
1762 717 1920 746 divitiarum
1949 718 2036 754 pascit

1187 762 1307 795 utilius,
1330 762 1397 791 dum
1419 762 1520 797 verbo,
1542 763 1671 800 exemplo
1692 766 1719 792 et
1741 764 1885 801 temporali
1914 764 2036 794 subsidio

1186 809 1261 846 gregi
1284 809 1410 845 providet
1431 809 1482 838 sibi
1504 810 1658 839 commisso.
1682 810 1713 838 Et
1740 811 1793 839 hoc
1822 814 1864 839 est
1891 811 1965 848 quod
1993 819 2036 840 ca-

1185 864 1241 884 non
1253 855 1263 872 8
1284 855 1364 884 (11011;
1386 867 1398 881 «
1411 856 1540 893 Expedit,
1556 856 1700 885 facultates
1714 857 1849 886 Ecclesiae
1864 858 2035 894 possideri».

1187 902 1335 939 Propterea
1367 902 1564 931 Εο01031351059
1596 903 1719 939 praefato
1747 904 1833 932 verbo
1864 904 1946 941 paulo
1974 907 2037 934 ante

1186 949 1355 986 praemittit:
1373 949 1414 978 Ne
1428 949 1528 978 dieas:
1546 950 1637 986 Quid,
1649 954 1755 987 putas,
1770 959 1878 980 causae
1892 955 1945 986 est,
1960 952 2038 990 quod

1185 996 1291 1033 priora
1307 1000 1438 1034 tempora
1452 995 1577 1034 filerunt
1596 996 1733 1031 meliora,
1749 1006 1840 1036 quam
1853 1006 1933 1027 nunc
1946 998 2036 1027 sunt?

1187 1042 1283 1071 Stulta
1304 1046 1343 1071 est
1363 1043 1439 1071 enim
1460 1042 1664 1072 huiuscemodi
1693 1044 1894 1081 interroyatio.
1924 1045 1953 1073 In
1981 1053 2036 1082 quo

1186 1090 1279 1127 arguit
1300 1089 1445 1118 stultitiam
1470 1090 1676 1119 haereticorum
1705 1090 1918 1127 approbantium
1946 1092 2037 1121 Eccle-

1187 1137 1243 1165 siae
1264 1139 1383 1170 statum,
1405 1139 1553 1174 antequam
1575 1146 1591 1166 a
1623 1137 1796 1175 principibus
1827 1138 1981 1173 dotaretur,
2010 1141 2037 1168 et

1187 1183 1413 1220 reprobantium,
1436 1187 1583 1221 postquam
1606 1184 1698 1213 dotata
1719 1187 1768 1213 est.
1791 1185 1899 1221 Quibus
1923 1193 2038 1223 respon-

1186 1230 1232 1259 det
1244 1230 1276 1265 1⁰,
1298 1230 1373 1267 quod
1395 1231 1496 1259 utilior
1517 1235 1559 1260 est
1578 1231 1726 1268 sapientia
1747 1240 1814 1260 cum
1835 1232 1962 1266 divitiis,
1985 1232 2037 1261 boc

1187 1279 1228 1305 est
1249 1277 1289 1305 rei
1307 1277 1434 1314 publicae
1456 1280 1566 1306 sanctae
1579 1278 1676 1306 matris
1692 1278 1826 1307 Ecclesiae
1846 1279 1933 1316 magis
1951 1286 2038 1316 expe-

1187 1324 1280 1358 diens,
1302 1327 1417 1361 propter
1438 1324 1529 1353 varias
1550 1324 1735 1359 conditiones,
1752 1326 1943 1360 necessitates,
1959 1326 2036 1355 infir-

1188 1371 1297 1399 mitates
1318 1374 1345 1400 et
1367 1371 1574 1400 commoditates
1602 1371 1816 1400 multiformium
1840 1372 1942 1401 Christi
1970 1373 2037 1402 fide-

1188 1417 1255 1446 lium
1277 1421 1509 1455 congregatorum
1538 1418 1610 1446 intra
1641 1418 1854 1448 ecclesiasticam
1886 1419 2036 1454 unitatem,

1187 1464 1274 1493 instar
1296 1464 1464 1493 diversitatis
1485 1464 1646 1493 animalium
1668 1465 1742 1494 intra
1763 1473 1856 1495 arcam
1876 1466 1947 1501 Noe,
1976 1466 2037 1503 qui-

1187 1511 1241 1540 bus
1261 1512 1320 1549 ipse
1341 1511 1495 1548 praelatus,
1517 1512 1661 1540 sollicitam
1693 1520 1789 1541 curam
1821 1513 1972 1548 exhibens,
2004 1514 2038 1543 de

1188 1562 1269 1595 pastu
1290 1558 1446 1587 0000553110
1468 1558 1614 1595 providere
1639 1559 1721 1588 debet
1748 1567 1800 1596 pro
1828 1560 1887 1589 loco
1914 1563 1941 1589 et
1969 1564 2037 1589 tem-

1188 1613 1271 1642 pore,
1293 1605 1373 1633 iuxta
1395 1605 1531 1634 dictamen
1553 1605 1689 1642 largitatis
1710 1606 1837 1643 politicae
1851 1606 1964 1635 modum
1979 1615 2037 1636 ser-

1189 1652 1277 1680 vando
1298 1652 1325 1680 in
1347 1651 1558 1688 dispensatione.
1582 1652 1697 1689 Propter
1718 1653 1793 1690 quod
1807 1655 1835 1682 et
1848 1653 1875 1682 in
1890 1654 2038 1691 Agathensi

1189 1698 1304 1727 concilio
1316 1699 1340 1715 ¹¹
1362 1699 1546 1735 prohibentur
1569 1699 1744 1734 huiusmodi,
1773 1708 1808 1729 ne
1837 1708 1882 1730 res
1903 1701 2038 1730 Ecclesiae

1189 1745 1239 1774 sibi
1261 1745 1380 1774 creditas
1401 1746 1522 1775 alienare
1543 1750 1738 1783 praesumant,
1761 1747 1855 1784 ibique
1876 1748 2037 1777 conceditur

1187 1792 1399 1830 dispensationis
1420 1792 1559 1827 medium,
1582 1793 1629 1822 sed
1644 1793 1820 1822 interdicitur
1835 1794 2037 1831 dilapidationis

1190 1842 1358 1868 extremum.

2051 444 2078 465 De
2088 449 2133 469 101111

2055 1051 2115 1071 contri
2119 1059 2133 1073 31

2080 1076 2126 1096 reti..

2053 1191 2133 1220 1101311111,

1268 1888 1314 1915 ⁶20.
1338 1887 1515 1924 annyeliea
1536 1895 1603 1916 vero
1621 1891 1803 1924 paupertas,
1825 1895 1876 1925 pro
1903 1896 1935 1917 eo
1963 1888 2037 1925 quod
2049 1883 2127 1918 130111)Θί

2065 1922 2110 1940 vang
2121 1921 2133 1936 *a

1188 1933 1222 1962 ad
1243 1936 1355 1962 aeterna
1377 1933 1507 1970 spiritum
1528 1934 1669 1969 sublevat,
1692 1936 1823 1972 tanquam
1851 1943 1883 1964 ea
1910 1942 1982 1972 quae
2009 1935 2038 1963 in
2050 1941 2133 1960 duosiei

2118 1982 2119 1993 1

1189 1981 1270 2009 030115
1285 1981 1405 2009 totaliter
1420 1981 1590 2009 thesaurizat
1602 1981 1638 2015 1²,
1660 1981 1781 2018 perfecte
1795 1981 1883 2019 ipsam
1897 1980 2038 2019 profitenti

1189 2027 1286 2057 suadet
1307 2028 1436 2056 omnibus
1458 2028 1657 2064 temporalibus
1686 2028 1786 2058 debere
1818 2029 1918 2057 nudari
1946 2029 2038 2066 quoad

1189 2073 1325 2112 affectum
1339 2078 1423 2111 atque
1438 2075 1612 2109 dominium,
1628 2078 1655 2104 et
1670 2078 1756 2104 areta
1769 2076 1976 2104 sustentatione
1990 2084 2037 2105 ne-

1189 2121 1323 2150 cessitatis
1345 2129 1404 2150 esse
1426 2125 1586 2151 contentum
1608 2125 1744 2159 quantum
1766 2123 1806 2151 act
1827 2131 1923 2151 usum.
1947 2123 1978 2152 Et
1993 2123 2037 2152 hic

1191 2306 1250 2335 tica,
1268 2307 1323 2336 quia
1340 2309 1374 2329 est
1391 2307 1501 2334 hominis,
1520 2307 1541 2329 in
1558 2310 1671 2335 qnantum
1689 2309 1723 2329 est
1739 2307 1823 2329 animal
1840 2307 1934 2335 sociale,
1947 2310 1971 2329 ut
1987 2307 2039 2330 insi-

1190 2348 1247 2368 nuat
1263 2345 1393 2368 Macrobius
1415 2352 1441 2368 ex
1466 2346 1562 2368 Plotino.
1587 2345 1632 2369 Clr.
1657 2346 1756 2373 Bonav.,
1783 2345 1861 2369 Collat.
1883 2346 1905 2368 in
1931 2346 2038 2369 Hexaem.

1191 2385 1257 2414 (tom.
1276 2385 1312 2414 V.)
1330 2386 1403 2408 collat.
1422 2386 1443 2407 6.
1461 2391 1483 2407 n.
1502 2386 1539 2407 28.

1253 2424 1262 2437 Β
1279 2424 1334 2452 Cap.
1353 2425 1395 2452 30,
1413 2424 1435 2446 7.
1453 2430 1501 2453 seq.
1520 2425 1572 2447 Post
1589 2424 1686 2454 deneoes
1702 2424 1762 2447 milii
1779 2425 1878 2452 Vulgata
1890 2425 1955 2453 plura
1967 2425 2038 2448 addit.

1253 2462 1262 2475 ⁷
1279 2462 1335 2491 Cap.
1351 2463 1377 2490 7,
1398 2464 1433 2486 Ὶ12.
1451 2463 1496 2486 Cl'r.
1514 2470 1584 2491 supra
1602 2469 1657 2491 pag.
1674 2464 1731 2490 290,
1749 2466 1802 2486 nota
1819 2463 1840 2486 5.

1252 2501 1261 2514 ὃ
1278 2502 1345 2525 Cans.
1365 2503 1402 2525 12.
1421 2509 1444 2531 q.
1467 2503 1484 2524 1.
1502 2509 1522 2524 0.
1541 2503 1582 2524 lss:
1595 2502 1702 2530 Expedit,
1715 2503 1831 2525 facultates
1842 2503 1955 2526 Ecclesiae
1967 2503 2038 2531 possi-

1190 2542 1239 2564 deri
1257 2544 1279 2564 et
1296 2542 1403 2570 proprias
1420 2542 1566 2570 perfectionis
1582 2547 1662 2564 amore
1685 2542 1808 2564 contemni.
1830 2542 1879 2564 Non
1901 2542 1963 2564 0111111
1986 2548 2039 2570 pro-

1190 2581 1253 2608 priae
1270 2583 1334 2608 sunt,
1350 2581 1391 2603 sed
1408 2587 1544 2603 communes
1556 2581 1669 2603 Ecclesiae
1682 2581 1810 2608 facultate53
1823 2584 1846 2603 et
1857 2580 1909 2603 ideo
1921 2581 2037 2610 quisquis,

1189 2619 1299 2642 omnibus
1315 2626 1375 2648 quae
1393 2619 1473 2642 habuit
1490 2620 1591 2642 dimissis
1612 2622 1651 2642 3111
1676 2620 1788 2647 venditis,
1805 2620 1830 2642 fit
1848 2620 1882 2642 rei
1904 2626 1959 2642 suae
1981 2626 2038 2643 con-

1189 2661 1296 2687 temptor,
1313 2665 1367 2681 cum
1385 2659 1531 2687 praepositus
1549 2658 1616 2681 fuerit
1628 2660 1701 2681 factus
1712 2658 1836 2686 Ecclesiae,
1849 2659 1966 2686 omnium,
1978 2665 2038 2688 quae

1189 2697 1259 2720 habet
1276 2698 1387 2725 Ecclesia,
1405 2698 1503 2720 efficitur
1520 2698 1665 2726 dispensator
1682 2700 1724 2720 ete.
1742 2697 1821 2720 Canon
1838 2697 1881 2720 iste
1897 2700 1988 2720 sumtus
2004 2700 2038 2721 est

1189 2744 1215 2760 ex
1233 2738 1338 2766 Prosper.
1365 2738 1452 2766 (potius
1474 2737 1582 2766 Pomerii)
1605 2738 1629 2759 11.
1647 2737 1675 2759 de
1693 2737 1744 2759 Vita
1768 2737 1958 2765 contemplativa,
1975 2743 1996 2760 0.
2013 2737 2035 2760 9.

1252 2776 1261 2789 ⁹
1278 2776 1334 2805 Cap.
1351 2777 1378 2804 7,
1397 2777 1432 2798 1111.
1450 2777 1493 2799 Pro
1507 2776 1594 2806 priora
1613 2777 1652 2803 (lta
1669 2776 1738 2799 etiam
1760 2776 1868 2804 Vulgata)
1892 2776 1945 2799 edd.
1965 2782 2037 2806 prae-

1189 2815 1266 2839 terita.
1283 2815 1328 2839 Cl'r.
1345 2815 1450 2842 Hieron,
1467 2815 1557 2837 Alcuin.
1574 2817 1597 2837 01
1613 2815 1699 2837 Bonav.
1719 2815 1741 2837 111
1759 2816 1820 2837 hunc
1837 2815 1879 2837 loc.

1251 2853 1271 2866 ¹⁰
1289 2854 1353 2877 Vers.
1373 2854 1408 2876 42.
1423 2866 1454 2870 —
1467 2853 1569 2876 Subinde
1585 2853 1708 2881 respicitur
1725 2853 1781 2875 Gen.
1799 2853 1825 2880 7,
1838 2853 1859 2875 8.
1871 2859 1920 2882 seq.
1933 2853 1972 2882 (de
1983 2858 2037 2876 arca

1189 2894 1253 2922 Noe).

1251 2931 1270 2944 ¹¹
1289 2932 1348 2954 Vide
1364 2932 1478 2959 Gratian.‚
1496 2931 1563 2954 Caus.
1582 2931 1618 2953 42.
1636 2938 1658 2960 q.
1678 2932 1699 2954 sl.
1716 2938 1736 2954 e.
1754 2931 1832 2954 32-36.
1851 2933 1873 2954 et
1890 2937 1909 2953 0.
1927 2931 1965 2954 56.

1252 2970 1271 2983 ¹2
1288 2972 1366 2993 Matth.
1389 2972 1415 3000 6,
1439 2971 1484 2993 20:
1507 2971 1671 2993 Thesaurizate
1688 2973 1765 2993 autem
1788 2970 1855 2993 vobis
1872 2971 1991 2993 thesauros
2014 2970 2037 2993 111

1188 3010 1252 3032 03010
1269 3012 1311 3032 etc.
1329 3022 1360 3027 —
1378 3009 1481 3032 Subinde
1498 3016 1541 3038 pro
1558 3009 1638 3039 quoad
1654 3010 1670 3032 Β
1682 3009 1699 3032 C
1717 3010 1834 3039 quantum
1850 3008 1889 3032 ad.
