2133 3317
98 442 153 460 Falsa
165 441 234 464 imper·

107 464 194 483 sectionis
202 464 234 482 de-

107 488 174 507 finitio.

109 861 235 887 Coutradichtio

113 886 133 904 iu
145 886 229 904 assertis.

116 1330 169 1349 Alius
182 1335 235 1349 error

110 1354 240 1378 multipliciter

113 1378 236 1401 improbatus

242 216 299 245 240

245 294 371 322 mortale.
394 293 472 330 Quod
494 300 578 330 quam
600 292 635 320 sit
656 290 809 319 absurdum
831 293 859 319 et
880 298 896 319 a
910 290 1026 319 veritate
1040 289 1096 319 dis-

246 341 361 374 sentiat,
383 347 478 374 nemo,
501 339 549 376 qui
570 337 675 375 aliquid
696 337 789 371 novit,
811 337 929 374 ignorat.

326 387 351 416 3.
375 387 497 420 Dehinc,
518 385 635 422 vigilans
656 384 743 413 lector
764 383 903 418 attendat,
924 384 1045 421 qualiter
1067 383 1095 412 in

247 432 499 470 subsequentibus,
520 429 766 468 imperfectionem
794 430 944 464 definiens,
970 430 1021 459 sibi
1043 429 1095 467 ipsi

247 480 417 510 contradicat
446 481 550 516 aperte.
580 477 678 506 Subdit
705 477 798 506 enim:
825 488 839 502 α
854 477 1027 514 Imperfectio
1054 479 1096 506 est

247 528 338 557 citra1
368 526 576 563 possibilitatem
606 524 770 553 conditionis
798 524 938 553 humanae
958 532 1011 553 non
1034 531 1096 553 con-

245 573 359 603 formari
381 572 529 601 Christo».
552 571 604 601 Sed
632 572 685 600 hoc
713 573 803 608 potest
830 579 890 600 esse
918 579 972 600 non
1004 571 1095 600 solum

246 620 352 656 absque
374 621 485 656 peccato
506 618 633 652 mortali,
655 617 721 655 quia
742 618 837 646 nullus
858 617 892 646 ad
906 618 959 646 hoc
975 620 1096 652 tenetur,

246 674 345 695 verum
360 666 442 694 etiam
464 665 570 702 absque
591 664 707 699 veniali,
723 664 751 693 in
766 664 809 693 his
825 664 1009 701 potissimum,
1025 672 1097 701 quae

246 715 312 742 sunt
333 712 439 741 consilii
461 714 488 741 et
509 712 537 740 111
558 714 669 740 nostrae
691 713 834 748 ponuntur
863 711 967 740 liberae
998 711 1097 739 volun—

246 760 311 788 tatis
330 759 457 794 arbitrie,
479 766 510 788 ac
531 767 581 796 per
603 759 656 787 hoc
678 758 766 787 omitti
788 760 905 795 possunt
919 758 1025 795 absque
1040 758 1097 786 ullo

246 810 375 844 peccato,
397 806 470 835 sicut
490 813 624 843 expresse
646 808 721 842 patet
742 805 769 834 in
791 807 855 834 voto
876 805 1049 842 paupertatis
1070 807 1098 834 et

247 854 432 884 continentiae
446 853 589 891 virginalis
601 853 621 881 2.
634 869 671 873 —
687 852 766 889 Quod
780 856 874 881 autem
889 852 1042 889 subiungit,
1057 852 1098 881 di-

247 909 324 936 cens,
356 901 431 938 quod
456 909 501 930 «a
521 900 623 929 Christi
653 900 788 929 mandatis
816 902 843 928 et
874 899 934 928 eius
965 899 1098 936 operibus

246 948 407 978 discordare
427 951 469 977 est
490 947 678 985 imperfectio,
700 955 716 976 a
736 955 792 984 qua
813 947 981 984 Apostolus3
996 946 1098 976 dehor-

248 998 323 1024 tatur
344 995 495 1032 discipulos
510 1006 537 1029 »,
559 1002 614 1023 non
636 995 726 1023 solum
748 1002 764 1022 a
791 993 1022 1031 praecedentibus
1043 993 1098 1022 dis-

248 1045 336 1077 sonat,
360 1050 457 1071 verum
478 1042 560 1071 etiam
581 1042 609 1070 in
630 1049 659 1070 se
680 1041 893 1078 repugnantiam
915 1040 1020 1070 claudit
1040 1048 1100 1069 ma-

248 1090 385 1119 nifestam.
407 1090 476 1118 Nam
497 1089 670 1117 discordare
692 1097 711 1116 ct
734 1087 844 1117 Christi
861 1087 1012 1116 mandatis
1028 1095 1099 1116 sem-

248 1144 299 1173 per
321 1139 362 1165 est
383 1138 527 1172 peccatum
549 1134 682 1169 mortale,
697 1134 857 1163 discordare
872 1142 939 1163 vero
954 1142 973 1162 d
990 1133 1101 1162 Clu-ista·

250 1182 387 1220 operibus
418 1185 508 1219 potest
539 1189 599 1211 esse
627 1181 749 1215 veniale,
772 1181 815 1210 vel
847 1181 955 1209 nullum
987 1181 1100 1209 omnino

249 1233 402 1267 peccatum.
425 1230 544 1266 Apparet
565 1228 660 1266 igitur,
683 1228 757 1265 quod
772 1236 801 1257 se
816 1228 908 1265 ipsum
922 1235 1100 1265 nequaquam

249 1277 400 1311 intellexit,
422 1276 490 1305 dum
511 1276 539 1304 in
561 1275 655 1304 eadem
677 1275 865 1312 propositione
886 1274 941 1303 duo
963 1274 1014 1302 sibi
1037 1281 1101 1302 con-

251 1324 338 1353 traria
358 1323 442 1352 siinul
463 1322 587 1351 includit.
609 1339 649 1343 -—
669 1322 788 1356 Deinde,
811 1321 885 1359 quod
906 1321 992 1350 verba
1013 1320 1101 1349 incul-

252 1379 317 1400 cans
331 1371 365 1399 de
379 1369 594 1407 imperfectionis
609 1369 809 1403 notificatione,
825 1367 977 1402 subnectit,
992 1367 1100 1396 dicens:

257 1430 269 1443 «
284 1417 457 1455 Imperfectio
478 1417 550 1445 vitae
571 1419 613 1445 est
634 1424 649 1445 a
671 1416 767 1453 regula
789 1416 910 1444 iustitiae
931 1419 958 1444 et
979 1414 1102 1451 vestigiis

251 1466 353 1495 Christi
375 1465 560 1502 distorqueri,
582 1465 631 1493 ubi
652 1464 794 1493 Christum
827 1467 919 1501 posset
947 1463 1101 1492 secundum

251 1521 363 1542 carnem
385 1512 595 1549 corruptibilem
618 1511 718 1540 imitari
731 1522 758 1545 »3
780 1511 915 1544 ostendit,
938 1519 967 1539 se
988 1518 1043 1538 11011
1059 1517 1102 1538 so-

251 1561 309 1589 lum
330 1559 455 1588 veritatis
476 1559 655 1596 intelligentia
676 1566 813 1592 vacuum,
835 1557 882 1586 sed
897 1560 924 1586 et
938 1557 1031 1586 verbis
1046 1556 1103 1585 usi-

252 1607 338 1636 tatis4
359 1614 486 1643 egenum.
520 1606 625 1635 Verum
652 1605 685 1634 de
714 1605 807 1634 verbis
839 1612 908 1633 cura
929 1603 1103 1641 permodica,

254 1654 341 1691 magis
355 1656 448 1682 autem
463 1652 636 1682 discutienda
651 1652 727 1681 verbi
744 1652 880 1681 sententia
901 1654 928 1681 et
950 1651 1103 1681 abiicienda

252 1705 385 1738 tanquam
407 1700 531 1729 distorta.
554 1700 626 1729 Dicit
646 1699 735 1733 enim,
757 1699 831 1736 quod
852 1698 1048 1736 «imperfectio
1063 1700 1104 1727 est

253 1748 380 1777 distortio
408 1756 424 1776 a
451 1748 548 1784 regula
577 1746 736 1775 iustitiae».
758 1746 870 1775 Constat
898 1749 1007 1779 autem,
1029 1745 1104 1782 quod

259 1795 392 1824 «iustitia
413 1797 455 1824 est
485 1794 623 1823 rectitudo
655 1793 844 1827 voluntatis»,
866 1794 938 1822 sicut
966 1793 1032 1821 dicit
1052 1793 1104 1821 An-

255 1842 358 1871 selmus
369 1842 389 1870 ⁵.
419 1841 445 1870 Si
478 1841 563 1879 igitur
592 1844 633 1870 est
662 1841 797 1878 quaedam
830 1840 935 1869 iustitia
966 1839 1103 1877 perfecta,

255 1888 391 1926 quaedam
419 1888 595 1925 imperfecta,
617 1888 746 1925 sequitur
774 1887 945 1921 necessario,
974 1886 1049 1924 quod
1070 1886 1105 1915 sit

256 1936 390 1974 quaedam
419 1935 556 1964 rectitudo
582 1935 707 1964 distorta.
729 1951 766 1956 —
789 1934 926 1971 Amplius,
948 1934 970 1963 si
1002 1937 1043 1963 est
1064 1941 1106 1962 re-

255 1982 360 2011 ctitudo
381 1982 495 2016 iustitia,
515 1981 643 2010 distortio
665 1984 706 2010 est
728 1981 893 2010 iniustitias.
909 1980 936 2009 Si
954 1980 1040 2017 igitur
1056 1980 1106 2008 im-

256 2028 387 2067 perfectio
402 2029 528 2057 distortio
543 2031 601 2063 est,
623 2028 817 2065 imperfectum
833 2028 886 2056 erit
900 2027 1043 2056 iniustum.
1060 2027 1106 2056 Se-

257 2076 355 2113 quitur
376 2083 451 2112 ergO,
467 2076 489 2104 si
504 2075 676 2112 imperfectio
697 2078 738 2104 est
759 2075 902 2109 distortio,
924 2074 999 2112 quod
1014 2074 1107 2110 aliqua

258 2122 364 2151 iustitia
385 2122 420 2151 sit
441 2122 551 2151 iniusta.
567 2139 606 2143 ——
620 2122 761 2159 Denique,
784 2129 848 2150 cum
868 2132 882 2146 «
898 2121 988 2150 virtus
1002 2120 1106 2153 omnis,

258 2172 290 2198 ut
311 2169 348 2198 ait
369 2169 539 2206 Augustinus
551 2168 571 2203 ⁷,
593 2169 628 2197 sit
649 2169 720 2197 ratio
749 2171 825 2197 recta
836 2179 863 2202 »‚
885 2167 1040 2196 necessario
1066 2174 1108 2195 se-

259 2216 369 2254 quitur,
392 2216 466 2253 quod
487 2215 613 2245 distortio
635 2215 670 2244 sit
690 2218 843 2252 peccatum.
860 2214 886 2243 Si
906 2214 990 2251 igitur
1006 2214 1108 2250 imper-

259 2263 361 2292 fectum
384 2263 579 2292 universaliter
594 2266 635 2291 est
649 2262 791 2296 distortio,
807 2261 978 2300 imperfectio
994 2261 1108 2290 univer-

260 2311 353 2339 saliter
375 2313 416 2339 est
437 2313 588 2347 peccatum.
605 2310 673 2338 Cum
688 2317 754 2346 ergo
775 2309 868 2346 aliqua
888 2308 989 2337 caritas
1009 2308 1045 2337 sit
1058 2308 1110 2336 im-

260 2357 396 2395 perfecta,
419 2357 615 2394 consequentia
636 2356 791 2385 necessaria
805 2358 895 2393 potest
909 2355 1021 2389 inferri,
1037 2354 1111 2392 quod

727 212 926 242 OPUSCULUM
946 212 989 241 xl.
1010 211 1172 240 APOLOGIA
1193 211 1376 241 PAUPERUM.
1397 212 1466 241 CAP.
1488 212 1517 241 ΙΙ.

1152 289 1243 319 missis
1268 290 1420 318 secundum
1445 290 1646 319 notificationes
1666 289 1904 326 imperfectionis⁸
1927 297 2004 326 prae—

1153 336 1278 370 habitas,
1300 336 1375 373 quod
1396 336 1501 365 iustitia
1521 337 1556 366 sit
1586 336 1705 371 iniusta,
1727 336 1865 365 rectitudo
1885 336 2002 365 distorta

1153 386 1180 412 et
1201 382 1301 412 caritas
1323 383 1428 412 vitiosa.

1231 430 1258 458 li.
1280 430 1319 458 Ad
1341 430 1474 458 maiorem
1495 438 1608 467 quoque
1629 430 1783 467 imperitiae
1798 437 1865 459 suae
1880 429 2003 459 declara-
2016 437 2111 485 qggfflt,

1152 477 1256 506 tionem
1277 477 1362 514 paulo
1382 476 1522 513 posterius
1543 477 1652 511 subdit,
1673 477 1747 514 quod
1772 488 1786 502 α
1802 476 1915 513 Sapiens
1928 476 1938 493 ⁹
1960 484 2004 506 as-

1152 524 1236 558 serit,
1257 532 1401 561 magnam
1428 532 1488 552 esse
1517 523 1647 561 gloriam
1667 523 1750 562 sequi
1777 523 1955 558 Dominum,
1976 526 2004 553 et

1153 570 1227 608 quod
1246 574 1388 608 tanquam
1414 570 1576 607 simpliciter
1607 570 1712 599 dictum
1741 574 1782 599 est
1807 571 2004 600 universaliter

1153 617 1401 655 intelligendum».
1424 617 1503 654 Quod
1525 618 1547 646 si
1569 625 1668 646 verum
1690 622 1744 652 est,
1767 626 1832 646 cum
1859 618 1929 647 velle
1950 618 2004 647 Do-

1155 664 1262 693 minum
1285 663 1363 701 sequi
1386 664 1414 692 in
1434 664 1575 701 aliquibus
1606 664 1693 701 ipsius
1720 664 1828 693 actibus
1849 663 1885 692 sit
1905 671 2005 701 magna

1154 711 1341 748 praesumtio,
1363 714 1459 748 utpote
1480 711 1508 739 in
1529 711 1685 745 miraculis,
1700 711 1728 740 in
1744 711 1868 745 iudiciis,
1892 711 1920 740 in
1946 711 2005 740 vin-

1154 758 1234 787 dictis
1255 761 1282 787 et
1302 758 1330 786 111
1352 757 1546 795 praevidendis
1563 758 1667 787 futuris
1687 760 1714 787 et
1736 758 1941 792 consimilibus;
1956 757 2006 794 igi-

1156 807 1202 834 tur
1224 805 1246 833 si
1268 805 1386 834 verbum
1408 805 1460 833 hoc
1481 804 1645 842 simpliciter
1672 804 1778 833 dictum
1799 807 1841 833 est
1861 804 2005 833 universa-

1154 853 1217 881 liter
1245 852 1471 889 intelligendum,
1499 854 1548 880 aut
1572 859 1685 889 magna
1711 851 1810 889 gloria
1843 851 1899 880 erit
1925 850 2008 889 sequi

1157 899 1315 928 Dominum
1343 899 1370 928 in
1399 899 1458 933 his,
1480 898 1514 927 ad
1535 906 1607 936 quae
1634 899 1763 935 «aspirare
1789 901 1830 927 est
1861 905 2006 935 praesum-

1155 949 1268 975 tuosum
1289 949 1317 975 et
1337 945 1456 982 impium
1469 946 1501 980 1⁰,
1523 948 1572 974 aut
1602 945 1756 974 secundum
1784 945 1864 974 istius
1892 952 2006 982 perver-

1156 1001 1218 1022 sum
1240 993 1373 1021 iudicium
1395 992 1509 1029 Sapiens
1530 992 1602 1021 dixit
1622 992 1732 1021 falsum.
1753 1008 1788 1012 ——
1811 992 1878 1020 Huic
1894 999 2007 1029 quoque

1156 1040 1310 1069 dementiae
1338 1042 1365 1068 et
1396 1040 1477 1068 aliam
1499 1048 1554 1068 non
1575 1039 1712 1068 minorem
1732 1038 1872 1076 adiungit,
1898 1039 2008 1073 dicens,

1157 1087 1232 1124 quod
1259 1099 1272 1112 «
1283 1087 1411 1116 Christus
1428 1087 1593 1115 adolescenti
1609 1086 1696 1115 dixit:
1713 1086 1834 1124 Sequere
1849 1094 1893 1114 me
1905 1087 1938 1120 ¹¹,
1953 1094 2009 1114 non

1157 1133 1352 1171 distinguendo
1373 1134 1401 1162 111
1423 1134 1526 1170 quibus
1541 1136 1568 1162 et
1582 1133 1728 1170 qualibus,
1744 1133 1791 1162 sed
1806 1132 1967 1169 simplissiter
1978 1142 2006 1166 »ς

1163 1192 1176 1206 α
1187 1183 1215 1209 et
1231 1189 1338 1217 magna,
1354 1184 1386 1209 ut
1400 1180 1475 1214 dicit,
1490 1180 1661 1217 praesumtio
1676 1182 1726 1213 est,
1742 1180 1813 1208 velle
1827 1179 2007 1216 distinguere,

1157 1227 1204 1256 ubi
1227 1227 1362 1256 Dominus
1383 1236 1438 1256 11011
1459 1227 1599 1261 distinxit,
1621 1227 1688 1264 quia
1709 1226 1873 1263 legislatoris
1888 1229 1929 1255 est
1944 1234 2008 1263 pro-

1158 1274 1250 1311 prium
1273 1274 1360 1311 legem
1383 1273 1576 1310 interpretari,
1599 1281 1683 1310 quam
1706 1273 1865 1302 condidit».

1239 1322 1264 1349 5.
1287 1321 1315 1349 In
1337 1329 1393 1358 qua
1414 1320 1526 1357 quidem
1548 1320 1700 1349 assertione
1718 1323 1745 1349 et
1760 1320 1812 1357 ipsi
1827 1320 1890 1349 fidei
1905 1322 1932 1349 et
1947 1327 2008 1348 san-

1159 1371 1269 1397 ctorum
1290 1369 1403 1397 Patrum
1426 1368 1577 1396 sententiae
1608 1370 1636 1396 et
1663 1367 1746 1396 etiam
1767 1367 1877 1396 sibimet
1899 1369 2008 1396 contra—

1158 1415 1224 1444 dicit
1245 1422 1386 1452 expresse.
1408 1415 1475 1443 Nam
1497 1415 1533 1449 si,
1548 1414 1596 1443 ubi
1618 1414 1746 1443 Christus
1760 1414 1788 1443 in
1803 1422 1931 1443 sermone
1946 1422 2010 1451 pro-

1158 1463 1220 1500 prio
1242 1463 1301 1499 ipse
1322 1470 1377 1491 non
1392 1462 1535 1496 distinxit,
1551 1470 1601 1491 nec
1616 1470 1666 1490 nos
1681 1461 1815 1490 debemus
1829 1461 2009 1498 distinguere,

1160 1518 1224 1538 cum
1245 1509 1365 1537 dixit12:
1388 1510 1480 1537 Pater
1500 1509 1599 1537 maior
1620 1517 1664 1537 me
1685 1512 1742 1543 est,
1764 1511 1840 1537 errat
1861 1508 2011 1538 catholicae

1160 1556 1223 1585 fidei
1246 1564 1359 1590 sensus,
1381 1564 1437 1593 quo
1458 1556 1587 1590 docetur,
1610 1563 1665 1584 non
1686 1555 1720 1584 ad
1748 1555 1850 1584 Christi
1879 1555 2010 1584 Divinita-

1161 1606 1230 1637 tem,
1252 1603 1300 1632 sed
1321 1603 1355 1631 ad
1376 1603 1436 1631 eius
1458 1603 1650 1631 tantummodo
1681 1602 1882 1631 humanitatem
1905 1601 2011 1639 praefa-

1161 1652 1220 1679 tum
1243 1649 1361 1679 verbum
1384 1657 1444 1678 esse
1459 1649 1645 1678 referendum.
1663 1666 1699 1670 —
1715 1649 1815 1678 Errant
1829 1649 2010 1678 nihilominus

1161 1697 1268 1731 Sancti,
1285 1697 1332 1734 qui
1355 1696 1457 1725 Christi
1472 1696 1636 1733 explicando
1651 1696 1761 1734 eloquia
1776 1699 1803 1725 et
1817 1695 2011 1733 distinguendo

1161 1747 1307 1781 exponunt
1327 1747 1355 1773 et
1375 1744 1540 1781 exponendo
1571 1744 1800 1781 interpretantur.
1823 1761 1862 1765 —
1883 1744 1964 1772 Errat
1984 1746 2012 1773 et

1162 1791 1235 1828 ipse,
1258 1791 1307 1828 qui
1329 1794 1531 1828 consequenter
1559 1791 1642 1820 etlam
1670 1791 1697 1819 in
1726 1791 1778 1820 hoc
1800 1791 1885 1820 verbo
1913 1790 2010 1820 distin-

1162 1838 1222 1875 guit
1242 1838 1352 1873 dicens,
1374 1838 1448 1875 quod
1475 1849 1489 1863 r<
1504 1846 1559 1867 non
1580 1837 1745 1875 intelligitur
1766 1837 1800 1867 de
1821 1837 1929 1866 actibus
1950 1844 2011 1874 spe—

1162 1885 1302 1914 ctantibus
1322 1885 1356 1913 ad
1377 1885 1515 1922 graduum
1537 1888 1564 1914 et
1595 1884 1759 1922 dignitatum
1792 1884 2011 1918 distinctionem,

1163 1932 1211 1962 sed
1231 1932 1265 1961 de
1286 1932 1347 1961 aliis
1368 1935 1476 1961 tantum
1489 1944 1516 1960 ».

1243 1980 1268 2008 6.
1291 1979 1396 2008 Verum
1417 1987 1467 2008 nec
1490 1979 1533 2008 his
1553 1981 1700 2008 contentus
1714 1978 1854 2013 stultitiis,
1870 1978 2013 2016 subiungit

1163 2029 1190 2056 et
1211 2026 1293 2061 alias,
1315 2034 1459 2060 asserens,
1481 2025 1555 2063 quod
1576 2025 1684 2059 dicere,
1705 2025 1792 2054 Deum
1808 2025 1912 2062 aliquid
1933 2032 2014 2062 prae-

1164 2073 1269 2110 cepisse
1299 2072 1441 2110 perfectis,
1463 2081 1517 2101 non
1547 2072 1729 2109 imperfectis,
1752 2080 1832 2101 error
1864 2072 1899 2101 sit
1929 2072 2014 2101 Mani-

1165 2120 1317 2149 chaeorum
1338 2122 1365 2148 et
1387 2127 1431 2148 res
1447 2119 1538 2156 magni
1554 2118 1686 2156 periculi,
1702 2127 1756 2147 non
1772 2119 1917 2148 attendens
1939 2118 2013 2156 quod

1165 2174 1242 2195 sacer
1263 2166 1329 2195 dicit
1350 2166 1534 2202 Hieronymus
1556 2166 1626 2194 libro
1651 2165 1772 2195 secundo
1785 2166 1807 2182 ¹³
1829 2168 1926 2194 contra
1947 2166 2015 2194 Iovi-

1165 2214 1288 2243 nianum.
1310 2214 1352 2242 Ait
1373 2214 1462 2242 enim:
1489 2225 1502 2238 «
1518 2213 1648 2250 Nunquid
1679 2213 1808 2242 omnibus
1836 2215 2015 2250 praeceptum

1167 2264 1223 2295 est,
1245 2268 1280 2289 ne
1300 2260 1370 2289 duas
1391 2260 1499 2289 tunicas
1521 2260 1655 2294 habeant,
1677 2268 1711 2289 ne
1733 2260 1808 2289 cibos
1829 2260 1857 2288 in
1878 2268 1954 2297 pera,
1970 2267 2016 2289 aes

1168 2307 1194 2336 in
1216 2315 1299 2341 zona,
1321 2307 1505 2335 calceamenta
1536 2307 1564 2335 in
1593 2306 1724 2343 pedibus,
1747 2309 1778 2335 ut
1810 2306 1929 2335 vendant
1954 2306 2016 2335 uni-

1169 2362 1264 2389 versa,
1286 2362 1358 2391 quae
1386 2354 1505 2388 habent,
1527 2357 1554 2383 et
1582 2357 1736 2390 sequantur
1758 2354 1864 2388 Iesum,
1893 2353 1941 2382 sed
1972 2353 2015 2382 his

1169 2401 1217 2439 qui
1248 2401 1346 2430 volunt
1376 2408 1436 2430 esse
1467 2400 1604 2438 perfecti?
1635 2400 1758 2437 alioquin
1790 2408 1840 2429 cur
1871 2408 1888 2428 a
1919 2400 2017 2429 Ioanne

261 2405 361 2433 caritas
382 2408 423 2433 est
444 2404 595 2441 peccatrix.
611 2404 647 2432 Ac
668 2411 717 2441 per
739 2404 791 2432 hoc
813 2402 952 2440 colligitur
973 2410 1010 2431 ex
1032 2409 1111 2439 prae—

325 2545 333 2558 ¹
352 2546 409 2570 Cod.
427 2547 444 2568 B
463 2546 539 2575 duma,
557 2546 593 2569 ed.
613 2547 621 2568 1
644 2549 666 2568 01
684 2547 696 2568 2
714 2545 786 2569 circa.

326 2585 335 2599 2
352 2586 396 2609 Csr.
414 2586 491 2609 Mattli.
513 2586 547 2613 19,
565 2586 601 2608 16.
620 2592 697 2614 seqq.;
716 2586 732 2608 1.
748 2585 801 2609 Cor.
817 2586 844 2613 7,
864 2586 901 2609 25.
919 2592 985 2615 seqq.

326 2624 335 2638 3
352 2626 423 2653 Epist.
437 2626 451 2648 1.
463 2626 524 2648 101111.
538 2626 560 2653 2,
572 2625 595 2647 3.
612 2631 677 2654 seqq.
695 2637 726 2642 —
744 2625 776 2647 De
793 2628 888 2653 peccato
906 2624 1005 2648 mortali
1022 2625 1111 2653 (contra

263 2665 303 2687 Dei
320 2665 466 2693 mandatum)
485 2667 507 2687 01
524 2667 619 2692 peccato
636 2664 724 2687 veniali
742 2664 842 2693 (praeter
854 2664 894 2687 Dei
910 2664 1056 2693 mandatum)
1070 2665 1111 2687 cfr.

263 2704 358 2732 Bonav.,
376 2705 400 2726 11.
418 2704 480 2726 Seut.
497 2704 520 2726 d.
539 2703 575 2726 42.
593 2709 614 2726 a.
632 2704 653 2726 2.
671 2710 694 2732 q.
716 2704 734 2726 1.
750 2704 774 2726 111
791 2710 856 2732 corp.

326 2742 335 2757 ⁴
353 2744 384 2766 tta
401 2743 417 2766 C
429 2744 514 2770 DEG,
531 2743 584 2766 edd.
602 2742 716 2767 veritatis.

326 2781 336 2794 ⁵
352 2783 385 2805 De
402 2782 521 2810 Conceptu
539 2782 624 2810 virgin.
641 2785 663 2805 et
679 2782 738 2810 orig.
756 2788 820 2810 pecc.
838 2788 857 2805 c.
876 2783 902 2810 33
920 2782 1008 2811 Dialog.
1025 2782 1056 2805 de
1073 2787 1113 2805 ve-

264 2821 343 2849 ritate,
360 2827 381 2844 c.
399 2822 435 2844 12.
452 2834 483 2838 -
499 2822 595 2844 Inferius
621 2827 664 2849 pro
688 2821 804 2845 rectitudo
830 2821 932 2845 distorta
955 2822 1010 2845 edd.
1032 2824 1113 2844 contra

266 2860 334 2884 codd.
351 2860 441 2884 iustitia
458 2860 567 2884 distorta.

328 2898 338 2912 ‘⁵
355 2900 386 2922 tta
403 2900 483 2928 codd.;
501 2900 555 2922 edd.
572 2899 687 2923 rectitudo
705 2900 779 2928 iusta,
801 2899 909 2924 distortio
926 2899 998 2923 etiam
1015 2899 1113 2923 iniusta.

266 2939 367 2961 inferius.
378 2944 421 2966 pro
437 2938 467 2962 sit
484 2938 573 2962 iniusta
588 2939 605 2961 F
621 2938 652 2962 sic
668 2938 793 2962 iniustitia.

329 2975 338 2989 ⁷
355 2976 417 2999 Libr.
436 2977 451 2999 1.
470 2977 564 3006 soliloq.
582 2984 602 3000 e.
620 2978 641 2999 6.
666 2984 689 3000 n.
708 2978 750 3000 131
769 2978 794 3000 Et
811 2979 868 3000 haec
886 2980 919 3000 est
937 2983 992 3000 vere
1012 2978 1114 3005 perfecta

265 3015 351 3043 virtus,
368 3016 426 3038 ratio
443 3016 583 3043 perveniens
600 3016 629 3039 ad
646 3016 715 3039 finem
733 3023 809 3039 suum.
828 3015 873 3039 Cfr.
889 3016 984 3045 Bonam,
1005 3016 1028 3038 11.
1052 3016 1114 3038 Sent-

1168 2546 1191 2568 d.
1208 2545 1245 2567 27.
1264 2544 1320 2567 dub.
1339 2545 1365 2567 3:
1383 2545 1406 2567 111
1424 2543 1598 2572 comparatione
1614 2542 1646 2565 ud
1661 2542 1732 2573 finem
1749 2542 1782 2565 sic
1799 2541 1907 2564 definitur
1922 2540 2016 2571 [virtus]

1168 2584 1197 2607 ab
1214 2584 1345 2612 Augustino
1362 2584 1385 2606 111
1403 2583 1547 2612 Soliloquiis:
1566 2582 1644 2605 Virtus
1661 2584 1695 2604 est
1711 2580 1774 2604 ratio
1795 2582 1872 2610 recta,
1895 2580 1926 2604 ad
1948 2586 2017 2603 stulu]

1168 2624 1237 2646 finem
1256 2623 1404 2651 peri-eniens.

1231 2661 1241 2675 ⁸
1258 2662 1331 2685 Codd.
1349 2664 1367 2685 Α
1378 2663 1394 2684 B
1404 2662 1421 2684 D
1431 2662 1449 2684 G
1464 2660 1623 2691 perfectionis.

1232 2701 1242 2714 ⁹
1259 2702 1326 2725 Eccli.
1344 2702 1381 2730 23,
1400 2702 1442 2724 38:
1459 2700 1534 2723 Gloria
1553 2705 1639 2728 magna
1656 2702 1689 2722 est
1706 2699 1773 2728 sequi
1790 2699 1923 2721 Dominum.

1233 2741 1252 2754 ¹0
1269 2743 1300 2764 lta
1317 2741 1401 2768 cocld.;
1418 2741 1472 2764 edd.
1488 2739 1633 2770 imperitum.
1883 2758 1921 2763 Χ

1233 2780 1251 2793 11
1270 2781 1346 2803 Matth.
1368 2781 1407 2808 19,
1425 2781 1462 2802 21.
1480 2793 1511 2795 —
1527 2780 1577 2802 Mox
1589 2785 1631 2807 pro
1643 2777 1808 2808 distinquendo
1822 2778 1861 2806 (ita
1874 2776 1951 2806 codd.)
1964 2777 2018 2800 edd.

1170 2819 1325 2849 distiuyuens.

1234 2858 1253 2872 ¹2
1271 2860 1333 2881 toan.
1354 2859 1392 2887 14,
1411 2859 1448 2881 28.

1234 2896 1253 2910 ¹⁸
1269 2898 1339 2921 Num.
1356 2898 1377 2919 6.
1395 2897 1525 2925 Respicitur
1542 2897 1618 2919 Matth.
1634 2896 1676 2924 10,
1694 2896 1715 2918 9.
1733 2902 1781 2924 seq.
1799 2895 1849 2923 (cfr.
1866 2895 1935 2917 Marc.
1952 2894 1979 2922 6,
1997 2894 2018 2915 8.

1171 2943 1232 2966 seq.;
1250 2938 1306 2960 Luc.
1323 2937 1344 2964 9,
1362 2936 1393 2965 3.)
1411 2939 1433 2959 et
1452 2936 1492 2965 19,
1511 2936 1553 2958 21:
1571 2936 1594 2958 Si
1611 2935 1648 2958 vis
1659 2935 1775 2963 perfectus
1786 2940 1849 2962 esse,
1862 2933 1929 2960 vade,
1942 2932 2019 2955 vende

1171 2982 1231 3005 quae
1256 2975 1352 2999 habes...
1377 2978 1399 2998 et
1424 2975 1488 3003 veni,
1514 2980 1612 3003 sequere
1629 2980 1675 2997 me.
1693 2974 1727 2996 De
1748 2973 1831 2996 Ioanne
1848 2972 1902 2995 vide
1919 2972 1974 2994 Luc.
1992 2971 2019 3000 3,

1173 3015 1251 3038 12-14.
1268 3015 1321 3038 Post
1337 3014 1444 3044 alioquin
1455 3014 1474 3037 A
1482 3014 1500 3036 Β
1509 3014 1526 3037 C
1535 3014 1554 3037 D
1564 3014 1580 3036 E
1592 3019 1646 3037 cum
1658 3016 1720 3037 textu
1731 3012 1835 3041 originali
1848 3011 1955 3035 omittunt
1967 3016 2020 3034 cur.

2024 998 2076 1017 Alius
2091 1004 2116 1021 eii.

2026 1326 2105 1350 Reproha
2112 1333 2114 1339 ·

2031 1350 2105 1374 triplieit

2026 1984 2079 2003 Aliae
2090 1985 2110 2002 sti
2121 1992 2123 1998 ·

2067 2007 2108 2026 tiae.
2118 2013 2119 2016 ¹
