2133 3317
134 1051 233 1070 Ascensio.

106 1849 164 1868 Sedet
170 1850 195 1868 ad
204 1849 248 1868 dex-

124 1874 183 1900 teram
196 1873 231 1892 Pa-

153 1899 195 1916 tris.

251 216 288 244 8⁶.)
581 214 777 244 OPUSCULUM
799 215 838 243 ΙΙΙ.
862 215 984 244 LlGNUM
1006 215 1102 244 VITAE

251 294 334 323 etiam
350 304 363 318 α
377 294 408 322 in
419 294 501 322 onzni
511 293 570 322 loco
585 293 796 321 dominationis
812 293 890 330 Regis
905 293 1020 327 aeterni,
1036 293 1103 322 edu-

251 344 313 370 ctus
334 341 447 378 quidem
468 340 502 368 ad
523 340 671 377 imperium
694 340 742 368 Dei
764 340 831 369 caeli
852 340 886 369 de
901 348 1012 369 carcere
1027 348 1103 368 mor-

252 388 288 417 tis
308 391 335 416 et
367 387 537 421 inferorum,
564 390 591 415 et
621 389 747 415 attonsus
776 386 951 415 mortalitatis
979 395 1102 422 comam,

253 434 433 463 commutavit
454 436 559 462 vestem
581 433 672 462 carnis
687 433 715 461 in
730 433 945 462 immortalitatis
959 434 1102 468 decorem,

252 484 279 510 et
310 484 442 518 tanquam
475 489 560 509 verus
591 481 712 517 Moyses,
744 480 778 509 de
812 481 893 518 aquis
927 481 1103 510 mortalitatis

251 531 392 557 assumtus
404 529 424 562 ¹,
447 527 596 556 Pharaonis
611 528 792 556 subnervavit
813 528 962 565 imperium
976 540 1004 562 »‚
1027 530 1103 557 tanto

252 575 418 604 sublimatus
439 575 561 609 honore,
582 578 615 603 ut
635 575 667 603 iu
687 575 804 603 nuntiae
818 575 914 612 ipsius
929 584 1012 604 omne
1025 584 1103 613 gyenu

250 621 386 659 flectatur
407 622 591 656 caelestium,
614 622 798 651 terrestrium
819 626 844 651 et
864 621 1041 660 inferorum.

388 716 514 745 Fuccrus
536 717 566 745 X.
589 717 753 745 Sumnnms
775 724 961 746 ASCENsioivis.

461 811 559 845 Iesus,
582 811 687 839 (luctor
708 811 852 839 exereitus
866 810 885 839 2.

330 905 391 941 37„
409 905 597 942 Quadraginta
633 907 693 942 post
724 905 959 934 resurrectionem
991 905 1101 934 Domini

251 952 371 989 peractis
392 952 505 986 diebus,
521 961 575 981 non
598 953 657 981 sine
679 953 768 989 magni
792 953 980 990 designatione
1001 956 1103 989 myste-

253 999 286 1027 rii
312 999 339 1027 in
360 1000 420 1036 ipso
442 999 654 1036 quadragesimo
675 1000 718 1028 die
740 1000 931 1028 convescens³
954 1007 1015 1027 una
1035 1007 1103 1027 cum

253 1046 406 1084 discipulis
427 1047 508 1081 sais,
531 1047 667 1084 benignus
689 1047 817 1084 Magister
845 1047 873 1075 in
902 1048 1020 1075 Montein
1053 1046 1103 1075 oli—

253 1094 308 1123 veti
324 1094 491 1128 conscendit,
507 1097 534 1123 et
548 1094 624 1128 inde,
639 1094 804 1122 videntibus
819 1094 891 1128 illis,
907 1094 1023 1122 eleuatis
1040 1102 1103 1121 ma-

252 1141 339 1170 nibus
366 1140 518 1178 ferebatur
549 1141 580 1169 iu
611 1141 739 1175 caelum,
762 1141 893 1178 nubeque
924 1140 1102 1177 interposita,

253 1196 325 1226 quae
355 1188 548 1217 ascendentem
582 1188 699 1225 recepit,
729 1188 858 1217 humanis
890 1196 919 1217 se
954 1187 1104 1217 occultavit

253 1235 427 1272 aspectibus;
450 1235 545 1272 sicque
574 1235 731 1264 ascendens
760 1236 791 1263 iu
820 1235 931 1269 altum,
954 1235 1104 1271 captiuam

256 1283 342 1311 duxit
363 1283 575 1320 captiuitatem,
598 1286 625 1311 et
646 1283 713 1311 caeli
735 1286 832 1319 aperta
854 1283 908 1311 iam
924 1286 1014 1319 porta,
1028 1291 1103 1319 pan-

254 1330 324 1358 [teus
340 1330 394 1358 iter
409 1330 606 1366 sequentibus,
628 1330 741 1358 exsules
757 1329 915 1358 introduxit
930 1329 958 1357 in
973 1337 1102 1366 regnum,

254 1377 380 1405 concives
401 1376 462 1405 illos
485 1376 586 1405 faciens
608 1377 775 1413 Angelorum
796 1379 823 1404 et
844 1376 1014 1404 domesticos
1039 1376 1102 1409 Dei,

255 1426 393 1460 quatenus
414 1427 441 1452 et
469 1424 566 1452 ruinas
597 1426 769 1452 restauraret
790 1423 927 1460 angelicas
948 1426 976 1451 et
997 1422 1102 1451 aeterni

254 1470 341 1499 Patris
356 1471 513 1499 cumularet
528 1471 662 1499 honorem
677 1473 703 1499 et
718 1478 747 1498 se
763 1470 996 1506 triumphatorem
1012 1473 1103 1498 osten-

252 1517 331 1546 deret
352 1520 379 1546 et
400 1518 549 1546 Dominum
570 1518 748 1546 exercituum
770 1525 799 1546 se
821 1525 880 1546 esse
902 1517 1042 1554 probaret.

512 1612 610 1645 Iesus,
632 1612 709 1640 caelo
732 1612 851 1640 leuatus.

332 1705 378 1734 38.
401 1705 582 1734 Psalleutibus
597 1706 705 1742 Angelis
720 1709 746 1734 et
761 1705 968 1734 exsultantibus
987 1704 1102 1739 Sanctis,

253 1752 327 1781 Deus
348 1755 375 1781 et
396 1752 530 1781 Dominus
552 1753 717 1789 Angelorum
733 1756 761 1781 et
776 1752 919 1780 hominum
935 1760 1025 1789 super
1040 1761 1105 1780 cae-

253 1799 294 1827 los
315 1800 464 1828 caelorum
486 1800 638 1828 asceiulit4
659 1803 686 1828 et
707 1808 796 1836 super
815 1808 928 1836 pennas
949 1803 1103 1828 ventorum

253 1847 325 1875 mira
345 1847 489 1884 potestatis
510 1847 631 1884 agilitate
646 1847 747 1875 volavit
763 1846 888 1883 seditque
903 1846 937 1875 ad
958 1847 1103 1875 dexteram

253 1894 356 1929 Patris,
379 1897 458 1923 tanto
480 1894 581 1923 melior
604 1894 723 1931 Auqelis
743 1892 868 1932 effectus,
892 1897 1001 1932 quanto
1023 1893 1103 1931 (liffe-

253 1940 367 1969 rentius
387 1949 461 1977 prae
482 1940 540 1969 illis
560 1941 682 1969 sortitus
697 1944 737 1969 est
750 1949 871 1974 nomeu,
887 1940 982 1977 ibique
1001 1940 1103 1977 iugiter

253 1987 350 2016 vultui
379 1987 568 2025 benignissimi
598 1988 685 2016 Patris
706 1991 832 2024 apparet
853 1988 893 2016 acl
918 1987 1103 2025 interpellati*

1107 238 1112 243 .
1135 216 1177 244 DE
1200 216 1367 245 MYSTERIO
1388 217 1676 246 GLORIFICATIONIS.

1160 294 1231 322 (lum
1251 303 1306 331 pro
1327 295 1417 324 uobis.
1447 295 1527 324 Talis
1547 296 1625 324 enini
1656 295 1787 330 decebat,
1810 300 1842 325 ut
1862 297 1944 326 nobis
1965 307 2006 326 es-

1159 345 1201 369 set
1222 341 1369 379 Pontifex,
1390 346 1527 376 sav‘tetus,
1549 342 1702 376 innocens,
1718 343 1898 380 impollutus,
1913 353 2007 382 seqre-

1158 392 1248 425 9atus
1268 397 1288 417 a
1307 389 1509 425 peecatoribus
1530 393 1556 417 et
1575 389 1714 418 excelsior
1728 389 1815 419 caelis
1829 389 1943 427 factus,
1959 392 2007 428 qui

1159 435 1187 463 in
1207 435 1325 464 dextera
1350 436 1497 465 Maiestatis
1517 436 1664 470 assistens,
1686 436 1775 465 vultui
1798 440 1928 473 paternae
1950 439 2007 475 glo—

1160 482 1217 511 riae
1239 483 1401 517 vulnerum‚
1424 491 1495 520 quae
1526 491 1578 519 pro
1608 483 1687 512 nobis
1712 484 1843 520 pertulit,
1866 485 2007 514 cicatrices

1159 529 1325 558 ostenderet.

1243 587 1256 600 «
1271 576 1378 605 Gratias
1399 576 1448 605 tibi
1470 576 1585 610 referat,
1609 577 1722 606 Domine
1737 577 1832 612 Pater,
1847 578 1936 607 omnis
1957 578 2009 607 lin·
2025 586 2094 606 Oratio.

1159 631 1214 660 gua
1234 631 1319 660 super
1347 623 1524 652 inenarrabili
1546 623 1617 652 dono
1641 624 1866 653 affluentissimae
1887 625 2009 655 caritatis

1148 672 1239 704 tuae,
1261 670 1309 707 qui
1342 670 1425 699 unico
1456 670 1532 698 Filio
1561 670 1659 699 cordis
1691 670 1736 699 tui
1759 680 1817 699 uon
1839 672 2007 708 pepercisti,

1159 717 1209 745 secl
1230 725 1295 745 eunt
1314 725 1370 754 pro
1391 716 1474 745 nobis
1495 717 1630 746 ammaus
1645 717 1798 746 tradidisti
1809 718 1819 735 ⁵
1838 718 1865 746 in
1880 722 2007 754 mortem,

1160 767 1192 792 ut
1213 767 1321 793 tantum
1344 768 1456 801 tamque
1478 764 1587 793 fidelem
1610 765 1785 793 aduocatum
1807 773 1899 794 coram
1915 768 1942 794 te
1956 765 2008 795 lia-

1160 811 1291 840 beremus
1313 812 1340 840 in
1362 811 1465 840 caelis⁶
1480 822 1508 840 ».

1377 906 1476 939 Iesus,
1498 906 1626 943 largitor
1648 906 1786 943 Spiritus.

1240 999 1285 1028 39.
1308 1000 1417 1036 Septem
1439 1008 1551 1037 quoque
1573 1000 1733 1037 septimanis
1754 1001 1862 1030 dierum
1877 1010 1894 1030 a
1914 1010 2009 1031 resur-

1161 1046 1282 1075 rectione
1304 1047 1446 1080 excursis,
1473 1047 1704 1084 quinquagesimo
1736 1048 1841 1076 scilicet
1861 1048 1921 1082 die,
1943 1057 2009 1077 con-

1159 1093 1290 1130 yrcyatis
1319 1093 1350 1121 in
1379 1102 1474 1121 unum
1500 1093 1654 1131 discipulis
1686 1103 1753 1122 cum
1783 1094 1957 1124 mulieribus
1985 1099 2011 1124 ct

1160 1140 1260 1168 Maria
1282 1140 1375 1168 Matre
1396 1141 1476 1174 Iesu,
1498 1140 1597 1178 factius
1618 1144 1658 1169 est
1678 1145 1792 1178 repente
1812 1141 1846 1169 tle
1867 1141 1944 1170 caelo
1964 1151 2009 1170 so-

1160 1196 1218 1215 tius
1240 1191 1382 1225 tauquam
1405 1188 1584 1216 advenientis
1605 1188 1731 1225 spiritus
1751 1188 1933 1223 vehementis,
1959 1189 2007 1226 qui

1159 1243 1249 1271 super
1270 1238 1384 1262 eentum
1413 1235 1518 1272 viginti
1548 1233 1699 1263 homiuum
1727 1235 1839 1264 turbam
1869 1236 2010 1265 descendit

1161 1284 1188 1309 et
1209 1281 1354 1318 apparuit
1385 1281 1417 1310 in
1445 1281 1555 1319 linquis
1579 1282 1688 1319 iyneis,
1721 1290 1772 1319 pro
1803 1290 1835 1311 eo
1867 1283 1941 1320 quod
1968 1283 2010 1312 ori

1159 1328 1297 1362 verbmn,
1320 1329 1470 1357 intellectui
1493 1329 1586 1358 lucem
1607 1332 1634 1358 et
1648 1330 1758 1358 affectui
1774 1330 1945 1359 ministraret
1959 1339 2010 1359 ar-

1161 1375 1291 1404 ctorem⁷.
1315 1376 1424 1412 Replcti
1443 1380 1512 1404 suut
1534 1385 1632 1405 omnes
1647 1377 1761 1414 Spiritu
1782 1381 1884 1406 sancto
1903 1380 1929 1406 et
1950 1386 2009 1406 coe-
2034 1383 2118 1407 Apostoli

2026 1409 2107 1430 quuntiu·

1158 1427 1267 1459 perant
1289 1423 1368 1461 loqui
1387 1423 1483 1451 varas
1505 1423 1632 1461 linquis,
1655 1424 1808 1453 secundum
1841 1424 1914 1461 quod
1936 1425 2010 1453 eius-
2027 1430 2060 1449 riis
2072 1430 2121 1454 liuru

1161 1470 1223 1498 dem
1245 1470 1365 1507 Spiritus
1387 1471 1473 1499 sancti
1495 1471 1615 1499 dictabat
1640 1471 1788 1500 instinctus
1799 1471 1819 1506 8,
1835 1472 1883 1508 qui
1899 1480 2010 1501 omnem

1161 1524 1207 1545 eos
1222 1517 1367 1545 veritatem
1388 1517 1497 1546 edocuit
1526 1521 1553 1546 et
1574 1518 1608 1546 ad
1629 1526 1738 1547 omnem
1760 1518 1934 1547 dilectionem
1965 1526 2010 1547 ac—

1161 1564 1253 1592 cendit
1273 1567 1301 1592 et
1321 1564 1349 1592 in
1371 1565 1447 1593 omni
1477 1572 1524 1593 eos
1552 1565 1657 1593 virtute
1684 1565 1814 1594 firmavit.
1834 1566 1902 1594 Nam
1922 1565 2010 1602 ipsius
2021 1571 2122 1591 Flautaven

1160 1610 1246 1639 adiuti
1268 1611 1372 1647 gratia,
1387 1611 1516 1640 illustrati
1533 1611 1659 1640 doctrina
1673 1614 1700 1641 et
1714 1612 1859 1641 confortati
1875 1612 2009 1649 potentia,

1161 1666 1223 1686 cum
1247 1658 1325 1694 pauci
1349 1661 1440 1686 essent
1461 1661 1488 1686 et
1509 1658 1656 1695 simplices,
1678 1659 1778 1695 partim
1794 1659 1886 1688 verbis
1907 1659 2009 1696 ignitis,

1161 1704 1261 1741 partim
1284 1704 1413 1741 perfectis
1434 1705 1585 1742 exemplis,
1607 1706 1708 1742 partim
1725 1705 1858 1734 mirandis
1879 1705 2010 1742 prodigiis

1161 1759 1211 1788 per
1227 1754 1314 1779 totum
1331 1752 1466 1780 mundum
1483 1764 1495 1777 α
1508 1752 1705 1789 plantaverunt
1718 1753 1863 1782 Ecclesiam
1876 1753 2010 1790 sanguine

1161 1806 1212 1826 suo
1224 1798 1234 1814 ⁹
1248 1809 1273 1832 »3
1287 1806 1371 1835 quae,
1387 1799 1510 1827 eiusdem
1523 1799 1609 1828 sancti
1622 1799 1742 1836 Spiritus
1757 1800 1861 1828 virtute
1875 1802 2008 1837 purgata,

1160 1845 1316 1874 illuminata
1336 1849 1421 1883 atque
1442 1846 1579 1883 perfecta,
1601 1846 1726 1876 amabilis
1746 1847 1818 1875 facta
1842 1851 1883 1875 est
1905 1847 2010 1884 Sponso

1161 1900 1211 1921 suo
1227 1893 1343 1930 eiusque
1358 1893 1566 1930 paranymphis,
1588 1897 1620 1922 ut
1641 1894 1764 1930 speciosa
1778 1894 1860 1923 nimis
1882 1894 2009 1931 miraque

1160 1940 1301 1969 varietate
1322 1941 1528 1976 circumdata,
1551 1944 1662 1970 satanae
1688 1950 1754 1971 vero
1776 1944 1803 1971 et
1823 1942 1928 1979 angelis
1948 1941 2009 1970 eius

1161 1987 1300 2016 terribilis
1322 1992 1353 2016 ut
1373 1992 1543 2017 castrorum
1561 1988 1639 2017 acies
1660 1989 1809 2018 ordinata.

318 2197 325 2210 ¹
344 2197 507 2225 Respiciuntur
525 2197 594 2220 Exod.
613 2198 639 2224 2,
658 2198 679 2219 5.
696 2204 769 2226 seqq,
795 2198 878 2220 deinde
901 2199 957 2220 Phil.
976 2200 1002 2227 2,
1024 2199 1056 2220 10.
1074 2211 1104 2215 -

256 2238 329 2265 Supra
342 2241 394 2265 post
405 2237 540 2267 inferorum
557 2238 575 2260 O
586 2238 600 2259 Ρ
619 2241 803 2266 prosequuntur:
821 2240 843 2261 et
858 2240 952 2268 accepta
966 2238 1106 2261 immortali-

255 2277 310 2300 tatis
328 2283 417 2300 corona
435 2276 465 2305 [U
484 2278 504 2300 et
522 2278 631 2300 assumta
648 2276 729 2300 carnis
752 2277 905 2300 mortalitatis
923 2277 1024 2307 corona]
1042 2284 1104 2301 cont-

255 2316 365 2339 mutarit.
388 2316 444 2338 Dein
464 2319 515 2344 post
532 2322 623 2339 commu
642 2317 659 2338 Α
670 2316 686 2339 C
696 2317 712 2338 E
721 2317 736 2338 F
747 2317 763 2338 N
774 2317 803 2339 W
813 2317 828 2338 Z
845 2318 937 2339 mutata
952 2319 1013 2340 reste
1025 2317 1105 2341 carnis

255 2361 298 2383 pro
315 2354 470 2378 commutavit
486 2356 571 2378 vestem.
589 2355 685 2383 carnis;
709 2356 792 2378 deinde
817 2355 845 2379 de
869 2356 939 2385 aquis
964 2356 1048 2379 mortis
1070 2363 1105 2379 as-

254 2395 349 2417 sumtus
367 2400 409 2422 pro
428 2393 455 2417 de
472 2394 541 2423 aquis
558 2394 712 2417 mortalitatis
729 2396 859 2418 assimilas.

318 2433 327 2446 2
345 2434 418 2457 Codd.
436 2433 570 2457 ACFWZ
583 2437 605 2456 et
626 2435 631 2456 l
654 2435 732 2462 lesus,
757 2440 859 2463 sponsas
883 2436 984 2458 ornatas
1010 2435 1060 2463 (qui
1082 2435 1105 2457 ti-

256 2473 317 2495 tulus
333 2472 391 2495 insra
409 2479 430 2495 n.
446 2472 482 2495 44.
495 2472 611 2501 liabetur),
628 2476 650 2495 et
662 2477 848 2502 prosequuntur:
869 2473 969 2496 Vestitus
989 2473 1105 2503 siqnidem

255 2510 350 2540 spoliis,
369 2518 430 2541 quae
447 2511 618 2541 triumphando
636 2511 663 2535 cle
681 2513 784 2542 aeqypto
803 2511 928 2540 cdaoeerat,
940 2512 1062 2542 ergastulo
1074 2511 1105 2535 vi-

256 2550 337 2574 delicet
359 2550 514 2580 infernalium
539 2550 706 2579 tenebrarum,
735 2551 900 2581 quactraqtnta
922 2553 976 2581 post
996 2558 1105 2575 ‘resurre-

256 2589 357 2613 ctionem
381 2596 452 2613 suamr
477 2590 581 2619 peractis
606 2590 686 2614 diebus
703 2593 746 2613 etc.
764 2603 795 2607 -—
812 2591 845 2613 De
861 2592 996 2613 ascensione
1014 2591 1104 2613 Domini

256 2629 309 2652 vide
327 2630 381 2652 Luc.
398 2629 440 2656 24,
458 2629 495 2652 50.
513 2630 550 2652 et.
568 2633 590 2652 et
606 2630 655 2652 Act.
674 2631 682 2652 ,1
695 2647 700 2657 ‚
718 2631 781 2652 9-111.

319 2667 328 2680 ³
345 2668 419 2691 Codd.
431 2669 449 2691 A
458 2668 475 2692 C
485 2670 500 2691 F
510 2669 527 2691 N
537 2670 567 2691 W
577 2670 593 2691 Z
605 2673 627 2692 et
641 2670 648 2691 i
665 2669 820 2697 subiungant:
839 2670 947 2699 Sponsas
964 2676 1020 2693 cum
1035 2669 1102 2700 filiis,

256 2713 341 2737 eosque
353 2707 479 2731 consolans
488 2715 532 2738 per
545 2708 755 2738 repromissionem
765 2709 887 2737 Paraclili,
901 2709 925 2731 ia
942 2710 1045 2733 Mentem
1063 2712 1105 2732 etc.

257 2760 285 2763 -—
299 2747 407 2775 Sequitur
419 2747 468 2770 Act.
482 2748 502 2775 i,
514 2749 541 2775 9;
554 2748 638 2770 deinde
650 2749 772 2776 respicitur
784 2749 819 2771 Ps,
833 2749 875 2775 67,
898 2749 936 2776 l9;
949 2749 1014 2771 itlicli.
1028 2750 1050 2776 ⁴2,
1065 2749 1105 2776 i3;

257 2788 279 2807 et
299 2786 393 2808 inferius
413 2787 468 2814 Eph.
487 2788 513 2813 2,
532 2787 577 2809 119:
594 2787 662 2809 Cives
679 2788 815 2810 Sanctorum
833 2790 855 2809 et
872 2788 993 2810 domestici
1012 2788 1058 2810 Dei.
1076 2800 1105 2803 —

258 2825 316 2847 Infra
336 2831 379 2852 pro
398 2827 419 2848 ct
438 2826 524 2849 ruinas
542 2828 692 2850 restauraret
708 2827 760 2850 Vat.
777 2827 863 2850 ruinas
880 2827 1036 2850 instauraret.
1054 2828 1107 2849 Post

254 2863 369 2893 probaret
387 2864 441 2894 [ipsi
458 2865 610 2895 approbaret]
624 2867 642 2889 Α
652 2866 693 2888 CF
704 2867 719 2888 N
731 2867 760 2889 W
770 2867 786 2888 Z
803 2870 825 2889 et
844 2867 852 2888 i
871 2867 971 2889 addunt:
989 2867 1072 2895 Sicque
1085 2866 1107 2888 il-

257 2903 298 2925 lud
315 2903 446 2926 decantaret
463 2905 624 2933 propheticum
642 2906 757 2928 canticum
776 2905 835 2935 [lsai.
856 2906 898 2933 61,
918 2905 980 2935 ¹lO.]:
996 2905 1107 2929 Gaudetis

258 2942 364 2972 aaudebo
377 2942 402 2966 in.
413 2943 521 2971 Domino,
536 2945 557 2967 et
569 2944 697 2967 ea‘sultabit
708 2944 790 2967 anima
807 2951 860 2968 mea
872 2944 897 2967 in.
909 2945 956 2968 Deo
973 2950 1037 2972 meo,
1051 2943 1107 2974 quia

258 2981 335 3005 influit
352 2989 389 3005 me
400 2982 543 3006 vestimentis
555 2983 641 3006 salutis
653 2985 674 3006 et
686 2983 823 3007 imitamento
836 2984 941 3007 iustitiae
953 2983 1108 3007 eit-cumdeda

258 3027 295 3044 nze
312 3021 382 3051 quasi
398 3027 513 3051 sponsam
530 3022 668 3045 decoratum
686 3028 774 3045 corona
793 3025 815 3046 et
831 3023 901 3053 qnasi
911 3029 1025 3053 sponsam
1038 3029 1107 3046 orna-

1162 2200 1211 2221 tam
1231 2198 1356 2221 monilibus
1373 2198 1431 2222 sais.
1451 2199 1537 2221 Deinde
1555 2199 1641 2221 omisso
1654 2199 1717 2221 titulo
1731 2200 1807 2227 Iesus,
1825 2200 1889 2223 caelo
1908 2199 2006 2228 levatas,

1162 2242 1335 2266 prosequantur
1352 2238 1511 2261 Psatlentihus
1528 2238 1591 2261 enim
1610 2238 1635 2267 [Α
1646 2239 1676 2260 W
1694 2238 1914 2268 quoque]A›10etis.

1225 2277 1234 2289 ⁴
1253 2278 1334 2299 Psalmi,
1353 2277 1394 2304 67,
1412 2277 1453 2299 34:
1473 2277 1516 2305 Qui
1534 2277 1637 2299 ascendit
1653 2283 1724 2305 super
1736 2278 1825 2299 caelum
1839 2278 1907 2304 caeli3
1925 2278 2009 2301 deinde

1163 2316 1197 2337 ΡΞ.
1221 2316 1253 2343 17,
1283 2316 1320 2337 tl:
1343 2316 1436 2338 Volavit
1458 2322 1528 2343 super
1551 2322 1639 2343 pennas
1656 2319 1790 2338 ventorum.
1812 2317 1882 2338 Porro
1905 2317 2010 2345 sequitur

1163 2354 1232 2377 llcbr.
1251 2356 1271 2383 i,
1291 2355 1314 2377 si:
1333 2355 1407 2377 Tanto
1426 2355 1505 2377 melior
1522 2355 1615 2383 Angelis
1633 2356 1727 2378 effectus
1744 2358 1795 2382 etc„
1813 2358 1835 2378 ct
1852 2356 1936 2379 deinde
1953 2356 2009 2379 ibid.

1163 2395 1189 2423 9,
1208 2394 1252 2416 ⁴22:
1271 2395 1298 2417 Ut
1315 2397 1426 2422 appareat
1443 2401 1503 2417 nunc
1521 2395 1594 2417 vultui
1617 2395 1657 2417 Dei
1678 2401 1719 2422 pro
1736 2394 1815 2423 nobis,
1835 2398 1857 2417 et
1873 2395 1901 2422 7,
1919 2395 1957 2418 25.
1969 2396 2009 2423 26,

1164 2433 1203 2456 uhi
1223 2434 1272 2455 Vni.
1291 2434 1374 2456 omittit
1390 2435 1531 2463 scqreqatns
1548 2440 1563 2456 a
1577 2433 1750 2463 peccatoribus.

1226 2472 1235 2485 ⁵
1253 2474 1319 2495 Rom.
1336 2474 1361 2501 8,
1380 2474 1416 2496 3-2.
1435 2474 1467 2495 De
1484 2473 1573 2496 Christo
1591 2474 1704 2496 advocato
1723 2478 1801 2496 nostro
1819 2475 1858 2496 cfr.
1877 2475 1890 2496 1.
1910 2475 1970 2496 ioan.
1988 2475 2009 2502 2,

1164 2514 1184 2536 l.
1202 2525 1232 2530 —
1250 2514 1361 2541 Superius
1377 2519 1420 2541 pro
1437 2512 1631 2543 affluentissimae
1649 2513 1700 2535 Vat.
1717 2519 1771 2535 cum
1789 2513 1868 2541 paucis
1885 2513 1954 2536 codd.
1973 2519 2011 2536 su-

1160 2552 1396 2582 pereffluentissinzae
1414 2552 1442 2581 [L
1459 2551 1720 2581 superslacutissimae].

1226 2591 1236 2603 G
1253 2592 1353 2614 Anselni.
1367 2592 1410 2614 loc.
1421 2593 1459 2614 cit.
1472 2604 1500 2607 —
1513 2592 1531 2613 A
1541 2591 1557 2614 C
1567 2592 1582 2613 F
1591 2592 1608 2613 N
1619 2591 1648 2613 W
1659 2592 1674 2613 Z
1692 2593 1714 2613 et
1728 2591 1734 2612 l
1751 2591 1851 2613 addunt:
1864 2592 1913 2614 tam
1926 2590 2011 2614 deside-

1163 2630 1263 2654 rabilem
1281 2631 1401 2660 Sponsum
1414 2632 1509 2660 tamque
1522 2630 1643 2653 liberalem
1660 2632 1758 2653 tuorum
1776 2630 1951 2653 charismatum
1963 2630 2011 2653 lar-

1164 2670 1271 2700 ffl'torem.
1290 2670 1344 2692 Dein
1363 2671 1445 2692 horum
1463 2670 1568 2699 plerique
1585 2670 1693 2692 omittunt
1709 2670 1800 2692 titulum
1812 2670 1889 2697 Iesus,
1908 2669 2010 2699 larqitor

1164 2709 1268 2739 Spiritus
1275 2718 1284 2737 ,·
1302 2712 1324 2731 et
1341 2710 1488 2732 continuant:
1505 2709 1597 2739 Septem
1614 2709 1689 2739 iqitur
1705 2715 1748 2737 pro
1766 2709 1859 2738 Septem
1876 2714 1975 2738 quoqne.

1226 2747 1234 2760 ⁷
1254 2749 1285 2770 Dc
1303 2749 1412 2771 missione
1429 2748 1527 2776 Spiritus
1545 2749 1567 2771 S.
1585 2748 1640 2770 vide
1656 2750 1705 2770 Act.
1724 2748 1745 2775 l,
1768 2748 1808 2770 1-4.

1226 2786 1235 2799 ⁸
1253 2788 1325 2810 Codd.
1343 2788 1387 2811 AC
1398 2789 1440 2810 DF
1452 2789 1480 2810 W
1491 2787 1623 2811 secundum
1641 2787 1744 2810 eiusdem
1756 2787 1861 2816 Spiritus
1877 2786 1955 2809 sancti
1970 2786 2010 2809 im-

1163 2828 1245 2857 petunt
1264 2826 1290 2856 [N
1301 2828 1316 2849 Z
1335 2826 1471 2857 imperium]
1490 2833 1532 2855 pro
1549 2826 1680 2850 sectantum
1703 2825 1766 2856 qnod
1782 2825 1885 2849 eiusdem
1904 2825 2008 2855 Spiritus

1163 2866 1241 2889 sancti
1258 2866 1361 2889 dictabat
1377 2866 1511 2890 instinctas.

1227 2905 1236 2917 ⁰
1254 2906 1356 2928 Breviar.
1374 2907 1442 2928 Rom.
1461 2905 1592 2929 Commune
1609 2907 1688 2933 Apost.
1704 2905 1726 2927 3.
1744 2905 1854 2927 Nocturn.
1867 2904 1887 2926 i.
1899 2904 1968 2932 Hesp.
1979 2916 2010 2920 —

1165 2945 1215 2967 Vat.
1233 2946 1342 2968 sanctam
1361 2945 1491 2968 Ecclesiam
1505 2944 1691 2974 plantaverunt,
1717 2944 1803 2966 omisso
1825 2942 1942 2973 sanquine
1958 2949 2009 2966 suo.

1164 2996 1195 3000 —
1211 2984 1269 3006 lnsra
1287 2984 1409 3012 respicitur
1426 2984 1463 3006 Ps.
1480 2983 1523 3011 44,
1541 2984 1577 3006 15.
1594 2986 1617 3006 et
1633 2983 1697 3006 Cant.
1716 2983 1742 3010 6,
1760 2983 1782 3005 3.
1799 2983 1832 3005 De
1844 2982 2010 3010 paranymphis

1165 3023 1254 3051 (amicis
1271 3023 1359 3052 sponsi)
1378 3025 1419 3046 cfr.
1436 3024 1497 3046 loau.
1515 3024 1536 3051 3,
1554 3024 1591 3046 29.

2033 1594 2123 1614 Ecclesiam
