2133 3317
13 2004 54 2030 μοι
65 2011 96 2033 μ-

15 2033 96 2057 ΜΡΠΫ·

0 2072 2 2075 .
39 2058 58 2071 111
70 2058 96 2072 νι-

0 2083 2 2095 r
15 2076 96 2096 munide-

797 399 1106 437 OPUSOULUM
1130 400 1177 436 X.

625 514 879 578 VITIS
920 515 1349 580 MYSTICA

956 652 1017 681 sno

429 754 808 800 TRAOTATUS
843 755 926 799 DE
959 755 1274 800 PASSIONE
1308 757 1542 802 DOMINI

774 876 1196 900 m&—

883 1201 1056 1230 PROLOGUS
1068 1202 1086 1229 ².

191 1300 251 1338 Eyo
266 1308 333 1329 sum
346 1299 416 1329 vitia
429 1308 500 1329 vera
512 1300 523 1317 ²
544 1302 595 1329 etc.
611 1299 634 1328 O
649 1300 722 1334 Iesu,
744 1299 864 1337 benigna
881 1299 957 1335 vitis,

111 1346 192 1376 veni!
215 1346 342 1384 Lignum
361 1346 451 1380 vilae,
472 1346 546 1384 quod
568 1349 610 1375 est
631 1346 662 1375 in
682 1346 775 1376 medio
797 1346 956 1384 paradisi,

110 1393 227 1422 Domine
254 1393 315 1422 Iesu
342 1393 462 1428 Christe,
483 1393 564 1422 cuius
590 1392 666 1430 folia
690 1397 759 1422 sunt
787 1393 818 1422 in
840 1393 957 1422 medici-

110 1448 196 1475 nam,
216 1439 326 1469 fructus
340 1448 407 1469 vero
427 1440 455 1469 in
475 1440 560 1469 vitam
574 1443 730 1474 aeternam;
749 1440 891 1469 benedicte
906 1440 957 1469 flos

111 1487 195 1516 simul
222 1489 249 1516 et
273 1487 383 1516 fructus
403 1487 562 1516 benedictae
582 1487 699 1525 virgae³
721 1487 842 1525 Virginis
863 1487 957 1517 Matris

111 1533 291 1568 castissimae,
313 1536 341 1562 et
361 1534 420 1563 sine
440 1542 497 1571 quo
517 1534 612 1563 nullus
636 1534 760 1571 sapiens,
782 1534 847 1571 quia
868 1537 899 1563 tu
927 1542 957 1563 es

111 1580 215 1609 aeterni
243 1580 330 1609 Patris
357 1580 502 1618 sapientia,
525 1583 645 1610 mentem
673 1589 763 1610 meam
783 1581 901 1610 debilem
929 1584 957 1610 et

1014 1300 1118 1329 aridam
1144 1309 1221 1338 pane
1249 1300 1407 1330 intellectus
1427 1304 1452 1329 et
1467 1309 1548 1340 aqua
1568 1301 1730 1339 sapientiae
1743 1301 1858 1340 dignare

1015 1347 1139 1382 reficere,
1153 1350 1195 1382 ut,
1210 1350 1245 1382 te,
1261 1347 1353 1376 clavis
1368 1348 1473 1382 David,
1488 1348 1638 1385 aperiente,
1651 1349 1719 1378 mihi
1734 1357 1859 1379 reseren-

1014 1397 1062 1423 tur
1082 1394 1214 1429 obscura,
1230 1398 1269 1429 te,
1284 1403 1301 1423 o
1315 1394 1367 1423 lux
1381 1403 1466 1429 vera,
1482 1395 1618 1430 radiante,
1632 1396 1779 1425 tenebrosa
1791 1405 1859 1434 pan-

1014 1440 1126 1475 dantur,
1147 1444 1192 1476 ut,
1213 1449 1263 1479 per
1276 1442 1344 1470 me⁴
1365 1442 1509 1479 temetipso
1529 1442 1720 1472 manifestante
1734 1446 1761 1472 et
1775 1443 1859 1472 eluci-

1014 1487 1109 1522 dante,
1134 1487 1251 1525 loquens
1271 1488 1354 1517 simul
1378 1490 1406 1517 et
1425 1488 1568 1518 audientes
1598 1488 1683 1518 vitam
1708 1489 1859 1519 habeamus

1014 1534 1218 1572 sempiternam.
1239 1535 1331 1564 Amen.

885 1703 1046 1733 CAP1TULUM
1068 1704 1085 1732 1.

774 1826 815 1855 De
834 1826 1066 1863 proprietatibus
1087 1826 1154 1856 vitis
1168 1826 1188 1855 ⁵.

191 1949 216 1977 1.
238 1949 299 1986 Epo
319 1957 387 1978 sani
409 1948 476 1978 vitis
495 1957 568 1978 vera
582 1949 602 1977 ⁶.
628 1949 689 1986 Ipso
715 1948 832 1977 Domino
859 1951 955 1977 nostro

111 1994 172 2024 lesu
192 1995 303 2024 Christo
323 1995 483 2030 adiuvante,
504 1995 649 2024 videamus
669 1995 802 2032 quasdam
831 1995 956 2032 proprie-

111 2044 181 2071 tates
200 2042 265 2071 vitis
286 2042 440 2078 terrestris,
461 2043 489 2071 in
510 2042 613 2080 quibus
637 2042 718 2071 etiam
740 2042 814 2071 illius
832 2042 957 2071 caelestis

111 2089 175 2119 vitis
195 2089 379 2128 proprietates
399 2092 495 2118 notare
515 2088 669 2126 possimus;
697 2096 747 2118 nec
774 2091 882 2117 tantum
910 2096 957 2118 eas

1011 1956 1084 1986 quae
1097 1949 1262 1979 naturaliter
1277 1949 1372 1980 insunt
1385 1950 1447 1985 viti,
1461 1950 1509 1980 sed
1523 1951 1606 1980 etiam
1626 1959 1672 1981 eas
1689 1959 1762 1989 quae
1780 1954 1858 1981 exte-

1012 1996 1073 2025 rius
1093 1995 1128 2024 ad
1148 1996 1287 2025 culturam
1308 1996 1489 2032 adhibentur,
1511 1997 1726 2027 consideremus.

1093 2044 1119 2071 2.
1135 2042 1167 2071 Et
1180 2043 1271 2080 primo
1285 2043 1535 2073 considerandum⁷
1549 2044 1681 2080 occurrit,
1692 2045 1767 2082 quod
1780 2045 1858 2083 plan-

1013 2089 1064 2118 tari
1087 2089 1156 2118 solet
1170 2089 1233 2119 vitis
1247 2093 1274 2119 et
1295 2098 1350 2119 non
1370 2090 1515 2126 seminari3
1537 2091 1670 2121 translata
1683 2091 1716 2121 de
1737 2100 1788 2121 sua
1803 2092 1857 2122 vite

171 2234 181 2248 ²
198 2234 271 2258 Codd.
289 2235 306 2258 Α
317 2236 335 2257 Β
347 2234 431 2265 Incipit
443 2234 561 2265 prologus
578 2235 603 2258 in
616 2234 716 2264 libram,
729 2235 771 2265 qai
782 2235 869 2259 dicitur
884 2235 953 2265 Vitis,

109 2274 142 2296 B:
159 2273 244 2304 Incipit
257 2273 370 2303 planctus
388 2274 568 2297 Bonaveneurae
585 2273 612 2296 de
626 2273 738 2303 passione
755 2274 862 2302 Domini,
884 2275 921 2297 ed.
939 2275 947 2297 1

111 2312 270 2341 Prooemium,
282 2313 337 2335 Bon.
349 2318 404 2335 cum
415 2313 433 2335 G
443 2311 528 2342 Incipit
535 2312 660 2342 proloqus.
671 2313 719 2335 Hoc
730 2313 792 2335 idem
807 2314 956 2341 opusculum,

110 2351 152 2374 sed
168 2352 245 2374 multis
262 2351 352 2374 insertis
370 2352 416 2374 fere
434 2351 500 2379 triplo
517 2354 623 2378 auctum,
640 2351 698 2374 inter
709 2357 779 2379 opera
792 2352 902 2374 Bernardi
913 2352 956 2374 im-

109 2397 216 2419 pressum
234 2394 282 2419 est;
300 2390 422 2413 fatentibus
444 2393 521 2413 autem
544 2391 692 2417 Bellarmino,
710 2390 838 2413 Mabfflouio
859 2391 956 2420 aliisque

109 2436 155 2453 non
171 2432 206 2453 est
223 2430 340 2452 Bernardi.
357 2429 444 2452 Bonelli
461 2429 484 2452 in
501 2430 535 2452 111.
557 2432 621 2452 tomo
643 2429 678 2452 sui
701 2429 864 2459 Supplementz‘
879 2430 956 2452 denuo

110 2469 166 2492 illud
181 2469 255 2492 edidit
271 2471 296 2491 ut
313 2474 373 2497 opus
389 2469 577 2496 Bonaventurae,
593 2468 635 2491 sed
651 2468 674 2490 in
691 2469 735 2491 hoc
749 2469 847 2495 erravit,
859 2469 923 2497 quod
934 2469 956 2491 il-

109 2508 149 2530 lud
165 2514 219 2530 cum
236 2507 346 2531 omnihus
363 2507 468 2536 partibus
484 2507 636 2535 supposititiis
653 2507 768 2535 integrum
780 2507 899 2530 vindicare
915 2513 957 2529 vo-

110 2546 152 2569 luit
168 2547 190 2569 S.
207 2547 395 2573 Bonaventurae,
413 2545 583 2574 refragantibus
600 2546 734 2569 melioribus
750 2545 878 2568 codicibus.
889 2546 956 2568 Plura

111 2585 141 2607 de
157 2586 201 2608 hoe
217 2585 240 2608 in
257 2586 429 2614 prolegomenis
446 2585 530 2608 nostris
541 2591 560 2608 c.
577 2585 598 2607 1.
610 2585 624 2614 ‘5
637 2585 673 2607 10.
685 2585 725 2607 Ed.
737 2591 834 2613 operum
848 2585 956 2607 Bernardi

110 2624 256 2647 nominamus
273 2623 308 2647 ecl.
325 2623 338 2647 ¹!
350 2626 373 2647 et
386 2624 424 2647 ed.
440 2624 525 2647 Bonelli
542 2624 662 2652 signamus
678 2624 737 2647 Bon.
753 2624 835 2646 Primis
851 2623 956 2652 capitulis

110 2663 222 2692 exceptis,
239 2669 284 2686 non
301 2669 394 2691 omnes,
410 2664 450 2686 sed
469 2666 558 2686 tantum
575 2669 635 2692 quae
651 2666 704 2686 sunt
720 2662 815 2685 maioris
831 2663 955 2690 momenti,

110 2702 225 2725 variantes
242 2703 364 2725 afferemus
381 2703 494 2725 lectiones.

172 2741 182 2755 ²
198 2743 259 2764 loan.
276 2741 314 2769 15,
332 2742 353 2769 1,
370 2748 440 2770 quem
457 2743 474 2764 A
485 2742 502 2763 Β
518 2743 541 2763 et
556 2741 594 2763 ed.
613 2741 621 2763 1
644 2741 757 2763 omittunt,
774 2753 804 2757 -—
823 2741 956 2769 Sequuntur

111 2780 165 2803 Gen.
183 2782 210 2807 2,
228 2782 249 2803 9.
267 2784 289 2803 et
306 2781 387 2803 Ezecb.
404 2780 445 2808 47,
463 2781 505 2802 12;
522 2781 549 2802 Et
564 2782 632 2802 erunt
646 2781 732 2803 fructus
744 2779 793 2802 eius
805 2780 827 2802 in
839 2779 917 2802 cibum
934 2782 957 2802 et

112 2819 163 2841 tolia
178 2819 229 2842 eius
246 2819 275 2842 ad
292 2819 438 2842 medicinam.
454 2818 499 2842 Cl'r.
516 2825 586 2846 supra
604 2818 688 2846 Opusc.
702 2819 733 2840 111.
746 2818 810 2846 Ligni
823 2819 888 2841 Vitae
905 2823 956 2846 pro-

110 2857 158 2885 log.
181 2864 204 2880 n.
228 2858 250 2880 2.
269 2864 335 2887 seqq.
350 2870 382 2875 -
400 2858 486 2880 Deinde
503 2858 519 2880 F
538 2857 557 2880 Ο
573 2858 638 2885 Iesu,
663 2857 726 2884 ritis,
746 2856 811 2885 veni,
829 2858 847 2879 H
867 2857 886 2881 Ο
903 2857 955 2880 Iesu

110 2896 186 2925 mitis,
199 2896 263 2925 veni,
277 2897 314 2920 ed.
329 2898 336 2919 1
353 2899 375 2919 et
387 2898 441 2919 Bon.
458 2903 512 2919 cum
530 2897 574 2919 AB
593 2896 612 2920 Ο
624 2897 677 2919 Iesu
693 2895 802 2925 benique,
819 2896 873 2919 vitis
890 2902 955 2919 vera.

173 2934 182 2948 ³
199 2936 329 2963 Respicitur
346 2936 412 2958 Num.
431 2936 472 2963 17,
490 2936 515 2963 8,
534 2935 573 2958 uhi
591 2935 620 2958 de
632 2935 697 2963 virga
710 2935 784 2957 Aaron
798 2936 900 2958 florente.
915 2935 956 2957 No-

111 2977 181 2997 stram
197 2975 319 2998 lectionem
336 2975 448 3003 praebent
464 2977 481 2998 Α
491 2975 534 2997 BC
544 2976 562 2997 D
572 2976 588 2997 E
601 2976 628 3002 F,
651 2975 688 2997 ed.
711 2976 719 2997 1
746 2975 801 3003 legit
823 2974 955 2998 benedictus

111 3012 155 3042 flos
171 3015 193 3037 et
208 3014 302 3043 fructus
322 3013 426 3043 Viryim's
443 3013 528 3038 Matr-is
545 3013 692 3037 castissimae
709 3017 763 3041 elc.;
776 3014 830 3036 Bon.
843 3020 896 3037 cum
908 3015 926 3036 G
936 3014 954 3036 Η

1013 2235 1128 2260 benedicte
1144 2236 1188 2266 flos
1205 2236 1279 2260 simul
1300 2237 1322 2260 et
1337 2236 1432 2266 fractus
1458 2236 1576 2266 Vir-ainis,
1599 2236 1714 2261 benedicte
1737 2237 1860 2267 Uniyenite

1014 2275 1100 2299 Matris
1117 2274 1264 2299 castissimae
1280 2276 1484 2298 οἱα-1111611115
1506 2276 1617 2304 allegatur
1639 2276 1707 2299 Eccli.
1731 2277 1773 2304 15,
1795 2277 1816 2299 3.
1838 2280 1860 2300 et

1013 2314 1169 2342 respiciuntur
1186 2314 1236 2337 lsai.
1253 2315 1294 2343 22,
1312 2315 1349 2337 22.
1367 2314 1418 2343 (cfr.
1439 2315 1511 2343 Apoc.
1533 2316 1558 2342 3,
1580 2314 1613 2344 7.)
1635 2315 1665 2338 de
1686 2315 1751 2338 clare
1772 2316 1860 2343 David,

1012 2352 1051 2376 ubi
1069 2359 1111 2381 pro
1128 2355 1157 2376 ut
1172 2355 1206 2381 te,
1223 2353 1297 2377 clavis
1315 2353 1391 2377 David
1412 2354 1468 2376 Bon.
1484 2355 1512 2377 ut
1533 2355 1554 2377 te
1570 2353 1635 2377 clave
1652 2353 1743 2382 Davia,·
1759 2357 1781 2377 et
1799 2355 1860 2378 loan.

1013 2392 1021 2414 1
1035 2409 1041 2419 ‚
1059 2392 1080 2414 9:
1103 2393 1154 2414 Erat
1170 2392 1206 2415 lux
1224 2398 1279 2415 vera
1295 2395 1337 2414 etc.

1074 2430 1084 2443 ⁴¹
1102 2432 1158 2453 Bon.
1170 2430 1227 2460 (qua
1241 2431 1387 2458 auctoritate,
1403 2432 1528 2460 nescimus)
1545 2434 1623 2454 contra
1640 2431 1657 2454 C
1667 2432 1735 2454 DEF
1751 2435 1774 2454 et
1790 2432 1827 2454 ed.
1846 2433 1854 2454 l

1012 2469 1077 2492 addit
1088 2469 1225 2492 ministrum
1237 2469 1360 2493 immilem.
1375 2469 1477 2493 Subinde
1489 2476 1531 2498 pro
1543 2470 1661 2500 temetipso
1674 2470 1691 2493 C
1701 2471 1720 2492 D
1729 2471 1744 2492 E
1754 2471 1769 2493 F
1783 2471 1859 2494 tentet-

1012 2507 1104 2537 ipsum,
1122 2508 1161 2536 qui
1184 2508 1252 2530 etiam
1269 2514 1322 2531 cum
1345 2509 1382 2531 ed.
1401 2509 1409 2530 1
1435 2511 1458 2531 et
1475 2509 1529 2531 Bon.
1546 2515 1589 2536 pro
1612 2508 1709 2538 loquens
1730 2508 1804 2532 sz'nizd
1819 2509 1859 2538 (ita

1012 2548 1030 2569 A
1041 2547 1067 2574 B)
1085 2546 1226 2569 substituunt
1251 2546 1370 2576 loquentes
1395 2546 1480 2575 simul,
1497 2550 1520 2570 et
1544 2553 1586 2575 pro
1604 2547 1774 2577 sempiternam
1790 2548 1827 2571 ed.
1846 2549 1853 2570 1

1012 2587 1142 2608 aeternam.

1076 2623 1085 2637 ⁶
1102 2624 1158 2647 Cod.
1175 2625 1190 2646 F
1208 2625 1240 2647 De
1254 2624 1401 2654 proprietate
1416 2624 1482 2653 vitis,
1497 2625 1515 2647 A
1524 2625 1541 2647 B
1553 2624 1636 2655 Incipit
1647 2624 1706 2648 liber
1717 2625 1782 2654 Iesu,
1795 2625 1831 2648 ed.
1845 2627 1853 2648 1

1013 2663 1135 2686 Chi-irtam
1152 2664 1230 2686 lesum
1246 2669 1295 2687 esse
1310 2669 1393 2687 veram
1409 2663 1485 2687 vitem.

1077 2701 1086 2714 ⁶
1104 2702 1165 2724 ioan.
1184 2702 1224 2729 115,
1243 2703 1264 2725 1,
1281 2715 1311 2720 -
1329 2703 1423 2725 inferius
1439 2708 1482 2731 pro
1499 2702 1604 2726 caelestis
1621 2703 1660 2732 (ita
1672 2703 1803 2732 CDEFG)
1820 2704 1857 2726 ed.

1014 2741 1022 2762 1
1046 2744 1069 2763 et
1091 2741 1146 2763 Bon.
1169 2740 1359 2770 supercaelestis,
1382 2747 1424 2770 pro
1444 2743 1528 2764 notare
1548 2742 1585 2764 ed.
1606 2742 1614 2763 1
1640 2741 1776 2770 nominare,
1799 2749 1859 2771 quae

1016 2780 1084 2802 etiam
1108 2786 1160 2802 cum
1184 2780 1239 2802 Bon.
1262 2779 1297 2802 bis
1321 2786 1364 2808 pro
1389 2786 1429 2804 eas
1451 2787 1512 2810 quae
1534 2780 1573 2809 (ita
1594 2780 1674 2810 CDE)
1694 2781 1811 2804 substituit
1831 2788 1858 2805 ea

1013 2824 1074 2848 quae
1091 2819 1142 2847 (cfr.
1160 2819 1212 2841 smis
1227 2819 1297 2847 cap),
1314 2822 1336 2841 et
1350 2822 1403 2847 post
1419 2818 1451 2841 ad
1467 2819 1588 2843 culturam.
1604 2819 1640 2842 ed.
1659 2820 1668 2841 1
1692 2819 1756 2843 addit
1771 2819 1857 2848 eide-m,

1013 2858 1069 2880 Bon.
1086 2856 1202 2885 eiusdem,
1220 2857 1390 2885 refragantibus
1406 2858 1423 2880 C
1433 2858 1451 2880 D
1461 2859 1476 2880 Ε
1485 2858 1509 2880 F.

1076 2895 1084 2908 ⁷
1101 2896 1174 2919 Codd.
1192 2898 1209 2918 Α
1222 2897 1238 2918 Β
1255 2901 1278 2919 et
1293 2897 1330 2919 ed.
1349 2897 1357 2918 1
1380 2897 1409 2920 Et
1419 2896 1500 2926 primo
1513 2896 1605 2926 quidem
1611 2906 1620 2926 ‚·
1632 2897 1685 2920 dein
1697 2904 1740 2926 pro
1752 2897 1859 2921 occurrit

1013 2936 1031 2957 H
1048 2937 1167 2963 accurate,
1187 2938 1239 2963 post
1253 2935 1363 2965 plantari
1378 2935 1435 2959 solet
1450 2935 1504 2959 vilis
1521 2936 1539 2958 A
1551 2937 1568 2958 Β
1589 2939 1612 2959 et
1628 2937 1666 2959 ed.
1687 2937 1695 2958 1
1723 2937 1812 2960 addunt
1834 2936 1858 2960 in

1013 2976 1086 3001 terra,
1099 2980 1141 3002 pro
1159 2974 1277 2998 translata
1293 2976 1312 2997 G
1329 2974 1514 3004 transplantata,
1527 2978 1549 2998 et
1560 2982 1602 3004 pro
1612 2975 1738 3005 plantatur
1751 2976 1790 3004 (ita
1803 2976 1822 2998 D
1832 2977 1856 3005 Ε)

1014 3014 1070 3036 Bon.
1084 3013 1203 3043 primaria
1222 3013 1248 3041 (C
1263 3013 1402 3043 primarum
1409 3014 1442 3043 ?)‚
1460 3015 1523 3043 quod
1535 3014 1565 3037 ab
1577 3015 1618 3038 AB
1630 3018 1652 3038 et
1663 3015 1700 3038 ed.
1714 3016 1721 3037 1
1738 3015 1858 3038 omittitur.

1901 2056 1931 2076 De
1943 2057 2004 2081 primo

1874 2084 1943 2103 genere
1955 2085 2006 2099 sum-

1874 2104 1945 2123 matim-
