2133 3317
587 213 782 243 OPUSCULUM
802 214 844 242 XI.
866 214 1026 244 APOLOGIA
1047 216 1227 245 PAUPERUM.
1249 217 1316 245 CAP.
1339 217 1369 245 X.

115 292 276 330 apostolicae
295 291 419 329 dignitati
440 291 581 320 dissonum
602 294 630 320 et
650 299 666 319 a
686 291 797 320 tramite
814 292 955 321 discretio-

12 349 73 370 ismm
88 345 100 365 6
114 340 157 368 nis
176 338 312 372 alienum;
334 338 482 374 intelligat,
503 337 577 374 quod
589 337 744 374 multiplex
759 340 801 366 est
814 338 884 366 ratio
903 339 955 367 hu-

16 372 91 392 ›nantur-

11 406 13 414 1
34 393 99 414 Prima.

27 1273 92 1294 'lert-ia.

20 1460 90 1485 emta.

27 1971 86 1992 sexta.

115 385 158 414 ius
177 383 385 412 informationis.
406 383 496 412 Prima
510 386 552 412 est
564 383 598 412 ad
613 383 754 412 indicium
768 385 955 420 paupertatis

114 434 256 460 extremae
263 440 273 463 ;
295 430 368 458 unde
394 430 422 458 in
451 431 560 458 Luca1:
583 430 707 466 Quando
728 430 797 458 misi
817 438 867 458 vos
893 430 955 458 sine

112 476 227 506 sacculo
247 480 273 504 et
290 485 364 513 pera
385 481 411 505 et
434 476 651 510 calceamentis,
678 476 814 514 nunquid
841 476 956 514 aliquid

112 522 203 560 defuit
223 523 327 551 vobis?
348 523 426 560 Quod
447 526 619 560 pertractans
639 523 852 559 Chrysostomus
866 523 955 551 homi-

112 570 147 598 lia
167 577 251 606 super
272 569 438 598 Matthaeum
462 569 601 606 trigesima
622 568 764 598 secunda²
786 569 841 598 ait:
862 580 875 594 α
890 570 954 598 For-

112 619 181 645 tasse
208 615 280 644 dicet
304 615 419 652 aliquis:
447 616 576 652 quoniam
602 616 655 644 alia
682 615 782 644 Christi
809 619 954 652 praecepta

111 662 243 692 rationem
266 662 376 699 quidem
392 662 545 696 habebant,
561 670 614 691 non
635 662 738 690 habere
752 665 844 690 autem
858 670 953 699 peram

110 709 138 738 in
159 709 202 737 via
222 717 313 746 neque
334 709 516 738 calceamenta
537 717 627 746 neque
651 709 720 737 duas
748 709 870 743 tunicas,
898 717 954 745 qua

110 756 144 785 de
164 763 246 785 causa
266 755 347 784 iussit
361 758 392 783 »t
415 755 445 784 Et
466 755 631 792 respondet:
658 767 671 780 ιι
692 756 720 783 111
747 762 856 783 omnem
884 755 954 783 indi-

110 802 228 840 gentiam
249 802 405 831 exercitare
426 810 472 831 eos
493 802 603 835 volens,
618 802 665 839 qui
681 805 708 830 et
730 801 881 838 superius3
903 810 953 831 nec

110 849 144 878 de
163 849 367 886 supervenienti
389 848 432 877 die
447 849 577 877 sollicitos
591 856 650 877 esse
665 848 799 877 concessit
812 860 839 876 ».
855 865 891 869 —
907 849 953 877 Se-

110 895 199 925 cundo
220 903 286 924 vero
308 896 360 924 hoc
381 895 518 932 persuasit
539 895 572 923 ad
595 895 816 923 incitamentum
835 894 952 923 humili<

110 943 177 972 tatis
194 942 402 980 poenitentiae,
424 942 576 970 secundum
598 942 665 970 illud
681 942 793 970 secundi
810 942 912 979 Regum
924 943 951 970 4:

108 990 204 1019 Porro
218 989 312 1018 David
326 988 497 1017 ascendebat
509 988 616 1017 clivum
631 989 794 1022 olivarum,
809 989 952 1017 scandens

108 1040 134 1065 et
152 1035 223 1072 flens
243 1039 340 1072 operto
361 1035 454 1072 capite
474 1039 499 1063 et
518 1035 608 1063 nudis
619 1035 742 1072 pedibus
756 1035 909 1068 incedens5
923 1035 951 1064 in

108 1090 164 1119 quo
183 1089 236 1110 rex
257 1081 303 1110 ille
323 1081 438 1115 nobilis,
460 1081 544 1110 totius
558 1081 741 1118 poenitentiae
762 1083 789 1110 et
810 1081 950 1110 humilita-

107 1129 143 1158 tis
152 1128 308 1165 exemplar,
323 1136 388 1157 vere
402 1128 605 1165 poenitentibus
620 1128 768 1164 praebebat
779 1128 949 1165 exemplum.

108 1175 156 1204 Cui
177 1175 259 1204 etiam
281 1174 451 1203 consuetudo
466 1174 648 1203 ecclesiastica
663 1177 809 1209 consonat,
831 1182 902 1212 quae
916 1175 950 1203 ad

107 1222 177 1251 iram
197 1221 245 1251 Dei
267 1221 426 1258 placandam
448 1221 475 1250 in
496 1221 718 1258 processionibus
745 1221 827 1258 pedes
855 1221 948 1250 nudat.

107 1285 146 1290 --
166 1269 273 1303 Tertio,
300 1268 335 1297 ad
362 1268 556 1296 testimonium
588 1267 761 1296 obedientiae
785 1272 947 1305 promptae.

106 1315 182 1345 Unde
208 1322 293 1351 super
319 1314 387 1343 illud
414 1314 538 1343 Isaiae⁵:
564 1315 645 1343 Sicut
665 1314 828 1343 ambulavit
846 1324 949 1343 servus

106 1370 187 1390 meus
208 1361 306 1390 Isatas
325 1361 425 1389 nudus
439 1364 465 1390 et
478 1361 686 1395 cliscalceatus,·
708 1361 817 1390 Glossa:
837 1372 850 1386 (ι
865 1362 948 1396 Ecce,

106 1408 267 1437 obedientia.
290 1408 340 1436 [ste
360 1408 394 1436 de
415 1408 491 1445 regio
512 1408 616 1436 semine
636 1408 703 1442 fuit,
732 1411 759 1436 et
787 1411 876 1437 tamen
899 1416 948 1444 per

106 1455 243 1484 civitatem
258 1454 405 1483 ierusalem
417 1454 509 1483 nudus
523 1454 605 1491 pedes
616 1454 727 1483 incessit
740 1467 767 1482 ».
779 1471 816 1474 —
828 1455 947 1491 Quarto,

105 1501 138 1531 ad
159 1501 328 1530 exercitium
348 1501 424 1529 vitae
444 1505 588 1529 austerae.
611 1501 685 1530 Unde
701 1509 785 1538 super
800 1501 868 1530 illud
882 1502 947 1530 Mat-

105 1548 220 1577 thaeiG:
253 1547 348 1586 Neque
378 1547 574 1576 calceamenta
602 1548 633 1576 in
659 1548 803 1585 pedibus;
833 1548 946 1577 Glossa:

109 1594 222 1623 «Etiam
245 1594 319 1623 Plato
339 1594 417 1628 dicit,
445 1594 514 1622 duas
542 1594 666 1631 corporis
693 1594 864 1623 summitates
892 1603 946 1623 non

103 1649 163 1670 esse
183 1641 325 1675 velandas,
340 1648 391 1669 nec
405 1644 542 1670 assuetam
557 1641 617 1669 fieri
632 1641 732 1669 debere
746 1641 887 1669 mollitiem
903 1649 947 1670 ca-

103 1687 167 1725 pitis
187 1690 215 1716 et
235 1687 345 1724 pedum.
373 1687 441 1716 Cum
469 1687 542 1716 enim
570 1687 638 1716 haec
663 1687 811 1716 habuerint
832 1687 947 1716 firmita-

82 1751 88 1758 ·
104 1737 175 1769 tem,
196 1737 287 1763 cetera
308 1734 465 1763 robustiora
480 1737 545 1763 sunt
559 1746 585 1762 n.
603 1751 638 1754 —
654 1734 770 1770 Quinto,
786 1734 813 1762 in
827 1734 946 1771 signum

103 1780 292 1818 etonqattom's
313 1780 349 1809 ab
370 1780 451 1809 omni
470 1780 652 1809 carnalitate.
676 1780 751 1809 Unde
772 1789 856 1817 super
877 1781 946 1810 illud

103 1827 231 1856 Exodi⁷:
253 1826 334 1856 Solve
354 1827 580 1856 calceamentum
602 1827 635 1855 de
652 1827 776 1864 pedibus
797 1827 855 1856 tuis
876 1830 944 1862 etc.;

103 1873 215 1903 Glossa:
241 1885 254 1898 α
269 1874 339 1910 Quia
359 1874 453 1902 nullus
466 1874 522 1902 Deo
536 1874 664 1903 assistere
685 1874 727 1903 vel
750 1874 837 1903 Deum
852 1874 945 1903 videre

102 1923 206 1957 potest,
233 1920 285 1949 nisi
311 1923 410 1949 cuncta
430 1920 566 1949 desideria
586 1920 706 1949 carnalia
726 1920 884 1957 deponat».
907 1937 946 1941 -

103 1966 202 2001 Sexto,
223 1967 257 1996 ad
274 1966 420 2005 perfectae
437 1967 556 1995 virtutis
570 1967 691 2004 insigne.
707 1967 782 1996 Unde
796 1967 945 2004 Gregorius

102 2013 288 2043 Nazianzenus
307 2014 336 2042 in
357 2014 465 2042 laudem
486 2013 684 2050 Religiosorum
708 2013 883 2050 quorundam
902 2013 945 2042 sui

102 2060 249 2097 temporis,
264 2062 325 2097 post
337 2060 463 2097 ipsorum
476 2060 673 2097 dispersionem
685 2060 782 2097 lugens
796 2062 823 2089 et
837 2059 906 2088 flens
917 2059 943 2088 ⁸:

165 2291 172 2304 ¹
191 2291 246 2320 Cap.
264 2293 306 2321 22,
324 2293 361 2315 35.

163 2329 172 2342 ²
189 2330 249 2352 Alias
266 2331 303 2353 33.
320 2337 341 2353 n.
360 2331 385 2358 Δίς
403 2331 444 2353 cfr.
462 2337 531 2359 supra
549 2337 604 2359 pag.
620 2331 679 2358 306,
696 2334 747 2354 11013
766 2332 788 2354 5.
813 2332 942 2360 Respicitur

102 2368 177 2391 Matth.
197 2369 238 2396 to,
256 2369 278 2391 9.
295 2375 344 2398 seq.

163 2407 172 2420 ³
188 2408 263 2430 Matth.
281 2408 307 2435 6,
325 2408 369 2430 34:
387 2409 458 2431 Nolite
475 2415 531 2436 ergo
548 2409 635 2431 solliciti
653 2415 704 2431 esse
721 2409 743 2431 in
760 2409 893 2432 crastinum.

163 2445 172 2458 ⁴
189 2446 244 2475 Cap.
263 2447 303 2475 15,
322 2447 358 2469 30.
377 2460 405 2463 —
423 2447 454 2469 De
471 2447 658 2475 processionibus
675 2449 715 2470 cfr.
728 2448 762 2470 Du
775 2447 866 2476 Gange,
879 2448 941 2470 Glos-

100 2485 186 2507 sarium
203 2488 246 2508 etc.
262 2485 307 2508 sub
323 2491 382 2508 voce
397 2486 518 2509 Processio
528 2494 535 2509 .·
561 2486 632 2509 Nudis
657 2486 756 2514 pedibus
773 2490 798 2509 ut
814 2487 941 2515 pin-imum

99 2523 231 2552 indictoque
241 2523 326 2546 ieiunio
337 2523 423 2546 fiebant
434 2524 546 2547 eiusmodi
559 2525 748 2552 supplicationes,
761 2528 864 2553 tempore
878 2531 941 2553 prae-

100 2562 177 2585 sertim
194 2563 325 2590 angustiae,
343 2563 404 2585 unde
420 2563 578 2593 Nudipeclalia
595 2564 710 2586 interdum
727 2564 870 2592 appellantur
887 2567 929 2586 etc.

162 2600 172 2613 ⁵
188 2601 244 2629 Cap.
261 2602 302 2629 20,
319 2602 340 2624 3.
358 2602 436 2625 Glossa
454 2605 488 2625 est
504 2602 629 2626 ordinaria
647 2605 682 2631 (ex
700 2603 800 2631 Hieron.)
824 2603 845 2624 in
868 2609 892 2625 v.
909 2604 938 2625 2:

100 2639 130 2663 Et
144 2639 198 2669 fecit
213 2640 253 2663 sic.
271 2641 323 2663 Mira
341 2640 483 2663 obedientia!
509 2642 557 2664 solo
573 2642 646 2664 cilicio
663 2641 803 2664 induebatur
819 2641 855 2663 vir
876 2641 941 2663 nobi-

99 2678 211 2708 lissimus,
228 2682 253 2702 ut
270 2679 366 2702 Hebraei
384 2680 490 2708 tradunt;
508 2681 574 2703 cuius
592 2680 662 2703 filiam
684 2686 723 2703 rex
746 2681 860 2702 Manasses
877 2686 939 2702 acce-

99 2717 132 2745 pit
149 2717 170 2739 in
188 2717 334 2746 coniugium,
351 2724 396 2740 non
413 2718 505 2741 erubuit
521 2719 597 2741 nudus
615 2719 733 2746 incedere,
749 2718 804 2740 nihil
821 2718 939 2741 honestius

100 2755 203 2779 iudicans
219 2762 290 2785 quam
307 2757 404 2780 Domino
421 2757 525 2780 obedire.

160 2793 171 2807 ⁶
187 2794 243 2823 Cap.
262 2795 302 2822 10,
320 2796 356 2818 10.
372 2796 450 2818 Glossa
468 2799 502 2818 est
518 2795 643 2819 ordinaria
660 2796 696 2825 (ex
713 2796 824 2824 Hieron).

161 2832 170 2846 ⁷
187 2833 243 2861 Cap.
260 2834 287 2861 3,
304 2834 326 2856 5.
343 2834 421 2857 Glossa
438 2837 472 2857 est
488 2834 612 2857 ordinm-ia
629 2835 664 2863 (ex
676 2834 766 2861 lsidor.,
778 2835 822 2863 Qq.
833 2834 855 2856 in
868 2835 938 2857 Exod.

99 2877 119 2894 0.
134 2871 156 2894 7.
173 2878 196 2894 n.
214 2873 262 2902 3.):
279 2873 337 2901 Quia
353 2873 429 2895 nullus
453 2873 537 2896 scilicet
561 2873 631 2901 digne
655 2873 792 2900 consistere,
808 2874 845 2895 vel
862 2873 936 2896 Deum

98 2911 178 2934 videre
194 2913 280 2939 potest,
297 2912 340 2934 nisi
356 2914 437 2934 cuncta
454 2914 542 2934 terrena
559 2915 582 2935 et
598 2912 701 2934 mortalia
718 2912 772 2934 vitia
790 2912 898 2940 deponat.

160 2949 170 2962 ὓ
186 2949 248 2972 Orat.
265 2950 287 2972 6.
304 2949 369 2978 (alias
386 2951 433 2978 42.)
451 2956 473 2972 n.
487 2951 508 2973 2.
521 2950 596 2973 Oratio
608 2952 664 2973 hacc
676 2950 821 2973 inscribitur:
838 2959 849 2972 ιι
861 2951 936 2974 Prima

99 2987 128 3011 de
149 2994 218 3016 pace,
243 2987 274 3010 ob
299 2989 464 3011 monachorum
489 2989 708 3017 reconciliationem,
733 2991 784 3017 post
807 2989 934 3017 silentium,

1796 219 1852 248 307

1017 304 1030 318 τε
1041 293 1247 328 Desiderabam‚
1262 294 1366 331 inquit,
1382 298 1409 323 et
1423 295 1534 324 intentis
1548 303 1579 324 ac
1595 295 1777 333 pendentibus
1791 304 1853 325 ocu-

1012 340 1044 368 lis
1065 340 1258 376 requirebam,
1279 341 1373 370 videre
1394 341 1508 378 cupiens
1528 345 1655 371 sanctum
1676 342 1753 371 illum
1782 343 1853 379 psal-

1011 386 1111 415 lentem
1133 387 1250 415 chorum
1272 387 1380 416 laudem
1401 391 1429 416 et
1448 388 1564 425 gloriam
1586 389 1759 417 offerentium
1780 389 1851 423 Deo,

1011 433 1057 469 qui
1080 433 1111 461 in
1127 433 1183 470 teye
1206 434 1323 462 Domini
1342 434 1522 463 meditantur
1536 435 1581 463 (lie
1595 443 1631 463 ac
1645 438 1740 469 nocte,
1756 435 1802 472 qui
1818 436 1852 464 ad

1010 479 1169 515 exemplum
1191 482 1218 508 et
1239 480 1478 509 commonitionem
1501 481 1622 510 melioris
1640 481 1711 510 vitae
1725 481 1852 510 omnibus

1012 525 1123 559 vivunt,
1145 526 1212 562 legis
1233 526 1279 554 Dei
1301 530 1384 563 atque
1406 527 1541 564 Evangelii
1556 527 1657 557 Christi
1679 528 1752 557 taciti
1773 536 1852 565 prae-

1009 571 1162 605 dicatores;
1178 572 1206 600 in
1220 573 1322 609 quibus
1340 573 1397 610 ipse
1412 582 1523 611 quoque
1538 574 1649 603 habitus
1663 575 1783 612 praefert
1798 575 1852 603 vir-

1010 618 1077 646 tutis
1098 618 1229 655 insignia,
1259 619 1398 648 hirsutum
1427 623 1510 657 caput
1535 620 1645 650 incultis
1666 625 1693 650 et
1714 622 1851 650 horrenti-

1010 665 1062 693 bus
1084 665 1183 699 comis,
1206 665 1287 702 pedes
1308 666 1374 694 nudi
1402 670 1430 695 et
1450 667 1605 704 apostolicis
1626 667 1744 702 similes,
1772 668 1851 697 indu-

1009 711 1093 739 menti
1115 712 1204 740 vilitas
1225 713 1408 749 arrogantiam
1431 713 1532 742 saeculi
1554 714 1769 751 superbiamque
1787 723 1851 744 con-

1009 756 1156 791 demnans,
1178 766 1246 786 zona
1266 758 1325 794 ipso
1346 767 1396 787 suo
1418 760 1544 796 neglectu
1566 760 1725 797 pretiosior,
1752 769 1848 797 parum

1009 804 1075 840 quid
1097 804 1227 833 cohibens
1242 805 1395 834 vestimenti
1408 805 1419 822 ⁹
1434 817 1460 834 ι).
1476 823 1514 826 -
1528 807 1565 835 Νο
1581 807 1664 843 igitur
1680 807 1789 836 nuditas
1804 816 1850 844 pe-

1867 819 1937 837 Auctor
1945 824 1996 838 men-

1861 843 1898 860 tem
1905 847 1956 861 suam
1964 842 1995 862 de-

1008 850 1091 884 dum,
1113 859 1183 888 quae
1204 851 1238 880 de
1259 859 1287 880 se
1308 852 1437 880 afflictiva
1458 855 1485 881 et
1505 853 1678 890 despicabilis
1706 857 1762 888 est,
1790 857 1849 883 tan·
1860 865 1924 884 clarat.

1008 905 1091 933 quam
1113 897 1217 926 inutilis
1237 901 1264 926 et
1284 906 1400 927 erronea
1420 899 1587 928 detestabilis
1608 900 1716 934 habita,
1739 901 1850 930 tollatur

1008 943 1041 972 de
1062 943 1169 977 medio;
1192 944 1293 973 idcirco
1314 945 1340 973 in
1362 945 1483 974 medium
1499 946 1548 975 1135
1570 946 1680 975 Patrum
1702 947 1849 976 auctorita-

1008 992 1049 1018 tes
1075 990 1258 1025 adduximus,
1287 999 1339 1019 non
1368 992 1433 1028 quia
1464 992 1647 1021 calceamenta
1677 994 1850 1030 reprobanda

1007 1044 1185 1071 censeamus,
1210 1045 1259 1066 nec
1281 1038 1346 1074 quia
1367 1038 1500 1067 calceatos
1520 1039 1554 1068 de
1575 1039 1780 1076 imperfectione
1801 1049 1849 1069 no—

1007 1085 1112 1117 temus,
1134 1091 1196 1111 cum
1219 1086 1246 1112 et
1267 1084 1451 1113 calceatorum
1472 1088 1499 1114 et
1519 1085 1746 1115 discalceatorum
1772 1087 1849 1115 hahi-

1007 1132 1052 1158 tus
1072 1133 1099 1158 et
1120 1130 1224 1158 loculos
1244 1130 1404 1159 habentium
1426 1134 1453 1160 et
1474 1140 1528 1160 non
1557 1132 1717 1161 habentium
1744 1133 1848 1170 profes-

1005 1176 1095 1205 siones
1126 1176 1390 1206 considerationibus
1417 1181 1444 1206 et
1471 1178 1561 1207 causis
1591 1178 1706 1207 diversis
1734 1179 1848 1208 Domino

1005 1223 1130 1259 placeant
1140 1226 1167 1251 et
1178 1223 1338 1252 multiformi
1351 1224 1469 1261 quadam
1482 1225 1613 1253 varietate
1628 1233 1754 1262 sponsam
1769 1226 1848 1255 Chri-

1005 1269 1038 1298 sti
1061 1269 1257 1298 circumdatam
1270 1269 1308 1304 10,
1330 1270 1474 1304 decoram,
1496 1271 1644 1308 perfectam
1659 1275 1686 1300 et
1700 1272 1848 1301 admirabi-

1005 1316 1058 1344 lem
1080 1316 1202 1344 reddant.

1084 1363 1108 1390 9.
1131 1363 1244 1391 Frustra
1266 1363 1349 1399 igitur
1371 1363 1404 1392 ad
1423 1364 1616 1393 contumeliam
1631 1365 1668 1393 nil
1684 1366 1844 1395 habentium

1004 1417 1175 1446 pauperum,
1204 1417 1274 1446 quos
1295 1411 1413 1446 supra¹¹
1435 1410 1468 1439 de
1490 1411 1596 1440 haeresi
1618 1419 1649 1440 ac
1671 1412 1844 1442 simulatione

1004 1458 1162 1490 notaverat,
1185 1459 1306 1484 sanctam
1328 1459 1442 1485 matrem
1463 1457 1608 1486 Ecclesiam
1624 1459 1701 1488 vanis
1722 1462 1749 1488 et
1772 1460 1846 1489 falsis

1004 1501 1169 1538 quibusdam
1191 1502 1334 1537 laudibus,
1349 1503 1427 1539 quasi
1442 1504 1592 1533 mendacio
1606 1513 1660 1533 suo
1675 1505 1816 1543 indigeat,
1831 1515 1846 1535 a

1004 1547 1069 1576 vitio
1097 1548 1279 1577 simulationis
1303 1552 1434 1583 excusat,
1456 1558 1519 1578 cum
1541 1551 1742 1588 subsequenter
1763 1560 1846 1581 anne*

1003 1594 1069 1623 ctit:
1096 1595 1221 1623 «Sancta
1249 1603 1314 1624 vero
1342 1599 1429 1624 mater
1459 1596 1577 1625 Ecclesia
1603 1606 1698 1634 supra
1723 1603 1846 1627 montem

999 1641 1133 1677 posita¹²
1155 1641 1222 1670 11300
1243 1649 1272 1670 50
1293 1650 1346 1670 11011
1366 1642 1468 1671 habere
1489 1651 1542 1671 non
1561 1643 1688 1678 simulat,
1709 1653 1762 1673 non
1781 1645 1846 1682 quia

1002 1688 1103 1716 harum
1124 1695 1219 1717 rerum
1241 1689 1393 1717 dominium
1415 1690 1528 1724 habeat,
1550 1690 1596 1719 sed
1618 1698 1669 1727 pro
1689 1692 1777 1728 capite
1795 1700 1845 1721 suo

1002 1734 1141 1772 leyatione
1161 1734 1304 1772 funyens,
1326 1744 1372 1765 eas
1392 1736 1548 1765 fidelissime
1573 1737 1752 1774 dispensat».
1775 1739 1844 1768 Haec

1002 1781 1087 1810 verba
1108 1781 1209 1818 ipsius,
1231 1782 1259 1810 in
1273 1782 1375 1819 quibus
1389 1783 1443 1811 duo
1458 1783 1540 1812 simul
1555 1784 1693 1813 contraria
1706 1785 1842 1822 implicat,

1002 1835 1065 1856 cum
1087 1828 1168 1863 dicit,
1190 1829 1263 1865 quod
1290 1840 1303 1854 «
1317 1829 1436 1858 Ecclesia
1456 1830 1524 1859 haec
1545 1838 1573 1859 se
1594 1839 1649 1859 non
1670 1831 1773 1860 habere
1788 1840 1840 1861 non

1001 1874 1113 1903 simulat
1127 1886 1154 1909 »‚
1169 1878 1196 1903 et
1210 1878 1304 1911 postea
1318 1875 1418 1910 subdit,
1433 1876 1507 1913 quod
1527 1888 1540 1901 κ(
1553 1884 1728 1914 nequaquam
1741 1878 1842 1907 horum

1001 1920 1151 1949 dominium
1173 1921 1273 1950 habeat
1286 1933 1313 1950 ».
1336 1922 1362 1950 Si
1382 1922 1455 1951 enim
1470 1923 1588 1951 ostendit
1602 1923 1736 1958 Ecclesia,
1750 1932 1779 1953 se
1794 1925 1842 1953 ha-

1001 1967 1067 1996 bere
1087 1971 1115 1996 et
1135 1967 1194 1996 sine
1217 1968 1405 2003 simulatione,
1427 1969 1562 1998 veraciter
1583 1969 1668 2007 igitur
1689 1970 1772 1999 habet
1796 1979 1842 2000 ve-

1001 2013 1123 2050 roque¹³
1145 2014 1265 2050 possidet
1286 2015 1362 2049 iure,
1384 2023 1416 2044 ac
1436 2023 1486 2053 per
1506 2016 1558 2045 hoc
1580 2024 1674 2045 rerum
1689 2017 1840 2047 dominium

1001 2060 1051 2088 sibi
1073 2060 1208 2089 veraciter
1236 2061 1362 2090 vindicat.
1392 2062 1514 2098 Qualiter
1542 2063 1626 2100 igitur
1647 2063 1730 2092 dicit:
1755 2064 1840 2093 «Non

998 2296 1117 2321 praesente
1134 2296 1198 2322 patre
1210 2303 1231 2321 n,
1250 2294 1342 2317 scilicet⁴
1350 2294 1454 2322 Gregorii
1472 2295 1599 2323 Theolog13
1617 2298 1681 2323 pater
1693 2296 1753 2318 0111111
1767 2297 1838 2324 ipsius

998 2332 1111 2360 quosdam
1129 2333 1225 2355 Arianos
1241 2332 1340 2361 benigne
1356 2336 1475 2361 exceperat
1492 2336 1514 2356 et
1530 2334 1622 2356 cuidam
1649 2334 1733 2362 impiae
1757 2341 1836 2358 eorum

998 2371 1123 2393 sententiae
1139 2378 1166 2394 ex
1183 2372 1326 2399 simplicitate
1342 2371 1517 2400 subscripserat.
1535 2373 1598 2401 Quae
1614 2379 1651 2396 res
1664 2376 1722 2396 tanta
1734 2373 1838 2402 indigna-

998 2408 1058 2431 tione
1081 2410 1246 2431 monachorum
1271 2410 1360 2432 animos
1385 2410 1513 2438 permovit,
1538 2413 1563 2433 ut
1585 2411 1702 2433 confestim
1719 2411 1748 2434 ab
1766 2412 1838 2440 ipsius

997 2448 1160 2470 communione
1177 2449 1318 2471 recesserint.
1336 2449 1400 2471 Patre
1418 2454 1519 2471 errorem
1534 2452 1656 2472 revocante
1672 2452 1694 2472 et
1711 2454 1838 2478 praesente,

997 2486 1122 2514 Gregorius
1139 2487 1198 2508 113110
1215 2487 1341 2509 orationem
1358 2487 1450 2515 habuit,
1463 2488 1486 2510 in
1499 2494 1543 2516 qua
1553 2505 1558 2515 ,
1570 2489 1690 2511 occasione
1705 2489 1742 2511 illa
1760 2489 1837 2518 deplo-

996 2527 1055 2552 rata,
1074 2526 1134 2547 vitae
1150 2526 1290 2548 monasticae
1307 2527 1404 2548 formam
1422 2526 1591 2554 elegantissime
1607 2527 1717 2550 describit
1728 2528 1837 2557 pacisque

997 2564 1102 2586 utilitates
1119 2564 1217 2592 exponit.
1236 2565 1258 2587 ln
1275 2565 1371 2592 allegata
1388 2565 1498 2588 sententia
1515 2571 1562 2588 non
1579 2566 1655 2588 omnia
1672 2566 1812 2590 verbotenus
1824 2574 1836 2589 a

996 2603 1084 2625 Bonav.
1100 2604 1238 2625 referuntur.
1254 2604 1370 2631 Allegatur
1388 2604 1423 2626 Ρ5.
1442 2604 1462 2631 1,
1482 2605 1503 2627 2.
1520 2605 1563 2627 Pro
1580 2605 1784 2629 commonitionem
1797 2606 1835 2635 (ita

996 2641 1047 2670 BC)
1067 2642 1111 2664 DG
1128 2642 1387 2671 commemorationem,
1408 2643 1461 2665 edd.
1479 2643 1666 2667 commotionem.

1058 2679 1068 2692 ⁹
1085 2681 1113 2703 lta
1132 2681 1149 2703 Α
1158 2681 1175 2702 Β
1184 2680 1200 2703 C
1210 2681 1243 2709 G;
1261 2681 1314 2703 edd.
1325 2681 1456 2705 necessitati
1464 2690 1474 2710 ‚·
1485 2683 1598 2705 recentior
1610 2683 1686 2706 versio
1698 2683 1766 2711 legit:
1779 2690 1835 2706 zona

995 2719 1025 2742 ob
1042 2719 1200 2747 inelegantiam
1218 2720 1323 2747 elegans,
1340 2720 1440 2742 tunicam
1457 2721 1560 2743 nonnihil
1583 2722 1736 2750 restringens,
1759 2723 1788 2745 ita
1811 2726 1835 2745 ut

995 2758 1132 2786 restringere
1149 2758 1243 2780 minime
1260 2759 1373 2781 videatur.

1057 2796 1077 2811 ¹⁰
1093 2797 1222 2824 Respicitur
1239 2797 1274 2819 Ps.
1291 2797 1332 2825 44,
1350 2798 1391 2825 1ος
1409 2798 1448 2820 cfr.
1465 2804 1535 2826 supra
1555 2804 1608 2827 pag.
1625 2799 1683 2827 250,
1700 2802 1752 2822 nota
1769 2800 1790 2822 6.
1813 2803 1836 2822 et

995 2841 1049 2863 pag.
1066 2835 1124 2862 277,
1141 2838 1193 2858 nota
1211 2836 1233 2857 9.

1057 2873 1075 2887 ¹¹
1093 2875 1160 2897 Num.
1178 2874 1199 2897 4.
1216 2887 1246 2891 —-
1263 2874 1364 2898 Subinde
1381 2876 1502 2904 respicitur
1520 2876 1558 2898 lob
1577 2877 1619 2904 13,
1636 2877 1657 2899 7.

1056 2911 1075 2925 ¹²
1093 2913 1169 2935 Matth.
1187 2913 1213 2942 5,
1232 2913 1272 2936 ⁴4:
1289 2914 1337 2936 Non
1352 2917 1426 2942 potest
1437 2914 1517 2937 civitas
1529 2914 1638 2938 abscondi
1650 2922 1720 2944 supra
1733 2921 1833 2939 montem

994 2951 1076 2980 posita.
1091 2964 1122 2968 —-
1138 2952 1162 2974 11.
1178 2952 1230 2975 Cor.
1247 2953 1274 2981 ὅ,
1291 2953 1336 2975 20:
1353 2953 1396 2976 Pro
1412 2953 1502 2976 Christo
1513 2960 1570 2982 ergo
1582 2955 1696 2982 legatione
1708 2955 1833 2983 fungimur.

1055 2988 1075 3003 ²³
1091 2991 1121 3013 lta
1139 2991 1156 3013 A
1167 2990 1248 3019 BCF;
1265 2991 1317 3014 edd.
1335 2991 1398 3021 quia.

1860 1377 1983 1396 Adversarius

1870 1400 1971 1419 Ecclesiam

1862 1424 1930 1442 frustra
1948 1429 1979 1443 ex-

1891 1449 1950 1466 cusat.

1856 1795 1983 1823 Contradietio

1885 1824 1950 1843 ipsius.
