<?xml version="1.0" encoding="UTF-8"?>
<!DOCTYPE html PUBLIC "-//W3C//DTD XHTML 1.0 Transitional//EN"
    "http://www.w3.org/TR/xhtml1/DTD/xhtml1-transitional.dtd">
<html xmlns="http://www.w3.org/1999/xhtml" xml:lang="en" lang="en">
 <head>
  <title>
</title>
<meta http-equiv="Content-Type" content="text/html;charset=utf-8" />
  <meta name='ocr-system' content='tesseract 3.04.00' />
  <meta name='ocr-capabilities' content='ocr_page ocr_carea ocr_par ocr_line ocrx_word'/>
</head>
<body>
  <div class='ocr_page' id='page_1' title='image "./doctorisseraphic08bona_0768.png"; bbox 0 0 2133 3317; ppageno 0'>
   <div class='ocr_carea' id='block_1_1' title="bbox 133 526 257 593">
    <p class='ocr_par' dir='ltr' id='par_1_1' title="bbox 133 526 257 593">
     <span class='ocr_line' id='line_1_1' title="bbox 133 526 257 546; baseline -0.016 0"><span class='ocrx_word' id='word_1_1' title='bbox 133 527 161 546; x_wconf 81' lang='lat' dir='ltr'><strong>De</strong></span> <span class='ocrx_word' id='word_1_2' title='bbox 173 526 257 546; x_wconf 82' lang='lat' dir='ltr'><strong>secundo</strong></span> 
     </span>
     <span class='ocr_line' id='line_1_2' title="bbox 149 550 246 569; baseline -0.01 0"><span class='ocrx_word' id='word_1_3' title='bbox 149 556 190 569; x_wconf 88' lang='lat' dir='ltr'><strong>cum</strong></span> <span class='ocrx_word' id='word_1_4' title='bbox 203 550 246 568; x_wconf 78' lang='lat' dir='ltr'><strong>aliis</strong></span> 
     </span>
     <span class='ocr_line' id='line_1_3' title="bbox 145 573 244 593; baseline -0.01 -1"><span class='ocrx_word' id='word_1_5' title='bbox 145 573 244 593; x_wconf 78' lang='lat' dir='ltr'><strong>fructibus.</strong></span> 
     </span>
    </p>
   </div>
   <div class='ocr_carea' id='block_1_2' title="bbox 138 1216 252 1241">
    <p class='ocr_par' dir='ltr' id='par_1_2' title="bbox 138 1216 252 1241">
     <span class='ocr_line' id='line_1_4' title="bbox 138 1216 252 1241; baseline -0.009 -5"><span class='ocrx_word' id='word_1_6' title='bbox 138 1217 167 1236; x_wconf 91' lang='lat' dir='ltr'><strong>De</strong></span> <span class='ocrx_word' id='word_1_7' title='bbox 179 1216 252 1241; x_wconf 80' lang='lat' dir='ltr'><strong>primis.</strong></span> 
     </span>
    </p>
   </div>
   <div class='ocr_carea' id='block_1_3' title="bbox 126 1911 260 1931">
    <p class='ocr_par' dir='ltr' id='par_1_3' title="bbox 126 1911 260 1931">
     <span class='ocr_line' id='line_1_5' title="bbox 126 1911 260 1931; baseline 0 -1"><span class='ocrx_word' id='word_1_8' title='bbox 126 1911 153 1931; x_wconf 79' lang='lat' dir='ltr'><strong>De</strong></span> <span class='ocrx_word' id='word_1_9' title='bbox 161 1911 260 1931; x_wconf 77' lang='lat' dir='ltr'><strong>ebrietate.</strong></span> 
     </span>
    </p>
   </div>
   <div class='ocr_carea' id='block_1_4' title="bbox 269 230 324 259">
    <p class='ocr_par' dir='ltr' id='par_1_4' title="bbox 269 230 324 259">
     <span class='ocr_line' id='line_1_6' title="bbox 269 230 324 259; baseline -0.018 0"><span class='ocrx_word' id='word_1_10' title='bbox 269 230 324 259; x_wconf 82' lang='lat'><strong>636</strong></span> 
     </span>
    </p>
   </div>
   <div class='ocr_carea' id='block_1_5' title="bbox 267 303 1127 2629">
    <p class='ocr_par' dir='ltr' id='par_1_5' title="bbox 267 303 1119 468">
     <span class='ocr_line' id='line_1_7' title="bbox 267 303 1117 337; baseline -0.008 -3"><span class='ocrx_word' id='word_1_11' title='bbox 267 316 333 337; x_wconf 88' lang='lat' dir='ltr'><strong>esse,</strong></span> <span class='ocrx_word' id='word_1_12' title='bbox 353 308 382 332; x_wconf 91' lang='lat' dir='ltr'><strong>ut</strong></span> <span class='ocrx_word' id='word_1_13' title='bbox 401 315 454 332; x_wconf 90' lang='lat' dir='ltr'><strong>cum</strong></span> <span class='ocrx_word' id='word_1_14' title='bbox 475 306 547 331; x_wconf 89' lang='grc'><strong>110010</strong></span> <span class='ocrx_word' id='word_1_15' title='bbox 566 313 616 330; x_wconf 90' lang='grc'><strong>11011</strong></span> <span class='ocrx_word' id='word_1_16' title='bbox 636 304 747 329; x_wconf 85' lang='lat' dir='ltr'><strong>subiacet</strong></span> <span class='ocrx_word' id='word_1_17' title='bbox 767 312 825 329; x_wconf 87' lang='lat' dir='ltr'><strong>suae</strong></span> <span class='ocrx_word' id='word_1_18' title='bbox 844 303 979 335; x_wconf 66' lang='lat' dir='ltr'><strong>potestati,</strong></span> <span class='ocrx_word' id='word_1_19' title='bbox 999 303 1024 328; x_wconf 88' lang='lat' dir='ltr'><strong>et</strong></span> <span class='ocrx_word' id='word_1_20' title='bbox 1041 310 1117 334; x_wconf 89' lang='lat' dir='ltr'><strong>qnan-</strong></span> 
     </span>
     <span class='ocr_line' id='line_1_8' title="bbox 267 347 1117 384; baseline -0.007 -7"><span class='ocrx_word' id='word_1_21' title='bbox 267 353 346 384; x_wconf 86' lang='lat' dir='ltr'><strong>doque</strong></span> <span class='ocrx_word' id='word_1_22' title='bbox 365 351 403 376; x_wconf 90' lang='lat' dir='ltr'><strong>est</strong></span> <span class='ocrx_word' id='word_1_23' title='bbox 422 350 531 378; x_wconf 81' lang='lat' dir='ltr'><strong>veniale,</strong></span> <span class='ocrx_word' id='word_1_24' title='bbox 551 349 579 374; x_wconf 91' lang='lat' dir='ltr'><strong>ut</strong></span> <span class='ocrx_word' id='word_1_25' title='bbox 598 356 654 374; x_wconf 92' lang='lat' dir='ltr'><strong>cum</strong></span> <span class='ocrx_word' id='word_1_26' title='bbox 673 355 723 373; x_wconf 89' lang='grc'><strong>11011</strong></span> <span class='ocrx_word' id='word_1_27' title='bbox 746 348 782 372; x_wconf 87' lang='lat' dir='ltr'><strong>ita</strong></span> <span class='ocrx_word' id='word_1_28' title='bbox 802 348 929 379; x_wconf 76' lang='lat' dir='ltr'><strong>reprimit,</strong></span> <span class='ocrx_word' id='word_1_29' title='bbox 951 347 1015 372; x_wconf 90' lang='lat' dir='ltr'><strong>sicut</strong></span> <span class='ocrx_word' id='word_1_30' title='bbox 1034 347 1117 377; x_wconf 70' lang='lat' dir='ltr'><strong>decet3</strong></span> 
     </span>
     <span class='ocr_line' id='line_1_9' title="bbox 267 389 1119 426; baseline -0.006 -7"><span class='ocrx_word' id='word_1_31' title='bbox 267 396 292 420; x_wconf 90' lang='lat' dir='ltr'><strong>et</strong></span> <span class='ocrx_word' id='word_1_32' title='bbox 311 395 395 426; x_wconf 88' lang='lat' dir='ltr'><strong>potest</strong></span> <span class='ocrx_word' id='word_1_33' title='bbox 414 401 466 418; x_wconf 88' lang='lat' dir='ltr'><strong>esse</strong></span> <span class='ocrx_word' id='word_1_34' title='bbox 486 392 602 421; x_wconf 87' lang='lat' dir='ltr'><strong>mortale,</strong></span> <span class='ocrx_word' id='word_1_35' title='bbox 624 392 644 416; x_wconf 90' lang='lat' dir='ltr'><strong>si</strong></span> <span class='ocrx_word' id='word_1_36' title='bbox 664 399 692 416; x_wconf 82' lang='lat' dir='ltr'><strong>ex</strong></span> <span class='ocrx_word' id='word_1_37' title='bbox 705 391 786 416; x_wconf 85' lang='lat' dir='ltr'><strong>radice</strong></span> <span class='ocrx_word' id='word_1_38' title='bbox 800 391 900 416; x_wconf 76' lang='lat' dir='ltr'>mortali</span> <span class='ocrx_word' id='word_1_39' title='bbox 914 390 1040 422; x_wconf 85' lang='lat' dir='ltr'><strong>procedat,</strong></span> <span class='ocrx_word' id='word_1_40' title='bbox 1055 389 1119 415; x_wconf 84' lang='lat' dir='ltr'><strong>sicut</strong></span> 
     </span>
     <span class='ocr_line' id='line_1_10' title="bbox 267 435 636 468; baseline -0.011 -5"><span class='ocrx_word' id='word_1_41' title='bbox 267 439 296 463; x_wconf 90' lang='lat' dir='ltr'><strong>de</strong></span> <span class='ocrx_word' id='word_1_42' title='bbox 315 437 460 468; x_wconf 68' lang='lat' dir='ltr'><em>frequentia</em></span> <span class='ocrx_word' id='word_1_43' title='bbox 479 436 572 460; x_wconf 87' lang='lat' dir='ltr'><strong>dictum</strong></span> <span class='ocrx_word' id='word_1_44' title='bbox 591 435 636 459; x_wconf 85' lang='lat' dir='ltr'><strong>est.</strong></span> 
     </span>
    </p>

    <p class='ocr_par' dir='ltr' id='par_1_6' title="bbox 267 476 1122 1162">
     <span class='ocr_line' id='line_1_11' title="bbox 341 476 1119 508; baseline -0.006 -3"><span class='ocrx_word' id='word_1_45' title='bbox 341 480 364 504; x_wconf 85' lang='lat'><strong>7.</strong></span> <span class='ocrx_word' id='word_1_46' title='bbox 384 479 511 505; x_wconf 85' lang='lat' dir='ltr'>Secundus</span> <span class='ocrx_word' id='word_1_47' title='bbox 529 478 613 503; x_wconf 85' lang='lat' dir='ltr'><strong>autem</strong></span> <span class='ocrx_word' id='word_1_48' title='bbox 638 477 737 508; x_wconf 77' lang='lat' dir='ltr'><strong>fructus</strong></span> <span class='ocrx_word' id='word_1_49' title='bbox 764 476 932 501; x_wconf 70' lang='lat' dir='ltr'><strong>immodestiae</strong></span> <span class='ocrx_word' id='word_1_50' title='bbox 958 477 984 501; x_wconf 89' lang='lat' dir='ltr'><strong>in</strong></span> <span class='ocrx_word' id='word_1_51' title='bbox 1008 476 1061 501; x_wconf 91' lang='lat' dir='ltr'><strong>cibo</strong></span> <span class='ocrx_word' id='word_1_52' title='bbox 1081 476 1119 500; x_wconf 90' lang='lat' dir='ltr'><strong>est</strong></span> 
     </span>
     <span class='ocr_line' id='line_1_12' title="bbox 268 519 1120 555; baseline -0.007 -6"><span class='ocrx_word' id='word_1_53' title='bbox 268 524 405 555; x_wconf 73' lang='lat' dir='ltr'><strong>nimietas,</strong></span> <span class='ocrx_word' id='word_1_54' title='bbox 425 523 454 547; x_wconf 90' lang='lat' dir='ltr'><strong>ut</strong></span> <span class='ocrx_word' id='word_1_55' title='bbox 481 530 537 547; x_wconf 87' lang='lat' dir='ltr'><strong>cum</strong></span> <span class='ocrx_word' id='word_1_56' title='bbox 556 522 612 553; x_wconf 86' lang='lat' dir='ltr'><strong>quis</strong></span> <span class='ocrx_word' id='word_1_57' title='bbox 635 520 740 546; x_wconf 88' lang='lat' dir='ltr'><strong>comedit</strong></span> <span class='ocrx_word' id='word_1_58' title='bbox 760 521 785 545; x_wconf 91' lang='lat' dir='ltr'><strong>in</strong></span> <span class='ocrx_word' id='word_1_59' title='bbox 806 520 882 544; x_wconf 89' lang='lat' dir='ltr'><strong>nimia</strong></span> <span class='ocrx_word' id='word_1_60' title='bbox 902 519 1059 551; x_wconf 85' lang='lat' dir='ltr'><strong>quantitate,</strong></span> <span class='ocrx_word' id='word_1_61' title='bbox 1079 519 1120 544; x_wconf 86' lang='lat' dir='ltr'><strong>vel</strong></span> 
     </span>
     <span class='ocr_line' id='line_1_13' title="bbox 270 561 1120 594; baseline -0.007 -2"><span class='ocrx_word' id='word_1_62' title='bbox 270 567 341 592; x_wconf 91' lang='lat' dir='ltr'><strong>bibit.</strong></span> <span class='ocrx_word' id='word_1_63' title='bbox 360 567 398 591; x_wconf 80' lang='lat' dir='ltr'><strong>Ex</strong></span> <span class='ocrx_word' id='word_1_64' title='bbox 416 566 462 591; x_wconf 89' lang='lat' dir='ltr'><strong>hoc</strong></span> <span class='ocrx_word' id='word_1_65' title='bbox 481 565 566 590; x_wconf 85' lang='lat' dir='ltr'><strong>fructu</strong></span> <span class='ocrx_word' id='word_1_66' title='bbox 584 564 698 589; x_wconf 84' lang='lat' dir='ltr'><strong>nascitur</strong></span> <span class='ocrx_word' id='word_1_67' title='bbox 726 563 842 594; x_wconf 83' lang='lat' dir='ltr'><strong>eorporis</strong></span> <span class='ocrx_word' id='word_1_68' title='bbox 865 563 983 594; x_wconf 73' lang='lat' dir='ltr'><strong>¹qravitas</strong></span> <span class='ocrx_word' id='word_1_69' title='bbox 1002 563 1026 587; x_wconf 84' lang='lat' dir='ltr'><strong>et</strong></span> <span class='ocrx_word' id='word_1_70' title='bbox 1044 561 1120 592; x_wconf 78' lang='lat' dir='ltr'><strong>infir-</strong></span> 
     </span>
     <span class='ocr_line' id='line_1_14' title="bbox 267 605 1119 641; baseline -0.008 -5"><span class='ocrx_word' id='word_1_71' title='bbox 267 612 359 641; x_wconf 79' lang='lat' dir='ltr'><strong>mitas,</strong></span> <span class='ocrx_word' id='word_1_72' title='bbox 379 610 471 634; x_wconf 84' lang='lat' dir='ltr'><strong>mentis</strong></span> <span class='ocrx_word' id='word_1_73' title='bbox 491 608 616 633; x_wconf 80' lang='lat' dir='ltr'><strong>hebetudo</strong></span> <span class='ocrx_word' id='word_1_74' title='bbox 635 608 660 632; x_wconf 86' lang='lat' dir='ltr'><strong>et</strong></span> <span class='ocrx_word' id='word_1_75' title='bbox 677 607 801 637; x_wconf 80' lang='lat' dir='ltr'><strong>caecitas,</strong></span> <span class='ocrx_word' id='word_1_76' title='bbox 821 606 911 631; x_wconf 85' lang='lat' dir='ltr'><strong>iudicii</strong></span> <span class='ocrx_word' id='word_1_77' title='bbox 925 605 1119 637; x_wconf 70' lang='lat' dir='ltr'><strong>praecipitatio,</strong></span> 
     </span>
     <span class='ocr_line' id='line_1_15' title="bbox 268 649 1121 683; baseline -0.007 -5"><span class='ocrx_word' id='word_1_78' title='bbox 268 653 502 683; x_wconf 81' lang='lat' dir='ltr'><strong>incircumspectio,</strong></span> <span class='ocrx_word' id='word_1_79' title='bbox 531 651 640 676; x_wconf 74' lang='lat' dir='ltr'><strong>ebrietas</strong></span> <span class='ocrx_word' id='word_1_80' title='bbox 653 649 670 681; x_wconf 81' lang='lat'><strong>¹,</strong></span> <span class='ocrx_word' id='word_1_81' title='bbox 691 650 850 681; x_wconf 71' lang='lat' dir='ltr'><strong>loquacitas,</strong></span> <span class='ocrx_word' id='word_1_82' title='bbox 870 649 958 680; x_wconf 79' lang='lat' dir='ltr'><strong>inepta</strong></span> <span class='ocrx_word' id='word_1_83' title='bbox 978 649 1078 673; x_wconf 84' lang='lat' dir='ltr'><strong>laetitia</strong></span> <span class='ocrx_word' id='word_1_84' title='bbox 1097 649 1121 672; x_wconf 90' lang='lat' dir='ltr'><strong>et</strong></span> 
     </span>
     <span class='ocr_line' id='line_1_16' title="bbox 268 692 1120 723; baseline -0.008 -1"><span class='ocrx_word' id='word_1_85' title='bbox 268 696 411 722; x_wconf 74' lang='lat' dir='ltr'><strong>dissolutio.</strong></span> <span class='ocrx_word' id='word_1_86' title='bbox 430 710 462 713; x_wconf 86' lang='lat'>—</span> <span class='ocrx_word' id='word_1_87' title='bbox 485 695 556 720; x_wconf 89' lang='lat' dir='ltr'><strong>Circa</strong></span> <span class='ocrx_word' id='word_1_88' title='bbox 574 694 706 719; x_wconf 74' lang='lat' dir='ltr'><strong>materiam</strong></span> <span class='ocrx_word' id='word_1_89' title='bbox 728 693 803 718; x_wconf 90' lang='lat' dir='ltr'><strong>istam</strong></span> <span class='ocrx_word' id='word_1_90' title='bbox 831 692 968 717; x_wconf 87' lang='lat' dir='ltr'><strong>notandum</strong></span> <span class='ocrx_word' id='word_1_91' title='bbox 996 692 1021 716; x_wconf 92' lang='lat' dir='ltr'><strong>in</strong></span> <span class='ocrx_word' id='word_1_92' title='bbox 1049 699 1120 723; x_wconf 84' lang='lat' dir='ltr'><strong>gene-</strong></span> 
     </span>
     <span class='ocr_line' id='line_1_17' title="bbox 268 736 1120 771; baseline -0.007 -6"><span class='ocrx_word' id='word_1_93' title='bbox 268 741 330 769; x_wconf 88' lang='lat' dir='ltr'><strong>rali,</strong></span> <span class='ocrx_word' id='word_1_94' title='bbox 350 740 415 771; x_wconf 87' lang='lat' dir='ltr'><strong>quod</strong></span> <span class='ocrx_word' id='word_1_95' title='bbox 434 739 476 764; x_wconf 89' lang='lat' dir='ltr'><strong>ille</strong></span> <span class='ocrx_word' id='word_1_96' title='bbox 494 738 573 763; x_wconf 83' lang='lat' dir='ltr'><strong>nimis</strong></span> <span class='ocrx_word' id='word_1_97' title='bbox 592 737 683 762; x_wconf 90' lang='lat' dir='ltr'><strong>dicitur</strong></span> <span class='ocrx_word' id='word_1_98' title='bbox 711 736 850 766; x_wconf 77' lang='lat' dir='ltr'>comedere,</span> <span class='ocrx_word' id='word_1_99' title='bbox 870 736 913 767; x_wconf 91' lang='grc'><strong>(1111</strong></span> <span class='ocrx_word' id='word_1_100' title='bbox 930 736 999 760; x_wconf 90' lang='lat' dir='ltr'><strong>ultra</strong></span> <span class='ocrx_word' id='word_1_101' title='bbox 1018 742 1120 760; x_wconf 89' lang='lat' dir='ltr'><strong>commo-</strong></span> 
     </span>
     <span class='ocr_line' id='line_1_18' title="bbox 268 778 1121 811; baseline -0.006 -4"><span class='ocrx_word' id='word_1_102' title='bbox 268 783 372 808; x_wconf 89' lang='lat' dir='ltr'><strong>ditatem</strong></span> <span class='ocrx_word' id='word_1_103' title='bbox 391 782 497 806; x_wconf 88' lang='lat' dir='ltr'><strong>naturae</strong></span> <span class='ocrx_word' id='word_1_104' title='bbox 519 780 625 811; x_wconf 86' lang='lat' dir='ltr'><strong>comedit</strong></span> <span class='ocrx_word' id='word_1_105' title='bbox 644 780 669 805; x_wconf 89' lang='lat' dir='ltr'><strong>et</strong></span> <span class='ocrx_word' id='word_1_106' title='bbox 687 780 726 805; x_wconf 92' lang='lat' dir='ltr'><strong>est</strong></span> <span class='ocrx_word' id='word_1_107' title='bbox 744 780 831 805; x_wconf 88' lang='lat' dir='ltr'><strong>contra</strong></span> <span class='ocrx_word' id='word_1_108' title='bbox 859 779 995 808; x_wconf 86' lang='lat' dir='ltr'><strong>rationem,</strong></span> <span class='ocrx_word' id='word_1_109' title='bbox 1024 778 1049 803; x_wconf 90' lang='lat' dir='ltr'><strong>et</strong></span> <span class='ocrx_word' id='word_1_110' title='bbox 1077 785 1121 809; x_wconf 86' lang='lat' dir='ltr'><strong>per</strong></span> 
     </span>
     <span class='ocr_line' id='line_1_19' title="bbox 268 821 1122 857; baseline -0.007 -6"><span class='ocrx_word' id='word_1_111' title='bbox 268 833 420 857; x_wconf 82' lang='lat' dir='ltr'><strong>consequens</strong></span> <span class='ocrx_word' id='word_1_112' title='bbox 440 825 584 856; x_wconf 88' lang='lat' dir='ltr'><strong>peccatum,</strong></span> <span class='ocrx_word' id='word_1_113' title='bbox 608 831 663 848; x_wconf 88' lang='lat' dir='ltr'><strong>cum</strong></span> <span class='ocrx_word' id='word_1_114' title='bbox 683 823 754 848; x_wconf 88' lang='lat' dir='ltr'><strong>actus</strong></span> <span class='ocrx_word' id='word_1_115' title='bbox 772 822 918 848; x_wconf 67' lang='lat' dir='ltr'><strong>nutritionis</strong></span> <span class='ocrx_word' id='word_1_116' title='bbox 947 822 981 846; x_wconf 89' lang='lat' dir='ltr'><strong>sit</strong></span> <span class='ocrx_word' id='word_1_117' title='bbox 1005 821 1037 846; x_wconf 87' lang='lat' dir='ltr'><strong>ad</strong></span> <span class='ocrx_word' id='word_1_118' title='bbox 1064 828 1122 846; x_wconf 87' lang='lat' dir='ltr'><strong>con-</strong></span> 
     </span>
     <span class='ocr_line' id='line_1_20' title="bbox 268 864 1121 899; baseline -0.007 -5"><span class='ocrx_word' id='word_1_119' title='bbox 268 870 433 894; x_wconf 85' lang='lat' dir='ltr'><strong>servationem</strong></span> <span class='ocrx_word' id='word_1_120' title='bbox 453 868 586 897; x_wconf 75' lang='lat' dir='ltr'><strong>individui,</strong></span> <span class='ocrx_word' id='word_1_121' title='bbox 607 868 632 892; x_wconf 90' lang='lat' dir='ltr'><strong>et</strong></span> <span class='ocrx_word' id='word_1_122' title='bbox 651 875 694 899; x_wconf 89' lang='lat' dir='ltr'><strong>per</strong></span> <span class='ocrx_word' id='word_1_123' title='bbox 723 866 799 891; x_wconf 88' lang='lat' dir='ltr'><strong>talem</strong></span> <span class='ocrx_word' id='word_1_124' title='bbox 824 866 923 897; x_wconf 86' lang='lat' dir='ltr'><strong>culpam</strong></span> <span class='ocrx_word' id='word_1_125' title='bbox 945 865 991 890; x_wconf 85' lang='lat' dir='ltr'><strong>fiat</strong></span> <span class='ocrx_word' id='word_1_126' title='bbox 1015 864 1121 889; x_wconf 85' lang='lat' dir='ltr'><strong>naturae</strong></span> 
     </span>
     <span class='ocr_line' id='line_1_21' title="bbox 269 903 1121 942; baseline -0.006 -5"><span class='ocrx_word' id='word_1_127' title='bbox 269 912 417 942; x_wconf 68' lang='lat' dir='ltr'><strong>subversio,</strong></span> <span class='ocrx_word' id='word_1_128' title='bbox 446 911 511 936; x_wconf 89' lang='lat' dir='ltr'><strong>unde</strong></span> <span class='ocrx_word' id='word_1_129' title='bbox 539 911 622 942; x_wconf 88' lang='lat' dir='ltr'><strong>patet,</strong></span> <span class='ocrx_word' id='word_1_130' title='bbox 650 910 716 942; x_wconf 87' lang='lat' dir='ltr'><strong>quod</strong></span> <span class='ocrx_word' id='word_1_131' title='bbox 742 903 779 934; x_wconf 85' lang='lat' dir='ltr'><strong>ibi</strong></span> <span class='ocrx_word' id='word_1_132' title='bbox 803 910 841 934; x_wconf 87' lang='lat' dir='ltr'><strong>est</strong></span> <span class='ocrx_word' id='word_1_133' title='bbox 868 909 955 934; x_wconf 81' lang='lat' dir='ltr'><strong>abusio</strong></span> <span class='ocrx_word' id='word_1_134' title='bbox 983 908 1008 933; x_wconf 88' lang='lat' dir='ltr'><strong>et</strong></span> <span class='ocrx_word' id='word_1_135' title='bbox 1040 915 1121 939; x_wconf 87' lang='lat' dir='ltr'><strong>pecca-</strong></span> 
     </span>
     <span class='ocr_line' id='line_1_22' title="bbox 269 949 1120 985; baseline -0.007 -5"><span class='ocrx_word' id='word_1_136' title='bbox 269 955 331 980; x_wconf 87' lang='lat' dir='ltr'><strong>tum.</strong></span> <span class='ocrx_word' id='word_1_137' title='bbox 354 955 388 979; x_wconf 86' lang='lat' dir='ltr'><strong>Et</strong></span> <span class='ocrx_word' id='word_1_138' title='bbox 413 955 513 980; x_wconf 87' lang='lat' dir='ltr'><strong>tantum</strong></span> <span class='ocrx_word' id='word_1_139' title='bbox 541 955 567 979; x_wconf 91' lang='lat' dir='ltr'><strong>in</strong></span> <span class='ocrx_word' id='word_1_140' title='bbox 594 961 730 985; x_wconf 81' lang='lat' dir='ltr'><strong>gravamen</strong></span> <span class='ocrx_word' id='word_1_141' title='bbox 750 952 855 977; x_wconf 84' lang='lat' dir='ltr'><strong>naturae</strong></span> <span class='ocrx_word' id='word_1_142' title='bbox 875 951 1004 983; x_wconf 74' lang='lat' dir='ltr'><strong>procedere</strong></span> <span class='ocrx_word' id='word_1_143' title='bbox 1024 949 1120 982; x_wconf 89' lang='lat' dir='ltr'><strong>potest,</strong></span> 
     </span>
     <span class='ocr_line' id='line_1_23' title="bbox 269 993 1121 1028; baseline -0.008 -5"><span class='ocrx_word' id='word_1_144' title='bbox 269 999 290 1023; x_wconf 92' lang='lat' dir='ltr'><strong>si</strong></span> <span class='ocrx_word' id='word_1_145' title='bbox 308 1006 337 1023; x_wconf 68' lang='lat' dir='ltr'><strong>cx</strong></span> <span class='ocrx_word' id='word_1_146' title='bbox 366 999 547 1023; x_wconf 77' lang='lat' dir='ltr'><strong>deliberatione</strong></span> <span class='ocrx_word' id='word_1_147' title='bbox 574 997 633 1027; x_wconf 88' lang='lat' dir='ltr'><strong>fiat,</strong></span> <span class='ocrx_word' id='word_1_148' title='bbox 654 997 718 1028; x_wconf 88' lang='lat' dir='ltr'><strong>quod</strong></span> <span class='ocrx_word' id='word_1_149' title='bbox 736 996 839 1021; x_wconf 86' lang='lat' dir='ltr'><strong>habebit</strong></span> <span class='ocrx_word' id='word_1_150' title='bbox 857 995 979 1020; x_wconf 88' lang='lat' dir='ltr'><strong>rationem</strong></span> <span class='ocrx_word' id='word_1_151' title='bbox 998 993 1121 1019; x_wconf 87' lang='lat' dir='ltr'><strong>mortalis.</strong></span> 
     </span>
     <span class='ocr_line' id='line_1_24' title="bbox 268 1037 1121 1072; baseline -0.009 -4"><span class='ocrx_word' id='word_1_152' title='bbox 268 1043 312 1067; x_wconf 77' lang='lat' dir='ltr'><strong>Ex</strong></span> <span class='ocrx_word' id='word_1_153' title='bbox 330 1043 513 1068; x_wconf 73' lang='lat' dir='ltr'><strong>deliberatione</strong></span> <span class='ocrx_word' id='word_1_154' title='bbox 531 1042 615 1066; x_wconf 87' lang='lat' dir='ltr'><strong>autem</strong></span> <span class='ocrx_word' id='word_1_155' title='bbox 634 1041 701 1070; x_wconf 88' lang='lat' dir='ltr'><strong>dico,</strong></span> <span class='ocrx_word' id='word_1_156' title='bbox 722 1041 780 1072; x_wconf 83' lang='lat' dir='ltr'><strong>quia</strong></span> <span class='ocrx_word' id='word_1_157' title='bbox 793 1039 939 1071; x_wconf 84' lang='lat' dir='ltr'><strong>quandoque</strong></span> <span class='ocrx_word' id='word_1_158' title='bbox 959 1046 987 1063; x_wconf 82' lang='lat' dir='ltr'><strong>ex</strong></span> <span class='ocrx_word' id='word_1_159' title='bbox 1007 1037 1121 1069; x_wconf 78' lang='lat' dir='ltr'><strong>passione</strong></span> 
     </span>
     <span class='ocr_line' id='line_1_25' title="bbox 269 1080 1116 1117; baseline -0.008 -6"><span class='ocrx_word' id='word_1_160' title='bbox 269 1087 342 1111; x_wconf 85' lang='lat' dir='ltr'><strong>famis</strong></span> <span class='ocrx_word' id='word_1_161' title='bbox 355 1087 395 1111; x_wconf 86' lang='lat' dir='ltr'><strong>vel</strong></span> <span class='ocrx_word' id='word_1_162' title='bbox 415 1086 546 1117; x_wconf 83' lang='lat' dir='ltr'><strong>praetextu</strong></span> <span class='ocrx_word' id='word_1_163' title='bbox 558 1084 705 1109; x_wconf 82' lang='lat' dir='ltr'><strong>aestimatae</strong></span> <span class='ocrx_word' id='word_1_164' title='bbox 718 1083 875 1108; x_wconf 76' lang='lat' dir='ltr'><strong>necessitatis</strong></span> <span class='ocrx_word' id='word_1_165' title='bbox 888 1082 934 1107; x_wconf 90' lang='lat' dir='ltr'><strong>hoc</strong></span> <span class='ocrx_word' id='word_1_166' title='bbox 953 1081 1036 1113; x_wconf 87' lang='lat' dir='ltr'><strong>potest</strong></span> <span class='ocrx_word' id='word_1_167' title='bbox 1055 1080 1116 1109; x_wconf 85' lang='lat' dir='ltr'><strong>fieri,</strong></span> 
     </span>
     <span class='ocr_line' id='line_1_26' title="bbox 270 1126 931 1162; baseline -0.008 -7"><span class='ocrx_word' id='word_1_168' title='bbox 270 1130 334 1162; x_wconf 88' lang='lat' dir='ltr'><strong>quod</strong></span> <span class='ocrx_word' id='word_1_169' title='bbox 353 1130 381 1154; x_wconf 90' lang='lat' dir='ltr'><strong>de</strong></span> <span class='ocrx_word' id='word_1_170' title='bbox 401 1129 468 1154; x_wconf 86' lang='lat' dir='ltr'><strong>facili</strong></span> <span class='ocrx_word' id='word_1_171' title='bbox 486 1136 535 1153; x_wconf 87' lang='lat' dir='ltr'><strong>non</strong></span> <span class='ocrx_word' id='word_1_172' title='bbox 555 1128 621 1152; x_wconf 89' lang='lat' dir='ltr'><strong>esset</strong></span> <span class='ocrx_word' id='word_1_173' title='bbox 640 1127 798 1152; x_wconf 82' lang='lat' dir='ltr'><strong>iudicandum</strong></span> <span class='ocrx_word' id='word_1_174' title='bbox 817 1126 931 1151; x_wconf 85' lang='lat' dir='ltr'><strong>mortale.</strong></span> 
     </span>
    </p>

    <p class='ocr_par' dir='ltr' id='par_1_7' title="bbox 269 1167 1124 1854">
     <span class='ocr_line' id='line_1_27' title="bbox 343 1167 1122 1199; baseline -0.009 -1"><span class='ocrx_word' id='word_1_175' title='bbox 343 1173 366 1198; x_wconf 75' lang='lat'><strong>8.</strong></span> <span class='ocrx_word' id='word_1_176' title='bbox 388 1172 449 1197; x_wconf 85' lang='lat' dir='ltr'><strong>Cum</strong></span> <span class='ocrx_word' id='word_1_177' title='bbox 470 1170 534 1197; x_wconf 83' lang='lat' dir='ltr'><strong>hoc²</strong></span> <span class='ocrx_word' id='word_1_178' title='bbox 555 1171 639 1196; x_wconf 87' lang='lat' dir='ltr'><strong>autem</strong></span> <span class='ocrx_word' id='word_1_179' title='bbox 659 1170 755 1199; x_wconf 88' lang='lat' dir='ltr'><strong>fructu,</strong></span> <span class='ocrx_word' id='word_1_180' title='bbox 774 1170 803 1194; x_wconf 89' lang='lat' dir='ltr'><strong>ut</strong></span> <span class='ocrx_word' id='word_1_181' title='bbox 823 1169 916 1194; x_wconf 87' lang='lat' dir='ltr'><strong>dictum</strong></span> <span class='ocrx_word' id='word_1_182' title='bbox 936 1168 988 1197; x_wconf 85' lang='lat' dir='ltr'><strong>ost,</strong></span> <span class='ocrx_word' id='word_1_183' title='bbox 1009 1167 1047 1192; x_wconf 85' lang='lat' dir='ltr'><strong>est</strong></span> <span class='ocrx_word' id='word_1_184' title='bbox 1066 1174 1122 1192; x_wconf 90' lang='lat' dir='ltr'><strong>cor-</strong></span> 
     </span>
     <span class='ocr_line' id='line_1_28' title="bbox 269 1210 1121 1248; baseline -0.008 -6"><span class='ocrx_word' id='word_1_185' title='bbox 269 1217 345 1248; x_wconf 82' lang='lat' dir='ltr'><strong>poris</strong></span> <span class='ocrx_word' id='word_1_186' title='bbox 362 1216 479 1248; x_wconf 70' lang='lat' dir='ltr'><strong>yravuas</strong></span> <span class='ocrx_word' id='word_1_187' title='bbox 498 1217 521 1239; x_wconf 87' lang='lat' dir='ltr'><strong>ct</strong></span> <span class='ocrx_word' id='word_1_188' title='bbox 541 1214 693 1245; x_wconf 74' lang='lat' dir='ltr'><strong>infirmitas,</strong></span> <span class='ocrx_word' id='word_1_189' title='bbox 714 1221 776 1245; x_wconf 87' lang='lat' dir='ltr'><strong>quae</strong></span> <span class='ocrx_word' id='word_1_190' title='bbox 795 1220 823 1237; x_wconf 78' lang='lat' dir='ltr'><strong>ex</strong></span> <span class='ocrx_word' id='word_1_191' title='bbox 842 1213 919 1237; x_wconf 90' lang='lat' dir='ltr'><strong>nimia</strong></span> <span class='ocrx_word' id='word_1_192' title='bbox 932 1211 979 1236; x_wconf 87' lang='lat' dir='ltr'><strong>cibi</strong></span> <span class='ocrx_word' id='word_1_193' title='bbox 998 1210 1121 1236; x_wconf 90' lang='lat' dir='ltr'><strong>sumtione</strong></span> 
     </span>
     <span class='ocr_line' id='line_1_29' title="bbox 271 1254 1122 1293; baseline -0.008 -8"><span class='ocrx_word' id='word_1_194' title='bbox 271 1260 395 1293; x_wconf 80' lang='lat' dir='ltr'><strong>procedit,</strong></span> <span class='ocrx_word' id='word_1_195' title='bbox 415 1260 440 1284; x_wconf 90' lang='lat' dir='ltr'><strong>et</strong></span> <span class='ocrx_word' id='word_1_196' title='bbox 459 1258 582 1283; x_wconf 83' lang='lat' dir='ltr'><strong>hebetudo</strong></span> <span class='ocrx_word' id='word_1_197' title='bbox 609 1257 701 1282; x_wconf 80' lang='lat' dir='ltr'><strong>mentis</strong></span> <span class='ocrx_word' id='word_1_198' title='bbox 719 1258 743 1281; x_wconf 89' lang='lat' dir='ltr'><strong>et</strong></span> <span class='ocrx_word' id='word_1_199' title='bbox 761 1256 885 1286; x_wconf 84' lang='lat' dir='ltr'><strong>caecitas,</strong></span> <span class='ocrx_word' id='word_1_200' title='bbox 906 1262 977 1286; x_wconf 90' lang='lat' dir='ltr'><strong>quae,</strong></span> <span class='ocrx_word' id='word_1_201' title='bbox 996 1254 1054 1279; x_wconf 88' lang='lat' dir='ltr'><strong>licet</strong></span> <span class='ocrx_word' id='word_1_202' title='bbox 1073 1261 1122 1278; x_wconf 89' lang='lat' dir='ltr'><strong>ma-</strong></span> 
     </span>
     <span class='ocr_line' id='line_1_30' title="bbox 270 1298 1122 1336; baseline -0.009 -7"><span class='ocrx_word' id='word_1_203' title='bbox 270 1305 309 1336; x_wconf 84' lang='lat' dir='ltr'><strong>gis</strong></span> <span class='ocrx_word' id='word_1_204' title='bbox 328 1304 450 1328; x_wconf 86' lang='lat' dir='ltr'><strong>rationem</strong></span> <span class='ocrx_word' id='word_1_205' title='bbox 465 1308 564 1333; x_wconf 78' lang='lat' dir='ltr'><strong>poenae</strong></span> <span class='ocrx_word' id='word_1_206' title='bbox 583 1308 657 1332; x_wconf 90' lang='lat' dir='ltr'><strong>quam</strong></span> <span class='ocrx_word' id='word_1_207' title='bbox 677 1300 767 1331; x_wconf 88' lang='lat' dir='ltr'><strong>culpae</strong></span> <span class='ocrx_word' id='word_1_208' title='bbox 796 1298 917 1328; x_wconf 78' lang='lat' dir='ltr'><strong>habeant,</strong></span> <span class='ocrx_word' id='word_1_209' title='bbox 943 1299 1027 1323; x_wconf 82' lang='lat' dir='ltr'><strong>tamen</strong></span> <span class='ocrx_word' id='word_1_210' title='bbox 1047 1305 1122 1322; x_wconf 88' lang='lat' dir='ltr'><strong>causa</strong></span> 
     </span>
     <span class='ocr_line' id='line_1_31' title="bbox 270 1341 1123 1379; baseline -0.009 -7"><span class='ocrx_word' id='word_1_211' title='bbox 270 1346 364 1379; x_wconf 81' lang='lat' dir='ltr'><strong>peccati</strong></span> <span class='ocrx_word' id='word_1_212' title='bbox 383 1353 436 1370; x_wconf 85' lang='lat' dir='ltr'><strong>esse</strong></span> <span class='ocrx_word' id='word_1_213' title='bbox 456 1345 573 1376; x_wconf 86' lang='lat' dir='ltr'><strong>possunt,</strong></span> <span class='ocrx_word' id='word_1_214' title='bbox 588 1351 643 1368; x_wconf 90' lang='lat' dir='ltr'><strong>cum</strong></span> <span class='ocrx_word' id='word_1_215' title='bbox 657 1343 712 1374; x_wconf 91' lang='lat' dir='ltr'><strong>quis</strong></span> <span class='ocrx_word' id='word_1_216' title='bbox 732 1342 828 1367; x_wconf 84' lang='lat' dir='ltr'><strong>ratione.</strong></span> <span class='ocrx_word' id='word_1_217' title='bbox 842 1341 998 1366; x_wconf 87' lang='lat' dir='ltr'><strong>infirmitatis</strong></span> <span class='ocrx_word' id='word_1_218' title='bbox 1012 1341 1051 1365; x_wconf 76' lang='lat' dir='ltr'><strong>vel</strong></span> <span class='ocrx_word' id='word_1_219' title='bbox 1064 1348 1123 1372; x_wconf 83' lang='lat' dir='ltr'><strong>gra-</strong></span> 
     </span>
     <span class='ocr_line' id='line_1_32' title="bbox 270 1384 1122 1420; baseline -0.008 -5"><span class='ocrx_word' id='word_1_220' title='bbox 270 1390 358 1415; x_wconf 82' lang='lat' dir='ltr'><strong>vitatis</strong></span> <span class='ocrx_word' id='word_1_221' title='bbox 377 1389 488 1420; x_wconf 88' lang='lat' dir='ltr'><strong>corporis</strong></span> <span class='ocrx_word' id='word_1_222' title='bbox 512 1388 561 1412; x_wconf 85' lang='lat' dir='ltr'><strong>iam</strong></span> <span class='ocrx_word' id='word_1_223' title='bbox 581 1394 630 1412; x_wconf 89' lang='grc'><strong>11011</strong></span> <span class='ocrx_word' id='word_1_224' title='bbox 645 1387 732 1417; x_wconf 85' lang='lat' dir='ltr'><strong>potest</strong></span> <span class='ocrx_word' id='word_1_225' title='bbox 750 1385 834 1416; x_wconf 77' lang='lat' dir='ltr'><strong>facere</strong></span> <span class='ocrx_word' id='word_1_226' title='bbox 852 1385 891 1415; x_wconf 89' lang='lat' dir='ltr'><strong>id,</strong></span> <span class='ocrx_word' id='word_1_227' title='bbox 911 1385 942 1409; x_wconf 87' lang='lat' dir='ltr'><strong>ad</strong></span> <span class='ocrx_word' id='word_1_228' title='bbox 961 1384 1026 1416; x_wconf 88' lang='lat' dir='ltr'><strong>quod</strong></span> <span class='ocrx_word' id='word_1_229' title='bbox 1045 1391 1059 1408; x_wconf 92' lang='lat' dir='ltr'><strong>a</strong></span> <span class='ocrx_word' id='word_1_230' title='bbox 1081 1391 1122 1408; x_wconf 86' lang='lat' dir='ltr'><strong>na-</strong></span> 
     </span>
     <span class='ocr_line' id='line_1_33' title="bbox 270 1427 1123 1463; baseline -0.008 -5"><span class='ocrx_word' id='word_1_231' title='bbox 270 1434 329 1458; x_wconf 85' lang='lat' dir='ltr'><strong>tura</strong></span> <span class='ocrx_word' id='word_1_232' title='bbox 348 1440 376 1457; x_wconf 81' lang='lat' dir='ltr'><strong>ex</strong></span> <span class='ocrx_word' id='word_1_233' title='bbox 396 1431 528 1463; x_wconf 86' lang='lat' dir='ltr'><strong>praecepto</strong></span> <span class='ocrx_word' id='word_1_234' title='bbox 556 1430 702 1458; x_wconf 86' lang='lat' dir='ltr'><strong>tenebatur,</strong></span> <span class='ocrx_word' id='word_1_235' title='bbox 722 1429 762 1454; x_wconf 82' lang='lat' dir='ltr'><strong>vel</strong></span> <span class='ocrx_word' id='word_1_236' title='bbox 790 1436 819 1453; x_wconf 79' lang='lat' dir='ltr'><strong>ex</strong></span> <span class='ocrx_word' id='word_1_237' title='bbox 837 1429 914 1453; x_wconf 83' lang='lat' dir='ltr'><strong>nimia</strong></span> <span class='ocrx_word' id='word_1_238' title='bbox 933 1428 1056 1453; x_wconf 88' lang='lat' dir='ltr'><strong>sumtione</strong></span> <span class='ocrx_word' id='word_1_239' title='bbox 1075 1427 1123 1452; x_wconf 87' lang='lat' dir='ltr'><strong>cibi</strong></span> 
     </span>
     <span class='ocr_line' id='line_1_34' title="bbox 271 1471 1123 1507; baseline -0.007 -6"><span class='ocrx_word' id='word_1_240' title='bbox 271 1477 311 1501; x_wconf 85' lang='lat' dir='ltr'><strong>vel</strong></span> <span class='ocrx_word' id='word_1_241' title='bbox 331 1476 405 1507; x_wconf 88' lang='lat' dir='ltr'><strong>potus</strong></span> <span class='ocrx_word' id='word_1_242' title='bbox 429 1475 455 1500; x_wconf 90' lang='lat' dir='ltr'><strong>in</strong></span> <span class='ocrx_word' id='word_1_243' title='bbox 483 1475 560 1499; x_wconf 87' lang='lat' dir='ltr'><strong>talem</strong></span> <span class='ocrx_word' id='word_1_244' title='bbox 588 1473 762 1498; x_wconf 84' lang='lat' dir='ltr'><strong>hebetudinem</strong></span> <span class='ocrx_word' id='word_1_245' title='bbox 791 1472 831 1497; x_wconf 88' lang='lat' dir='ltr'><strong>vel</strong></span> <span class='ocrx_word' id='word_1_246' title='bbox 859 1471 1003 1497; x_wconf 84' lang='lat' dir='ltr'><strong>caecitatem</strong></span> <span class='ocrx_word' id='word_1_247' title='bbox 1032 1471 1123 1495; x_wconf 85' lang='lat' dir='ltr'><strong>mentis</strong></span> 
     </span>
     <span class='ocr_line' id='line_1_35' title="bbox 270 1514 1122 1550; baseline -0.007 -6"><span class='ocrx_word' id='word_1_248' title='bbox 270 1519 371 1548; x_wconf 78' lang='lat' dir='ltr'><strong>incidit,</strong></span> <span class='ocrx_word' id='word_1_249' title='bbox 392 1518 456 1550; x_wconf 85' lang='lat' dir='ltr'><strong>quod</strong></span> <span class='ocrx_word' id='word_1_250' title='bbox 475 1517 615 1542; x_wconf 86' lang='lat' dir='ltr'><strong>necessaria</strong></span> <span class='ocrx_word' id='word_1_251' title='bbox 633 1516 665 1541; x_wconf 87' lang='lat' dir='ltr'><strong>ad</strong></span> <span class='ocrx_word' id='word_1_252' title='bbox 684 1516 790 1541; x_wconf 87' lang='lat' dir='ltr'><strong>salutem</strong></span> <span class='ocrx_word' id='word_1_253' title='bbox 810 1523 863 1540; x_wconf 85' lang='lat' dir='ltr'><strong>non</strong></span> <span class='ocrx_word' id='word_1_254' title='bbox 885 1515 982 1546; x_wconf 72' lang='lat' dir='ltr'><strong>coyitat</strong></span> <span class='ocrx_word' id='word_1_255' title='bbox 1000 1522 1044 1539; x_wconf 88' lang='lat' dir='ltr'><strong>nec</strong></span> <span class='ocrx_word' id='word_1_256' title='bbox 1063 1514 1122 1538; x_wconf 91' lang='lat' dir='ltr'><strong>diiu-</strong></span> 
     </span>
     <span class='ocr_line' id='line_1_36' title="bbox 272 1557 1123 1593; baseline -0.007 -6"><span class='ocrx_word' id='word_1_257' title='bbox 272 1562 338 1588; x_wconf 80' lang='lat' dir='ltr'><strong>dicat</strong></span> <span class='ocrx_word' id='word_1_258' title='bbox 357 1562 382 1587; x_wconf 90' lang='lat' dir='ltr'><strong>et</strong></span> <span class='ocrx_word' id='word_1_259' title='bbox 402 1560 597 1593; x_wconf 84' lang='lat' dir='ltr'><strong>transgreditur,</strong></span> <span class='ocrx_word' id='word_1_260' title='bbox 618 1559 657 1584; x_wconf 89' lang='lat' dir='ltr'><strong>vel</strong></span> <span class='ocrx_word' id='word_1_261' title='bbox 677 1559 827 1584; x_wconf 83' lang='lat' dir='ltr'><strong>sententiam</strong></span> <span class='ocrx_word' id='word_1_262' title='bbox 846 1558 886 1583; x_wconf 87' lang='lat' dir='ltr'><strong>vel</strong></span> <span class='ocrx_word' id='word_1_263' title='bbox 905 1558 1008 1582; x_wconf 86' lang='lat' dir='ltr'><strong>verbum</strong></span> <span class='ocrx_word' id='word_1_264' title='bbox 1019 1557 1123 1588; x_wconf 85' lang='lat' dir='ltr'><strong>pracci-</strong></span> 
     </span>
     <span class='ocr_line' id='line_1_37' title="bbox 270 1601 1123 1637; baseline -0.008 -6"><span class='ocrx_word' id='word_1_265' title='bbox 270 1606 339 1637; x_wconf 83' lang='lat' dir='ltr'><strong>pitat</strong></span> <span class='ocrx_word' id='word_1_266' title='bbox 356 1606 382 1630; x_wconf 90' lang='lat' dir='ltr'><strong>in</strong></span> <span class='ocrx_word' id='word_1_267' title='bbox 402 1604 507 1636; x_wconf 86' lang='lat' dir='ltr'><strong>proximi</strong></span> <span class='ocrx_word' id='word_1_268' title='bbox 535 1603 719 1628; x_wconf 80' lang='lat' dir='ltr'><strong>nocumentum.</strong></span> <span class='ocrx_word' id='word_1_269' title='bbox 738 1602 772 1626; x_wconf 85' lang='lat' dir='ltr'><strong>Et</strong></span> <span class='ocrx_word' id='word_1_270' title='bbox 789 1602 849 1627; x_wconf 87' lang='lat' dir='ltr'><strong>tunc</strong></span> <span class='ocrx_word' id='word_1_271' title='bbox 867 1601 998 1626; x_wconf 85' lang='lat' dir='ltr'><strong>manifeste</strong></span> <span class='ocrx_word' id='word_1_272' title='bbox 1017 1608 1067 1625; x_wconf 88' lang='lat' dir='ltr'><strong>non</strong></span> <span class='ocrx_word' id='word_1_273' title='bbox 1085 1607 1123 1624; x_wconf 84' lang='lat' dir='ltr'><strong>ex-</strong></span> 
     </span>
     <span class='ocr_line' id='line_1_38' title="bbox 271 1643 1123 1679; baseline -0.008 -5"><span class='ocrx_word' id='word_1_274' title='bbox 271 1649 388 1678; x_wconf 90' lang='lat' dir='ltr'><strong>cusatur,</strong></span> <span class='ocrx_word' id='word_1_275' title='bbox 417 1648 476 1679; x_wconf 89' lang='lat' dir='ltr'><strong>quin</strong></span> <span class='ocrx_word' id='word_1_276' title='bbox 504 1647 598 1672; x_wconf 84' lang='lat' dir='ltr'><strong>talibus</strong></span> <span class='ocrx_word' id='word_1_277' title='bbox 627 1646 708 1677; x_wconf 88' lang='lat' dir='ltr'><strong>possit</strong></span> <span class='ocrx_word' id='word_1_278' title='bbox 733 1652 833 1676; x_wconf 86' lang='lat' dir='ltr'><strong>peccare</strong></span> <span class='ocrx_word' id='word_1_279' title='bbox 862 1644 1002 1669; x_wconf 83' lang='lat' dir='ltr'><strong>mortaliter</strong></span> <span class='ocrx_word' id='word_1_280' title='bbox 1031 1644 1056 1668; x_wconf 92' lang='lat' dir='ltr'><strong>in</strong></span> <span class='ocrx_word' id='word_1_281' title='bbox 1084 1643 1123 1667; x_wconf 88' lang='lat' dir='ltr'><strong>ta-</strong></span> 
     </span>
     <span class='ocr_line' id='line_1_39' title="bbox 271 1686 1123 1721; baseline -0.009 -3"><span class='ocrx_word' id='word_1_282' title='bbox 271 1693 333 1718; x_wconf 87' lang='lat' dir='ltr'><strong>lium</strong></span> <span class='ocrx_word' id='word_1_283' title='bbox 353 1692 491 1721; x_wconf 87' lang='lat' dir='ltr'><strong>omissione,</strong></span> <span class='ocrx_word' id='word_1_284' title='bbox 511 1698 565 1715; x_wconf 85' lang='lat' dir='ltr'><strong>cum</strong></span> <span class='ocrx_word' id='word_1_285' title='bbox 585 1689 666 1714; x_wconf 87' lang='lat' dir='ltr'><strong>factus</strong></span> <span class='ocrx_word' id='word_1_286' title='bbox 687 1689 720 1713; x_wconf 89' lang='lat' dir='ltr'><strong>sit</strong></span> <span class='ocrx_word' id='word_1_287' title='bbox 739 1688 840 1719; x_wconf 88' lang='lat' dir='ltr'><strong>ineptus</strong></span> <span class='ocrx_word' id='word_1_288' title='bbox 858 1687 890 1712; x_wconf 86' lang='lat' dir='ltr'><strong>ad</strong></span> <span class='ocrx_word' id='word_1_289' title='bbox 908 1687 970 1711; x_wconf 85' lang='lat' dir='ltr'><strong>talia</strong></span> <span class='ocrx_word' id='word_1_290' title='bbox 989 1686 1123 1711; x_wconf 80' lang='lat' dir='ltr'><strong>exercenda</strong></span> 
     </span>
     <span class='ocr_line' id='line_1_40' title="bbox 272 1729 1124 1766; baseline -0.008 -6"><span class='ocrx_word' id='word_1_291' title='bbox 272 1735 353 1760; x_wconf 87' lang='lat' dir='ltr'><strong>dando</strong></span> <span class='ocrx_word' id='word_1_292' title='bbox 372 1742 473 1766; x_wconf 87' lang='lat' dir='ltr'><strong>operam</strong></span> <span class='ocrx_word' id='word_1_293' title='bbox 492 1734 527 1758; x_wconf 90' lang='lat' dir='ltr'><strong>rei</strong></span> <span class='ocrx_word' id='word_1_294' title='bbox 546 1733 656 1758; x_wconf 81' lang='lat' dir='ltr'><strong>illicitae.</strong></span> <span class='ocrx_word' id='word_1_295' title='bbox 676 1732 709 1756; x_wconf 87' lang='lat' dir='ltr'><strong>Et</strong></span> <span class='ocrx_word' id='word_1_296' title='bbox 727 1732 788 1756; x_wconf 87' lang='lat' dir='ltr'><strong>haec</strong></span> <span class='ocrx_word' id='word_1_297' title='bbox 800 1731 922 1762; x_wconf 82' lang='lat' dir='ltr'><strong>intelligo,</strong></span> <span class='ocrx_word' id='word_1_298' title='bbox 936 1730 985 1754; x_wconf 93' lang='lat' dir='ltr'><strong>nisi</strong></span> <span class='ocrx_word' id='word_1_299' title='bbox 998 1729 1124 1754; x_wconf 85' lang='lat' dir='ltr'><strong>amisisset</strong></span> 
     </span>
     <span class='ocr_line' id='line_1_41' title="bbox 272 1772 1122 1806; baseline -0.009 -2"><span class='ocrx_word' id='word_1_300' title='bbox 272 1779 386 1804; x_wconf 84' lang='lat' dir='ltr'><strong>totaliter</strong></span> <span class='ocrx_word' id='word_1_301' title='bbox 405 1778 542 1805; x_wconf 79' lang='lat' dir='ltr'><strong>rationem.</strong></span> <span class='ocrx_word' id='word_1_302' title='bbox 562 1777 602 1801; x_wconf 88' lang='lat' dir='ltr'><strong>vel</strong></span> <span class='ocrx_word' id='word_1_303' title='bbox 620 1775 684 1801; x_wconf 83' lang='lat' dir='ltr'><strong>forte</strong></span> <span class='ocrx_word' id='word_1_304' title='bbox 703 1775 814 1806; x_wconf 89' lang='lat' dir='ltr'><strong>corporis</strong></span> <span class='ocrx_word' id='word_1_305' title='bbox 828 1773 979 1806; x_wconf 87' lang='lat' dir='ltr'><strong>potestatem</strong></span> <span class='ocrx_word' id='word_1_306' title='bbox 999 1780 1026 1797; x_wconf 92' lang='lat' dir='ltr'><strong>eo</strong></span> <span class='ocrx_word' id='word_1_307' title='bbox 1040 1772 1122 1802; x_wconf 85' lang='lat' dir='ltr'><strong>modo,</strong></span> 
     </span>
     <span class='ocr_line' id='line_1_42' title="bbox 272 1820 625 1854; baseline -0.011 -7"><span class='ocrx_word' id='word_1_308' title='bbox 272 1830 320 1854; x_wconf 86' lang='lat' dir='ltr'><strong>quo</strong></span> <span class='ocrx_word' id='word_1_309' title='bbox 340 1822 368 1846; x_wconf 86' lang='lat' dir='ltr'><strong>de</strong></span> <span class='ocrx_word' id='word_1_310' title='bbox 388 1820 508 1846; x_wconf 81' lang='lat' dir='ltr'><strong>ebrietate</strong></span> <span class='ocrx_word' id='word_1_311' title='bbox 527 1820 625 1844; x_wconf 89' lang='lat' dir='ltr'><strong>dicitur.</strong></span> 
     </span>
    </p>

    <p class='ocr_par' dir='ltr' id='par_1_8' title="bbox 272 1860 1127 2629">
     <span class='ocr_line' id='line_1_43' title="bbox 344 1860 1124 1892; baseline -0.008 -3"><span class='ocrx_word' id='word_1_312' title='bbox 344 1865 367 1890; x_wconf 81' lang='lat'><strong>9.</strong></span> <span class='ocrx_word' id='word_1_313' title='bbox 398 1864 433 1889; x_wconf 89' lang='lat' dir='ltr'><strong>De</strong></span> <span class='ocrx_word' id='word_1_314' title='bbox 465 1864 585 1888; x_wconf 85' lang='lat' dir='ltr'><strong>ebrietate</strong></span> <span class='ocrx_word' id='word_1_315' title='bbox 616 1862 700 1887; x_wconf 86' lang='lat' dir='ltr'><strong>autem</strong></span> <span class='ocrx_word' id='word_1_316' title='bbox 728 1861 880 1890; x_wconf 84' lang='lat' dir='ltr'><strong>notandum,</strong></span> <span class='ocrx_word' id='word_1_317' title='bbox 909 1860 989 1892; x_wconf 88' lang='lat' dir='ltr'><strong>quod,</strong></span> <span class='ocrx_word' id='word_1_318' title='bbox 1017 1860 1038 1884; x_wconf 92' lang='lat' dir='ltr'><strong>si</strong></span> <span class='ocrx_word' id='word_1_319' title='bbox 1068 1860 1124 1890; x_wconf 89' lang='lat' dir='ltr'><strong>quis</strong></span> 
     </span>
     <span class='ocr_line' id='line_1_44' title="bbox 274 1902 1125 1938; baseline -0.008 -4"><span class='ocrx_word' id='word_1_320' title='bbox 274 1909 353 1934; x_wconf 86' lang='lat' dir='ltr'><strong>sciens</strong></span> <span class='ocrx_word' id='word_1_321' title='bbox 365 1906 374 1919; x_wconf 78' lang='lat'>³</span> <span class='ocrx_word' id='word_1_322' title='bbox 394 1908 445 1933; x_wconf 82' lang='lat' dir='ltr'><strong>vini</strong></span> <span class='ocrx_word' id='word_1_323' title='bbox 469 1907 508 1932; x_wconf 90' lang='lat' dir='ltr'><strong>vel</strong></span> <span class='ocrx_word' id='word_1_324' title='bbox 526 1907 631 1938; x_wconf 88' lang='lat' dir='ltr'><strong>liquoris</strong></span> <span class='ocrx_word' id='word_1_325' title='bbox 650 1905 830 1935; x_wconf 83' lang='lat' dir='ltr'><strong>fortitudinem,</strong></span> <span class='ocrx_word' id='word_1_326' title='bbox 850 1903 997 1932; x_wconf 85' lang='lat' dir='ltr'><strong>advertens,</strong></span> <span class='ocrx_word' id='word_1_327' title='bbox 1018 1902 1083 1934; x_wconf 90' lang='lat' dir='ltr'><strong>quod</strong></span> <span class='ocrx_word' id='word_1_328' title='bbox 1096 1910 1125 1927; x_wconf 82' lang='lat' dir='ltr'><strong>ex</strong></span> 
     </span>
     <span class='ocr_line' id='line_1_45' title="bbox 273 1945 1124 1980; baseline -0.007 -4"><span class='ocrx_word' id='word_1_329' title='bbox 273 1952 324 1977; x_wconf 90' lang='lat' dir='ltr'><strong>eius</strong></span> <span class='ocrx_word' id='word_1_330' title='bbox 344 1951 421 1976; x_wconf 88' lang='lat' dir='ltr'><strong>nimia</strong></span> <span class='ocrx_word' id='word_1_331' title='bbox 448 1950 571 1975; x_wconf 87' lang='lat' dir='ltr'><strong>sumtione</strong></span> <span class='ocrx_word' id='word_1_332' title='bbox 598 1948 683 1980; x_wconf 86' lang='lat' dir='ltr'><strong>potest</strong></span> <span class='ocrx_word' id='word_1_333' title='bbox 710 1948 855 1973; x_wconf 75' lang='lat' dir='ltr'><strong>ebrletatem</strong></span> <span class='ocrx_word' id='word_1_334' title='bbox 883 1948 1024 1976; x_wconf 79' lang='lat' dir='ltr'><strong>incurrere,</strong></span> <span class='ocrx_word' id='word_1_335' title='bbox 1049 1945 1124 1970; x_wconf 90' lang='lat' dir='ltr'><strong>nimis</strong></span> 
     </span>
     <span class='ocr_line' id='line_1_46' title="bbox 273 1990 1124 2025; baseline -0.008 -5"><span class='ocrx_word' id='word_1_336' title='bbox 273 1995 392 2020; x_wconf 85' lang='lat' dir='ltr'><strong>sumendo</strong></span> <span class='ocrx_word' id='word_1_337' title='bbox 417 1993 503 2025; x_wconf 86' lang='lat' dir='ltr'><strong>peccat</strong></span> <span class='ocrx_word' id='word_1_338' title='bbox 530 1992 685 2021; x_wconf 81' lang='lat' dir='ltr'><strong>mortaliter,</strong></span> <span class='ocrx_word' id='word_1_339' title='bbox 712 1992 770 2023; x_wconf 89' lang='lat' dir='ltr'><strong>quia</strong></span> <span class='ocrx_word' id='word_1_340' title='bbox 795 1991 889 2016; x_wconf 88' lang='lat' dir='ltr'><strong>scilicet</strong></span> <span class='ocrx_word' id='word_1_341' title='bbox 907 1998 955 2015; x_wconf 92' lang='lat' dir='ltr'><strong>usu</strong></span> <span class='ocrx_word' id='word_1_342' title='bbox 974 1990 1079 2015; x_wconf 87' lang='lat' dir='ltr'><strong>rationis</strong></span> <span class='ocrx_word' id='word_1_343' title='bbox 1098 1996 1124 2013; x_wconf 88' lang='lat' dir='ltr'><strong>se</strong></span> 
     </span>
     <span class='ocr_line' id='line_1_47' title="bbox 273 2033 1124 2070; baseline -0.007 -7"><span class='ocrx_word' id='word_1_344' title='bbox 273 2038 357 2070; x_wconf 88' lang='lat' dir='ltr'><strong>privat</strong></span> <span class='ocrx_word' id='word_1_345' title='bbox 376 2037 401 2062; x_wconf 89' lang='lat' dir='ltr'><strong>et</strong></span> <span class='ocrx_word' id='word_1_346' title='bbox 420 2037 529 2062; x_wconf 90' lang='lat' dir='ltr'><strong>omnium</strong></span> <span class='ocrx_word' id='word_1_347' title='bbox 550 2036 707 2067; x_wconf 87' lang='lat' dir='ltr'><strong>peccatorum</strong></span> <span class='ocrx_word' id='word_1_348' title='bbox 733 2035 850 2066; x_wconf 91' lang='lat' dir='ltr'><strong>periculis</strong></span> <span class='ocrx_word' id='word_1_349' title='bbox 869 2041 894 2059; x_wconf 83' lang='lat' dir='ltr'><strong>se</strong></span> <span class='ocrx_word' id='word_1_350' title='bbox 919 2033 1028 2065; x_wconf 82' lang='lat' dir='ltr'><strong>exponit.</strong></span> <span class='ocrx_word' id='word_1_351' title='bbox 1053 2033 1124 2057; x_wconf 89' lang='lat' dir='ltr'><strong>Unde</strong></span> 
     </span>
     <span class='ocr_line' id='line_1_48' title="bbox 272 2076 1124 2106; baseline -0.007 0"><span class='ocrx_word' id='word_1_352' title='bbox 272 2081 420 2106; x_wconf 88' lang='lat' dir='ltr'><strong>Ambrosius</strong></span> <span class='ocrx_word' id='word_1_353' title='bbox 438 2081 462 2105; x_wconf 91' lang='lat' dir='ltr'><strong>in</strong></span> <span class='ocrx_word' id='word_1_354' title='bbox 482 2080 546 2105; x_wconf 89' lang='lat' dir='ltr'><strong>libro</strong></span> <span class='ocrx_word' id='word_1_355' title='bbox 565 2079 594 2104; x_wconf 88' lang='lat' dir='ltr'><strong>de</strong></span> <span class='ocrx_word' id='word_1_356' title='bbox 614 2076 803 2103; x_wconf 71' lang='lat' dir='ltr'><strong>Patriarchis⁴t</strong></span> <span class='ocrx_word' id='word_1_357' title='bbox 827 2087 840 2099; x_wconf 62' lang='grc' dir='ltr'><strong>(ι</strong></span> <span class='ocrx_word' id='word_1_358' title='bbox 854 2077 988 2102; x_wconf 85' lang='lat' dir='ltr'><strong>Vitandam</strong></span> <span class='ocrx_word' id='word_1_359' title='bbox 1007 2076 1124 2101; x_wconf 87' lang='lat' dir='ltr'><strong>discimus</strong></span> 
     </span>
     <span class='ocr_line' id='line_1_49' title="bbox 273 2119 1124 2155; baseline -0.007 -6"><span class='ocrx_word' id='word_1_360' title='bbox 273 2124 434 2154; x_wconf 81' lang='lat' dir='ltr'><strong>ebrietatem,</strong></span> <span class='ocrx_word' id='word_1_361' title='bbox 455 2131 499 2155; x_wconf 90' lang='lat' dir='ltr'><strong>per</strong></span> <span class='ocrx_word' id='word_1_362' title='bbox 518 2130 593 2154; x_wconf 86' lang='lat' dir='ltr'><strong>quam</strong></span> <span class='ocrx_word' id='word_1_363' title='bbox 612 2122 715 2147; x_wconf 88' lang='lat' dir='ltr'><strong>crimina</strong></span> <span class='ocrx_word' id='word_1_364' title='bbox 734 2121 815 2146; x_wconf 85' lang='lat' dir='ltr'><strong>vitare</strong></span> <span class='ocrx_word' id='word_1_365' title='bbox 834 2128 883 2145; x_wconf 90' lang='lat' dir='ltr'><strong>non</strong></span> <span class='ocrx_word' id='word_1_366' title='bbox 903 2126 1044 2151; x_wconf 88' lang='lat' dir='ltr'><strong>possumus.</strong></span> <span class='ocrx_word' id='word_1_367' title='bbox 1058 2119 1124 2143; x_wconf 87' lang='lat' dir='ltr'><strong>Nam</strong></span> 
     </span>
     <span class='ocr_line' id='line_1_50' title="bbox 273 2162 1125 2198; baseline -0.006 -7"><span class='ocrx_word' id='word_1_368' title='bbox 273 2174 336 2198; x_wconf 83' lang='lat' dir='ltr'><strong>quae</strong></span> <span class='ocrx_word' id='word_1_369' title='bbox 356 2166 432 2191; x_wconf 86' lang='lat' dir='ltr'><strong>sobrii</strong></span> <span class='ocrx_word' id='word_1_370' title='bbox 461 2173 577 2191; x_wconf 85' lang='lat' dir='ltr'><strong>cavemus</strong></span> <span class='ocrx_word' id='word_1_371' title='bbox 602 2172 646 2196; x_wconf 88' lang='lat' dir='ltr'><strong>per</strong></span> <span class='ocrx_word' id='word_1_372' title='bbox 665 2164 810 2189; x_wconf 88' lang='lat' dir='ltr'><strong>ebrietatem</strong></span> <span class='ocrx_word' id='word_1_373' title='bbox 829 2163 975 2195; x_wconf 82' lang='lat' dir='ltr'><strong>ignorantes</strong></span> <span class='ocrx_word' id='word_1_374' title='bbox 994 2162 1125 2188; x_wconf 88' lang='lat' dir='ltr'><strong>committi—</strong></span> 
     </span>
     <span class='ocr_line' id='line_1_51' title="bbox 274 2205 1125 2240; baseline -0.007 -5"><span class='ocrx_word' id='word_1_375' title='bbox 274 2217 329 2235; x_wconf 87' lang='lat' dir='ltr'><strong>mus</strong></span> <span class='ocrx_word' id='word_1_376' title='bbox 340 2219 364 2239; x_wconf 81' lang='lat'><strong>»;</strong></span> <span class='ocrx_word' id='word_1_377' title='bbox 378 2210 403 2234; x_wconf 91' lang='lat' dir='ltr'><strong>et</strong></span> <span class='ocrx_word' id='word_1_378' title='bbox 422 2209 560 2240; x_wconf 86' lang='lat' dir='ltr'><strong>Apostolus</strong></span> <span class='ocrx_word' id='word_1_379' title='bbox 570 2208 602 2233; x_wconf 86' lang='lat' dir='ltr'><strong>ad</strong></span> <span class='ocrx_word' id='word_1_380' title='bbox 615 2208 720 2232; x_wconf 83' lang='lat' dir='ltr'><strong>Galatas</strong></span> <span class='ocrx_word' id='word_1_381' title='bbox 731 2206 740 2219; x_wconf 78' lang='lat'>⁵</span> <span class='ocrx_word' id='word_1_382' title='bbox 753 2206 819 2231; x_wconf 87' lang='lat' dir='ltr'><strong>inter</strong></span> <span class='ocrx_word' id='word_1_383' title='bbox 833 2213 908 2237; x_wconf 86' lang='lat' dir='ltr'><strong>opera</strong></span> <span class='ocrx_word' id='word_1_384' title='bbox 920 2205 1037 2231; x_wconf 90' lang='lat' dir='ltr'><strong>mortalia</strong></span> <span class='ocrx_word' id='word_1_385' title='bbox 1050 2205 1125 2230; x_wconf 88' lang='lat' dir='ltr'><strong>ebrie-</strong></span> 
     </span>
     <span class='ocr_line' id='line_1_52' title="bbox 276 2248 1125 2280; baseline -0.007 -1"><span class='ocrx_word' id='word_1_386' title='bbox 276 2254 355 2279; x_wconf 84' lang='lat' dir='ltr'><strong>tatem</strong></span> <span class='ocrx_word' id='word_1_387' title='bbox 373 2252 544 2278; x_wconf 86' lang='lat' dir='ltr'><strong>connumerat.</strong></span> <span class='ocrx_word' id='word_1_388' title='bbox 564 2251 652 2276; x_wconf 88' lang='lat' dir='ltr'><strong>Potest</strong></span> <span class='ocrx_word' id='word_1_389' title='bbox 679 2250 763 2275; x_wconf 86' lang='lat' dir='ltr'><strong>tamen</strong></span> <span class='ocrx_word' id='word_1_390' title='bbox 782 2250 889 2274; x_wconf 86' lang='lat' dir='ltr'><strong>ebrietas</strong></span> <span class='ocrx_word' id='word_1_391' title='bbox 909 2249 1052 2280; x_wconf 86' lang='lat' dir='ltr'><strong>contingere</strong></span> <span class='ocrx_word' id='word_1_392' title='bbox 1071 2248 1125 2273; x_wconf 90' lang='lat' dir='ltr'><strong>abs-</strong></span> 
     </span>
     <span class='ocr_line' id='line_1_53' title="bbox 275 2292 1125 2329; baseline -0.007 -7"><span class='ocrx_word' id='word_1_393' title='bbox 275 2304 322 2329; x_wconf 87' lang='lat' dir='ltr'><strong>que</strong></span> <span class='ocrx_word' id='word_1_394' title='bbox 341 2296 443 2322; x_wconf 86' lang='lat' dir='ltr'><strong>mortali</strong></span> <span class='ocrx_word' id='word_1_395' title='bbox 462 2295 562 2327; x_wconf 85' lang='lat' dir='ltr'><strong>peccato</strong></span> <span class='ocrx_word' id='word_1_396' title='bbox 588 2294 613 2319; x_wconf 89' lang='lat' dir='ltr'><strong>et</strong></span> <span class='ocrx_word' id='word_1_397' title='bbox 641 2294 717 2319; x_wconf 89' lang='lat' dir='ltr'><strong>etiam</strong></span> <span class='ocrx_word' id='word_1_398' title='bbox 736 2293 840 2322; x_wconf 88' lang='lat' dir='ltr'><strong>veniali,</strong></span> <span class='ocrx_word' id='word_1_399' title='bbox 859 2293 888 2317; x_wconf 94' lang='lat' dir='ltr'><strong>ut</strong></span> <span class='ocrx_word' id='word_1_400' title='bbox 907 2299 962 2317; x_wconf 88' lang='lat' dir='ltr'><strong>cum</strong></span> <span class='ocrx_word' id='word_1_401' title='bbox 975 2292 1031 2324; x_wconf 89' lang='lat' dir='ltr'><strong>quis</strong></span> <span class='ocrx_word' id='word_1_402' title='bbox 1048 2292 1125 2323; x_wconf 91' lang='lat' dir='ltr'><strong>liquo-</strong></span> 
     </span>
     <span class='ocr_line' id='line_1_54' title="bbox 275 2336 1125 2371; baseline -0.007 -4"><span class='ocrx_word' id='word_1_403' title='bbox 275 2343 311 2367; x_wconf 90' lang='lat' dir='ltr'><strong>ris</strong></span> <span class='ocrx_word' id='word_1_404' title='bbox 330 2341 505 2367; x_wconf 80' lang='lat' dir='ltr'><strong>fortitudinem</strong></span> <span class='ocrx_word' id='word_1_405' title='bbox 525 2348 575 2366; x_wconf 92' lang='lat' dir='ltr'><strong>non</strong></span> <span class='ocrx_word' id='word_1_406' title='bbox 594 2339 734 2371; x_wconf 80' lang='lat' dir='ltr'><strong>cognoscit,</strong></span> <span class='ocrx_word' id='word_1_407' title='bbox 754 2339 794 2364; x_wconf 87' lang='lat' dir='ltr'><strong>vel</strong></span> <span class='ocrx_word' id='word_1_408' title='bbox 821 2339 942 2370; x_wconf 85' lang='lat' dir='ltr'><strong>liquorem</strong></span> <span class='ocrx_word' id='word_1_409' title='bbox 961 2336 1125 2362; x_wconf 86' lang='lat' dir='ltr'><strong>inebriantem</strong></span> 
     </span>
     <span class='ocr_line' id='line_1_55' title="bbox 276 2380 1126 2417; baseline -0.007 -6"><span class='ocrx_word' id='word_1_410' title='bbox 276 2393 321 2417; x_wconf 91' lang='lat' dir='ltr'><strong>pro</strong></span> <span class='ocrx_word' id='word_1_411' title='bbox 340 2385 389 2410; x_wconf 85' lang='lat' dir='ltr'><strong>alio</strong></span> <span class='ocrx_word' id='word_1_412' title='bbox 408 2384 485 2413; x_wconf 89' lang='lat' dir='ltr'><strong>bibit,</strong></span> <span class='ocrx_word' id='word_1_413' title='bbox 505 2384 545 2409; x_wconf 87' lang='lat' dir='ltr'><strong>vel</strong></span> <span class='ocrx_word' id='word_1_414' title='bbox 570 2384 612 2408; x_wconf 91' lang='lat' dir='ltr'><strong>siti</strong></span> <span class='ocrx_word' id='word_1_415' title='bbox 639 2382 739 2408; x_wconf 90' lang='lat' dir='ltr'><strong>ducitur</strong></span> <span class='ocrx_word' id='word_1_416' title='bbox 758 2389 808 2407; x_wconf 89' lang='lat' dir='ltr'><strong>non</strong></span> <span class='ocrx_word' id='word_1_417' title='bbox 826 2382 968 2406; x_wconf 86' lang='lat' dir='ltr'><strong>advertens.</strong></span> <span class='ocrx_word' id='word_1_418' title='bbox 987 2381 1058 2405; x_wconf 91' lang='lat' dir='ltr'><strong>Unde</strong></span> <span class='ocrx_word' id='word_1_419' title='bbox 1077 2380 1126 2405; x_wconf 91' lang='lat' dir='ltr'><strong>Au-</strong></span> 
     </span>
     <span class='ocr_line' id='line_1_56' title="bbox 275 2423 1126 2461; baseline -0.007 -7"><span class='ocrx_word' id='word_1_420' title='bbox 275 2429 394 2461; x_wconf 87' lang='lat' dir='ltr'><strong>gustinus</strong></span> <span class='ocrx_word' id='word_1_421' title='bbox 413 2428 501 2453; x_wconf 86' lang='lat' dir='ltr'><strong>contra</strong></span> <span class='ocrx_word' id='word_1_422' title='bbox 519 2427 642 2452; x_wconf 84' lang='lat' dir='ltr'><strong>Faustum</strong></span> <span class='ocrx_word' id='word_1_423' title='bbox 653 2425 662 2438; x_wconf 77' lang='lat'>⁵</span> <span class='ocrx_word' id='word_1_424' title='bbox 682 2426 730 2451; x_wconf 89' lang='lat' dir='ltr'><strong>Lot</strong></span> <span class='ocrx_word' id='word_1_425' title='bbox 748 2426 777 2450; x_wconf 89' lang='lat' dir='ltr'><strong>de</strong></span> <span class='ocrx_word' id='word_1_426' title='bbox 796 2425 916 2450; x_wconf 89' lang='lat' dir='ltr'><strong>ebrietate</strong></span> <span class='ocrx_word' id='word_1_427' title='bbox 935 2423 1044 2449; x_wconf 79' lang='lat' dir='ltr'><strong>excusat.</strong></span> <span class='ocrx_word' id='word_1_428' title='bbox 1065 2423 1126 2448; x_wconf 84' lang='lat' dir='ltr'><strong>Cum</strong></span> 
     </span>
     <span class='ocr_line' id='line_1_57' title="bbox 276 2467 1127 2503; baseline -0.007 -6"><span class='ocrx_word' id='word_1_429' title='bbox 276 2472 359 2497; x_wconf 89' lang='lat' dir='ltr'><strong>autem</strong></span> <span class='ocrx_word' id='word_1_430' title='bbox 379 2472 435 2503; x_wconf 88' lang='lat' dir='ltr'><strong>quis</strong></span> <span class='ocrx_word' id='word_1_431' title='bbox 455 2470 551 2496; x_wconf 90' lang='lat' dir='ltr'><strong>ratione</strong></span> <span class='ocrx_word' id='word_1_432' title='bbox 570 2469 699 2495; x_wconf 87' lang='lat' dir='ltr'><strong>ebrietatis</strong></span> <span class='ocrx_word' id='word_1_433' title='bbox 712 2469 752 2494; x_wconf 83' lang='lat' dir='ltr'><strong>vel</strong></span> <span class='ocrx_word' id='word_1_434' title='bbox 772 2469 897 2494; x_wconf 85' lang='lat' dir='ltr'><strong>occasione</strong></span> <span class='ocrx_word' id='word_1_435' title='bbox 918 2467 1045 2499; x_wconf 84' lang='lat' dir='ltr'><strong>peccatum</strong></span> <span class='ocrx_word' id='word_1_436' title='bbox 1064 2474 1127 2492; x_wconf 88' lang='lat' dir='ltr'><strong>mor-</strong></span> 
     </span>
     <span class='ocr_line' id='line_1_58' title="bbox 277 2509 1127 2546; baseline -0.007 -6"><span class='ocrx_word' id='word_1_437' title='bbox 277 2515 328 2540; x_wconf 84' lang='lat' dir='ltr'><strong>tale</strong></span> <span class='ocrx_word' id='word_1_438' title='bbox 353 2514 501 2546; x_wconf 84' lang='lat' dir='ltr'><strong>ignoranter</strong></span> <span class='ocrx_word' id='word_1_439' title='bbox 525 2513 683 2545; x_wconf 84' lang='lat' dir='ltr'><strong>postmodum</strong></span> <span class='ocrx_word' id='word_1_440' title='bbox 712 2511 859 2541; x_wconf 84' lang='lat' dir='ltr'><strong>committit,</strong></span> <span class='ocrx_word' id='word_1_441' title='bbox 888 2512 909 2536; x_wconf 85' lang='lat' dir='ltr'><strong>si</strong></span> <span class='ocrx_word' id='word_1_442' title='bbox 937 2510 1051 2536; x_wconf 84' lang='lat' dir='ltr'><strong>mortalis</strong></span> <span class='ocrx_word' id='word_1_443' title='bbox 1078 2509 1127 2534; x_wconf 79' lang='lat' dir='ltr'><strong>fuit</strong></span> 
     </span>
     <span class='ocr_line' id='line_1_59' title="bbox 278 2552 1127 2587; baseline -0.007 -4"><span class='ocrx_word' id='word_1_444' title='bbox 278 2558 399 2587; x_wconf 87' lang='lat' dir='ltr'><strong>ebrietas,</strong></span> <span class='ocrx_word' id='word_1_445' title='bbox 420 2564 470 2582; x_wconf 88' lang='lat' dir='ltr'><strong>non</strong></span> <span class='ocrx_word' id='word_1_446' title='bbox 490 2556 603 2582; x_wconf 85' lang='lat' dir='ltr'><strong>totaliter</strong></span> <span class='ocrx_word' id='word_1_447' title='bbox 626 2555 771 2585; x_wconf 79' lang='lat' dir='ltr'><strong>excusatur;</strong></span> <span class='ocrx_word' id='word_1_448' title='bbox 791 2555 889 2584; x_wconf 85' lang='lat' dir='ltr'><strong>tamen,</strong></span> <span class='ocrx_word' id='word_1_449' title='bbox 910 2553 1043 2579; x_wconf 86' lang='lat' dir='ltr'><strong>secundum</strong></span> <span class='ocrx_word' id='word_1_450' title='bbox 1063 2552 1127 2584; x_wconf 89' lang='lat' dir='ltr'><strong>quod</strong></span> 
     </span>
     <span class='ocr_line' id='line_1_60' title="bbox 276 2596 1127 2629; baseline -0.007 -2"><span class='ocrx_word' id='word_1_451' title='bbox 276 2601 341 2627; x_wconf 86' lang='lat' dir='ltr'><strong>ratio</strong></span> <span class='ocrx_word' id='word_1_452' title='bbox 369 2601 506 2626; x_wconf 85' lang='lat' dir='ltr'><strong>voluntarii</strong></span> <span class='ocrx_word' id='word_1_453' title='bbox 534 2599 701 2629; x_wconf 87' lang='lat' dir='ltr'><strong>diminuitur,</strong></span> <span class='ocrx_word' id='word_1_454' title='bbox 731 2599 766 2623; x_wconf 89' lang='lat' dir='ltr'><strong>sic</strong></span> <span class='ocrx_word' id='word_1_455' title='bbox 794 2598 923 2629; x_wconf 87' lang='lat' dir='ltr'><strong>peccatum</strong></span> <span class='ocrx_word' id='word_1_456' title='bbox 952 2596 1085 2622; x_wconf 74' lang='lat' dir='ltr'><strong>excusatur</strong></span> <span class='ocrx_word' id='word_1_457' title='bbox 1112 2603 1127 2620; x_wconf 86' lang='lat' dir='ltr'><strong>a</strong></span> 
     </span>
    </p>
   </div>
   <div class='ocr_carea' id='block_1_6' title="bbox 1147 312 1156 2619">
    <p class='ocr_par' dir='ltr' id='par_1_9' title="bbox 1147 312 1156 2619">
     <span class='ocr_line' id='line_1_61' title="bbox 1147 312 1156 2619; baseline 0 0"><span class='ocrx_word' id='word_1_458' title='bbox 1147 312 1156 2619; x_wconf 95' lang='lat' dir='ltr'><strong> </strong></span> 
     </span>
    </p>
   </div>
   <div class='ocr_carea' id='block_1_7' title="bbox 715 223 1577 254">
    <p class='ocr_par' dir='ltr' id='par_1_10' title="bbox 715 223 1577 254">
     <span class='ocr_line' id='line_1_62' title="bbox 715 223 1577 254; baseline -0.002 0"><span class='ocrx_word' id='word_1_459' title='bbox 715 225 913 254; x_wconf 81' lang='lat' dir='ltr'>OPUSCULUM</span> <span class='ocrx_word' id='word_1_460' title='bbox 934 225 963 253; x_wconf 83' lang='lat'><strong>11.</strong></span> <span class='ocrx_word' id='word_1_461' title='bbox 986 224 1157 253; x_wconf 79' lang='lat' dir='ltr'>SPECULUM</span> <span class='ocrx_word' id='word_1_462' title='bbox 1178 223 1424 253; x_wconf 79' lang='lat' dir='ltr'><strong>CONSCIENTIAE.</strong></span> <span class='ocrx_word' id='word_1_463' title='bbox 1445 224 1514 252; x_wconf 76' lang='lat' dir='ltr'><strong>CAP.</strong></span> <span class='ocrx_word' id='word_1_464' title='bbox 1538 224 1577 252; x_wconf 87' lang='grc'><strong>111.</strong></span> 
     </span>
    </p>
   </div>
   <div class='ocr_carea' id='block_1_8' title="bbox 1175 302 2133 2583">
    <p class='ocr_par' dir='ltr' id='par_1_11' title="bbox 1175 302 2027 636">
     <span class='ocr_line' id='line_1_63' title="bbox 1177 302 2025 334; baseline 0 -6"><span class='ocrx_word' id='word_1_465' title='bbox 1177 304 1263 334; x_wconf 84' lang='lat' dir='ltr'><strong>tanto,</strong></span> <span class='ocrx_word' id='word_1_466' title='bbox 1284 303 1342 328; x_wconf 88' lang='lat' dir='ltr'><strong>licet</strong></span> <span class='ocrx_word' id='word_1_467' title='bbox 1360 311 1410 328; x_wconf 86' lang='lat' dir='ltr'><strong>non</strong></span> <span class='ocrx_word' id='word_1_468' title='bbox 1423 310 1438 328; x_wconf 89' lang='lat' dir='ltr'><strong>a</strong></span> <span class='ocrx_word' id='word_1_469' title='bbox 1458 304 1518 328; x_wconf 79' lang='lat' dir='ltr'><strong>tote.</strong></span> <span class='ocrx_word' id='word_1_470' title='bbox 1541 303 1565 327; x_wconf 87' lang='lat' dir='ltr'><strong>Si</strong></span> <span class='ocrx_word' id='word_1_471' title='bbox 1587 302 1670 327; x_wconf 88' lang='lat' dir='ltr'><strong>autem</strong></span> <span class='ocrx_word' id='word_1_472' title='bbox 1684 302 1792 327; x_wconf 86' lang='lat' dir='ltr'><strong>ebrietas</strong></span> <span class='ocrx_word' id='word_1_473' title='bbox 1811 303 1904 334; x_wconf 88' lang='lat' dir='ltr'><strong>absque</strong></span> <span class='ocrx_word' id='word_1_474' title='bbox 1926 303 2025 334; x_wconf 85' lang='lat' dir='ltr'><strong>peccato</strong></span> 
     </span>
     <span class='ocr_line' id='line_1_64' title="bbox 1175 346 2025 378; baseline -0.001 -7"><span class='ocrx_word' id='word_1_475' title='bbox 1175 346 1313 378; x_wconf 79' lang='lat' dir='ltr'><strong>contingit,</strong></span> <span class='ocrx_word' id='word_1_476' title='bbox 1332 346 1392 371; x_wconf 89' lang='lat' dir='ltr'><strong>tunc</strong></span> <span class='ocrx_word' id='word_1_477' title='bbox 1411 354 1425 371; x_wconf 91' lang='lat' dir='ltr'><strong>a</strong></span> <span class='ocrx_word' id='word_1_478' title='bbox 1454 346 1554 377; x_wconf 86' lang='lat' dir='ltr'><strong>peccato</strong></span> <span class='ocrx_word' id='word_1_479' title='bbox 1582 346 1683 371; x_wconf 86' lang='lat' dir='ltr'><strong>mortali</strong></span> <span class='ocrx_word' id='word_1_480' title='bbox 1707 346 1818 370; x_wconf 87' lang='lat' dir='ltr'><strong>excusari</strong></span> <span class='ocrx_word' id='word_1_481' title='bbox 1844 346 1935 377; x_wconf 84' lang='lat' dir='ltr'><strong>potest.</strong></span> <span class='ocrx_word' id='word_1_482' title='bbox 1956 346 2025 371; x_wconf 86' lang='lat' dir='ltr'><strong>Unde</strong></span> 
     </span>
     <span class='ocr_line' id='line_1_65' title="bbox 1176 388 2026 421; baseline 0 -7"><span class='ocrx_word' id='word_1_483' title='bbox 1176 389 1336 421; x_wconf 81' lang='lat' dir='ltr'><strong>Augustinus</strong></span> <span class='ocrx_word' id='word_1_484' title='bbox 1361 389 1409 414; x_wconf 88' lang='lat' dir='ltr'><strong>Lot</strong></span> <span class='ocrx_word' id='word_1_485' title='bbox 1434 389 1529 414; x_wconf 86' lang='lat' dir='ltr'><strong>ebrium</strong></span> <span class='ocrx_word' id='word_1_486' title='bbox 1555 389 1586 414; x_wconf 88' lang='lat' dir='ltr'><strong>ab</strong></span> <span class='ocrx_word' id='word_1_487' title='bbox 1610 389 1706 414; x_wconf 90' lang='lat' dir='ltr'><strong>incestu</strong></span> <span class='ocrx_word' id='word_1_488' title='bbox 1726 388 1841 418; x_wconf 79' lang='lat' dir='ltr'><strong>excusat,</strong></span> <span class='ocrx_word' id='word_1_489' title='bbox 1865 389 1947 414; x_wconf 87' lang='lat' dir='ltr'><strong>dicens</strong></span> <span class='ocrx_word' id='word_1_490' title='bbox 1972 396 2026 415; x_wconf 85' lang='lat' dir='ltr'><strong>con-</strong></span> 
     </span>
     <span class='ocr_line' id='line_1_66' title="bbox 1176 432 2025 464; baseline 0 -7"><span class='ocrx_word' id='word_1_491' title='bbox 1176 432 1217 457; x_wconf 89' lang='lat' dir='ltr'><strong>tra</strong></span> <span class='ocrx_word' id='word_1_492' title='bbox 1237 432 1372 457; x_wconf 88' lang='lat' dir='ltr'><strong>Faustum:</strong></span> <span class='ocrx_word' id='word_1_493' title='bbox 1398 432 1471 457; x_wconf 84' lang='lat' dir='ltr'><strong>«Lot</strong></span> <span class='ocrx_word' id='word_1_494' title='bbox 1496 433 1648 464; x_wconf 89' lang='lat' dir='ltr'><strong>culpandus,</strong></span> <span class='ocrx_word' id='word_1_495' title='bbox 1674 440 1723 457; x_wconf 88' lang='lat' dir='ltr'><strong>non</strong></span> <span class='ocrx_word' id='word_1_496' title='bbox 1749 432 1871 464; x_wconf 86' lang='lat' dir='ltr'><strong>quantum</strong></span> <span class='ocrx_word' id='word_1_497' title='bbox 1899 432 2025 462; x_wconf 88' lang='lat' dir='ltr'><strong>incestus,</strong></span> 
     </span>
     <span class='ocr_line' id='line_1_67' title="bbox 1177 475 2027 507; baseline 0 -7"><span class='ocrx_word' id='word_1_498' title='bbox 1177 476 1219 500; x_wconf 89' lang='grc'><strong>500</strong></span> <span class='ocrx_word' id='word_1_499' title='bbox 1238 476 1361 507; x_wconf 82' lang='grc'><strong>(1113010111</strong></span> <span class='ocrx_word' id='word_1_500' title='bbox 1375 476 1482 500; x_wconf 81' lang='lat' dir='ltr'><strong>ebrietas</strong></span> <span class='ocrx_word' id='word_1_501' title='bbox 1495 476 1621 500; x_wconf 85' lang='lat' dir='ltr'><strong>meruit».</strong></span> <span class='ocrx_word' id='word_1_502' title='bbox 1641 476 1741 505; x_wconf 86' lang='lat' dir='ltr'><strong>Tamen,</strong></span> <span class='ocrx_word' id='word_1_503' title='bbox 1756 483 1810 500; x_wconf 89' lang='lat' dir='ltr'><strong>cum</strong></span> <span class='ocrx_word' id='word_1_504' title='bbox 1830 476 1885 507; x_wconf 86' lang='lat' dir='ltr'><strong>quis</strong></span> <span class='ocrx_word' id='word_1_505' title='bbox 1904 475 1936 500; x_wconf 86' lang='lat' dir='ltr'><strong>ad</strong></span> <span class='ocrx_word' id='word_1_506' title='bbox 1950 483 1974 500; x_wconf 88' lang='lat' dir='ltr'><strong>se</strong></span> <span class='ocrx_word' id='word_1_507' title='bbox 1988 483 2027 500; x_wconf 89' lang='lat' dir='ltr'><strong>re-</strong></span> 
     </span>
     <span class='ocr_line' id='line_1_68' title="bbox 1176 519 2027 550; baseline -0.001 -6"><span class='ocrx_word' id='word_1_508' title='bbox 1176 519 1261 549; x_wconf 86' lang='lat' dir='ltr'><strong>dierit,</strong></span> <span class='ocrx_word' id='word_1_509' title='bbox 1282 519 1354 544; x_wconf 89' lang='lat' dir='ltr'><strong>debet</strong></span> <span class='ocrx_word' id='word_1_510' title='bbox 1372 519 1401 544; x_wconf 89' lang='lat' dir='ltr'><strong>de</strong></span> <span class='ocrx_word' id='word_1_511' title='bbox 1420 519 1463 544; x_wconf 91' lang='lat' dir='ltr'><strong>illo</strong></span> <span class='ocrx_word' id='word_1_512' title='bbox 1484 519 1583 550; x_wconf 85' lang='lat' dir='ltr'><strong>peccato</strong></span> <span class='ocrx_word' id='word_1_513' title='bbox 1601 519 1691 548; x_wconf 86' lang='lat' dir='ltr'><strong>dolere,</strong></span> <span class='ocrx_word' id='word_1_514' title='bbox 1705 519 1734 543; x_wconf 89' lang='lat' dir='ltr'><strong>ut</strong></span> <span class='ocrx_word' id='word_1_515' title='bbox 1747 519 1826 548; x_wconf 84' lang='grc'><strong>01000,</strong></span> <span class='ocrx_word' id='word_1_516' title='bbox 1846 519 1871 543; x_wconf 94' lang='lat' dir='ltr'><strong>et</strong></span> <span class='ocrx_word' id='word_1_517' title='bbox 1884 519 1959 543; x_wconf 87' lang='lat' dir='ltr'><strong>etiam</strong></span> <span class='ocrx_word' id='word_1_518' title='bbox 1973 526 2027 544; x_wconf 91' lang='grc'><strong>000-</strong></span> 
     </span>
     <span class='ocr_line' id='line_1_69' title="bbox 1176 560 2026 593; baseline 0 -7"><span class='ocrx_word' id='word_1_519' title='bbox 1176 562 1250 592; x_wconf 88' lang='lat' dir='ltr'><strong>fiteri,</strong></span> <span class='ocrx_word' id='word_1_520' title='bbox 1271 563 1329 593; x_wconf 89' lang='lat' dir='ltr'><strong>quia</strong></span> <span class='ocrx_word' id='word_1_521' title='bbox 1341 562 1373 586; x_wconf 87' lang='lat' dir='ltr'><strong>ad</strong></span> <span class='ocrx_word' id='word_1_522' title='bbox 1387 562 1539 593; x_wconf 88' lang='lat' dir='ltr'><strong>superiorem</strong></span> <span class='ocrx_word' id='word_1_523' title='bbox 1553 562 1663 592; x_wconf 85' lang='lat' dir='ltr'><strong>pertinet</strong></span> <span class='ocrx_word' id='word_1_524' title='bbox 1675 562 1791 591; x_wconf 85' lang='lat' dir='ltr'><strong>iudicare,</strong></span> <span class='ocrx_word' id='word_1_525' title='bbox 1805 561 1891 586; x_wconf 87' lang='lat' dir='ltr'><strong>utrum</strong></span> <span class='ocrx_word' id='word_1_526' title='bbox 1904 561 1964 586; x_wconf 87' lang='lat' dir='ltr'><strong>talis</strong></span> <span class='ocrx_word' id='word_1_527' title='bbox 1978 560 2026 586; x_wconf 86' lang='lat' dir='ltr'><strong>fue-</strong></span> 
     </span>
     <span class='ocr_line' id='line_1_70' title="bbox 1177 604 1828 636; baseline -0.002 -7"><span class='ocrx_word' id='word_1_528' title='bbox 1177 605 1211 629; x_wconf 87' lang='lat' dir='ltr'><strong>rit</strong></span> <span class='ocrx_word' id='word_1_529' title='bbox 1230 605 1349 634; x_wconf 87' lang='lat' dir='ltr'><strong>ebrietas,</strong></span> <span class='ocrx_word' id='word_1_530' title='bbox 1369 612 1432 636; x_wconf 81' lang='lat' dir='ltr'><strong>quae</strong></span> <span class='ocrx_word' id='word_1_531' title='bbox 1452 604 1580 636; x_wconf 87' lang='lat' dir='ltr'><strong>peccatum</strong></span> <span class='ocrx_word' id='word_1_532' title='bbox 1599 604 1683 628; x_wconf 88' lang='lat' dir='ltr'><strong>valeat</strong></span> <span class='ocrx_word' id='word_1_533' title='bbox 1702 611 1828 628; x_wconf 81' lang='lat' dir='ltr'><strong>excusare.</strong></span> 
     </span>
    </p>

    <p class='ocr_par' dir='ltr' id='par_1_12' title="bbox 1177 646 2133 845">
     <span class='ocr_line' id='line_1_71' title="bbox 1249 646 2133 678; baseline -0.001 -6"><span class='ocrx_word' id='word_1_534' title='bbox 1249 647 1290 672; x_wconf 90' lang='lat'><strong>10.</strong></span> <span class='ocrx_word' id='word_1_535' title='bbox 1310 648 1384 677; x_wconf 89' lang='lat' dir='ltr'><strong>Item,</strong></span> <span class='ocrx_word' id='word_1_536' title='bbox 1403 647 1498 677; x_wconf 79' lang='lat' dir='ltr'><strong>folium</strong></span> <span class='ocrx_word' id='word_1_537' title='bbox 1516 647 1590 672; x_wconf 81' lang='lat' dir='ltr'><strong>istius</strong></span> <span class='ocrx_word' id='word_1_538' title='bbox 1610 646 1778 672; x_wconf 85' lang='lat' dir='ltr'><strong>immodestiae</strong></span> <span class='ocrx_word' id='word_1_539' title='bbox 1798 646 1836 671; x_wconf 89' lang='lat' dir='ltr'><strong>est</strong></span> <span class='ocrx_word' id='word_1_540' title='bbox 1865 646 2025 678; x_wconf 76' lang='lat' dir='ltr'><strong>loquacitas,</strong></span> <span class='ocrx_word' id='word_1_541' title='bbox 2043 650 2133 678; x_wconf 66' lang='grc'><strong>1101110111.</strong></span> 
     </span>
     <span class='ocr_line' id='line_1_72' title="bbox 1177 677 2131 724; baseline -0.003 -8"><span class='ocrx_word' id='word_1_542' title='bbox 1177 699 1239 722; x_wconf 86' lang='lat' dir='ltr'><strong>quae</strong></span> <span class='ocrx_word' id='word_1_543' title='bbox 1259 691 1340 716; x_wconf 89' lang='lat' dir='ltr'><strong>multa</strong></span> <span class='ocrx_word' id='word_1_544' title='bbox 1358 691 1417 715; x_wconf 82' lang='lat' dir='ltr'><strong>folia</strong></span> <span class='ocrx_word' id='word_1_545' title='bbox 1437 698 1518 715; x_wconf 87' lang='lat' dir='ltr'><strong>secum</strong></span> <span class='ocrx_word' id='word_1_546' title='bbox 1538 690 1625 719; x_wconf 87' lang='lat' dir='ltr'><strong>habet,</strong></span> <span class='ocrx_word' id='word_1_547' title='bbox 1647 690 1740 715; x_wconf 86' lang='lat' dir='ltr'><strong>scilicet</strong></span> <span class='ocrx_word' id='word_1_548' title='bbox 1758 689 1965 721; x_wconf 75' lang='lat' dir='ltr'><strong>multiloquium,</strong></span> <span class='ocrx_word' id='word_1_549' title='bbox 1984 697 2026 714; x_wconf 82' lang='lat' dir='ltr'><strong>va·</strong></span> <span class='ocrx_word' id='word_1_550' title='bbox 2049 677 2131 724; x_wconf 58' lang='lat' dir='ltr'><strong>¹³²ssfi¹g³i¹⁹</strong></span> 
     </span>
     <span class='ocr_line' id='line_1_73' title="bbox 1177 732 2027 765; baseline -0.001 -7"><span class='ocrx_word' id='word_1_551' title='bbox 1177 734 1336 765; x_wconf 82' lang='lat' dir='ltr'><strong>uiloquium,</strong></span> <span class='ocrx_word' id='word_1_552' title='bbox 1357 734 1563 765; x_wconf 77' lang='lat' dir='ltr'><strong>stultiloquium,</strong></span> <span class='ocrx_word' id='word_1_553' title='bbox 1584 733 1785 764; x_wconf 74' lang='lat' dir='ltr'><strong>turpiloquium,</strong></span> <span class='ocrx_word' id='word_1_554' title='bbox 1797 733 1825 758; x_wconf 87' lang='grc'><strong>(10</strong></span> <span class='ocrx_word' id='word_1_555' title='bbox 1839 733 1929 764; x_wconf 88' lang='lat' dir='ltr'><strong>quibus</strong></span> <span class='ocrx_word' id='word_1_556' title='bbox 1940 732 1957 763; x_wconf 93' lang='lat'><strong>⁷,</strong></span> <span class='ocrx_word' id='word_1_557' title='bbox 1971 740 2027 758; x_wconf 89' lang='lat' dir='ltr'><strong>cum</strong></span> 
     </span>
     <span class='ocr_line' id='line_1_74' title="bbox 1183 776 2027 808; baseline -0.002 -6"><span class='ocrx_word' id='word_1_558' title='bbox 1183 784 1276 802; x_wconf 70' lang='lat' dir='ltr'><strong>«voces</strong></span> <span class='ocrx_word' id='word_1_559' title='bbox 1295 777 1347 801; x_wconf 83' lang='lat' dir='ltr'><strong>sint</strong></span> <span class='ocrx_word' id='word_1_560' title='bbox 1366 778 1438 808; x_wconf 78' lang='lat' dir='ltr'><strong>signa</strong></span> <span class='ocrx_word' id='word_1_561' title='bbox 1458 777 1630 801; x_wconf 89' lang='lat' dir='ltr'><strong>intellectuum</strong></span> <span class='ocrx_word' id='word_1_562' title='bbox 1644 786 1669 805; x_wconf 85' lang='lat'><strong>»,</strong></span> <span class='ocrx_word' id='word_1_563' title='bbox 1698 776 1856 801; x_wconf 87' lang='lat' dir='ltr'><strong>iudicandum</strong></span> <span class='ocrx_word' id='word_1_564' title='bbox 1875 776 1974 801; x_wconf 90' lang='lat' dir='ltr'><strong>videtur</strong></span> <span class='ocrx_word' id='word_1_565' title='bbox 1993 783 2027 801; x_wconf 88' lang='lat' dir='ltr'><strong>se-</strong></span> 
     </span>
     <span class='ocr_line' id='line_1_75' title="bbox 1178 820 1552 845; baseline 0.003 -1"><span class='ocrx_word' id='word_1_566' title='bbox 1178 820 1286 845; x_wconf 89' lang='lat' dir='ltr'><strong>cundum</strong></span> <span class='ocrx_word' id='word_1_567' title='bbox 1305 820 1427 845; x_wconf 87' lang='lat' dir='ltr'><strong>rationem</strong></span> <span class='ocrx_word' id='word_1_568' title='bbox 1447 820 1552 845; x_wconf 81' lang='lat' dir='ltr'><strong>radicis.</strong></span> 
     </span>
    </p>

    <p class='ocr_par' dir='ltr' id='par_1_13' title="bbox 1178 862 2133 1105">
     <span class='ocr_line' id='line_1_76' title="bbox 1251 862 2128 895; baseline 0 -7"><span class='ocrx_word' id='word_1_569' title='bbox 1251 862 1292 888; x_wconf 87' lang='lat'><strong>11.</strong></span> <span class='ocrx_word' id='word_1_570' title='bbox 1312 863 1423 888; x_wconf 87' lang='lat' dir='ltr'><strong>Ultimus</strong></span> <span class='ocrx_word' id='word_1_571' title='bbox 1447 863 1549 893; x_wconf 80' lang='lat' dir='ltr'><strong>fructus</strong></span> <span class='ocrx_word' id='word_1_572' title='bbox 1577 863 1667 888; x_wconf 86' lang='lat' dir='ltr'><strong>nimiae</strong></span> <span class='ocrx_word' id='word_1_573' title='bbox 1695 863 1852 888; x_wconf 83' lang='lat' dir='ltr'><strong>comestionis</strong></span> <span class='ocrx_word' id='word_1_574' title='bbox 1875 862 1914 887; x_wconf 91' lang='lat' dir='ltr'><strong>est</strong></span> <span class='ocrx_word' id='word_1_575' title='bbox 1940 863 2028 893; x_wconf 86' lang='lat' dir='ltr'><strong>inepta</strong></span> <span class='ocrx_word' id='word_1_576' title='bbox 2053 867 2080 886; x_wconf 78' lang='lat' dir='ltr'><strong>ne</strong></span> <span class='ocrx_word' id='word_1_577' title='bbox 2091 867 2128 895; x_wconf 66' lang='grc'><strong>11111</strong></span> 
     </span>
     <span class='ocr_line' id='line_1_77' title="bbox 1179 891 2133 937; baseline -0.002 -6"><span class='ocrx_word' id='word_1_578' title='bbox 1179 906 1280 931; x_wconf 80' lang='lat' dir='ltr'><strong>laetitia</strong></span> <span class='ocrx_word' id='word_1_579' title='bbox 1306 906 1331 931; x_wconf 89' lang='lat' dir='ltr'><strong>et</strong></span> <span class='ocrx_word' id='word_1_580' title='bbox 1358 906 1508 937; x_wconf 80' lang='lat' dir='ltr'><strong>dissolutio,</strong></span> <span class='ocrx_word' id='word_1_581' title='bbox 1528 913 1591 937; x_wconf 87' lang='lat' dir='ltr'><strong>quae</strong></span> <span class='ocrx_word' id='word_1_582' title='bbox 1619 906 1760 931; x_wconf 88' lang='lat' dir='ltr'><strong>sortiuntur</strong></span> <span class='ocrx_word' id='word_1_583' title='bbox 1788 905 1909 931; x_wconf 87' lang='lat' dir='ltr'><strong>rationem</strong></span> <span class='ocrx_word' id='word_1_584' title='bbox 1934 904 2029 936; x_wconf 85' lang='lat' dir='ltr'><strong>peccati</strong></span> <span class='ocrx_word' id='word_1_585' title='bbox 2039 891 2133 935; x_wconf 51' lang='grc' dir='ltr'><strong>αξξξὲῗὲἤιξ</strong></span> 
     </span>
     <span class='ocr_line' id='line_1_78' title="bbox 1179 949 2028 981; baseline -0.002 -6"><span class='ocrx_word' id='word_1_586' title='bbox 1179 950 1313 975; x_wconf 86' lang='lat' dir='ltr'><strong>secundum</strong></span> <span class='ocrx_word' id='word_1_587' title='bbox 1333 950 1446 975; x_wconf 82' lang='lat' dir='ltr'><strong>radicem</strong></span> <span class='ocrx_word' id='word_1_588' title='bbox 1471 950 1496 974; x_wconf 88' lang='lat' dir='ltr'><strong>et</strong></span> <span class='ocrx_word' id='word_1_589' title='bbox 1523 950 1549 974; x_wconf 92' lang='lat' dir='ltr'><strong>in</strong></span> <span class='ocrx_word' id='word_1_590' title='bbox 1568 949 1694 981; x_wconf 83' lang='lat' dir='ltr'><strong>aliquibus</strong></span> <span class='ocrx_word' id='word_1_591' title='bbox 1713 949 1847 974; x_wconf 84' lang='lat' dir='ltr'><strong>secundum</strong></span> <span class='ocrx_word' id='word_1_592' title='bbox 1866 949 2028 980; x_wconf 82' lang='lat' dir='ltr'><strong>scandalum,</strong></span> 
     </span>
     <span class='ocr_line' id='line_1_79' title="bbox 1178 990 2029 1018; baseline -0.001 -1"><span class='ocrx_word' id='word_1_593' title='bbox 1178 993 1207 1017; x_wconf 92' lang='lat' dir='ltr'><strong>ut</strong></span> <span class='ocrx_word' id='word_1_594' title='bbox 1226 1000 1281 1018; x_wconf 89' lang='lat' dir='ltr'><strong>cum</strong></span> <span class='ocrx_word' id='word_1_595' title='bbox 1301 993 1398 1018; x_wconf 89' lang='lat' dir='ltr'><strong>ratione</strong></span> <span class='ocrx_word' id='word_1_596' title='bbox 1417 993 1501 1018; x_wconf 86' lang='lat' dir='ltr'><strong>status</strong></span> <span class='ocrx_word' id='word_1_597' title='bbox 1523 993 1563 1017; x_wconf 84' lang='lat' dir='ltr'><strong>vel</strong></span> <span class='ocrx_word' id='word_1_598' title='bbox 1591 992 1664 1017; x_wconf 87' lang='lat' dir='ltr'><strong>officii</strong></span> <span class='ocrx_word' id='word_1_599' title='bbox 1692 990 1858 1017; x_wconf 69' lang='grc' dir='ltr'><strong>5030031001Β</strong></span> <span class='ocrx_word' id='word_1_600' title='bbox 1877 992 1917 1016; x_wconf 86' lang='lat' dir='ltr'><strong>vel</strong></span> <span class='ocrx_word' id='word_1_601' title='bbox 1935 992 2029 1017; x_wconf 86' lang='lat' dir='ltr'><strong>occasio</strong></span> 
     </span>
     <span class='ocr_line' id='line_1_80' title="bbox 1179 1034 2029 1068; baseline -0.002 -7"><span class='ocrx_word' id='word_1_602' title='bbox 1179 1036 1291 1061; x_wconf 82' lang='lat' dir='ltr'><strong>scandali</strong></span> <span class='ocrx_word' id='word_1_603' title='bbox 1309 1037 1398 1066; x_wconf 87' lang='lat' dir='ltr'><strong>datur,</strong></span> <span class='ocrx_word' id='word_1_604' title='bbox 1428 1036 1492 1068; x_wconf 89' lang='lat' dir='ltr'><strong>quod</strong></span> <span class='ocrx_word' id='word_1_605' title='bbox 1520 1036 1620 1060; x_wconf 91' lang='lat' dir='ltr'><strong>tantum</strong></span> <span class='ocrx_word' id='word_1_606' title='bbox 1641 1043 1694 1060; x_wconf 86' lang='lat' dir='ltr'><strong>esse</strong></span> <span class='ocrx_word' id='word_1_607' title='bbox 1720 1035 1824 1066; x_wconf 87' lang='lat' dir='ltr'><strong>poterit,</strong></span> <span class='ocrx_word' id='word_1_608' title='bbox 1844 1035 1909 1066; x_wconf 87' lang='lat' dir='ltr'><strong>quod</strong></span> <span class='ocrx_word' id='word_1_609' title='bbox 1927 1034 2029 1059; x_wconf 85' lang='lat' dir='ltr'><strong>habebit</strong></span> 
     </span>
     <span class='ocr_line' id='line_1_81' title="bbox 1179 1080 1443 1105; baseline 0.004 -1"><span class='ocrx_word' id='word_1_610' title='bbox 1179 1080 1301 1105; x_wconf 88' lang='lat' dir='ltr'><strong>rationem</strong></span> <span class='ocrx_word' id='word_1_611' title='bbox 1320 1080 1443 1105; x_wconf 84' lang='lat' dir='ltr'><strong>mortalis.</strong></span> 
     </span>
    </p>

    <p class='ocr_par' dir='ltr' id='par_1_14' title="bbox 1178 1121 2133 1545">
     <span class='ocr_line' id='line_1_82' title="bbox 1251 1121 2132 1154; baseline -0.002 -7"><span class='ocrx_word' id='word_1_612' title='bbox 1251 1121 1293 1147; x_wconf 86' lang='lat'><strong>12.</strong></span> <span class='ocrx_word' id='word_1_613' title='bbox 1313 1122 1413 1148; x_wconf 90' lang='lat' dir='ltr'><strong>Tertius</strong></span> <span class='ocrx_word' id='word_1_614' title='bbox 1433 1130 1523 1148; x_wconf 82' lang='lat' dir='ltr'><strong>ramus</strong></span> <span class='ocrx_word' id='word_1_615' title='bbox 1539 1122 1712 1154; x_wconf 84' lang='lat' dir='ltr'><strong>principalis,</strong></span> <span class='ocrx_word' id='word_1_616' title='bbox 1733 1123 1775 1154; x_wconf 85' lang='lat' dir='ltr'><strong>qui</strong></span> <span class='ocrx_word' id='word_1_617' title='bbox 1788 1130 1816 1147; x_wconf 90' lang='lat' dir='ltr'><strong>ex</strong></span> <span class='ocrx_word' id='word_1_618' title='bbox 1828 1121 1892 1153; x_wconf 73' lang='lat' dir='ltr'><strong>=aula</strong></span> <span class='ocrx_word' id='word_1_619' title='bbox 1905 1121 2027 1153; x_wconf 84' lang='lat' dir='ltr'><strong>procedit,</strong></span> <span class='ocrx_word' id='word_1_620' title='bbox 2042 1121 2110 1141; x_wconf 73' lang='lat' dir='ltr'><strong>namna</strong></span> <span class='ocrx_word' id='word_1_621' title='bbox 2121 1128 2132 1142; x_wconf 36' lang='lat' dir='ltr'><strong>,a</strong></span> 
     </span>
     <span class='ocr_line' id='line_1_83' title="bbox 1179 1146 2133 1195; baseline -0.002 -5"><span class='ocrx_word' id='word_1_622' title='bbox 1179 1165 1218 1190; x_wconf 88' lang='lat' dir='ltr'><strong>est</strong></span> <span class='ocrx_word' id='word_1_623' title='bbox 1236 1166 1379 1191; x_wconf 87' lang='lat' dir='ltr'><strong>inordinata</strong></span> <span class='ocrx_word' id='word_1_624' title='bbox 1397 1165 1529 1190; x_wconf 81' lang='lat' dir='ltr'><strong>delectatio</strong></span> <span class='ocrx_word' id='word_1_625' title='bbox 1554 1166 1579 1190; x_wconf 88' lang='lat' dir='ltr'><strong>et</strong></span> <span class='ocrx_word' id='word_1_626' title='bbox 1604 1165 1650 1190; x_wconf 91' lang='lat' dir='ltr'><strong>hos</strong></span> <span class='ocrx_word' id='word_1_627' title='bbox 1672 1164 1774 1195; x_wconf 73' lang='lat' dir='ltr'><strong>fructus</strong></span> <span class='ocrx_word' id='word_1_628' title='bbox 1793 1165 1868 1189; x_wconf 89' lang='lat' dir='ltr'><strong>etiam</strong></span> <span class='ocrx_word' id='word_1_629' title='bbox 1887 1172 1969 1189; x_wconf 86' lang='lat' dir='ltr'><strong>secum</strong></span> <span class='ocrx_word' id='word_1_630' title='bbox 1987 1163 2030 1189; x_wconf 88' lang='lat' dir='ltr'><strong>ha·</strong></span> <span class='ocrx_word' id='word_1_631' title='bbox 2046 1146 2133 1188; x_wconf 53' lang='lat' dir='ltr'><strong>{iiffiffizffl</strong></span> 
     </span>
     <span class='ocr_line' id='line_1_84' title="bbox 1179 1207 2032 1240; baseline -0.002 -6"><span class='ocrx_word' id='word_1_632' title='bbox 1179 1209 1234 1239; x_wconf 83' lang='lat' dir='ltr'><strong>bct,</strong></span> <span class='ocrx_word' id='word_1_633' title='bbox 1255 1210 1349 1234; x_wconf 87' lang='lat' dir='ltr'><strong>scilicet</strong></span> <span class='ocrx_word' id='word_1_634' title='bbox 1367 1209 1570 1234; x_wconf 73' lang='lat' dir='ltr'><strong>sollicitudinem</strong></span> <span class='ocrx_word' id='word_1_635' title='bbox 1589 1209 1614 1233; x_wconf 93' lang='lat' dir='ltr'><strong>in</strong></span> <span class='ocrx_word' id='word_1_636' title='bbox 1634 1208 1787 1240; x_wconf 86' lang='lat' dir='ltr'><strong>quaerendo,</strong></span> <span class='ocrx_word' id='word_1_637' title='bbox 1801 1207 1987 1233; x_wconf 84' lang='lat' dir='ltr'><strong>studiositatem</strong></span> <span class='ocrx_word' id='word_1_638' title='bbox 2005 1207 2032 1232; x_wconf 89' lang='lat' dir='ltr'><strong>in</strong></span> 
     </span>
     <span class='ocr_line' id='line_1_85' title="bbox 1179 1251 2033 1284; baseline -0.004 -6"><span class='ocrx_word' id='word_1_639' title='bbox 1179 1253 1365 1284; x_wconf 85' lang='lat' dir='ltr'><strong>praeparando,</strong></span> <span class='ocrx_word' id='word_1_640' title='bbox 1384 1252 1605 1283; x_wconf 74' lang='lat' dir='ltr'><strong>multiplicitatem</strong></span> <span class='ocrx_word' id='word_1_641' title='bbox 1624 1253 1649 1277; x_wconf 90' lang='lat' dir='ltr'><strong>in</strong></span> <span class='ocrx_word' id='word_1_642' title='bbox 1669 1251 1869 1281; x_wconf 86' lang='lat' dir='ltr'><strong>diversificando,</strong></span> <span class='ocrx_word' id='word_1_643' title='bbox 1895 1251 2033 1276; x_wconf 85' lang='lat' dir='ltr'><strong>carestiam</strong></span> 
     </span>
     <span class='ocr_line' id='line_1_86' title="bbox 1178 1293 2032 1326; baseline -0.004 -5"><span class='ocrx_word' id='word_1_644' title='bbox 1178 1297 1204 1321; x_wconf 92' lang='lat' dir='ltr'><strong>in</strong></span> <span class='ocrx_word' id='word_1_645' title='bbox 1223 1296 1338 1326; x_wconf 88' lang='lat' dir='ltr'><strong>emendo,</strong></span> <span class='ocrx_word' id='word_1_646' title='bbox 1357 1296 1524 1321; x_wconf 81' lang='lat' dir='ltr'><strong>voracitatem</strong></span> <span class='ocrx_word' id='word_1_647' title='bbox 1541 1296 1566 1320; x_wconf 90' lang='lat' dir='ltr'><strong>in</strong></span> <span class='ocrx_word' id='word_1_648' title='bbox 1587 1295 1713 1324; x_wconf 87' lang='lat' dir='ltr'><strong>sumendo,</strong></span> <span class='ocrx_word' id='word_1_649' title='bbox 1727 1302 1789 1326; x_wconf 83' lang='lat' dir='ltr'><strong>quae</strong></span> <span class='ocrx_word' id='word_1_650' title='bbox 1802 1294 1923 1319; x_wconf 87' lang='lat' dir='ltr'><strong>rationem</strong></span> <span class='ocrx_word' id='word_1_651' title='bbox 1938 1293 2032 1325; x_wconf 84' lang='lat' dir='ltr'><strong>peccati</strong></span> 
     </span>
     <span class='ocr_line' id='line_1_87' title="bbox 1179 1337 2033 1369; baseline -0.004 -4"><span class='ocrx_word' id='word_1_652' title='bbox 1179 1340 1322 1365; x_wconf 89' lang='lat' dir='ltr'><strong>sortiuntur</strong></span> <span class='ocrx_word' id='word_1_653' title='bbox 1342 1339 1475 1364; x_wconf 88' lang='lat' dir='ltr'><strong>secundum</strong></span> <span class='ocrx_word' id='word_1_654' title='bbox 1495 1338 1616 1363; x_wconf 88' lang='lat' dir='ltr'><strong>rationem</strong></span> <span class='ocrx_word' id='word_1_655' title='bbox 1635 1338 1734 1363; x_wconf 80' lang='lat' dir='ltr'><strong>radicis</strong></span> <span class='ocrx_word' id='word_1_656' title='bbox 1759 1338 1784 1362; x_wconf 90' lang='lat' dir='ltr'><strong>et</strong></span> <span class='ocrx_word' id='word_1_657' title='bbox 1804 1344 1980 1369; x_wconf 84' lang='lat' dir='ltr'><strong>personarum</strong></span> <span class='ocrx_word' id='word_1_658' title='bbox 2007 1337 2033 1362; x_wconf 88' lang='lat' dir='ltr'><strong>et</strong></span> 
     </span>
     <span class='ocr_line' id='line_1_88' title="bbox 1179 1380 2032 1414; baseline -0.005 -5"><span class='ocrx_word' id='word_1_659' title='bbox 1179 1385 1310 1413; x_wconf 81' lang='lat' dir='ltr'><strong>statuum,</strong></span> <span class='ocrx_word' id='word_1_660' title='bbox 1329 1383 1368 1408; x_wconf 85' lang='lat' dir='ltr'><strong>vel</strong></span> <span class='ocrx_word' id='word_1_661' title='bbox 1388 1383 1521 1408; x_wconf 86' lang='lat' dir='ltr'><strong>secundum</strong></span> <span class='ocrx_word' id='word_1_662' title='bbox 1541 1382 1606 1414; x_wconf 90' lang='lat' dir='ltr'><strong>quod</strong></span> <span class='ocrx_word' id='word_1_663' title='bbox 1625 1383 1650 1407; x_wconf 92' lang='lat' dir='ltr'><strong>in</strong></span> <span class='ocrx_word' id='word_1_664' title='bbox 1679 1382 1774 1406; x_wconf 89' lang='lat' dir='ltr'><strong>talibus</strong></span> <span class='ocrx_word' id='word_1_665' title='bbox 1798 1381 1828 1406; x_wconf 87' lang='lat' dir='ltr'><strong>fit</strong></span> <span class='ocrx_word' id='word_1_666' title='bbox 1852 1381 1889 1406; x_wconf 83' lang='lat' dir='ltr'><strong>ita</strong></span> <span class='ocrx_word' id='word_1_667' title='bbox 1913 1380 2032 1406; x_wconf 89' lang='lat' dir='ltr'><strong>notabilis</strong></span> 
     </span>
     <span class='ocr_line' id='line_1_89' title="bbox 1178 1424 2033 1458; baseline -0.004 -6"><span class='ocrx_word' id='word_1_668' title='bbox 1178 1427 1347 1458; x_wconf 78' lang='lat' dir='ltr'><strong>superfluitas</strong></span> <span class='ocrx_word' id='word_1_669' title='bbox 1367 1428 1444 1458; x_wconf 85' lang='lat' dir='ltr'><strong>atquc</strong></span> <span class='ocrx_word' id='word_1_670' title='bbox 1462 1428 1577 1457; x_wconf 82' lang='lat' dir='ltr'><strong>sumtus,</strong></span> <span class='ocrx_word' id='word_1_671' title='bbox 1597 1426 1662 1457; x_wconf 90' lang='lat' dir='ltr'><strong>quod</strong></span> <span class='ocrx_word' id='word_1_672' title='bbox 1686 1433 1823 1457; x_wconf 86' lang='lat' dir='ltr'><strong>pauperum</strong></span> <span class='ocrx_word' id='word_1_673' title='bbox 1851 1425 1989 1456; x_wconf 85' lang='lat' dir='ltr'><strong>indigentia</strong></span> <span class='ocrx_word' id='word_1_674' title='bbox 2008 1424 2033 1449; x_wconf 89' lang='lat' dir='ltr'><strong>et</strong></span> 
     </span>
     <span class='ocr_line' id='line_1_90' title="bbox 1179 1466 2122 1497; baseline -0.004 -2"><span class='ocrx_word' id='word_1_675' title='bbox 1179 1470 1314 1495; x_wconf 82' lang='lat' dir='ltr'><strong>necessitas</strong></span> <span class='ocrx_word' id='word_1_676' title='bbox 1332 1470 1378 1495; x_wconf 89' lang='lat' dir='ltr'><strong>hoc</strong></span> <span class='ocrx_word' id='word_1_677' title='bbox 1397 1469 1473 1494; x_wconf 86' lang='lat' dir='ltr'><strong>faciat</strong></span> <span class='ocrx_word' id='word_1_678' title='bbox 1491 1469 1582 1494; x_wconf 87' lang='lat' dir='ltr'><strong>habere</strong></span> <span class='ocrx_word' id='word_1_679' title='bbox 1601 1469 1723 1494; x_wconf 86' lang='lat' dir='ltr'><strong>rationem</strong></span> <span class='ocrx_word' id='word_1_680' title='bbox 1743 1468 1873 1497; x_wconf 82' lang='lat' dir='ltr'><strong>mortalis,</strong></span> <span class='ocrx_word' id='word_1_681' title='bbox 1897 1475 1924 1492; x_wconf 93' lang='lat' dir='ltr'><strong>eo</strong></span> <span class='ocrx_word' id='word_1_682' title='bbox 1947 1467 2031 1497; x_wconf 91' lang='lat' dir='ltr'><strong>modo,</strong></span> <span class='ocrx_word' id='word_1_683' title='bbox 2118 1466 2122 1497; x_wconf 65' lang='lat'><strong>,¹</strong></span> 
     </span>
     <span class='ocr_line' id='line_1_91' title="bbox 1179 1511 2122 1545; baseline -0.004 -6"><span class='ocrx_word' id='word_1_684' title='bbox 1179 1521 1227 1545; x_wconf 86' lang='lat' dir='ltr'><strong>qno</strong></span> <span class='ocrx_word' id='word_1_685' title='bbox 1246 1514 1360 1545; x_wconf 87' lang='lat' dir='ltr'><strong>superius</strong></span> <span class='ocrx_word' id='word_1_686' title='bbox 1379 1513 1407 1537; x_wconf 89' lang='lat' dir='ltr'><strong>de</strong></span> <span class='ocrx_word' id='word_1_687' title='bbox 1427 1512 1605 1544; x_wconf 84' lang='lat' dir='ltr'><strong>prodigalitate</strong></span> <span class='ocrx_word' id='word_1_688' title='bbox 1624 1512 1663 1537; x_wconf 90' lang='lat' dir='ltr'><strong>est</strong></span> <span class='ocrx_word' id='word_1_689' title='bbox 1681 1511 1783 1536; x_wconf 86' lang='lat' dir='ltr'><strong>dictum.</strong></span> <span class='ocrx_word' id='word_1_690' title='bbox 2118 1512 2122 1536; x_wconf 73' lang='lat' dir='ltr'><strong>i</strong></span> 
     </span>
    </p>

    <p class='ocr_par' dir='ltr' id='par_1_15' title="bbox 1179 1555 2133 2145">
     <span class='ocr_line' id='line_1_92' title="bbox 1252 1555 2133 1587; baseline -0.003 -6"><span class='ocrx_word' id='word_1_691' title='bbox 1252 1557 1293 1581; x_wconf 87' lang='lat'><strong>13.</strong></span> <span class='ocrx_word' id='word_1_692' title='bbox 1313 1557 1439 1581; x_wconf 88' lang='lat' dir='ltr'><strong>Secundus</strong></span> <span class='ocrx_word' id='word_1_693' title='bbox 1459 1564 1548 1581; x_wconf 85' lang='lat' dir='ltr'><strong>ramus</strong></span> <span class='ocrx_word' id='word_1_694' title='bbox 1561 1555 1735 1587; x_wconf 82' lang='lat' dir='ltr'><strong>principalis,</strong></span> <span class='ocrx_word' id='word_1_695' title='bbox 1755 1555 1798 1587; x_wconf 89' lang='lat' dir='ltr'><strong>qui</strong></span> <span class='ocrx_word' id='word_1_696' title='bbox 1817 1563 1845 1580; x_wconf 84' lang='lat' dir='ltr'><strong>ex</strong></span> <span class='ocrx_word' id='word_1_697' title='bbox 1870 1555 1951 1580; x_wconf 88' lang='lat' dir='ltr'><strong>radice</strong></span> <span class='ocrx_word' id='word_1_698' title='bbox 1977 1562 2031 1579; x_wconf 86' lang='lat' dir='ltr'><strong>car·</strong></span> <span class='ocrx_word' id='word_1_699' title='bbox 2044 1558 2133 1577; x_wconf 61' lang='lat' dir='ltr'><strong>seeum-,n</strong></span> 
     </span>
     <span class='ocr_line' id='line_1_93' title="bbox 1179 1585 2133 1632; baseline -0.002 -7"><span class='ocrx_word' id='word_1_700' title='bbox 1179 1601 1249 1626; x_wconf 83' lang='lat' dir='ltr'><strong>nalis</strong></span> <span class='ocrx_word' id='word_1_701' title='bbox 1277 1600 1494 1631; x_wconf 76' lang='lat' dir='ltr'><strong>concupiscentiae</strong></span> <span class='ocrx_word' id='word_1_702' title='bbox 1520 1599 1643 1630; x_wconf 87' lang='lat' dir='ltr'><strong>procedit,</strong></span> <span class='ocrx_word' id='word_1_703' title='bbox 1670 1599 1708 1623; x_wconf 89' lang='lat' dir='ltr'><strong>est</strong></span> <span class='ocrx_word' id='word_1_704' title='bbox 1733 1598 1864 1623; x_wconf 82' lang='lat' dir='ltr'><strong>delectatio</strong></span> <span class='ocrx_word' id='word_1_705' title='bbox 1888 1597 2031 1623; x_wconf 84' lang='lat' dir='ltr'><strong>inordinata</strong></span> <span class='ocrx_word' id='word_1_706' title='bbox 2047 1585 2133 1632; x_wconf 46' lang='lat' dir='ltr'><strong>fflisiffi</strong></span> 
     </span>
     <span class='ocr_line' id='line_1_94' title="bbox 1179 1632 2133 1675; baseline -0.005 -6"><span class='ocrx_word' id='word_1_707' title='bbox 1179 1644 1244 1669; x_wconf 87' lang='lat' dir='ltr'><strong>circa</strong></span> <span class='ocrx_word' id='word_1_708' title='bbox 1263 1644 1360 1672; x_wconf 86' lang='lat' dir='ltr'><strong>actum,</strong></span> <span class='ocrx_word' id='word_1_709' title='bbox 1380 1643 1423 1675; x_wconf 92' lang='lat' dir='ltr'><strong>qui</strong></span> <span class='ocrx_word' id='word_1_710' title='bbox 1446 1642 1555 1674; x_wconf 87' lang='lat' dir='ltr'><strong>pertinet</strong></span> <span class='ocrx_word' id='word_1_711' title='bbox 1579 1642 1611 1667; x_wconf 84' lang='lat' dir='ltr'><strong>ad</strong></span> <span class='ocrx_word' id='word_1_712' title='bbox 1634 1642 1846 1667; x_wconf 86' lang='lat' dir='ltr'><strong>conservationem</strong></span> <span class='ocrx_word' id='word_1_713' title='bbox 1872 1641 1977 1672; x_wconf 81' lang='lat' dir='ltr'><strong>speciei,</strong></span> <span class='ocrx_word' id='word_1_714' title='bbox 2002 1640 2032 1665; x_wconf 90' lang='lat' dir='ltr'><strong>ut</strong></span> <span class='ocrx_word' id='word_1_715' title='bbox 2049 1632 2133 1671; x_wconf 54' lang='lat' dir='ltr'><strong>egsssffig</strong></span> 
     </span>
     <span class='ocr_line' id='line_1_95' title="bbox 1180 1683 2033 1717; baseline -0.004 -6"><span class='ocrx_word' id='word_1_716' title='bbox 1180 1686 1273 1712; x_wconf 88' lang='lat' dir='ltr'><strong>dictum</strong></span> <span class='ocrx_word' id='word_1_717' title='bbox 1293 1686 1332 1711; x_wconf 88' lang='lat' dir='ltr'><strong>est</strong></span> <span class='ocrx_word' id='word_1_718' title='bbox 1350 1694 1441 1717; x_wconf 86' lang='lat' dir='ltr'><strong>supra,</strong></span> <span class='ocrx_word' id='word_1_719' title='bbox 1462 1693 1525 1717; x_wconf 86' lang='lat' dir='ltr'><strong>quae</strong></span> <span class='ocrx_word' id='word_1_720' title='bbox 1545 1685 1652 1710; x_wconf 71' lang='lat' dir='ltr'><strong>luxuria</strong></span> <span class='ocrx_word' id='word_1_721' title='bbox 1670 1685 1829 1716; x_wconf 89' lang='lat' dir='ltr'><strong>appellatur,</strong></span> <span class='ocrx_word' id='word_1_722' title='bbox 1848 1691 1911 1716; x_wconf 88' lang='lat' dir='ltr'><strong>quae</strong></span> <span class='ocrx_word' id='word_1_723' title='bbox 1934 1683 2033 1715; x_wconf 89' lang='lat' dir='ltr'><strong>quidem</strong></span> 
     </span>
     <span class='ocr_line' id='line_1_96' title="bbox 1180 1727 2034 1761; baseline -0.004 -6"><span class='ocrx_word' id='word_1_724' title='bbox 1180 1730 1256 1755; x_wconf 87' lang='lat' dir='ltr'><strong>habet</strong></span> <span class='ocrx_word' id='word_1_725' title='bbox 1275 1730 1397 1755; x_wconf 88' lang='lat' dir='ltr'><strong>rationem</strong></span> <span class='ocrx_word' id='word_1_726' title='bbox 1417 1729 1524 1761; x_wconf 88' lang='lat' dir='ltr'><strong>peccati,</strong></span> <span class='ocrx_word' id='word_1_727' title='bbox 1544 1729 1569 1753; x_wconf 89' lang='lat' dir='ltr'><strong>in</strong></span> <span class='ocrx_word' id='word_1_728' title='bbox 1589 1728 1711 1760; x_wconf 86' lang='lat' dir='ltr'><strong>quantum</strong></span> <span class='ocrx_word' id='word_1_729' title='bbox 1730 1727 1855 1759; x_wconf 85' lang='lat' dir='ltr'><strong>repugnat</strong></span> <span class='ocrx_word' id='word_1_730' title='bbox 1882 1727 1975 1752; x_wconf 86' lang='lat' dir='ltr'><strong>rationi</strong></span> <span class='ocrx_word' id='word_1_731' title='bbox 1994 1727 2034 1752; x_wconf 88' lang='lat' dir='ltr'><strong>vel</strong></span> 
     </span>
     <span class='ocr_line' id='line_1_97' title="bbox 1180 1768 2033 1803; baseline -0.004 -5"><span class='ocrx_word' id='word_1_732' title='bbox 1180 1774 1301 1803; x_wconf 85' lang='lat' dir='ltr'><strong>naturae,</strong></span> <span class='ocrx_word' id='word_1_733' title='bbox 1320 1773 1346 1798; x_wconf 87' lang='lat' dir='ltr'><strong>et</strong></span> <span class='ocrx_word' id='word_1_734' title='bbox 1364 1772 1441 1797; x_wconf 87' lang='lat' dir='ltr'><strong>habet</strong></span> <span class='ocrx_word' id='word_1_735' title='bbox 1459 1772 1582 1797; x_wconf 86' lang='lat' dir='ltr'><strong>rationem</strong></span> <span class='ocrx_word' id='word_1_736' title='bbox 1601 1771 1730 1801; x_wconf 85' lang='lat' dir='ltr'><strong>mortalis,</strong></span> <span class='ocrx_word' id='word_1_737' title='bbox 1750 1771 1815 1796; x_wconf 84' lang='lat' dir='ltr'><strong>sicut</strong></span> <span class='ocrx_word' id='word_1_738' title='bbox 1834 1771 1905 1802; x_wconf 89' lang='lat' dir='ltr'><strong>patet</strong></span> <span class='ocrx_word' id='word_1_739' title='bbox 1926 1768 2033 1802; x_wconf 81' lang='lat' dir='ltr'><strong>quinto⁹</strong></span> 
     </span>
     <span class='ocr_line' id='line_1_98' title="bbox 1181 1814 2032 1847; baseline -0.005 -5"><span class='ocrx_word' id='word_1_740' title='bbox 1181 1817 1213 1842; x_wconf 83' lang='lat' dir='ltr'><strong>ad</strong></span> <span class='ocrx_word' id='word_1_741' title='bbox 1232 1817 1350 1846; x_wconf 87' lang='lat' dir='ltr'><strong>Galatas,</strong></span> <span class='ocrx_word' id='word_1_742' title='bbox 1370 1816 1412 1841; x_wconf 90' lang='lat' dir='ltr'><strong>ubi</strong></span> <span class='ocrx_word' id='word_1_743' title='bbox 1431 1816 1497 1841; x_wconf 89' lang='lat' dir='ltr'><strong>inter</strong></span> <span class='ocrx_word' id='word_1_744' title='bbox 1517 1816 1605 1840; x_wconf 82' lang='lat' dir='ltr'><strong>carnis</strong></span> <span class='ocrx_word' id='word_1_745' title='bbox 1624 1823 1702 1847; x_wconf 85' lang='lat' dir='ltr'><strong>opera</strong></span> <span class='ocrx_word' id='word_1_746' title='bbox 1721 1814 1888 1846; x_wconf 88' lang='lat' dir='ltr'><strong>computatur.</strong></span> <span class='ocrx_word' id='word_1_747' title='bbox 1915 1814 1962 1839; x_wconf 88' lang='lat' dir='ltr'><strong>Hic</strong></span> <span class='ocrx_word' id='word_1_748' title='bbox 1987 1821 2032 1839; x_wconf 87' lang='lat' dir='ltr'><strong>au-</strong></span> 
     </span>
     <span class='ocr_line' id='line_1_99' title="bbox 1180 1857 2032 1891; baseline -0.004 -6"><span class='ocrx_word' id='word_1_749' title='bbox 1180 1861 1231 1886; x_wconf 86' lang='lat' dir='ltr'><strong>tem</strong></span> <span class='ocrx_word' id='word_1_750' title='bbox 1249 1868 1334 1885; x_wconf 87' lang='lat' dir='ltr'><strong>ramus</strong></span> <span class='ocrx_word' id='word_1_751' title='bbox 1353 1867 1408 1885; x_wconf 88' lang='lat' dir='ltr'><strong>cum</strong></span> <span class='ocrx_word' id='word_1_752' title='bbox 1428 1859 1585 1891; x_wconf 86' lang='lat' dir='ltr'><strong>praecedenti</strong></span> <span class='ocrx_word' id='word_1_753' title='bbox 1604 1866 1673 1884; x_wconf 88' lang='lat' dir='ltr'><strong>ramo</strong></span> <span class='ocrx_word' id='word_1_754' title='bbox 1701 1858 1876 1884; x_wconf 85' lang='lat' dir='ltr'><strong>convenienter</strong></span> <span class='ocrx_word' id='word_1_755' title='bbox 1898 1857 2032 1887; x_wconf 85' lang='lat' dir='ltr'><strong>inseritur,</strong></span> 
     </span>
     <span class='ocr_line' id='line_1_100' title="bbox 1180 1901 2034 1936; baseline -0.005 -7"><span class='ocrx_word' id='word_1_756' title='bbox 1180 1905 1238 1936; x_wconf 86' lang='lat' dir='ltr'><strong>quia</strong></span> <span class='ocrx_word' id='word_1_757' title='bbox 1256 1911 1285 1929; x_wconf 85' lang='lat' dir='ltr'><strong>ex</strong></span> <span class='ocrx_word' id='word_1_758' title='bbox 1303 1904 1364 1936; x_wconf 85' lang='lat' dir='ltr'><strong>gula</strong></span> <span class='ocrx_word' id='word_1_759' title='bbox 1378 1903 1488 1935; x_wconf 86' lang='lat' dir='ltr'><strong>procedit</strong></span> <span class='ocrx_word' id='word_1_760' title='bbox 1501 1903 1525 1928; x_wconf 91' lang='lat' dir='ltr'><strong>et</strong></span> <span class='ocrx_word' id='word_1_761' title='bbox 1538 1903 1598 1934; x_wconf 83' lang='lat' dir='ltr'><strong>gula</strong></span> <span class='ocrx_word' id='word_1_762' title='bbox 1611 1903 1632 1927; x_wconf 92' lang='lat' dir='ltr'><strong>ei</strong></span> <span class='ocrx_word' id='word_1_763' title='bbox 1644 1903 1775 1927; x_wconf 89' lang='lat' dir='ltr'><strong>materiam</strong></span> <span class='ocrx_word' id='word_1_764' title='bbox 1788 1901 1962 1931; x_wconf 86' lang='lat' dir='ltr'><strong>administrat,</strong></span> <span class='ocrx_word' id='word_1_765' title='bbox 1976 1901 2034 1932; x_wconf 89' lang='lat' dir='ltr'><strong>quia</strong></span> 
     </span>
     <span class='ocr_line' id='line_1_101' title="bbox 1181 1944 2034 1977; baseline -0.005 -5"><span class='ocrx_word' id='word_1_766' title='bbox 1181 1955 1272 1977; x_wconf 89' lang='lat' dir='ltr'><strong>semen,</strong></span> <span class='ocrx_word' id='word_1_767' title='bbox 1287 1947 1421 1972; x_wconf 90' lang='lat' dir='ltr'><strong>secundum</strong></span> <span class='ocrx_word' id='word_1_768' title='bbox 1435 1946 1627 1977; x_wconf 86' lang='lat' dir='ltr'><strong>Philosophum,</strong></span> <span class='ocrx_word' id='word_1_769' title='bbox 1641 1945 1679 1971; x_wconf 86' lang='lat' dir='ltr'><strong>est</strong></span> <span class='ocrx_word' id='word_1_770' title='bbox 1697 1955 1709 1967; x_wconf 72' lang='grc' dir='ltr'>α</span> <span class='ocrx_word' id='word_1_771' title='bbox 1720 1945 1873 1976; x_wconf 89' lang='lat' dir='ltr'><strong>superfluum</strong></span> <span class='ocrx_word' id='word_1_772' title='bbox 1886 1944 2034 1969; x_wconf 74' lang='lat' dir='ltr'><strong>alimenti».</strong></span> 
     </span>
     <span class='ocr_line' id='line_1_102' title="bbox 1180 1988 2035 2020; baseline -0.004 -5"><span class='ocrx_word' id='word_1_773' title='bbox 1180 1991 1248 2015; x_wconf 87' lang='lat' dir='ltr'><strong>Sicut</strong></span> <span class='ocrx_word' id='word_1_774' title='bbox 1262 1990 1345 2015; x_wconf 86' lang='lat' dir='ltr'><strong>autem</strong></span> <span class='ocrx_word' id='word_1_775' title='bbox 1365 1990 1458 2015; x_wconf 88' lang='lat' dir='ltr'><strong>dictum</strong></span> <span class='ocrx_word' id='word_1_776' title='bbox 1477 1989 1515 2014; x_wconf 89' lang='lat' dir='ltr'><strong>est</strong></span> <span class='ocrx_word' id='word_1_777' title='bbox 1534 1989 1562 2014; x_wconf 90' lang='lat' dir='ltr'><strong>de</strong></span> <span class='ocrx_word' id='word_1_778' title='bbox 1581 1989 1637 2013; x_wconf 92' lang='lat' dir='ltr'><strong>aliis</strong></span> <span class='ocrx_word' id='word_1_779' title='bbox 1651 1989 1772 2020; x_wconf 85' lang='lat' dir='ltr'><strong>peccatis,</strong></span> <span class='ocrx_word' id='word_1_780' title='bbox 1792 1988 1857 2019; x_wconf 85' lang='lat' dir='ltr'><strong>quod</strong></span> <span class='ocrx_word' id='word_1_781' title='bbox 1875 1988 1958 2013; x_wconf 89' lang='lat' dir='ltr'><strong>motus</strong></span> <span class='ocrx_word' id='word_1_782' title='bbox 1977 1994 2035 2019; x_wconf 88' lang='lat' dir='ltr'><strong>pro-</strong></span> 
     </span>
     <span class='ocr_line' id='line_1_103' title="bbox 1181 2031 2035 2066; baseline -0.004 -8"><span class='ocrx_word' id='word_1_783' title='bbox 1181 2034 1248 2066; x_wconf 89' lang='lat' dir='ltr'><strong>prios</strong></span> <span class='ocrx_word' id='word_1_784' title='bbox 1267 2033 1362 2058; x_wconf 87' lang='lat' dir='ltr'><strong>habent</strong></span> <span class='ocrx_word' id='word_1_785' title='bbox 1381 2032 1406 2058; x_wconf 91' lang='lat' dir='ltr'><strong>et</strong></span> <span class='ocrx_word' id='word_1_786' title='bbox 1424 2033 1535 2057; x_wconf 88' lang='lat' dir='ltr'><strong>diversos</strong></span> <span class='ocrx_word' id='word_1_787' title='bbox 1550 2031 1578 2062; x_wconf 89' lang='lat'><strong>¹⁰,</strong></span> <span class='ocrx_word' id='word_1_788' title='bbox 1598 2033 1640 2063; x_wconf 85' lang='lat' dir='ltr'><strong>qui</strong></span> <span class='ocrx_word' id='word_1_789' title='bbox 1657 2031 1823 2063; x_wconf 84' lang='lat' dir='ltr'><strong>praeveniunt</strong></span> <span class='ocrx_word' id='word_1_790' title='bbox 1841 2031 1977 2062; x_wconf 86' lang='lat' dir='ltr'><strong>rationem,</strong></span> <span class='ocrx_word' id='word_1_791' title='bbox 1990 2038 2035 2055; x_wconf 89' lang='lat' dir='ltr'><strong>nec</strong></span> 
     </span>
     <span class='ocr_line' id='line_1_104' title="bbox 1180 2074 2035 2105; baseline -0.005 -3"><span class='ocrx_word' id='word_1_792' title='bbox 1180 2077 1313 2102; x_wconf 83' lang='lat' dir='ltr'><strong>adhibetur</strong></span> <span class='ocrx_word' id='word_1_793' title='bbox 1341 2083 1489 2105; x_wconf 86' lang='lat' dir='ltr'><strong>consensus,</strong></span> <span class='ocrx_word' id='word_1_794' title='bbox 1514 2083 1559 2100; x_wconf 87' lang='grc'><strong>1100</strong></span> <span class='ocrx_word' id='word_1_795' title='bbox 1583 2075 1678 2100; x_wconf 87' lang='lat' dir='ltr'><strong>habent</strong></span> <span class='ocrx_word' id='word_1_796' title='bbox 1702 2075 1824 2100; x_wconf 87' lang='lat' dir='ltr'><strong>rationem</strong></span> <span class='ocrx_word' id='word_1_797' title='bbox 1846 2074 1974 2104; x_wconf 67' lang='lat' dir='ltr'><strong>mortalis,</strong></span> <span class='ocrx_word' id='word_1_798' title='bbox 2000 2074 2035 2098; x_wconf 93' lang='lat' dir='ltr'><strong>sic</strong></span> 
     </span>
     <span class='ocr_line' id='line_1_105' title="bbox 1180 2118 1632 2145; baseline -0.007 -1"><span class='ocrx_word' id='word_1_799' title='bbox 1180 2120 1256 2145; x_wconf 87' lang='lat' dir='ltr'><strong>etiam</strong></span> <span class='ocrx_word' id='word_1_800' title='bbox 1275 2120 1304 2144; x_wconf 89' lang='lat' dir='ltr'><strong>de</strong></span> <span class='ocrx_word' id='word_1_801' title='bbox 1322 2119 1422 2144; x_wconf 81' lang='lat' dir='ltr'><strong>luxuria</strong></span> <span class='ocrx_word' id='word_1_802' title='bbox 1441 2118 1480 2143; x_wconf 88' lang='lat' dir='ltr'><strong>est</strong></span> <span class='ocrx_word' id='word_1_803' title='bbox 1495 2118 1632 2143; x_wconf 84' lang='lat' dir='ltr'><strong>dicendum.</strong></span> 
     </span>
    </p>

    <p class='ocr_par' dir='ltr' id='par_1_16' title="bbox 1181 2160 2133 2583">
     <span class='ocr_line' id='line_1_106' title="bbox 1254 2160 2133 2194; baseline -0.005 -7"><span class='ocrx_word' id='word_1_804' title='bbox 1254 2162 1295 2187; x_wconf 83' lang='lat'><strong>14.</strong></span> <span class='ocrx_word' id='word_1_805' title='bbox 1315 2162 1353 2187; x_wconf 78' lang='lat' dir='ltr'><strong>Ex</strong></span> <span class='ocrx_word' id='word_1_806' title='bbox 1371 2162 1417 2187; x_wconf 92' lang='lat' dir='ltr'><strong>hoc</strong></span> <span class='ocrx_word' id='word_1_807' title='bbox 1435 2162 1519 2186; x_wconf 88' lang='lat' dir='ltr'><strong>autem</strong></span> <span class='ocrx_word' id='word_1_808' title='bbox 1538 2168 1608 2186; x_wconf 84' lang='lat' dir='ltr'><strong>ramo</strong></span> <span class='ocrx_word' id='word_1_809' title='bbox 1629 2162 1679 2186; x_wconf 88' lang='lat' dir='ltr'><strong>tres</strong></span> <span class='ocrx_word' id='word_1_810' title='bbox 1707 2161 1776 2185; x_wconf 85' lang='lat' dir='ltr'><strong>rami</strong></span> <span class='ocrx_word' id='word_1_811' title='bbox 1799 2160 1920 2192; x_wconf 82' lang='lat' dir='ltr'><strong>speciales</strong></span> <span class='ocrx_word' id='word_1_812' title='bbox 1949 2167 2034 2192; x_wconf 86' lang='lat' dir='ltr'><strong>proce-</strong></span> <span class='ocrx_word' id='word_1_813' title='bbox 2046 2163 2133 2194; x_wconf 18' lang='lat' dir='ltr'><strong>Ramizwni:</strong></span> 
     </span>
     <span class='ocr_line' id='line_1_107' title="bbox 1181 2189 2110 2237; baseline -0.004 -6"><span class='ocrx_word' id='word_1_814' title='bbox 1181 2206 1258 2235; x_wconf 90' lang='lat' dir='ltr'><strong>dunt,</strong></span> <span class='ocrx_word' id='word_1_815' title='bbox 1278 2206 1320 2237; x_wconf 90' lang='lat' dir='ltr'><strong>qui</strong></span> <span class='ocrx_word' id='word_1_816' title='bbox 1340 2205 1412 2230; x_wconf 86' lang='lat' dir='ltr'><strong>sunt:</strong></span> <span class='ocrx_word' id='word_1_817' title='bbox 1438 2204 1599 2235; x_wconf 79' lang='lat' dir='ltr'><strong>inhonestas,</strong></span> <span class='ocrx_word' id='word_1_818' title='bbox 1626 2203 1743 2229; x_wconf 81' lang='lat' dir='ltr'><strong>carnalis</strong></span> <span class='ocrx_word' id='word_1_819' title='bbox 1769 2203 1869 2233; x_wconf 78' lang='lat' dir='ltr'><strong>affectio</strong></span> <span class='ocrx_word' id='word_1_820' title='bbox 1895 2203 1920 2228; x_wconf 91' lang='lat' dir='ltr'><strong>et</strong></span> <span class='ocrx_word' id='word_1_821' title='bbox 1948 2203 2034 2228; x_wconf 82' lang='lat' dir='ltr'><strong>incon·</strong></span> <span class='ocrx_word' id='word_1_822' title='bbox 2085 2189 2110 2208; x_wconf 70' lang='lat'><strong>¹⁰⁵</strong></span> 
     </span>
     <span class='ocr_line' id='line_1_108' title="bbox 1183 2246 2133 2278; baseline -0.003 -5"><span class='ocrx_word' id='word_1_823' title='bbox 1183 2249 1300 2274; x_wconf 74' lang='lat' dir='ltr'><strong>tinentia.</strong></span> <span class='ocrx_word' id='word_1_824' title='bbox 1319 2263 1355 2265; x_wconf 96' lang='lat'><strong>—</strong></span> <span class='ocrx_word' id='word_1_825' title='bbox 1373 2247 1530 2273; x_wconf 76' lang='lat' dir='ltr'><strong>Iuhonestas</strong></span> <span class='ocrx_word' id='word_1_826' title='bbox 1549 2247 1594 2272; x_wconf 87' lang='lat' dir='ltr'><strong>hos</strong></span> <span class='ocrx_word' id='word_1_827' title='bbox 1613 2247 1710 2272; x_wconf 85' lang='lat' dir='ltr'><strong>fructus</strong></span> <span class='ocrx_word' id='word_1_828' title='bbox 1729 2247 1833 2276; x_wconf 89' lang='lat' dir='ltr'><strong>emittit,</strong></span> <span class='ocrx_word' id='word_1_829' title='bbox 1854 2247 1912 2278; x_wconf 87' lang='lat' dir='ltr'><strong>quia</strong></span> <span class='ocrx_word' id='word_1_830' title='bbox 1937 2246 1976 2271; x_wconf 88' lang='lat' dir='ltr'><strong>est</strong></span> <span class='ocrx_word' id='word_1_831' title='bbox 1999 2246 2035 2271; x_wconf 91' lang='lat' dir='ltr'><strong>in·</strong></span> <span class='ocrx_word' id='word_1_832' title='bbox 2054 2251 2133 2270; x_wconf 72' lang='lat' dir='ltr'><strong>lnhunau</strong></span> 
     </span>
     <span class='ocr_line' id='line_1_109' title="bbox 1182 2275 2133 2323; baseline -0.003 -6"><span class='ocrx_word' id='word_1_833' title='bbox 1182 2291 1321 2317; x_wconf 86' lang='lat' dir='ltr'><strong>verecunda</strong></span> <span class='ocrx_word' id='word_1_834' title='bbox 1340 2292 1366 2316; x_wconf 91' lang='lat' dir='ltr'><strong>in</strong></span> <span class='ocrx_word' id='word_1_835' title='bbox 1385 2291 1475 2322; x_wconf 80' lang='lat' dir='ltr'><strong>verbo,</strong></span> <span class='ocrx_word' id='word_1_836' title='bbox 1494 2291 1519 2315; x_wconf 91' lang='lat' dir='ltr'><strong>in</strong></span> <span class='ocrx_word' id='word_1_837' title='bbox 1537 2291 1624 2323; x_wconf 75' lang='lat' dir='ltr'><strong>yestu,</strong></span> <span class='ocrx_word' id='word_1_838' title='bbox 1643 2291 1669 2315; x_wconf 92' lang='lat' dir='ltr'><strong>in</strong></span> <span class='ocrx_word' id='word_1_839' title='bbox 1694 2289 1777 2322; x_wconf 76' lang='lat' dir='ltr'><strong>facto,</strong></span> <span class='ocrx_word' id='word_1_840' title='bbox 1796 2291 1822 2315; x_wconf 89' lang='lat' dir='ltr'><strong>in</strong></span> <span class='ocrx_word' id='word_1_841' title='bbox 1841 2290 1938 2315; x_wconf 80' lang='lat' dir='ltr'><strong>habitu.</strong></span> <span class='ocrx_word' id='word_1_842' title='bbox 1964 2289 2035 2314; x_wconf 84' lang='lat' dir='ltr'><strong>Circa</strong></span> <span class='ocrx_word' id='word_1_843' title='bbox 2048 2275 2133 2306; x_wconf 60' lang='lat' dir='ltr'><strong>q⁰³d¹3⁸¹</strong></span> 
     </span>
     <span class='ocr_line' id='line_1_110' title="bbox 1182 2332 2034 2365; baseline -0.004 -5"><span class='ocrx_word' id='word_1_844' title='bbox 1182 2334 1390 2360; x_wconf 69' lang='lat' dir='ltr'><strong>·i·m=m-ecmzdtao›z</strong></span> <span class='ocrx_word' id='word_1_845' title='bbox 1409 2334 1455 2360; x_wconf 88' lang='lat' dir='ltr'><strong>hoc</strong></span> <span class='ocrx_word' id='word_1_846' title='bbox 1474 2334 1512 2359; x_wconf 91' lang='lat' dir='ltr'><strong>est</strong></span> <span class='ocrx_word' id='word_1_847' title='bbox 1531 2334 1725 2363; x_wconf 85' lang='lat' dir='ltr'><strong>advertendum,</strong></span> <span class='ocrx_word' id='word_1_848' title='bbox 1739 2333 1811 2365; x_wconf 90' lang='lat' dir='ltr'><strong>quod,</strong></span> <span class='ocrx_word' id='word_1_849' title='bbox 1825 2332 1883 2358; x_wconf 90' lang='lat' dir='ltr'><strong>licet</strong></span> <span class='ocrx_word' id='word_1_850' title='bbox 1896 2332 1930 2357; x_wconf 87' lang='lat' dir='ltr'><strong>sit</strong></span> <span class='ocrx_word' id='word_1_851' title='bbox 1943 2332 2034 2364; x_wconf 85' lang='lat' dir='ltr'><strong>passio,</strong></span> 
     </span>
     <span class='ocr_line' id='line_1_111' title="bbox 1185 2375 2035 2406; baseline -0.004 -3"><span class='ocrx_word' id='word_1_852' title='bbox 1185 2378 1269 2403; x_wconf 87' lang='lat' dir='ltr'><strong>tamen</strong></span> <span class='ocrx_word' id='word_1_853' title='bbox 1288 2386 1317 2403; x_wconf 78' lang='lat' dir='ltr'><strong>ex</strong></span> <span class='ocrx_word' id='word_1_854' title='bbox 1336 2378 1397 2403; x_wconf 91' lang='lat' dir='ltr'><strong>vitio</strong></span> <span class='ocrx_word' id='word_1_855' title='bbox 1416 2378 1505 2402; x_wconf 90' lang='lat' dir='ltr'><strong>oritur.</strong></span> <span class='ocrx_word' id='word_1_856' title='bbox 1525 2377 1586 2402; x_wconf 89' lang='lat' dir='ltr'><strong>Cum</strong></span> <span class='ocrx_word' id='word_1_857' title='bbox 1605 2377 1670 2402; x_wconf 79' lang='lat' dir='ltr'><strong>enim</strong></span> <span class='ocrx_word' id='word_1_858' title='bbox 1689 2376 1865 2401; x_wconf 85' lang='lat' dir='ltr'><strong>inverecundia</strong></span> <span class='ocrx_word' id='word_1_859' title='bbox 1877 2376 1911 2401; x_wconf 89' lang='lat' dir='ltr'><strong>sit</strong></span> <span class='ocrx_word' id='word_1_860' title='bbox 1923 2376 1952 2401; x_wconf 85' lang='grc'><strong>(10</strong></span> <span class='ocrx_word' id='word_1_861' title='bbox 1965 2375 2035 2406; x_wconf 87' lang='lat' dir='ltr'><strong>turpi</strong></span> 
     </span>
     <span class='ocr_line' id='line_1_112' title="bbox 1183 2419 2035 2453; baseline -0.004 -7"><span class='ocrx_word' id='word_1_862' title='bbox 1183 2422 1298 2453; x_wconf 80' lang='lat' dir='ltr'><strong>proprie,</strong></span> <span class='ocrx_word' id='word_1_863' title='bbox 1326 2421 1384 2452; x_wconf 86' lang='lat' dir='ltr'><strong>quia</strong></span> <span class='ocrx_word' id='word_1_864' title='bbox 1410 2421 1452 2452; x_wconf 92' lang='lat' dir='ltr'><strong>qni</strong></span> <span class='ocrx_word' id='word_1_865' title='bbox 1476 2420 1657 2445; x_wconf 84' lang='lat' dir='ltr'><strong>inverecundus</strong></span> <span class='ocrx_word' id='word_1_866' title='bbox 1682 2419 1722 2445; x_wconf 89' lang='lat' dir='ltr'><strong>est</strong></span> <span class='ocrx_word' id='word_1_867' title='bbox 1746 2420 1831 2451; x_wconf 89' lang='lat' dir='ltr'><strong>turpia</strong></span> <span class='ocrx_word' id='word_1_868' title='bbox 1856 2419 1955 2444; x_wconf 87' lang='lat' dir='ltr'><strong>videtur</strong></span> <span class='ocrx_word' id='word_1_869' title='bbox 1979 2419 2035 2443; x_wconf 91' lang='lat' dir='ltr'><strong>dili-</strong></span> 
     </span>
     <span class='ocr_line' id='line_1_113' title="bbox 1182 2461 2033 2496; baseline -0.004 -7"><span class='ocrx_word' id='word_1_870' title='bbox 1182 2472 1254 2496; x_wconf 74' lang='lat' dir='ltr'><strong>gere3</strong></span> <span class='ocrx_word' id='word_1_871' title='bbox 1274 2463 1339 2488; x_wconf 88' lang='lat' dir='ltr'><strong>unde</strong></span> <span class='ocrx_word' id='word_1_872' title='bbox 1366 2464 1396 2488; x_wconf 84' lang='lat' dir='ltr'><strong>de</strong></span> <span class='ocrx_word' id='word_1_873' title='bbox 1420 2464 1476 2495; x_wconf 89' lang='lat' dir='ltr'><strong>ipsa</strong></span> <span class='ocrx_word' id='word_1_874' title='bbox 1500 2463 1658 2488; x_wconf 88' lang='lat' dir='ltr'><strong>iudicandum</strong></span> <span class='ocrx_word' id='word_1_875' title='bbox 1684 2463 1723 2487; x_wconf 92' lang='lat' dir='ltr'><strong>est</strong></span> <span class='ocrx_word' id='word_1_876' title='bbox 1750 2462 1884 2487; x_wconf 86' lang='lat' dir='ltr'><strong>secundum</strong></span> <span class='ocrx_word' id='word_1_877' title='bbox 1910 2461 2033 2487; x_wconf 86' lang='lat' dir='ltr'><strong>rationem</strong></span> 
     </span>
     <span class='ocr_line' id='line_1_114' title="bbox 1182 2505 2030 2538; baseline -0.004 -6"><span class='ocrx_word' id='word_1_878' title='bbox 1182 2508 1288 2533; x_wconf 77' lang='lat' dir='ltr'><strong>radicis.</strong></span> <span class='ocrx_word' id='word_1_879' title='bbox 1308 2507 1394 2538; x_wconf 87' lang='lat' dir='ltr'><strong>Neque</strong></span> <span class='ocrx_word' id='word_1_880' title='bbox 1413 2507 1478 2531; x_wconf 91' lang='lat' dir='ltr'><strong>enim</strong></span> <span class='ocrx_word' id='word_1_881' title='bbox 1497 2506 1643 2538; x_wconf 85' lang='lat' dir='ltr'><strong>quandoque</strong></span> <span class='ocrx_word' id='word_1_882' title='bbox 1662 2505 1700 2530; x_wconf 88' lang='lat' dir='ltr'><strong>est</strong></span> <span class='ocrx_word' id='word_1_883' title='bbox 1718 2506 1745 2530; x_wconf 91' lang='lat' dir='ltr'><strong>in</strong></span> <span class='ocrx_word' id='word_1_884' title='bbox 1763 2505 1888 2537; x_wconf 85' lang='lat' dir='ltr'><strong>potestate</strong></span> <span class='ocrx_word' id='word_1_885' title='bbox 1909 2505 2030 2534; x_wconf 88' lang='lat' dir='ltr'><strong>hominis,</strong></span> 
     </span>
     <span class='ocr_line' id='line_1_115' title="bbox 1183 2547 2032 2583; baseline -0.005 -7"><span class='ocrx_word' id='word_1_886' title='bbox 1183 2551 1281 2583; x_wconf 88' lang='lat' dir='ltr'><strong>quando</strong></span> <span class='ocrx_word' id='word_1_887' title='bbox 1300 2550 1408 2576; x_wconf 85' lang='lat' dir='ltr'><strong>voluerit</strong></span> <span class='ocrx_word' id='word_1_888' title='bbox 1427 2550 1601 2580; x_wconf 87' lang='lat' dir='ltr'><strong>verecundari,</strong></span> <span class='ocrx_word' id='word_1_889' title='bbox 1621 2549 1679 2581; x_wconf 84' lang='lat' dir='ltr'><strong>quia</strong></span> <span class='ocrx_word' id='word_1_890' title='bbox 1694 2548 1835 2574; x_wconf 88' lang='lat' dir='ltr'><strong>huiusmodi</strong></span> <span class='ocrx_word' id='word_1_891' title='bbox 1857 2548 1985 2580; x_wconf 85' lang='lat' dir='ltr'><strong>passiones</strong></span> <span class='ocrx_word' id='word_1_892' title='bbox 2003 2547 2032 2572; x_wconf 92' lang='lat' dir='ltr'><strong>ut</strong></span> 
     </span>
    </p>
   </div>
   <div class='ocr_carea' id='block_1_9' title="bbox 1182 2593 2115 2626">
    <p class='ocr_par' dir='ltr' id='par_1_17' title="bbox 1182 2593 2115 2626">
     <span class='ocr_line' id='line_1_116' title="bbox 1182 2593 2115 2626; baseline -0.005 -6"><span class='ocrx_word' id='word_1_893' title='bbox 1182 2595 1325 2626; x_wconf 83' lang='lat' dir='ltr'><strong>frequenter</strong></span> <span class='ocrx_word' id='word_1_894' title='bbox 1344 2594 1536 2625; x_wconf 81' lang='lat' dir='ltr'><strong>complexionem</strong></span> <span class='ocrx_word' id='word_1_895' title='bbox 1557 2593 1704 2624; x_wconf 87' lang='lat' dir='ltr'><strong>sequuntur.</strong></span> <span class='ocrx_word' id='word_1_896' title='bbox 2113 2603 2115 2622; x_wconf 66' lang='lat'><strong>,¹</strong></span> 
     </span>
    </p>
   </div>
   <div class='ocr_carea' id='block_1_10' title="bbox 902 2717 1420 2724">
    <p class='ocr_par' dir='ltr' id='par_1_18' title="bbox 902 2717 1420 2724">
     <span class='ocr_line' id='line_1_117' title="bbox 902 2717 1420 2724; baseline 0 0"><span class='ocrx_word' id='word_1_897' title='bbox 902 2717 1420 2724; x_wconf 95' lang='lat' dir='ltr'><strong> </strong></span> 
     </span>
    </p>
   </div>
   <div class='ocr_carea' id='block_1_11' title="bbox 278 2814 1129 3064">
    <p class='ocr_par' dir='ltr' id='par_1_19' title="bbox 279 2814 1128 2877">
     <span class='ocr_line' id='line_1_118' title="bbox 342 2814 1128 2845; baseline -0.005 -4"><span class='ocrx_word' id='word_1_898' title='bbox 342 2818 349 2830; x_wconf 80' lang='lat'>¹</span> <span class='ocrx_word' id='word_1_899' title='bbox 369 2820 390 2841; x_wconf 90' lang='grc'><strong>10</strong></span> <span class='ocrx_word' id='word_1_900' title='bbox 401 2819 452 2841; x_wconf 81' lang='lat' dir='ltr'><strong>cod.</strong></span> <span class='ocrx_word' id='word_1_901' title='bbox 463 2817 704 2845; x_wconf 70' lang='lat' dir='ltr'><strong>additui-el11·i0silas,-</strong></span> <span class='ocrx_word' id='word_1_902' title='bbox 715 2818 770 2839; x_wconf 81' lang='lat' dir='ltr'><strong>infra</strong></span> <span class='ocrx_word' id='word_1_903' title='bbox 782 2823 837 2839; x_wconf 66' lang='lat' dir='ltr'><strong>vero</strong></span> <span class='ocrx_word' id='word_1_904' title='bbox 851 2820 901 2844; x_wconf 75' lang='grc'><strong>11051</strong></span> <span class='ocrx_word' id='word_1_905' title='bbox 914 2817 1016 2839; x_wconf 51' lang='lat' dir='ltr'><strong>¹naturae.</strong></span> <span class='ocrx_word' id='word_1_906' title='bbox 1028 2814 1128 2838; x_wconf 78' lang='lat' dir='ltr'><strong>comedit</strong></span> 
     </span>
     <span class='ocr_line' id='line_1_119' title="bbox 279 2849 582 2877; baseline -0.003 -5"><span class='ocrx_word' id='word_1_907' title='bbox 279 2850 329 2872; x_wconf 79' lang='lat' dir='ltr'><strong>Vat.</strong></span> <span class='ocrx_word' id='word_1_908' title='bbox 347 2850 467 2877; x_wconf 69' lang='lat' dir='ltr'><strong>subiungit</strong></span> <span class='ocrx_word' id='word_1_909' title='bbox 483 2851 505 2872; x_wconf 69' lang='lat' dir='ltr'><strong>et</strong></span> <span class='ocrx_word' id='word_1_910' title='bbox 521 2849 582 2872; x_wconf 77' lang='lat' dir='ltr'><strong>bibit.</strong></span> 
     </span>
    </p>

    <p class='ocr_par' dir='ltr' id='par_1_20' title="bbox 278 2876 1128 2972">
     <span class='ocr_line' id='line_1_120' title="bbox 342 2876 1127 2909; baseline -0.003 -7"><span class='ocrx_word' id='word_1_911' title='bbox 342 2880 350 2893; x_wconf 73' lang='lat'>2</span> <span class='ocrx_word' id='word_1_912' title='bbox 369 2881 420 2902; x_wconf 68' lang='lat' dir='ltr'><strong>Yai.</strong></span> <span class='ocrx_word' id='word_1_913' title='bbox 438 2881 477 2904; x_wconf 51' lang='lat' dir='ltr'><strong>Etr</strong></span> <span class='ocrx_word' id='word_1_914' title='bbox 495 2881 538 2904; x_wconf 77' lang='lat' dir='ltr'><strong>hoc</strong></span> <span class='ocrx_word' id='word_1_915' title='bbox 555 2887 598 2909; x_wconf 80' lang='lat' dir='ltr'><strong>pro</strong></span> <span class='ocrx_word' id='word_1_916' title='bbox 616 2880 675 2903; x_wconf 75' lang='lat' dir='ltr'><strong>Cum</strong></span> <span class='ocrx_word' id='word_1_917' title='bbox 693 2880 748 2907; x_wconf 80' lang='lat' dir='ltr'><strong>hoc,</strong></span> <span class='ocrx_word' id='word_1_918' title='bbox 767 2884 789 2901; x_wconf 77' lang='grc'><strong>01</strong></span> <span class='ocrx_word' id='word_1_919' title='bbox 814 2880 870 2901; x_wconf 80' lang='lat' dir='ltr'><strong>inira</strong></span> <span class='ocrx_word' id='word_1_920' title='bbox 897 2877 1023 2908; x_wconf 65' lang='lat' dir='ltr'><strong>arai-itatis</strong></span> <span class='ocrx_word' id='word_1_921' title='bbox 1047 2876 1127 2901; x_wconf 74' lang='lat' dir='ltr'><strong>carnis</strong></span> 
     </span>
     <span class='ocr_line' id='line_1_121' title="bbox 279 2909 1128 2941; baseline -0.005 -7"><span class='ocrx_word' id='word_1_922' title='bbox 279 2918 321 2940; x_wconf 84' lang='lat' dir='ltr'><strong>pro</strong></span> <span class='ocrx_word' id='word_1_923' title='bbox 339 2912 465 2941; x_wconf 62' lang='lat' dir='ltr'><strong>maritatis</strong></span> <span class='ocrx_word' id='word_1_924' title='bbox 483 2912 604 2941; x_wconf 59' lang='lat' dir='ltr'><strong>emporis,</strong></span> <span class='ocrx_word' id='word_1_925' title='bbox 624 2915 646 2934; x_wconf 77' lang='grc'><strong>01</strong></span> <span class='ocrx_word' id='word_1_926' title='bbox 663 2911 746 2934; x_wconf 80' lang='lat' dir='ltr'><strong>deinde</strong></span> <span class='ocrx_word' id='word_1_927' title='bbox 765 2914 817 2939; x_wconf 75' lang='lat' dir='ltr'><strong>post</strong></span> <span class='ocrx_word' id='word_1_928' title='bbox 833 2910 911 2939; x_wconf 71' lang='lat' dir='ltr'><strong>lucere</strong></span> <span class='ocrx_word' id='word_1_929' title='bbox 929 2910 1046 2938; x_wconf 80' lang='lat' dir='ltr'><strong>superflue</strong></span> <span class='ocrx_word' id='word_1_930' title='bbox 1064 2909 1128 2931; x_wconf 80' lang='lat' dir='ltr'><strong>addit</strong></span> 
     </span>
     <span class='ocr_line' id='line_1_122' title="bbox 278 2943 445 2972; baseline -0.006 -6"><span class='ocrx_word' id='word_1_931' title='bbox 278 2949 321 2966; x_wconf 82' lang='lat' dir='ltr'><strong>nec</strong></span> <span class='ocrx_word' id='word_1_932' title='bbox 338 2943 445 2972; x_wconf 67' lang='lat' dir='ltr'><strong>implere.</strong></span> 
     </span>
    </p>

    <p class='ocr_par' dir='ltr' id='par_1_21' title="bbox 280 2971 1129 3059">
     <span class='ocr_line' id='line_1_123' title="bbox 342 2971 1129 3002; baseline -0.004 -6"><span class='ocrx_word' id='word_1_933' title='bbox 342 2973 351 2986; x_wconf 73' lang='lat'><strong>&#39;³</strong></span> <span class='ocrx_word' id='word_1_934' title='bbox 369 2975 426 2997; x_wconf 79' lang='lat' dir='ltr'><strong>Cod.</strong></span> <span class='ocrx_word' id='word_1_935' title='bbox 444 2981 486 3002; x_wconf 82' lang='lat' dir='ltr'><strong>pro</strong></span> <span class='ocrx_word' id='word_1_936' title='bbox 504 2974 580 2997; x_wconf 79' lang='lat' dir='ltr'><strong>sciens</strong></span> <span class='ocrx_word' id='word_1_937' title='bbox 598 2974 667 2996; x_wconf 76' lang='grc'><strong>1131101</strong></span> <span class='ocrx_word' id='word_1_938' title='bbox 684 2973 796 3001; x_wconf 79' lang='lat' dir='ltr'><strong>scienter,</strong></span> <span class='ocrx_word' id='word_1_939' title='bbox 814 2973 903 2995; x_wconf 80' lang='lat' dir='ltr'><strong>addens</strong></span> <span class='ocrx_word' id='word_1_940' title='bbox 921 2974 942 2996; x_wconf 83' lang='lat' dir='ltr'><strong>et</strong></span> <span class='ocrx_word' id='word_1_941' title='bbox 966 2975 1018 3000; x_wconf 77' lang='grc'><strong>11051</strong></span> <span class='ocrx_word' id='word_1_942' title='bbox 1034 2971 1129 2998; x_wconf 78' lang='lat' dir='ltr'><strong>fortitu-</strong></span> 
     </span>
     <span class='ocr_line' id='line_1_124' title="bbox 280 3002 1128 3059; baseline -0.002 -32"><span class='ocrx_word' id='word_1_943' title='bbox 280 3005 385 3059; x_wconf 46' lang='lat' dir='ltr'><strong>divioni..ss</strong></span> <span class='ocrx_word' id='word_1_944' title='bbox 509 3005 518 3017; x_wconf 71' lang='lat'><strong>⁴¹</strong></span> <span class='ocrx_word' id='word_1_945' title='bbox 536 3005 591 3033; x_wconf 79' lang='lat' dir='ltr'><strong>Cap.</strong></span> <span class='ocrx_word' id='word_1_946' title='bbox 610 3006 631 3027; x_wconf 84' lang='grc'><strong>6.</strong></span> <span class='ocrx_word' id='word_1_947' title='bbox 650 3012 670 3027; x_wconf 88' lang='lat' dir='ltr'><strong>n.</strong></span> <span class='ocrx_word' id='word_1_948' title='bbox 689 3005 725 3027; x_wconf 75' lang='lat'><strong>57.</strong></span> <span class='ocrx_word' id='word_1_949' title='bbox 745 3006 787 3027; x_wconf 72' lang='lat' dir='ltr'><strong>Pro</strong></span> <span class='ocrx_word' id='word_1_950' title='bbox 805 3003 918 3027; x_wconf 75' lang='lat' dir='ltr'><strong>discimus</strong></span> <span class='ocrx_word' id='word_1_951' title='bbox 935 3004 971 3026; x_wconf 84' lang='lat' dir='ltr'><strong>ed.</strong></span> <span class='ocrx_word' id='word_1_952' title='bbox 994 3004 998 3025; x_wconf 95' lang='grc'><strong>1</strong></span> <span class='ocrx_word' id='word_1_953' title='bbox 1021 3002 1128 3026; x_wconf 76' lang='lat' dir='ltr'><strong>dicimus.</strong></span> 
     </span>
    </p>

    <p class='ocr_par' dir='ltr' id='par_1_22' title="bbox 342 3036 526 3064">
     <span class='ocr_line' id='line_1_125' title="bbox 342 3036 526 3064; baseline 0.005 -6"><span class='ocrx_word' id='word_1_954' title='bbox 342 3036 351 3048; x_wconf 77' lang='lat'>⁵</span> <span class='ocrx_word' id='word_1_955' title='bbox 380 3037 425 3064; x_wconf 62' lang='lat'><strong>¹211).</strong></span> <span class='ocrx_word' id='word_1_956' title='bbox 443 3037 469 3064; x_wconf 80' lang='lat'><strong>5,</strong></span> <span class='ocrx_word' id='word_1_957' title='bbox 487 3037 526 3059; x_wconf 79' lang='lat'><strong>21.</strong></span> 
     </span>
    </p>
   </div>
   <div class='ocr_carea' id='block_1_12' title="bbox 1185 2809 2035 3059">
    <p class='ocr_par' dir='ltr' id='par_1_23' title="bbox 1246 2809 2003 2839">
     <span class='ocr_line' id='line_1_126' title="bbox 1246 2809 2003 2839; baseline -0.005 -4"><span class='ocrx_word' id='word_1_958' title='bbox 1246 2813 1255 2826; x_wconf 68' lang='lat' dir='ltr'><strong>a</strong></span> <span class='ocrx_word' id='word_1_959' title='bbox 1273 2813 1334 2835; x_wconf 85' lang='lat' dir='ltr'><strong>Libr.</strong></span> <span class='ocrx_word' id='word_1_960' title='bbox 1353 2813 1422 2835; x_wconf 73' lang='lat' dir='ltr'><strong>XXII.</strong></span> <span class='ocrx_word' id='word_1_961' title='bbox 1439 2819 1458 2834; x_wconf 85' lang='lat' dir='ltr'><strong>c.</strong></span> <span class='ocrx_word' id='word_1_962' title='bbox 1478 2812 1515 2834; x_wconf 71' lang='grc'><strong>4-1.</strong></span> <span class='ocrx_word' id='word_1_963' title='bbox 1534 2811 1589 2834; x_wconf 79' lang='lat' dir='ltr'><strong>ibid.</strong></span> <span class='ocrx_word' id='word_1_964' title='bbox 1607 2814 1640 2833; x_wconf 80' lang='grc'><strong>051</strong></span> <span class='ocrx_word' id='word_1_965' title='bbox 1657 2811 1725 2833; x_wconf 79' lang='lat' dir='ltr'><strong>eiiam</strong></span> <span class='ocrx_word' id='word_1_966' title='bbox 1744 2816 1793 2839; x_wconf 84' lang='lat' dir='ltr'><strong>seq.</strong></span> <span class='ocrx_word' id='word_1_967' title='bbox 1810 2810 1874 2832; x_wconf 83' lang='lat' dir='ltr'><strong>locus</strong></span> <span class='ocrx_word' id='word_1_968' title='bbox 1891 2809 2003 2831; x_wconf 86' lang='lat' dir='ltr'><strong>eiusdem.</strong></span> 
     </span>
    </p>

    <p class='ocr_par' dir='ltr' id='par_1_24' title="bbox 1247 2840 2035 2873">
     <span class='ocr_line' id='line_1_127' title="bbox 1247 2840 2035 2873; baseline -0.006 -6"><span class='ocrx_word' id='word_1_969' title='bbox 1247 2844 1255 2857; x_wconf 75' lang='lat'><strong>⁷</strong></span> <span class='ocrx_word' id='word_1_970' title='bbox 1274 2846 1316 2867; x_wconf 78' lang='lat' dir='ltr'><strong>Pro</strong></span> <span class='ocrx_word' id='word_1_971' title='bbox 1334 2843 1361 2867; x_wconf 78' lang='lat' dir='ltr'><strong>de</strong></span> <span class='ocrx_word' id='word_1_972' title='bbox 1379 2843 1464 2873; x_wconf 65' lang='lat' dir='ltr'><strong>quilius</strong></span> <span class='ocrx_word' id='word_1_973' title='bbox 1481 2843 1532 2865; x_wconf 83' lang='lat' dir='ltr'><strong>cod.</strong></span> <span class='ocrx_word' id='word_1_974' title='bbox 1550 2842 1628 2870; x_wconf 60' lang='grc' dir='ltr'><strong>110οα</strong></span> <span class='ocrx_word' id='word_1_975' title='bbox 1641 2843 1682 2864; x_wconf 80' lang='lat' dir='ltr'><strong>cfr.</strong></span> <span class='ocrx_word' id='word_1_976' title='bbox 1695 2848 1766 2869; x_wconf 83' lang='lat' dir='ltr'><strong>supra</strong></span> <span class='ocrx_word' id='word_1_977' title='bbox 1785 2847 1838 2869; x_wconf 80' lang='lat' dir='ltr'><strong>pag.</strong></span> <span class='ocrx_word' id='word_1_978' title='bbox 1856 2841 1910 2868; x_wconf 85' lang='grc'><strong>630,</strong></span> <span class='ocrx_word' id='word_1_979' title='bbox 1927 2844 1979 2863; x_wconf 75' lang='lat' dir='ltr'><strong>noia</strong></span> <span class='ocrx_word' id='word_1_980' title='bbox 1999 2840 2035 2862; x_wconf 82' lang='grc'><strong>10.</strong></span> 
     </span>
    </p>

    <p class='ocr_par' dir='ltr' id='par_1_25' title="bbox 1185 2871 2035 2934">
     <span class='ocr_line' id='line_1_128' title="bbox 1247 2871 2035 2901; baseline -0.006 -3"><span class='ocrx_word' id='word_1_981' title='bbox 1247 2875 1256 2888; x_wconf 70' lang='lat'>⁸</span> <span class='ocrx_word' id='word_1_982' title='bbox 1275 2877 1296 2898; x_wconf 87' lang='grc'><strong>111</strong></span> <span class='ocrx_word' id='word_1_983' title='bbox 1316 2877 1366 2898; x_wconf 71' lang='lat' dir='ltr'><strong>Vnt.</strong></span> <span class='ocrx_word' id='word_1_984' title='bbox 1385 2875 1519 2898; x_wconf 77' lang='lat' dir='ltr'><strong>exciderunt</strong></span> <span class='ocrx_word' id='word_1_985' title='bbox 1536 2874 1607 2896; x_wconf 79' lang='lat' dir='ltr'><strong>verba</strong></span> <span class='ocrx_word' id='word_1_986' title='bbox 1631 2875 1657 2896; x_wconf 81' lang='lat' dir='ltr'><strong>uc</strong></span> <span class='ocrx_word' id='word_1_987' title='bbox 1674 2879 1729 2896; x_wconf 77' lang='lat' dir='ltr'><strong>cum</strong></span> <span class='ocrx_word' id='word_1_988' title='bbox 1747 2879 1821 2901; x_wconf 76' lang='lat' dir='ltr'><strong>nsque</strong></span> <span class='ocrx_word' id='word_1_989' title='bbox 1840 2871 1996 2899; x_wconf 79' lang='lat' dir='ltr'><strong>scandalum,</strong></span> <span class='ocrx_word' id='word_1_990' title='bbox 2013 2874 2035 2893; x_wconf 80' lang='lat' dir='ltr'><strong>et</strong></span> 
     </span>
     <span class='ocr_line' id='line_1_129' title="bbox 1185 2902 2033 2934; baseline -0.007 -4"><span class='ocrx_word' id='word_1_991' title='bbox 1185 2908 1269 2931; x_wconf 83' lang='lat' dir='ltr'><strong>deinde</strong></span> <span class='ocrx_word' id='word_1_992' title='bbox 1288 2907 1358 2930; x_wconf 81' lang='lat' dir='ltr'><strong>habet</strong></span> <span class='ocrx_word' id='word_1_993' title='bbox 1373 2913 1414 2930; x_wconf 78' lang='lat' dir='ltr'><strong>seu</strong></span> <span class='ocrx_word' id='word_1_994' title='bbox 1433 2906 1580 2929; x_wconf 76' lang='lat' dir='ltr'><strong>occasionem</strong></span> <span class='ocrx_word' id='word_1_995' title='bbox 1597 2904 1718 2932; x_wconf 77' lang='lat' dir='ltr'><strong>scandali,</strong></span> <span class='ocrx_word' id='word_1_996' title='bbox 1736 2903 1813 2934; x_wconf 80' lang='lat' dir='ltr'><strong>quod,</strong></span> <span class='ocrx_word' id='word_1_997' title='bbox 1831 2904 1941 2926; x_wconf 70' lang='lat' dir='ltr'><strong>omittens</strong></span> <span class='ocrx_word' id='word_1_998' title='bbox 1954 2902 2033 2925; x_wconf 79' lang='lat' dir='ltr'><strong>datur.</strong></span> 
     </span>
    </p>

    <p class='ocr_par' dir='ltr' id='par_1_26' title="bbox 1185 2933 2033 3029">
     <span class='ocr_line' id='line_1_130' title="bbox 1248 2933 2033 2964; baseline -0.006 -3"><span class='ocrx_word' id='word_1_999' title='bbox 1248 2938 1257 2951; x_wconf 73' lang='lat'><strong>⁹</strong></span> <span class='ocrx_word' id='word_1_1000' title='bbox 1276 2940 1340 2961; x_wconf 80' lang='lat' dir='ltr'><strong>Vers.</strong></span> <span class='ocrx_word' id='word_1_1001' title='bbox 1360 2939 1397 2960; x_wconf 61' lang='lat'><strong>19.</strong></span> <span class='ocrx_word' id='word_1_1002' title='bbox 1415 2939 1454 2960; x_wconf 81' lang='grc'><strong>1110</strong></span> <span class='ocrx_word' id='word_1_1003' title='bbox 1472 2938 1493 2959; x_wconf 87' lang='lat' dir='ltr'><strong>in</strong></span> <span class='ocrx_word' id='word_1_1004' title='bbox 1512 2937 1563 2959; x_wconf 88' lang='lat' dir='ltr'><strong>cod.</strong></span> <span class='ocrx_word' id='word_1_1005' title='bbox 1581 2937 1610 2959; x_wconf 84' lang='lat' dir='ltr'><strong>ad</strong></span> <span class='ocrx_word' id='word_1_1006' title='bbox 1629 2937 1757 2964; x_wconf 79' lang='lat' dir='ltr'><strong>marginem</strong></span> <span class='ocrx_word' id='word_1_1007' title='bbox 1783 2935 1866 2963; x_wconf 78' lang='lat' dir='ltr'><strong>legitur</strong></span> <span class='ocrx_word' id='word_1_1008' title='bbox 1882 2935 1915 2957; x_wconf 80' lang='lat' dir='ltr'><strong>De</strong></span> <span class='ocrx_word' id='word_1_1009' title='bbox 1932 2933 2033 2957; x_wconf 70' lang='lat' dir='ltr'><strong>luoeuria</strong></span> 
     </span>
     <span class='ocr_line' id='line_1_131' title="bbox 1185 2965 2033 2998; baseline -0.007 -5"><span class='ocrx_word' id='word_1_1010' title='bbox 1185 2972 1206 2993; x_wconf 84' lang='lat' dir='ltr'><strong>et</strong></span> <span class='ocrx_word' id='word_1_1011' title='bbox 1218 2970 1268 2993; x_wconf 70' lang='lat' dir='ltr'><strong>etus</strong></span> <span class='ocrx_word' id='word_1_1012' title='bbox 1280 2969 1364 2993; x_wconf 80' lang='lat' dir='ltr'><strong>ramis.</strong></span> <span class='ocrx_word' id='word_1_1013' title='bbox 1377 2970 1430 2998; x_wconf 82' lang='lat' dir='ltr'><strong>Seq.</strong></span> <span class='ocrx_word' id='word_1_1014' title='bbox 1443 2970 1507 2991; x_wconf 83' lang='lat' dir='ltr'><strong>locus</strong></span> <span class='ocrx_word' id='word_1_1015' title='bbox 1516 2971 1550 2990; x_wconf 79' lang='lat' dir='ltr'><strong>est</strong></span> <span class='ocrx_word' id='word_1_1016' title='bbox 1561 2968 1661 2995; x_wconf 49' lang='lat' dir='ltr'><strong>Ariston,</strong></span> <span class='ocrx_word' id='word_1_1017' title='bbox 1675 2969 1690 2990; x_wconf 87' lang='lat'><strong>1.</strong></span> <span class='ocrx_word' id='word_1_1018' title='bbox 1700 2968 1729 2989; x_wconf 85' lang='lat' dir='ltr'><strong>de</strong></span> <span class='ocrx_word' id='word_1_1019' title='bbox 1742 2967 1849 2989; x_wconf 76' lang='lat' dir='ltr'><strong>Generm.</strong></span> <span class='ocrx_word' id='word_1_1020' title='bbox 1858 2967 1949 2988; x_wconf 84' lang='lat' dir='ltr'><strong>animal.</strong></span> <span class='ocrx_word' id='word_1_1021' title='bbox 1960 2972 1979 2987; x_wconf 75' lang='lat' dir='ltr'><strong>c.</strong></span> <span class='ocrx_word' id='word_1_1022' title='bbox 1994 2965 2033 2991; x_wconf 58' lang='lat'><strong>‘¹83</strong></span> 
     </span>
     <span class='ocr_line' id='line_1_132' title="bbox 1186 2999 1595 3029; baseline -0.007 -5"><span class='ocrx_word' id='word_1_1023' title='bbox 1186 3003 1225 3024; x_wconf 77' lang='lat' dir='ltr'><strong>cfr.</strong></span> <span class='ocrx_word' id='word_1_1024' title='bbox 1245 3005 1298 3024; x_wconf 84' lang='grc'><strong>10111.</strong></span> <span class='ocrx_word' id='word_1_1025' title='bbox 1318 3002 1340 3023; x_wconf 91' lang='grc'><strong>11.</strong></span> <span class='ocrx_word' id='word_1_1026' title='bbox 1359 3007 1413 3029; x_wconf 71' lang='lat' dir='ltr'><strong>pag,</strong></span> <span class='ocrx_word' id='word_1_1027' title='bbox 1433 3000 1485 3027; x_wconf 77' lang='lat'><strong>479,</strong></span> <span class='ocrx_word' id='word_1_1028' title='bbox 1503 3002 1554 3022; x_wconf 76' lang='lat' dir='ltr'><strong>nota</strong></span> <span class='ocrx_word' id='word_1_1029' title='bbox 1573 2999 1595 3021; x_wconf 77' lang='grc' dir='ltr'><strong>ὃ.</strong></span> 
     </span>
    </p>

    <p class='ocr_par' dir='ltr' id='par_1_27' title="bbox 1250 3028 1887 3059">
     <span class='ocr_line' id='line_1_133' title="bbox 1250 3028 1887 3059; baseline -0.006 -4"><span class='ocrx_word' id='word_1_1030' title='bbox 1250 3032 1270 3045; x_wconf 78' lang='lat'><strong>¹⁰</strong></span> <span class='ocrx_word' id='word_1_1031' title='bbox 1288 3033 1339 3055; x_wconf 72' lang='lat' dir='ltr'><strong>Vnt.</strong></span> <span class='ocrx_word' id='word_1_1032' title='bbox 1357 3032 1466 3054; x_wconf 77' lang='lat' dir='ltr'><strong>omittens</strong></span> <span class='ocrx_word' id='word_1_1033' title='bbox 1483 3030 1567 3054; x_wconf 71' lang='lat' dir='ltr'><strong>hulieni</strong></span> <span class='ocrx_word' id='word_1_1034' title='bbox 1584 3031 1639 3058; x_wconf 78' lang='lat' dir='ltr'><strong>legit</strong></span> <span class='ocrx_word' id='word_1_1035' title='bbox 1653 3029 1750 3059; x_wconf 77' lang='lat' dir='ltr'><strong>proprii</strong></span> <span class='ocrx_word' id='word_1_1036' title='bbox 1760 3031 1782 3052; x_wconf 86' lang='lat' dir='ltr'><strong>et</strong></span> <span class='ocrx_word' id='word_1_1037' title='bbox 1793 3028 1887 3052; x_wconf 74' lang='lat' dir='ltr'><strong>diversi.</strong></span> 
     </span>
    </p>
   </div>
   <div class='ocr_carea' id='block_1_13' title="bbox 2109 1864 2123 2881">
    <p class='ocr_par' dir='ltr' id='par_1_28' title="bbox 2109 1864 2123 2881">
     <span class='ocr_line' id='line_1_134' title="bbox 2109 1864 2123 2881; baseline 0 0"><span class='ocrx_word' id='word_1_1038' title='bbox 2109 1864 2123 2881; x_wconf 95' lang='lat' dir='ltr'><strong> </strong></span> 
     </span>
    </p>
   </div>
  </div>
 </body>
</html>
