2133 3317
237 227 292 254 702

489 263 544 286 (1οΝ

238 303 341 327 Christus
359 303 427 326 allicit
444 303 472 325 ad
491 302 700 325 sursumactionem
726 301 749 323 in
773 301 808 323 in-

237 344 325 365 tellectu
344 347 365 365 et
382 343 464 364 affectu
482 341 526 364 246
546 342 558 363 8

285 395 316 398 —
333 382 381 404 Tali
397 381 582 403 sursumactione
594 380 669 402 anima
682 380 806 402 Ierusalem

238 421 364 444 conformis
381 420 478 443 efficitur
496 419 541 442 246
555 420 567 441 8
580 432 611 436 -
624 419 807 447 Contemplando

238 461 292 483 caeli
310 460 419 488 palatium
438 459 600 481 conscenditur
618 459 647 481 29
673 459 686 480 2
703 471 734 475 ——
754 459 808 481 Fru-

240 503 290 522 ctus
308 499 358 521 eius
375 502 408 521 cst
426 498 520 521 felicitas
537 500 628 520 aeterna
646 497 675 520 ib.
693 498 706 519 3
723 510 752 513 —-
764 498 806 519 Per

237 538 455 566 contemplationem
473 537 553 559 transit
565 543 630 559 mens
642 537 665 559 iu
681 543 807 565 supernam

235 578 359 601 Ierusalem
378 578 402 599 11
431 577 439 599 1
470 590 500 592 -
526 576 731 604 Contemplationis
755 582 808 604 per-

238 617 314 640 fruitio
332 617 486 639 desideranda
504 616 533 638 ab
551 616 639 643 anima,
662 618 688 638 ut
712 616 734 637 in
759 622 807 638 cae-

235 657 286 679 lesti
307 663 391 684 sopore
408 659 430 678 et
447 656 528 678 ecstasi
549 655 628 677 audiat
639 661 722 677 arcana
734 654 807 677 verba

236 695 267 717 74
287 696 314 717 12
341 708 371 711 —
396 695 499 717 Dulcedo
517 694 717 722 contemplationis
734 695 808 716 caele-

238 735 308 757 stium
326 741 338 757 a
357 735 440 762 triplici
458 734 561 762 potentia
579 734 670 756 animae
687 734 807 761 participa-

237 777 274 797 tur
292 774 337 796 438
357 775 364 796 Ἰ1
396 787 426 789 -
452 774 486 796 Ad
504 773 613 801 mysteria
631 773 749 795 Trinitatis
766 773 807 795 eri-

237 813 315 841 gimur
332 813 512 841 contemplando
540 819 581 841 per
607 812 745 841 positionem
772 812 808 835 vel

237 852 377 875 ablationem
396 853 424 874 16
443 853 467 874 11
490 865 520 869 -
535 853 659 881 Quomodo
679 852 809 874 instituatur

237 892 322 914 erectio
340 898 382 920 per
400 892 463 914 viam
480 892 611 920 negationiS
629 892 658 914 17
677 892 689 914 3
713 903 745 908 -—
767 892 807 914 Hic

237 932 323 954 modus
348 932 488 954 ascendendi
517 934 551 954 est
576 934 638 954 tanto
663 931 807 959 vigorosior,

237 974 324 1000 quanto
343 971 378 993 vis
395 971 524 993 ascendens
545 973 580 993 est
603 971 718 998 intimior,
744 973 806 993 tanto

238 1010 388 1037 fructuosior,
406 1012 493 1039 quanto
511 1010 600 1032 affectio
626 1010 765 1038 proximior,
787 1012 809 1032 et

238 1049 289 1072 ideo
307 1050 361 1072 utile
379 1052 413 1072 cst
430 1050 452 1072 in
469 1050 505 1072 illa
523 1050 624 1072 exerceri
644 1048 699 1072 ibid.
716 1062 747 1065 —-
765 1056 807 1077 por

237 1089 299 1111 viam
318 1089 447 1117 negationis
465 1091 499 1111 est
518 1089 654 1111 eminentior
671 1095 743 1117 quam
766 1095 808 1116 per

238 1129 299 1150 viam
318 1129 477 1151 affirmationis
494 1127 547 1151 ibid.
564 1141 595 1144 -
610 1129 651 1150 Per
669 1128 808 1150 ablationem

237 1168 341 1190 veritatis
358 1170 465 1196 aspectus
482 1168 553 1190 fertur
574 1168 598 1189 in
624 1167 707 1190 mentis
733 1168 808 1195 caligi-

238 1214 291 1230 nem
309 1210 331 1230 et
348 1207 487 1235 profundius
500 1207 640 1235 ingreditur,
653 1207 707 1235 quia
719 1207 808 1229 excedit

237 1253 262 1269 se
279 1249 301 1269 et
317 1253 387 1269 omne
404 1249 507 1269 creatum
526 1245 579 1269 ibid.
606 1259 637 1262 —
662 1246 701 1268 Hic
723 1246 808 1268 modus

237 1289 271 1309 est
287 1286 458 1313 nobilissimus,
475 1286 517 1308 sed
530 1288 554 1308 ut
566 1286 594 1308 sit
606 1287 732 1314 perfectus,
745 1292 808 1313 prac-

238 1326 307 1354 exigit
324 1326 422 1348 modum
440 1325 599 1347 affirmationis
616 1324 671 1348 ibid.

285 1365 470 1388 CONTEMPLATNA
496 1378 526 1381 —
543 1365 625 1387 Activa
642 1364 712 1387 debet
729 1365 808 1387 deser-

239 1405 289 1427 vire
317 1405 511 1432 contemplativae
534 1405 579 1427 334
606 1405 618 1426 9
644 1417 675 1421 -
701 1405 808 1427 Suavitas

238 1445 299 1467 vitae
316 1444 509 1472 contemplativae
526 1444 571 1466 205Ι
590 1444 614 1466 01
636 1456 667 1460 -
684 1444 745 1466 Haec
757 1450 808 1466 sua-

238 1484 296 1506 vitas
313 1486 409 1512 generat
435 1484 538 1506 taedium
564 1483 675 1506 mundani
698 1483 807 1512 colloquii

238 1522 292 1546 ibid.
309 1535 340 1539 —
357 1523 536 1551 Contemplativi
553 1522 637 1551 apibus
656 1523 807 1551 designantur

239 1563 280 1585 221
303 1563 347 1585 ’140

285 1601 430 1625 Conrssurrus
447 1614 478 1618 —
495 1608 574 1624 rerum
592 1605 626 1624 est
638 1602 762 1625 voluntatis
775 1602 808 1624 in-

239 1642 310 1665 terius
327 1642 371 1664 298
392 1641 428 1664 14.
447 1642 492 1664 299
511 1642 582 1663 17-
594 1642 628 1664 Ad
647 1644 806 1670 contemptum

238 1682 319 1704 excitat
341 1681 484 1709 vituperium
511 1681 555 1703 303
580 1682 608 1703 28
635 1693 665 1697 —
691 1682 808 1709 perfectus

238 1721 410 1744 mundanorum
428 1720 528 1743 maxime
540 1720 611 1743 valuit
622 1721 651 1743 ad
663 1721 807 1743 dilatandum

237 1761 389 1789 Evangelium
407 1761 452 1783 302
471 1761 500 1783 22
523 1773 553 1776 -
576 1761 743 1789 aequanimiter
768 1767 809 1789 pa-

237 1801 329 1823 tiendus
345 1801 375 1823 ’72
394 1801 406 1822 8

285 1840 411 1863 Cowrnn‘rio
429 1852 460 1856 —·
477 1840 557 1862 Studio
582 1840 735 1863 contentionis
756 1841 809 1863 alte-

237 1886 290 1902 rum
307 1880 430 1902 vulnerare
448 1882 556 1907 satagens
573 1879 725 1908 semetipsum
743 1880 809 1908 prius

238 1919 333 1947 configit
351 1919 395 1941 266
414 1919 440 1941 311

285 1958 434 1981 Coxrmmm
451 1971 481 1975 -—
499 1958 534 1981 Ab
551 1958 614 1981 omni
637 1961 689 1981 actu
707 1958 808 1982 libidinis

238 1997 353 2021 abstinere
370 2001 404 2021 est
421 1999 550 2026 perfectum
569 1998 590 2020 in
608 2004 694 2026 genere
719 2001 742 2021 et
767 1999 808 2021 im·

238 2039 367 2066 perfectum
385 2043 413 2060 ex
429 2038 601 2060 circumstantia
620 2038 664 2061 238
683 2039 696 2060 9
722 2050 754 2055 ··-
779 2039 808 2061 Se

237 2077 315 2105 ipsum
333 2079 433 2099 castrare
450 2084 491 2105 per
508 2080 589 2100 votum
608 2077 761 2100 continentiae
774 2081 808 2101 est

237 2118 365 2145 perfectum
383 2116 428 2139 249
448 2117 476 2139 18
491 2129 520 2132 -
531 2116 567 2139 Ab
584 2117 648 2139 omni
664 2124 689 2140 se
706 2120 807 2140 castrare

238 2155 364 2179 concubitu
381 2158 415 2178 est
432 2156 524 2179 difficile
542 2163 568 2179 ex
586 2157 700 2179 arduitate
719 2160 741 2179 et
766 2163 808 2180 110-

237 2195 324 2218 bilitate
342 2195 433 2224 generis
450 2196 527 2223 operis
545 2195 589 2218 248
609 2196 638 2218 15

286 2248 316 2252 -—-
333 2238 425 2258 assueto
448 2235 607 2263 voluptatibus
628 2235 704 2258 carnis
729 2236 808 2258 diffici-

238 2275 282 2298 lius
298 2278 331 2297 est
348 2281 375 2297 ex
392 2275 516 2297 vitiositate
528 2281 640 2302 personae
655 2275 745 2303 agentis
761 2275 806 2297 248

240 2315 267 2337 16
280 2326 312 2331 --
323 2314 438 2337 difficilius
450 2316 484 2337 est
501 2314 523 2336 in
535 2314 651 2336 consortio
669 2315 806 2337 seminarum

238 2360 265 2377 ex
291 2354 463 2377 circumstantia
488 2353 629 2376 extrinsecus
652 2360 738 2377 annexa
761 2354 806 2377 249

240 2393 268 2415 17
288 2405 319 2410 —
337 2394 398 2415 Vere
415 2393 586 2416 continentibus
598 2393 705 2416 solatium
722 2396 757 2416 est
773 2399 808 2416 ca-

240 2433 333 2456 stificari
351 2433 396 2455 326
414 2433 443 2455 28

287 2484 317 2488 -
335 2471 438 2495 Christus
456 2472 604 2494 eunuchizari
621 2472 690 2495 docet
713 2475 807 2500 propter

240 2518 339 2540 regnum
358 2512 473 2534 caelorum
493 2511 538 2533 244
559 2512 586 2534 ’15
603 2524 634 2528 -
651 2511 755 2534 Christus
768 2512 806 2534 do-

239 2554 274 2573 cet
291 2557 384 2573 omnem
396 2551 561 2579 experientiam
582 2551 710 2574 secundum
730 2554 806 2574 actum

239 2591 388 2618 generativae
405 2591 522 2619 potentiae
534 2590 717 2613 abscindendam
730 2591 775 2613 245
794 2592 807 2614 5

237 2641 270 2646 —
289 2636 331 2658 per
357 2630 473 2653 Christum
496 2631 628 2653 introducta
651 2631 736 2658 Legem
760 2636 806 2653 non

240 2670 319 2698 solvit,
337 2669 378 2692 sed
396 2669 477 2698 implet
494 2670 539 2692 288
557 2670 570 2692 6

287 2720 318 2725 ——
340 2709 425 2731 Votum
450 2709 604 2731 continentiae
629 2709 749 2737 virginalis
774 2712 808 2732 est

239 2748 328 2770 consilii
355 2750 377 2771 et
397 2749 471 2771 omitti
496 2751 573 2776 potest
597 2748 687 2777 absque
712 2752 807 2777 peccato

240 2787 285 2809 240
304 2787 316 2809 3
335 2799 365 2804 —
382 2788 501 2815 virginalis
521 2790 556 2810 est
577 2788 699 2816 perfectior
720 2788 808 2811 viduali

241 2826 286 2848 241)
304 2827 333 2848 18
351 2839 381 2843 -
404 2827 525 2855 virginalis
548 2830 696 2855 comparatur
723 2827 808 2850 fructui

240 2866 378 2894 centesimo,
402 2867 502 2889 vidualis
528 2866 673 2894 sexagesimo
700 2866 753 2889 ibid,
777 2879 808 2883 —

241 2905 352 2927 Pudicitia
375 2906 504 2934 coniugalis
526 2908 560 2928 est
583 2907 718 2934 imperfecta
730 2912 809 2934 respe-

241 2947 279 2966 ctu
297 2944 416 2972 virginalis
434 2946 478 2967 268
497 2946 510 2967 6
528 2958 559 2961 ——
576 2945 676 2968 Castitati
692 2946 808 2973 coniugali

936 222 1037 251 INDEX
1059 222 1306 251 ALPHABETICUS.

890 301 1039 324 6011111100οΕ
1050 301 1114 323 -in
1132 301 1212 323 dolore
1228 301 1335 323 membra
1352 301 1408 323 solet

841 342 922 363 afferre
940 341 1059 369 quoddam
1078 340 1183 363 solatium
1205 340 1245 362 121
1268 340 1282 362 5

888 380 1008 403 Commo
1026 393 1056 396 —
1073 383 1107 402 est
1123 386 1177 408 pars
1194 379 1312 407 integralis
1329 379 1408 407 poeni-

841 419 924 442 tentiae
942 420 986 442 382
1005 420 1018 441 2
1036 432 1066 436 -
1084 425 1177 447 semper
1192 419 1360 441 consessionem
1373 424 1408 441 00-

840 459 916 481 mitari
934 458 1003 481 debet
1016 459 1059 480 407
1079 465 1090 480 a
1108 471 1139 474 —
1151 458 1258 480 afflictira
1275 458 1408 480 necessaria

840 500 875 520 est
891 498 919 521 ad
938 498 1076 520 deletionem
1089 499 1237 526 peccatorum
1253 503 1295 525 per
1311 497 1409 519 delecta-

841 537 927 560 tionem
944 539 1131 565 pcrpetratorum
1150 536 1179 558 r15
1197 537 1210 558 9

888 589 919 593 ———
936 579 1041 604 respectu
1063 576 1098 599 sui
1116 578 1151 598 est
1167 576 1190 598 in
1207 576 1361 598 amaritudine
1379 575 1408 598 16

845 616 870 638 10
883 629 913 632 ——
925 618 1032 644 respectu
1049 616 1084 638 sui
1097 615 1167 638 debet
1179 621 1230 637 esse
1247 615 1354 637 dolorosa
1367 621 1409 643 per

841 655 955 678 tristitiam
967 659 1062 684 propter
1072 655 1130 677 mala
1143 655 1271 683 prementia
1281 660 1306 677 se
1318 655 1407 682 ipsum,

842 695 956 717 Christum
975 697 997 717 et
1008 695 1140 723 proximum
1158 693 1213 717 ibid.
1224 706 1255 710 —
1267 694 1408 721 lacrymosa,

842 734 863 756 111
881 741 928 763 quo
946 734 1055 757 consistat
1077 735 1102 756 91
1125 735 1138 756 2
1158 746 1187 749 -
1204 733 1246 755 Per
1266 733 1409 755 contritionis

842 774 960 797 lavacrum
978 774 1052 801 caligo
1074 773 1158 795 mentis
1182 773 1310 801 detergitur
1332 773 1360 795 38
1380 772 1409 794 29

841 826 872 829 —-
888 813 1036 836 Contritionis
1053 813 1145 835 lavacro
1163 812 1300 840 purgandus
1323 814 1357 834 est
1379 812 1410 834 in-

842 853 944 875 tellectus
962 853 990 874 88
1010 853 1018 874 1
1237 869 1244 876 ,

889 892 1020 915 Convsnrus
1037 904 1067 907 —
1079 894 1125 918 est,
1143 890 1183 914 ubi
1195 891 1305 913 tredecim
1318 891 1409 913 Fratres

842 934 864 954 et
876 938 945 960 supra
959 932 1047 960 possint
1062 931 1172 953 continue
1187 930 1326 953 commorari
1340 930 1380 952 461
1397 936 1409 952 a

842 985 872 987 —
890 972 968 999 magni
985 977 1041 999 prae
1059 970 1138 998 parvis
1157 970 1216 992 duas
1233 970 1340 992 utilitates
1359 970 1410 992 affe-

842 1014 895 1033 runt
911 1010 1032 1038 Religiosis
1053 1010 1097 1032 367
1116 1009 1138 1031 b.
1157 1009 1202 1031 368
1221 1015 1233 1031 a

889 1050 1042 1073 Cosvsnsix'rio
1058 1062 1090 1066 —-
1107 1049 1224 1072 mundana
1237 1049 1316 1077 gravis
1335 1051 1357 1071 et
1372 1054 1411 1077 pe-

841 1090 941 1112 riculosa
958 1092 992 1112 cst
1010 1089 1038 1111 46
1058 1089 1071 1111 4
1088 1101 1119 1105 -
1137 1089 1227 1117 Quanto
1242 1088 1316 1116 magis
1333 1088 1385 1117 quis
1397 1094 1409 1110 a

842 1129 931 1151 mundo
949 1135 973 1151 se
995 1128 1121 1156 abstrahit,
1144 1130 1205 1150 tanto
1228 1128 1363 1150 familiarius
1386 1134 1410 1150 se

842 1168 910 1191 bonis
926 1168 1061 1190 hominibus
1082 1167 1229 1190 amicabilem
1252 1167 1329 1189 reddit
1349 1168 1377 1189 89
1396 1168 1409 1189 2

841 1221 872 1224 —-
889 1208 1004 1230 malorum
1023 1210 1084 1229 tanto
1107 1207 1183 1235 magis
1204 1207 1301 1234 desipit,
1323 1208 1410 1235 quanto

841 1247 932 1270 dulcius
944 1247 1059 1269 bonorum
1080 1247 1224 1269 conversatio
1236 1247 1344 1268 ass'cctum
1362 1246 1411 1268 affi-

841 1287 871 1310 cit
897 1286 950 1310 ibid.
968 1299 999 1302 —
1024 1287 1105 1308 Forma
1132 1286 1227 1308 interius
1255 1286 1410 1308 conversandi

842 1327 886 1349 453
905 1332 930 1355 a,
948 1326 963 1349 b
979 1338 1011 1342 —
1029 1326 1110 1349 lllodus
1131 1325 1231 1348 exterius
1256 1325 1409 1348 conversandi

843 1366 886 1388 454
904 1366 927 1388 b.
946 1366 991 1388 455
1008 1372 1033 1393 a,
1050 1365 1065 1388 b

888 1405 1013 1428 (3001100510
1029 1418 1061 1421 -
1073 1406 1103 1427 Ex
1116 1405 1267 1428 conversione
1279 1405 1409 1427 inordinata

841 1445 869 1468 ad
888 1445 967 1473 triplex
986 1445 1072 1467 bonum
1086 1444 1252 1467 commutabile
1269 1450 1339 1467 omne
1356 1450 1410 1472 pec-

841 1487 918 1507 catum
936 1484 1004 1506 trahit
1018 1484 1133 1512 originem
1152 1483 1197 1506 245
1215 1484 1229 1505 5

888 1536 918 1540 —
935 1524 1065 1546 Periculum
1079 1530 1191 1552 magnum
1203 1526 1238 1546 est
1255 1523 1347 1546 differre
1359 1529 1411 1545 con-

841 1564 973 1586 versionem
999 1563 1028 1586 34
1046 1564 1075 1585 16
1097 1575 1129 1580 —-
1145 1563 1257 1586 Conversi
1283 1563 1410 1591 antiquitus

842 1603 997 1626 induebantur
1014 1609 1081 1626 sacco
1099 1603 1145 1625 444
1164 1603 1192 1625 23

888 1643 1013 1666 Conviviuxu
1030 1655 1061 1659 —
1079 1642 1169 1665 lnitium
1187 1642 1291 1665 caelestis
1308 1641 1411 1665 convivii

842 1683 871 1705 59
885 1683 914 1705 12
926 1695 956 1699 -—-
968 1683 1021 1704 Eius
1038 1682 1169 1705 iucunditas
1186 1685 1208 1704 et
1226 1682 1330 1704 miranda
1342 1682 1412 1704 excel-

842 1722 908 1744 lentia
926 1722 955 1744 60
974 1723 1008 1744 12.
1022 1721 1052 1744 ib.
1066 1722 1103 1744 15.
1115 1722 1140 1744 61
1159 1722 1195 1744 16.
1208 1728 1259 1750 sqq.
1271 1734 1303 1738 —
1314 1722 1412 1744 caeleste

842 1764 937 1784 ornatur
955 1768 967 1783 a
984 1768 1070 1784 novem
1089 1761 1165 1784 choris
1176 1761 1317 1789 Angelorum
1335 1761 1360 1783 61
1382 1761 1410 1783 17

889 1801 973 1824 Corum
991 1813 1022 1817 —
1039 1800 1074 1823 Ad
1087 1801 1195 1828 copulam
1213 1800 1305 1823 venitur
1321 1800 1345 1823 in
1363 1800 1411 1823 ulti-

842 1847 881 1863 mo
898 1840 973 1869 gradu
991 1840 1091 1863 caritatis
1109 1840 1138 1862 15
1155 1840 1169 1862 7

889 1880 935 1903 Coa
951 1892 982 1896 ——
999 1880 1047 1902 Deo
1069 1880 1150 1907 triplex
1173 1880 1250 1902 cordis
1271 1879 1411 1903 sacrificium

842 1926 884 1948 pro
902 1920 1003 1948 peccatis
1020 1919 1164 1942 offerendum
1185 1922 1219 1942 est
1237 1920 1281 1942 130
1294 1919 1307 1941 7
1320 1932 1351 1935 -
1363 1919 1411 1942 Deo

842 1959 999 1982 exhibendum
1012 1961 1046 1982 est
1058 1965 1098 1981 cor
1110 1959 1206 1987 humile,
1219 1959 1331 1982 devotum
1354 1962 1376 1982 et
1388 1959 1411 1981 il-

841 1999 938 2022 libatum
957 1999 1001 2021 129
1025 2000 1037 2021 3
1055 2011 1086 2015 -
1103 1999 1189 2021 humile
1212 2001 1364 2027 recuperatur
1387 1999 1412 2021 ti-

842 2039 940 2066 mendo,
958 2044 997 2061 cor
1015 2038 1126 2061 devotum
1141 2038 1310 2066 desiderando,
1332 2044 1373 2061 cor
1390 2038 1412 2060 il-

841 2078 938 2101 libatum
956 2078 1056 2101 dolendo
1074 2077 1103 2101 ib.
1122 2078 1135 2100 5
1152 2091 1183 2094 -—
1200 2078 1297 2101 Devotio
1314 2084 1354 2100 cor
1371 2079 1411 2100 hu-

842 2118 914 2140 miliat
932 2117 977 2140 148
996 2118 1010 2140 2

888 2169 919 2173 ——
936 2158 965 2180 ad
983 2157 1081 2185 gratiam
1100 2157 1270 2185 impetrandam
1293 2156 1363 2179 debet
1379 2157 1411 2178 in-

841 2197 933 2219 curvari
958 2197 988 2219 ad
1013 2196 1054 2218 Dei
1079 2196 1246 2222 reverentiam,
1272 2195 1362 2218 dilatari
1380 2195 1409 2218 ad

841 2235 1026 2257 benevolentiam
1044 2237 1065 2257 et
1083 2235 1210 2262 gratiarum
1228 2235 1356 2263 actionem,
1368 2235 1410 2257 ele-

841 2274 890 2297 vari
908 2275 937 2297 ad
954 2274 1148 2302 complacentiam
1166 2276 1189 2296 et
1204 2276 1310 2296 mutuam
1328 2274 1409 2296 allocu-

841 2314 926 2336 tionem
945 2314 959 2335 9
978 2314 990 2336 4
1009 2326 1038 2329 —
1056 2314 1164 2336 dilatatur
1178 2313 1201 2335 in
1224 2313 1409 2335 consideratione

841 2353 984 2381 indignitatis
1000 2355 1107 2381 nostrae,
1125 2353 1228 2380 aperitur
1240 2353 1264 2374 111
1281 2353 1410 2375 considera-

841 2393 903 2415 tione
920 2393 1020 2421 gratiae⁷
1037 2392 1163 2415 effunditur
1180 2392 1205 2414 in
1225 2392 1410 2415 consideratione

841 2432 933 2455 divinae
951 2432 1125 2454 misericordiae.
1142 2431 1171 2454 ib.
1190 2432 1203 2454 7

888 2485 919 2488 —
936 2472 1022 2494 durum
1035 2471 1193 2499 increpatione
1205 2471 1304 2499 dignum
1318 2473 1352 2493 est
1368 2472 1409 2493 180

841 2513 854 2534 2
872 2524 903 2528 —-
920 2511 1005 2534 durum
1023 2512 1104 2533 saltem
1116 2511 1230 2539 sanguine
1244 2510 1326 2533 Christi
1339 2511 1407 2533 emol-

841 2551 944 2574 liendum
963 2554 996 2573 est
1013 2550 1068 2573 ibid.
1080 2563 1110 2567 —
1125 2552 1158 2573 est
1175 2550 1333 2579 excitandum,
1346 2549 1409 2572 ablu-

841 2591 928 2613 endum
950 2593 972 2613 et
997 2590 1179 2613 mollificandum
1202 2590 1317 2617 sanguine
1334 2589 1409 2612 crucis

841 2631 914 2653 effuso
932 2631 946 2652 5
963 2630 978 2652 7

889 2682 920 2686 -
936 2670 967 2692 05
984 2672 1089 2692 nostrum
1111 2672 1145 2692 est
1167 2669 1252 2691 ostium
1275 2671 1297 2691 et
1315 2668 1409 2691 nuntius

842 2709 920 2732 cordis
937 2709 1009 2731 nostri
1027 2708 1072 2731 204
1091 2709 1120 2731 87
1137 2721 1168 2724 —
1185 2714 1276 2730 summa
1292 2708 1409 2736 diligentia

842 2748 1021 2771 custodiendum
1040 2750 1074 2770 est
1092 2748 1105 2770 4
1124 2748 1144 2770 4.
1163 2748 1207 2769 108
1220 2749 1233 2769 2
1247 2748 1409 2775 —Negligen-

842 2787 871 2810 tIa
889 2788 966 2810 cordis
983 2787 1127 2810 custodiendi
1145 2787 1295 2815 recogitanda
1317 2787 1330 2809 4
1348 2787 1361 2809 3
1380 2797 1410 2802 *-

842 2827 936 2850 sollicite
954 2827 1133 2850 custodIendum
1151 2826 1180 2849 ab
1204 2827 1324 2849 affectione
1342 2828 1409 2848 terre-

842 2873 926 2889 norum
944 2866 984 2889 491
1007 2867 1029 2888 2.
1047 2866 1092 2888 405
1110 2872 1123 2888 a
1140 2878 1172 2882 —
1186 2866 1318 2888 cautissima
1331 2865 1409 2888 sollici-

843 2906 923 2929 tudine
940 2906 1053 2928 tuendum
1071 2908 1106 2928 est
1123 2905 1167 2927 496
1186 2905 1201 2928 b

889 2957 921 2961 —
941 2945 1046 2967 Libertas
1070 2945 1148 2967 cordis
1173 2950 1282 2972 magnam
1308 2946 1410 2972 praestat

242 2984 389 3011 anteponitur
407 2984 506 3006 vidualis
529 2987 551 3007 et
573 2985 664 3014 utrique
690 2985 809 3013 virginalis
842 2985 969 3012 spiritualis
986 2984 1113 3007 vacationis
1125 2984 1235 3007 studiosis
1252 2983 1410 3012 opportunita-

241 3022 287 3044 24-1
306 3022 334 3045 15

843 3027 888 3046 tem
906 3024 950 3046 338
969 3030 982 3046 a

1700 261 1756 284 COR

1488 314 1520 317 —-
1537 301 1619 324 Cordis
1635 301 1723 324 occulta
1740 302 1876 329 ignoramus
1895 302 1936 325 371
1959 302 1973 325 b

1441 352 1472 357 —
1489 341 1547 363 Nulli
1564 340 1716 363 commissum
1734 343 1768 363 est
1784 341 1873 363 occulta
1886 342 1962 364 cordis
1979 342 2011 365 iu-

1442 379 1519 402 dicare
1538 379 1582 402 487
1602 380 1609 401 1

1490 431 1519 434 —-
1537 419 1624 447 Duplex
1649 421 1683 441 est
1708 419 1836 441 vulneratio
1859 420 1936 442 cordis
1957 420 2009 442 Iesu

1444 458 1487 479 163
1505 459 1519 480 2
1536 470 1567 474 -
1584 464 1632 480 0110
1649 459 1745 481 vulnere
1760 461 1845 481 tactum
1863 459 1975 482 emoritur
1986 462 2009 482 et

1442 496 1467 519 fit
1479 497 1581 525 quodam
1594 497 1664 520 modo
1677 497 1809 520 insensibile
1826 497 1880 521 ibid.
1895 511 1924 514 —
1936 504 2010 527 quare

1442 536 1527 564 duplici
1554 537 1624 559 modo
1650 538 1798 559 vulneratum
1824 537 1853 560 sit
1879 538 1924 560 164
1946 539 1960 560 5
1977 551 2008 554 -

1441 575 1568 604 Utriusque
1595 576 1664 598 huius
1686 577 1789 599 vulneris
1816 583 1886 599 causa
1915 580 1949 600 est
1976 584 2010 600 so-

1442 621 1481 637 ror
1506 617 1528 637 et
1553 621 1638 643 sponsa
1663 614 1717 638 ibid.
1734 628 1764 632 —
1781 616 1841 639 Mors
1867 617 1941 644 prima
1963 622 2012 639 cor-

1443 654 1478 677 dis
1496 655 1544 677 lesu
1562 657 1596 677 est
1613 654 1703 677 dilectio
1721 655 1846 677 multorum
1864 658 2010 679 mortuorum

1444 694 1487 716 163
1507 695 1520 716 2
1539 706 1568 709 —
1586 694 1647 716 Ilaec
1665 700 1728 716 mors
1745 700 1791 716 non
1810 697 1885 722 potest
1900 695 1980 723 expelli
1997 702 2010 718 a

1442 733 1513 756 corde
1530 734 1580 755 lesu
1597 732 1651 756 ibid.
1669 746 1700 750 -
1721 734 1850 762 invenitur,
1869 735 1930 757 fosso
1953 741 2010 762 agro

1443 773 1548 800 corporis
1565 773 1601 795 sui
1615 773 1658 795 163
1678 773 1691 795 3
1708 785 1740 789 -
1757 773 1921 795 Accedendum
1935 776 1970 796 est
1981 774 2012 797 ad

1443 818 1483 835 cor
1500 813 1548 834 lesu
1567 818 1609 840 per
1627 812 1719 834 ianuam
1732 813 1808 834 lateris
1825 813 1920 835 lanceati
1940 814 1984 835 188
1997 814 2010 836 3

1443 863 1473 867 -
1490 851 1647 873 I-Iabitandum
1669 854 1703 874 est
1723 851 1745 873 in
1767 852 1811 874 hoc
1834 852 1904 874 corde
1928 852 1971 874 163
1997 853 2010 874 3

1443 902 1473 907 --
1491 890 1676 919 comparandum
1694 893 1728 913 est
1740 890 1850 913 omnibus
1867 891 2012 919 cogitationi-

1444 930 1488 952 bus
1505 932 1528 952 et
1544 929 1703 952 affectionibus
1720 929 1774 952 ibid.
1792 942 1823 946 —
1841 931 1865 952 ln
1887 930 1937 958 ipso
1955 931 2012 954 ado-

1444 969 1556 996 randum,
1568 969 1621 998 quia
1635 972 1669 992 est
1680 972 1758 992 sancta
1771 970 1908 992 Sanctorum
1921 972 1944 992 et
1958 976 2012 992 arca

1444 1009 1573 1031 testamenti
1591 1008 1619 1032 ib.
1638 1008 1651 1031 4
1669 1022 1699 1024 —
1717 1011 1752 1031 cst
1768 1009 1890 1036 paradisus
1911 1009 2013 1032 caritatis

1448 1048 1489 1070 187
1509 1049 1516 1070 1
1538 1060 1570 1064 —
1587 1051 1620 1071 est
1638 1048 1714 1071 bonus
1729 1049 1850 1071 thesaurus
1867 1051 1890 1071 et
1910 1048 2011 1076 pretiosa

1444 1088 1569 1115 margarita
1596 1088 1639 1110 «163
1666 1088 1678 1110 3
1698 1088 1768 1110 —ln
1796 1089 1840 1110 1100
1865 1088 1935 1110 corde
1957 1088 2014 1110 latet

1444 1128 1566 1149 thesaurus
1587 1126 1709 1149 ineffabilis
1730 1126 1891 1149 desiderabilis
1912 1127 2013 1150 caritatis

1445 1168 1489 1189 188
1508 1167 1521 1189 3
1539 1179 1570 1183 —-
1587 1166 1675 1189 Ibidem
1687 1167 1804 1189 invenitur
1821 1167 1923 1195 devotio,
1940 1167 2012 1194 lacry-

1444 1212 1535 1229 marum
1546 1206 1632 1234 gratia,
1644 1206 1811 1233 mansuetudo,
1823 1206 1928 1234 patientia
1936 1223 1942 1233 ‚
1951 1212 2012 1229 com-

1444 1246 1521 1274 passio
1534 1249 1556 1268 et
1573 1252 1612 1268 cor
1624 1246 1748 1268 contritum
1762 1248 1784 1267 et
1796 1246 1941 1268 humiliatum
1954 1245 2010 1268 ibid.

1443 1299 1473 1301 —
1491 1285 1662 1308 redamandum
1680 1288 1714 1307 est
1732 1285 1777 1307 164-
1795 1285 1808 1307 6
1825 1297 1856 1301 -
1873 1288 1907 1307 051
1918 1291 1958 1308 001
1975 1291 2011 1307 10-

1444 1325 1480 1353 gis
1497 1324 1601 1353 Domini,
1619 1324 1695 1347 fratris
1716 1327 1738 1347 et
1755 1325 1822 1347 amici
1844 1324 1915 1347 nostri
1933 1325 1978 1347 163
1996 1324 2010 1347 4

1443 1377 1474 1381 -
1491 1367 1525 1387 051
1542 1365 1611 1386 etiam
1629 1370 1668 1386 cor
1685 1366 1790 1386 nostrum
1809 1363 1854 1386 164
1873 1363 1886 1386 4

1491 1404 1551 1427 Cone
1573 1416 1604 1420 —
1625 1403 1699 1426 voluit
1723 1402 1766 1426 sibi
1786 1403 1942 1426 sacerdotium
1964 1403 2013 1426 vin-

1444 1444 1522 1467 dicare
1540 1444 1579 1465 361
1602 1443 1618 1465 b

1491 1483 1613 1506 Conseruu
1631 1495 1662 1498 ——
1680 1482 1726 1504 554
1745 1482 1759 1504 5

1491 1523 1581 1546 Conona
1599 1535 1629 1539 —
1646 1522 1741 1551 proprie
1764 1528 1847 1550 regum
1873 1524 1907 1545 est
1935 1523 1979 1545 185
1999 1523 2007 1544 1

1444 1575 1475 1580 ··-
1497 1563 1578 1591 spinea
1600 1562 1683 1585 Christi
1714 1565 1748 1585 est
1768 1569 1853 1585 corona
1879 1562 1965 1585 doloris
1990 1564 2012 1585 et

1444 1602 1566 1625 dedecoris
1585 1602 1628 1623 166
1647 1602 1660 1624 3
1679 1614 1709 1617 -
1721 1602 1800 1629 spinea
1818 1601 1908 1624 Christo
1926 1607 2012 1629 oppro-

1436 1641 1523 1664 brium
1540 1644 1562 1664 et
1579 1641 1720 1669 supplicium
1733 1641 1805 1663 attulit
1822 1641 1862 1663 185
1881 1641 1889 1663 1
1906 1653 1938 1658 -
1950 1640 2012 1664 Chri-

1445 1684 1494 1704 stus
1511 1687 1549 1704 1οΧ
1561 1687 1646 1703 corona
1664 1681 1772 1708 imposita
1785 1681 1969 1708 demonstratur,
1988 1680 2011 1702 in

1445 1721 1518 1749 spinis
1529 1727 1585 1743 1010
1604 1721 1764 1743 coronantium
1778 1720 1861 1743 malitia
1877 1720 2013 1748 exprimitur

1445 1760 1498 1784 ibid.
1516 1773 1547 1777 —
1564 1760 1646 1784 Christi
1665 1760 1749 1783 devote
1770 1760 1948 1788 contemplanda
1966 1760 2011 1782 1166

1446 1801 1458 1822 3
1480 1799 1535 1823 Vide
1551 1806 1572 1823 v.
1592 1799 1708 1823 Christus.
1722 1812 1754 1815 ——
1770 1799 1843 1828 lesus,
1860 1805 1961 1828 quorum
1973 1805 2012 1821 vo-

1445 1842 1510 1862 cetur
1528 1845 1613 1862 corona
1631 1839 1675 1861 166
1694 1839 1707 1861 3

1491 1892 1523 1896 —
1540 1879 1639 1907 gloriae,
1651 1879 1708 1908 quid
1720 1879 1748 1901 sit
1765 1878 1809 1901 123
1827 1879 1841 1901 2
1853 1890 1884 1895 -—
1896 1878 2011 1901 stellarum

1446 1920 1475 1941 12
1493 1919 1607 1947 significat
1624 1919 1652 1941 12
1670 1918 1757 1947 gaudia
1774 1918 1829 1940 caeli
1851 1917 1879 1940 57
1898 1918 1912 1939 2
1930 1930 1960 1933 ——-
1977 1917 2012 1940 Ad

1445 1965 1497 1981 eam
1514 1958 1690 1987 adipiscendam
1707 1957 1846 1980 inflammari
1865 1956 2013 1980 debet‘desi-

1446 1998 1536 2021 derium
1555 1998 1601 2020 125
1618 1999 1631 2020 2
1651 2010 1680 2013 -
1697 1997 1800 2020 Christus
1815 1997 1896 2019 invitat
1912 1996 1943 2019 ad
1960 2002 2012 2019 eam

1445 2038 1605 2066 accipiendam
1623 2036 1678 2060 ibid.

1492 2076 1578 2100 Conrus
1589 2089 1620 2093 —
1628 2082 1655 2099 ex
1664 2078 1764 2105 quatuor
1775 2075 1894 2098 elementis
1906 2078 1940 2098 est
1951 2081 2012 2098 com-

1444 2117 1546 2144 positum
1565 2117 1593 2138 62
1612 2116 1641 2137 20
1658 2128 1689 2132 -
1705 2115 1740 2137 Ad
1758 2115 1955 2143 complementum
1973 2120 2012 2136 na-

1445 2158 1509 2178 turae
1526 2157 1615 2183 spectat
1626 2154 1786 2177 membrorum
1804 2154 1932 2182 integritas,
1950 2160 2011 2176 com-

1444 2195 1556 2223 plexionis
1573 2194 1669 2222 sanitas,
1686 2200 1755 2216 sexus
1771 2193 1879 2216 nobilitas
1897 2194 1910 2215 6
1932 2194 1953 2215 11

1490 2246 1521 2250 -
1538 2234 1607 2256 Varia
1633 2236 1686 2256 sunt
1712 2239 1837 2261 corporum
1862 2232 1947 2255 robora
1965 2233 2010 2255 402

1445 2274 1473 2296 16
1491 2286 1521 2289 —
1539 2273 1642 2295 mulieris
1665 2273 1766 2295 tenerius
1786 2275 1820 2295 est
1842 2278 1941 2300 corpore
1967 2272 2011 2294 viri

1445 2313 1484 2335 121
1507 2313 1521 2334 5
1538 2325 1569 2329 -—
1585 2313 1635 2335 Non
1650 2312 1709 2334 vivit
1721 2311 1811 2340 absque
1823 2312 2011 2340 incorporatione

1443 2351 1487 2375 cibi
1506 2352 1551 2374 103
1571 2352 1598 2374 13
1616 2364 1646 2368 --
1664 2351 1763 2374 animale
1785 2357 1827 2379 per
1844 2351 1922 2374 cibum
1946 2351 2012 2379 vigo-

1443 2394 1518 2418 ratur,
1536 2391 1707 2419 impinguatur,
1724 2390 1808 2419 calefit,
1831 2390 1961 2413 vivificatur
1981 2389 2010 2413 ib.

1445 2431 1473 2453 112
1495 2443 1526 2447 -
1552 2430 1633 2453 Modus
1662 2430 1753 2458 corpori
1782 2429 1909 2452 necessaria
1935 2430 2012 2459 acqui-

1443 2470 1509 2492 rendi
1526 2469 1704 2498 praedicationis
1721 2472 1743 2492 et
1758 2469 1876 2492 doctrinae
1891 2468 2011 2491 laboribus

1445 2509 1489 2532 420
1507 2511 1521 2532 2
1537 2522 1569 2526 -
1586 2510 1646 2531 Dum
1663 2509 1703 2531 uni
1718 2508 1825 2531 membro
1846 2508 1940 2536 putrido
1961 2514 2011 2536 par-

1443 2549 1513 2577 citur,
1530 2549 1553 2571 in
1570 2549 1639 2571 totius
1656 2548 1761 2576 corporis
1778 2548 1913 2576 sospitatem
1930 2553 2011 2570 corru-

1443 2589 1491 2617 ptio
1508 2589 1643 2611 diffunditur
1662 2589 1706 2611 470
1725 2588 1738 2610 4

1490 2641 1521 2645 -
1538 2628 1584 2651 Cur
1601 2628 1678 2650 anima
1696 2627 1762 2650 beata
1779 2627 1896 2650 desideret
1919 2632 2011 2649 reassu-

1445 2674 1508 2690 mere
1525 2674 1611 2695 corpus
1634 2667 1663 2690 64
1686 2667 1711 2689 21
1731 2679 1763 2683 -
1779 2667 1894 2689 Gaudium
1918 2666 2011 2688 animae

1443 2707 1473 2730 de
1490 2707 1575 2729 unione
1592 2713 1646 2729 cum
1667 2713 1765 2734 corpore
1783 2706 1908 2734 glorificato
1932 2705 1961 2727 63
1980 2705 2005 2727 21

1443 2760 1473 2762 -
1491 2749 1591 2775 quatuor
1608 2745 1701 2769 dotibus
1712 2748 1873 2768 remuneratur
1886 2745 1914 2767 62
1933 2745 1962 2767 20
1979 2757 2011 2761 -

1443 2786 1486 2808 0111
1503 2785 1599 2813 subtile,
1616 2785 1688 2814 agile,
1711 2785 1854 2811 immortale,
1878 2785 1965 2807 clarum
1989 2786 2011 2806 et

1443 2826 1534 2853 fulgens
1552 2826 1576 2847 81
1598 2825 1628 2847 35
1641 2825 1706 2847 —ln
1724 2830 1822 2852 corpore
1834 2824 1961 2852 glorificato
1978 2825 2011 2846 tot

1443 2864 1566 2892 fulgebunt
1582 2870 1703 2892 gemmae,
1720 2866 1777 2892 quot
1794 2866 1847 2885 sunt
1868 2862 1965 2885 virtutes
1988 2862 2010 2884 in

1444 2906 1520 2927 mente
1538 2903 1567 2926 64
1592 2904 1622 2925 22
1639 2915 1670 2919 -—-
1687 2904 1711 2925 ln
1732 2903 1795 2925 caelo
1820 2908 1902 2925 omnes
1928 2908 2010 2924 sensus

1443 2946 1510 2966 erunt
1527 2943 1549 2965 111
1566 2942 1656 2965 actibus
1673 2942 1721 2965 suis
1738 2943 1768 2964 63
1786 2943 1815 2964 20
1833 2954 1864 2958 -
1878 2942 1920 2963 0111
1935 2942 2009 2969 perse-

1443 2985 1479 3005 cte
1495 2982 1608 3005 obediens
1628 2985 1650 3004 et
1674 2981 1793 3010 spirituale
1818 2980 1847 3004 ib.
1869 2981 1893 3003 21
1916 2992 1945 2996 —
1967 2979 2009 3002 erit

1443 3023 1534 3044 animae
1551 3022 1573 3044 in
1596 3020 1796 3049 contemplationis
1818 3020 1925 3043 solatium
1943 3021 1965 3041 et
1985 3018 2009 3040 in
