2133 3317
506 223 703 252 OPUSCULUM
724 223 743 251 Ι.
764 223 935 252 SPECULUM
957 223 1165 253 DISCIPLINAE.
1188 225 1267 254 PARS
1289 225 1394 254 PRIMA.
1768 226 1824 254 607

152 302 176 326 2.
195 301 253 327 Non
271 302 323 327 sint
341 302 368 327 in
386 302 444 327 risu
463 301 548 326 faciles
565 308 610 326 nec
628 301 655 326 in
672 308 730 326 voce
748 301 858 326 clamosi.
878 301 926 326 Ca-

9 353 29 374 ³d
39 357 66 372 os.
81 344 186 370 chinnus
204 345 335 376 praecipue
353 344 504 376 gravitatem
523 344 641 375 Religiosi
666 345 802 375 plurimum
820 344 926 369 dehone-

1053 302 1124 327 Circa
1138 310 1271 334 pannum,
1290 303 1320 328 ut
1338 311 1388 329 non
1412 303 1446 329 sit
1461 304 1637 335 pretiositate,
1659 304 1768 328 mollitie
1786 304 1826 329 vel
1859 312 1913 330 eirca
1926 318 1974 336 pan-

981 344 1123 369 subtilitate
1140 345 1267 369 notabilis.
1286 345 1371 370 Vestis
1390 346 1572 377 pretiositatem
1592 347 1667 371 etiam
1679 346 1826 371 mulieribus
1838 340 1882 377 ἵζ’]
1894 336 1973 360 triplici-

82 387 142 413 stat.
160 387 216 412 Vile
235 395 339 419 prorsus
357 387 410 417 est,
438 387 582 418 religiosum
601 388 684 412 virum
701 387 731 412 ut
755 394 859 418 puerum
887 394 925 412 ca-

81 430 207 456 chinnare.
220 430 278 455 Non
287 430 355 460 licet,
368 430 512 461 religiosum
525 430 606 454 virum
619 430 748 455 dissolutis
760 430 834 455 labiis
847 430 925 455 risum

81 473 205 506 proferre,
225 473 267 498 sed
285 473 360 498 hilari
378 472 451 497 vultu
470 473 550 498 cordis
577 472 732 498 hilaritatem
755 473 925 504 praetendere.

81 517 113 542 In
130 516 229 542 datione
248 517 316 548 pacis
342 516 409 541 labia
437 523 534 547 semper
562 516 694 546 claudant,
714 516 803 548 quibus
822 517 924 548 apertis,

81 559 191 590 turpiter
208 559 345 584 exhibetur.
365 559 447 584 Nares
465 566 515 584 non
533 559 560 584 in
578 559 683 584 aliorum
702 558 818 590 aspectu,
839 559 882 584 sed
894 559 925 584 ad

81 601 178 633 partem
198 608 253 626 cum
272 601 376 626 duorum
396 601 496 626 tantum
515 601 560 626 aut
572 601 649 626 trium
661 601 817 632 appositione
835 601 926 632 digito-

81 652 137 670 rum
154 644 299 676 emungant.
318 645 433 670 Seorsum
451 644 526 669 etiam
546 644 685 675 spuendum
704 643 757 673 est,
776 644 881 668 maxime
899 644 925 668 111

80 686 204 712 conventu
223 686 356 716 Fratrum,
375 694 406 711 ne
433 686 487 711 loca
515 686 628 717 publiea,
652 687 703 711 sive
722 687 748 710 in
766 686 853 716 choro,
873 687 925 711 sive

80 729 152 759 alibi,
181 729 255 761 sputo
283 729 426 759 foedentur,
452 729 477 754 et
503 729 643 754 astantium
667 729 731 754 oculi
759 729 924 755 offendantur.

80 771 162 797 Pudet
179 772 275 803 quidem
288 771 295 784 ¹
315 773 341 797 in
359 773 413 803 ipso
431 772 499 797 chori
511 772 707 798 deambulatorio
726 772 758 797 ad
771 772 844 803 pedes
867 779 925 797 suos

81 816 165 847 palam
183 815 316 840 Fratribus
334 823 423 847 spuere
440 823 485 840 nec
503 815 603 846 pudere.

100 850 103 851 ⁷
151 859 176 883 3.
195 859 219 884 A
236 859 389 884 notabilibus
406 859 523 890 corporis
543 866 586 883 seu
611 859 782 884 membrorum
807 859 926 885 extensio·

49 905 53 908 “
80 902 168 932 nibus,
186 909 249 934 quae
266 909 321 927 cum
339 902 528 927 oscitationibus
546 902 585 926 vel
604 902 668 926 alias
685 909 735 927 non
748 902 801 927 sine
819 902 925 933 quadam

80 945 238 971 inhonestate
257 945 311 970 fieri
325 945 414 974 solent,
428 945 527 970 omnino
540 944 693 970 abstineant.
707 945 776 970 Tunc
788 946 852 970 enim
866 945 926 970 sunt

79 995 171 1020 corpus
189 988 214 1014 et
232 988 334 1013 brachia
352 988 549 1019 comprimenda,
568 995 599 1013 ne
617 995 673 1013 enm
692 988 833 1013 huiusmodi
851 989 926 1020 pigri-

80 1032 117 1057 tia
136 1031 310 1057 extendantur.
323 1031 435 1056 Honeste
447 1031 610 1062 incongruum
625 1031 693 1060 viro,
707 1031 781 1062 pigra
794 1031 905 1055 membra
915 1029 925 1043 ²

80 1074 230 1100 distensione
248 1075 348 1100 resolvi.
367 1074 549 1099 Dissolutiones
573 1074 673 1105 fugiant
691 1074 834 1103 manuales;
852 1081 926 1105 gran-

80 1118 121 1143 dia
139 1125 245 1149 namque
269 1117 375 1142 causant
401 1117 525 1148 pericula,
545 1117 656 1148 soletque
679 1116 764 1142 luctus
788 1117 847 1142 ludo
866 1117 926 1142 acci-

80 1160 138 1186 dere
155 1161 286 1192 corporali.
305 1160 339 1185 Et
356 1160 414 1191 post
432 1160 605 1185 comestionem
624 1160 755 1191 praecipue
784 1167 809 1184 se
828 1167 843 1184 a
865 1160 926 1185 ioco-

81 1203 157 1229 sitate
174 1203 280 1228 notabili
304 1203 329 1228 et
353 1203 509 1234 multiloquio
534 1202 653 1227 studeant
671 1202 819 1233 temperare.
846 1203 926 1234 Siqui—

80 1246 149 1276 dem,
168 1246 227 1271 licet
246 1247 312 1271 omni
330 1245 440 1277 tempore
459 1246 630 1271 dissolutionis
648 1246 739 1270 levitas
758 1246 791 1270 sit
809 1246 924 1276 vitanda,

81 1289 139 1322 post
157 1290 313 1315 resectionem
331 1290 430 1321 tamen,
449 1290 489 1314 vel
507 1290 571 1314 alias
589 1296 645 1314 cum
664 1289 716 1314 solo
734 1289 824 1314 Fratre
838 1289 863 1314 et
881 1289 925 1314 ite-

80 1340 137 1358 rum
149 1340 232 1358 coram
244 1332 367 1358 conventu
380 1332 480 1363 turpius
493 1332 578 1364 agitur
588 1330 606 1356 ⁸.
625 1332 780 1363 Turpissima
793 1332 832 1357 est
847 1332 926 1358 disso-

80 1376 143 1401 lutio
154 1376 181 1400 iu
193 1375 325 1401 conventu.
335 1389 370 1393 -—
379 1375 419 1400 Ad
428 1375 488 1400 haec
500 1375 577 1400 alium
587 1376 726 1406 quempiam
737 1375 837 1406 praeter
846 1377 934 1401 necess

82 1418 182 1444 sitatem
201 1418 233 1443 ad
251 1419 378 1450 cingulum
397 1418 436 1443 vel
455 1425 556 1443 manum
568 1418 693 1449 accipere,
706 1418 791 1448 fiores,
814 1418 924 1449 fructus,

81 1462 121 1487 vel
139 1462 254 1487 baculum
266 1462 292 1487 in
306 1468 381 1486 mauu
400 1462 477 1487 otiose
489 1461 602 1493 gestare,
616 1462 744 1493 cingulum
756 1462 822 1487 inter
834 1462 926 1493 digitos

81 1505 201 1530 volvendo
228 1505 322 1534 rotare,
342 1505 468 1530 honestati
486 1512 536 1529 non
559 1505 692 1534 consonat,
717 1505 791 1530 immo
810 1505 926 1530 lasciviae

82 1549 181 1580 signum
199 1548 377 1579 quodammodo
388 1547 396 1560 ⁴
417 1548 566 1579 praetendit.
584 1562 620 1566 —
638 1548 669 1573 In
688 1548 780 1573 lotione
793 1555 925 1578 manuum,

82 1591 179 1623 quando
198 1591 227 1616 de
254 1598 313 1616 vase
340 1590 425 1616 mobili
449 1598 513 1622 aqua
538 1591 669 1622 recipitur,
689 1599 733 1615 vas
754 1592 835 1622 ipsum
864 1599 924 1616 nun-

81 1641 155 1665 quam
174 1641 190 1658 a
208 1634 280 1665 parte
299 1634 434 1665 superiori,
453 1634 584 1665 praecipue
602 1634 717 1658 manibus
735 1634 925 1664 distillantibus,

82 1677 125 1702 sed
143 1684 188 1708 per
205 1684 292 1702 ansam
312 1677 410 1708 potius,
428 1677 468 1702 vel
487 1684 502 1701 a
519 1676 607 1706 latere,
625 1677 664 1701 vel
677 1684 692 1701 a
704 1676 779 1701 fundo
794 1677 925 1708 accipiant,

81 1727 112 1745 ne
130 1720 211 1752 guttis
230 1727 348 1744 manuum
367 1727 432 1751 aqua
450 1720 549 1744 residua
568 1720 715 1745 sordidetur.
734 1734 769 1738 -
792 1720 844 1744 «In
863 1719 926 1745 lecto

83 1770 109 1788 se
126 1762 300 1788 honestissime
318 1762 418 1787 iacendo
436 1762 600 1793 componant3
618 1770 663 1787 nec
676 1763 759 1794 supini
772 1762 869 1787 iaceant
882 1770 927 1787 nec

81 1813 163 1837 genua
180 1805 285 1831 levando
303 1805 431 1830 calcaneos
448 1804 556 1836 iungant
574 1805 605 1829 ad
618 1804 748 1830 tibias⁵>›.
766 1805 836 1830 Haec
853 1805 878 1830 et
897 1805 927 1830 si-

81 1849 151 1874 milia
168 1856 218 1874 non
237 1848 299 1873 sunt
321 1848 351 1873 111
369 1849 471 1873 minima
489 1848 581 1873 temere
594 1849 759 1880 aspernanda.
773 1848 847 1873 Clara
868 1856 927 1874 non-

82 1899 211 1923 nunquam
229 1892 425 1917 conversationis
442 1892 551 1923 insignia
569 1892 690 1923 quaedam
712 1893 739 1917 in
758 1892 866 1917 minimis
888 1892 927 1917 ob-

83 1935 183 1960 fuscant
194 1934 311 1966 ineptiae.
325 1934 487 1966 Plerumque,
500 1935 601 1960 modicis
614 1935 736 1966 paulatim
750 1942 794 1966 per
806 1935 926 1960 incuriam

40 1983 43 1991 '
83 1978 276 2010 subrepentibus
294 1977 412 2008 1113011113,
432 1977 486 2003 tota
513 1985 610 2003 morum
628 1979 754 2010 congeries
772 1978 927 2010 inquinatur.

383 2063 531 2088 Carmonem
552 2063 628 2090 XXV.

275 2150 316 2174 Dc
334 2149 476 2181 disciplina
493 2150 563 2175 circa
581 2150 699 2175 habitwm
709 2148 728 2174 θ.

153 2234 178 2260 1.
205 2235 344 2267 Disciplina
367 2236 393 2261 in
417 2235 505 2261 habitu
530 2236 615 2268 potest
638 2236 690 2261 tam
715 2237 781 2262 circa
806 2242 927 2268 pannum

83 2286 157 2311 quam
175 2279 239 2304 circa
257 2278 453 2310 formationem,
473 2279 671 2310 coaptationem,
690 2287 753 2305 usus
778 2280 830 2304 01113
850 2280 926 2305 conti-

56 2318 61 2324 '
81 2322 231 2347 nuationem
248 2322 274 2346 et
291 2322 434 2347 munditiae
452 2322 664 2347 conversationem
684 2322 781 2347 attendi
792 2321 810 2348 ⁷.

981 385 1093 411 Ρο13-1138
1118 387 1260 417 interdicit;
1289 395 1375 419 porro,
1401 389 1446 420 qui
1472 389 1594 414 mollibus
1621 389 1765 414 vestiuntur
1798 389 1827 414 in

981 429 1096 454 domibus
1115 437 1203 461 regum
1222 432 1290 455 szmt.
1318 430 1390 456 Inter
1417 431 1506 456 divites
1535 432 1623 463 palatii
1651 432 1676 456 et
1704 438 1826 463 pauperes

981 472 1085 497 claustri
1109 473 1182 498 debet
1200 481 1253 498 esse
1272 474 1419 499 differentia.
1443 484 1455 496 <a
1468 475 1553 500 Mollia
1572 475 1722 500 vestimenta
1750 476 1827 500 animi

981 515 1110 540 mollitiem
1129 514 1295 540 indicant0».
1318 516 1443 548 «Molles,
1462 517 1498 542 ait
1516 518 1630 549 quidam,
1649 518 1734 543 mollia
1752 526 1828 550 quae-

981 558 1042 582 runt
1051 568 1076 582 n.
1095 558 1227 583 Subtilitas
1252 559 1278 584 et
1295 559 1363 584 nitor
1387 561 1577 591 reprehenditur
1596 562 1622 586 in
1639 561 1713 593 bysso
1741 562 1826 586 divitis

983 601 1104 632 epulonis.
1123 601 1207 626 Nimia
1235 603 1312 633 panni
1341 602 1484 633 subtilitas,
1504 603 1552 628 etsi
1579 611 1627 629 non
1648 604 1771 635 pretiosa,
1791 605 1826 630 ni-

980 644 1115 669 hilominus
1134 644 1218 669 tamen
1237 646 1263 670 in
1282 646 1410 677 proposito
1431 647 1597 677 poenitentiae
1616 648 1715 672 vitiosa.
1735 647 1772 672 Sit
1784 653 1827 673 cu-

981 695 1024 713 rae
1041 689 1142 713 novitiis
1167 695 1307 719 pannorum
1335 689 1531 720 pretiositatem,
1552 690 1718 715 subtilitatem
1746 691 1771 716 et
1789 691 1827 716 in-

982 738 1116 762 congruam
1135 731 1258 763 Religioni
1284 732 1414 757 mollitiem
1443 740 1492 758 non
1519 740 1615 758 curare.
1641 733 1782 758 Vereantur
1801 734 1827 759 et

981 774 1139 804 renitantur,
1157 774 1186 799 ut
1204 774 1324 805 possunt,
1345 775 1437 799 mutari
1456 776 1567 806 ipsorum
1586 777 1733 802 Sanctorum
1746 777 1775 802 de
1788 785 1827 802 ve-

982 816 1058 841 stium
1082 817 1181 842 vilitate
1208 825 1352 847 censuram,
1381 818 1406 842 et
1433 819 1636 844 consuetudinem
1660 820 1775 845 vitiosam
1801 821 1827 845 in

982 867 1084 884 suarum
1112 861 1252 885 animarum
1280 861 1418 892 periculum
1442 861 1534 887 induci.
1556 862 1612 887 «In
1640 863 1740 894 signum
1767 863 1827 888 sunt

983 903 1059 933 panni
1078 903 1129 932 tui,
1158 903 1262 929 Domine
1289 904 1360 934 Iesu,
1389 904 1431 929 sed
1460 905 1488 929 in
1512 905 1625 938 signum,
1644 906 1686 931 cui
1704 914 1720 931 a
1738 906 1827 932 multis

982 953 1060 977 usque
1078 946 1149 971 hodie
1167 946 1354 972 contradicitur
1365 946 1385 959 ¹⁰
1396 957 1421 971 ».

1053 989 1077 1013 2.
1097 989 1210 1014 Honesta
1229 990 1305 1021 exigit
1333 990 1538 1015 vestimentorum
1562 990 1701 1023 formatio,
1721 993 1750 1016 ut
1777 999 1826 1018 non
1839 993 1973 1036 Ciiffgnffnrim'

982 1032 1034 1056 sint
1053 1032 1127 1056 nimis
1145 1032 1199 1056 lata
1213 1031 1232 1044 ¹¹
1253 1032 1291 1056 vel
1311 1032 1408 1057 stricta.
1421 1032 1567 1064 Amplitudo
1587 1034 1625 1058 vel
1644 1034 1773 1065 longitudo
1785 1042 1827 1060 ve—

982 1074 1094 1099 stimenti
1114 1074 1254 1106 superflua,
1275 1075 1326 1100 sive
1345 1076 1370 1100 in
1394 1076 1498 1100 manicis
1522 1077 1574 1101 sive
1599 1077 1624 1101 in
1643 1077 1756 1108 caputio,
1776 1078 1827 1103 sive

981 1118 1007 1142 in
1027 1117 1129 1142 collario
1148 1118 1249 1148 caputii,
1269 1118 1308 1142 est
1327 1118 1458 1143 admodum
1487 1119 1612 1150 fugienda.
1630 1120 1676 1144 Sed
1696 1128 1740 1145 nec
1758 1128 1828 1152 aper-

981 1161 1046 1185 turis
1065 1160 1213 1192 quibusdam
1231 1161 1296 1186 circa
1324 1162 1451 1193 cingulum
1477 1162 1516 1187 vel
1536 1163 1608 1192 alibi,
1628 1163 1673 1188 aut
1700 1164 1827 1189 curiosita-

981 1203 1049 1228 tibus
1067 1204 1124 1228 aliis
1142 1203 1337 1235 quibuscumque
1355 1205 1394 1229 est
1411 1204 1513 1229 habitus
1531 1205 1713 1231 deformandus.

1052 1247 1076 1271 3.
1100 1246 1234 1278 coaptatio
1253 1248 1373 1278 quaedam
1393 1248 1431 1273 est
1449 1248 1572 1280 Religioso
1592 1249 1693 1280 decens,
1707 1250 1827 1281 quaedam
1838 1251 1972 1293 Circaeoapita·

981 1289 1106 1314 indecens.
1125 1289 1247 1315 Indeeens
1266 1290 1317 1320 est,
1338 1291 1359 1315 si
1378 1291 1477 1322 praeter
1497 1299 1588 1317 morem
1600 1292 1737 1323 Religionis
1752 1292 1827 1318 fuerit
1855 1277 1936 1322 gfissfiffi,
1953 1280 1972 1293 Π-

981 1332 1092 1362 curiosa,
1111 1332 1140 1356 ut
1165 1332 1234 1357 verbi
1258 1333 1341 1364 gratia
1366 1334 1387 1358 si
1406 1334 1500 1364 caputii
1527 1334 1656 1359 collarium
1676 1334 1782 1366 quadam
1801 1335 1827 1359 in

981 1381 1043 1406 gyro
1062 1375 1222 1406 replicatione
1247 1376 1317 1400 iuxta
1344 1376 1526 1401 mundanorum
1551 1377 1752 1402 consuetudinem
1772 1384 1828 1402 coa·

983 1418 1079 1449 ptetur,
1099 1418 1144 1442 aut
1162 1419 1256 1444 curiose
1274 1419 1357 1450 ipsum
1377 1419 1511 1450 replicetur
1523 1420 1650 1450 caputium
1664 1421 1728 1445 circa
1741 1427 1827 1452 genas.

982 1460 1080 1485 Deceozs
1093 1461 1144 1490 est,
1159 1461 1257 1492 qnando
1268 1460 1287 1473 ¹²
1307 1469 1357 1486 non
1376 1462 1529 1491 curiositati,
1549 1462 1591 1487 sed
1610 1462 1736 1487 honestati
1749 1463 1829 1487 deser->

982 1504 1031 1533 vit,
1051 1505 1080 1528 ut
1098 1504 1212 1529 videlicet
1239 1505 1316 1529 vestis
1344 1505 1447 1530 honeste
1476 1506 1590 1536 portetur
1618 1506 1643 1530 et
1661 1506 1763 1531 honeste
1783 1513 1827 1537 pro

983 1547 1036 1572 loeo
1054 1547 1080 1572 et
1098 1548 1208 1578 tempore
1227 1547 1388 1579 disponatur3
1408 1549 1437 1573 ut
1461 1548 1564 1574 honeste
1592 1549 1715 1580 portetur,
1735 1550 1828 1574 succin—

982 1591 1063 1622 genda
1081 1591 1120 1615 cst
1144 1591 1282 1622 aequaliter
1307 1592 1332 1616 et
1358 1591 1480 1616 decenter.
1500 1592 1525 1616 Si
1552 1592 1616 1616 enim
1636 1599 1664 1617 ex
1688 1600 1738 1617 nna
1757 1592 1828 1624 parte

982 1634 1126 1659 notabiliter
1154 1634 1259 1665 pendere
1287 1635 1462 1666 permittatur,
1482 1635 1522 1659 vel
1541 1635 1566 1660 in
1594 1635 1651 1660 aliis
1670 1636 1828 1666 praeparatio

982 1676 1066 1701 debita
1084 1677 1230 1707 omittatur;
1249 1677 1406 1707 fatuitatem,
1426 1678 1465 1702 vel
1484 1678 1677 1709 negligentiam,
1697 1678 1736 1703 vel
1754 1678 1829 1710 hypo·

983 1720 1066 1744 crisim
1085 1718 1192 1751 sapit¹³.
1212 1720 1331 1751 Aptanda
1359 1721 1399 1745 est
1422 1721 1500 1746 vestis
1528 1722 1633 1746 maxime
1659 1722 1723 1746 circa
1743 1722 1829 1752 pectus

983 1769 1028 1793 per
1046 1762 1237 1793 applicati0nem
1256 1762 1288 1787 ad
1307 1763 1411 1792 collum,
1431 1771 1462 1788 ne
1481 1763 1580 1789 ‘collum
1599 1764 1681 1794 ipsum
1700 1771 1778 1795 usque
1797 1764 1829 1789 ad

983 1805 1082 1836 pectus,
1101 1805 1142 1830 vel
1160 1805 1290 1831 interiores
1309 1807 1386 1837 panni
1398 1806 1526 1832 hominum
1539 1807 1650 1837 aspectui
1663 1807 1828 1838 exponantur,

983 1848 1048 1879 quod
1066 1849 1233 1880 irreligiosum
1252 1849 1291 1873 est
1308 1850 1388 1874 valde.
1408 1849 1550 1875 Cavendum
1569 1850 1607 1874 est
1625 1850 1690 1874 circa
1712 1850 1829 1881 portandi

983 1891 1097 1921 modum,
1116 1888 1155 1916 ne‘
1174 1892 1229 1923 quis
1257 1892 1402 1923 pereffluat,
1428 1893 1458 1917 ut
1486 1893 1506 1918 31
1535 1900 1561 1918 03
1589 1893 1635 1917 3111)
1662 1893 1761 1924 caputio
1789 1894 1829 1919 vel

983 1934 1094 1959 mentum
1114 1934 1262 1965 abscondat,
1283 1935 1304 1959 si
1323 1935 1478 1960 dominarum
1497 1943 1563 1961 more
1583 1936 1693 1960 tunicam
1712 1944 1727 1961 a
1746 1936 1829 1961 lateri-

983 1977 1030 2002 bus
1047 1978 1153 2003 tenendo
1172 1978 1283 2008 incedat,
1303 1979 1347 2003 aut
1366 1986 1466 2004 manum
1486 1980 1511 2004 in
1540 1980 1596 2004 sinu
1615 1979 1710 2009 tenens,
1730 1980 1828 2005 tunicae

983 2022 1105 2046 manicam
1124 2021 1231 2046 exterius
1250 2022 1357 2052 pendere
1376 2022 1514 2053 permittat.
1534 2022 1636 2052 Quando
1649 2023 1714 2047 enim
1727 2031 1828 2048 manum

983 2065 1009 2089 in
1028 2065 1084 2089 sinu
1103 2065 1142 2089 vel
1161 2065 1193 2089 ad
1217 2063 1305 2089 horam
1333 2072 1423 2097 ponere
1451 2065 1517 2097 cogit
1544 2066 1692 2095 necessitas,
1713 2074 1728 2091 a
1752 2072 1829 2092 manu

982 2108 1065 2133 altera
1083 2109 1228 2139 praesumta
1246 2109 1331 2133 tunica
1349 2108 1446 2133 cautius
1471 2109 1510 2133 est
1533 2109 1653 2138 tenenda,
1673 2116 1703 2134 ne
1723 2110 1829 2140 pendeat

983 2151 1137 2181 indecenter,
1156 2152 1186 2176 ut
1204 2152 1314 2177 manum'
1324 2153 1349 2176 in
1369 2153 1426 2177 sinu
1443 2152 1522 2177 teneri
1535 2153 1576 2177 vix
1589 2160 1603 2177 a
1616 2153 1726 2184 proxime
1740 2153 1828 2178 astan—

983 2194 1051 2219 tibus
1071 2195 1164 2225 percipi
1182 2195 1273 2220 valeat.
1293 2195 1387 2220 Ambas
1406 2195 1490 2220 autem
1509 2202 1598 2220 manus
1626 2196 1652 2220 111
1670 2196 1726 2220 311111
1745 2196 1828 2221 tenere

982 2244 1057 2268 (1113111
1075 2237 1240 2269 irreligiosum
1260 2238 1307 2267 sit,
1326 2238 1410 2269 palam
1429 2238 1543 2263 omnibus
1561 2238 1613 2268 est,
1626 2246 1682 2263 cum
1701 2245 1776 2264 unam
1789 2239 1829 2264 vel

982 2280 1024 2304 diu
1043 2280 1122 2304 teneri
1140 2280 1181 2304 vix
1200 2280 1301 2305 excusat
1318 2281 1374 2311 ipsa
1392 2281 1535 2306 necessitas.
1555 2280 1700 2306 Emortui¹⁴
1720 2282 1758 2306 est
1779 2289 1829 2306 001·-

983 2323 1051 2354 poris
1069 2323 1284 2354 membrorumque
1304 2323 1384 2348 officia
1402 2324 1501 2355 exsequi
1519 2331 1569 2349 non
1587 2324 1695 2349 valentis
1718 2324 1828 2349 manicas

83 2455 196 2478 Dominus
212 2461 282 2483 super
299 2455 391 2482 turbas,
409 2458 434 2477 ut
451 2455 595 2483 impenderet
616 2455 689 2484 [ioan.
708 2456 729 2483 6,
747 2455 790 2486 5.].
807 2457 868 2479 Alter
888 2457 928 2479 mi-

84 2486 222 2513 serabiliter,
239 2487 295 2522 alter
320 2487 509 2515 misericorditer,
531 2486 601 2509 ambo
623 2487 805 2523 inculpabiliter.¹
816 2489 850 2510 Tu
872 2494 928 2517 quo-

86 2524 132 2547 que
147 2518 693 2572 9318333121.ὓὲἒ.ξέ3.ῖ.·..ῖῗέ·ἔξωΐῗ
710 2518 870 2579 {Rigida}
883 2520 927 2573 ἐὰ-

85 2581 128 2608 tet,
146 2579 262 2609 quosdam
280 2580 319 2605 (113
337 2581 387 2603 Vat.
405 2584 427 2603 ct
444 2581 481 2603 ed.
502 2581 531 2609 i),
549 2581 567 2603 D
584 2580 650 2614 legit:
668 2580 766 2610 Spuwit
786 2581 882 2611 quidam
903 2581 927 2604 in

85 2610 152 2634 chori
168 2610 355 2634 deambulatorio
372 2611 405 2634 ad
417 2611 488 2641 pedes
505 2618 574 2640 suos,
591 2618 631 2641 qul
647 2617 689 2635 nec
706 2618 788 2636 coram
801 2612 927 2636 Fratribus

152 2649 156 2654 .
195 2649 199 2658 ,
221 2648 226 2654 .
293 2649 298 2654 .

84 2644 445 2703 δρηθζεῐὶιὲἕιηνιιῖἑηιὸνονιωη,
468 2680 529 2703 (11130
551 2675 619 2697 etiam
645 2675 744 2698 subinde
766 2681 807 2703 pro
824 2681 928 2705 namque

85 2703 201 2727 substituit
216 2711 306 2734 nempe.

146 2735 156 2748 ³
173 2735 218 2759 Csr.
234 2742 304 2764 supra
321 2742 342 2758 c.
360 2735 396 2758 44.
413 2742 436 2758 n.
453 2737 474 2759 2.
491 2737 516 2759 111
533 2737 584 2760 [ine.

146 2766 156 2779 ⁴
173 2767 214 2789 Ed.
231 2768 244 2789 2
262 2767 334 2790 immo
351 2767 470 2796 quoddam
488 2767 598 2791 lasciviae
614 2768 717 2798 siynmn.
735 2769 832 2791 Inferius
846 2775 888 2797 pro
900 2768 928 2791 de

85 2802 140 2821 vaae
155 2797 237 2821 mobili
253 2800 269 2820 A
280 2799 296 2820 Β
312 2801 335 2821 et
350 2799 388 2821 ed.
405 2800 418 2821 2
437 2798 461 2821 in
478 2805 533 2822 vase
549 2799 640 2827 mobili,
660 2800 711 2822 Vat.
728 2805 782 2822 cum
803 2800 840 2822 ed.
862 2801 870 2822 i
900 2799 927 2823 cle

85 2834 140 2852 vase
156 2829 278 2857 manuali,
296 2832 318 2852 et
335 2836 377 2858 pro
394 2830 508 2859 recipitur
525 2831 562 2853 ed.
580 2832 593 2853 2
611 2831 739 2860 reperitur.

147 2859 157 2872 ⁶
173 2861 279 2883 formula
297 2862 406 2884 honestae
423 2861 483 2883 vitae
500 2862 566 2890 (inter
583 2868 654 2890 opera
672 2862 799 2891 uei-nardi),
811 2868 833 2884 n.
850 2862 872 2884 9.

85 2890 350 2947 ὢοίθιίζὲιῶΐυὶιῖιιώῖιιῖι.
368 2893 376 2914 i
398 2892 462 2915 addit
478 2892 611 2921 servanda,
628 2893 672 2915 ΑΒ
688 2896 710 2916 et
727 2893 764 2916 ed.
776 2894 789 2915 2
805 2894 883 2921 legunt
894 2893 927 2916 De

141 2928 220 2988 17)(111.
243 2955 315 2982 liugn,
341 2940 492 2989 dellnstitnt.
513 2955 584 2989 novit.
609 2961 629 2977 c.
654 2955 689 2977 li.
714 2967 746 2972 —
771 2955 822 2977 Vat.
845 2955 928 2978 omittit

86 2985 256 3044 ‘⁰⁴¹¹'ss“2'22'51'3'1'5‘
262 3003 276 3039 ι’,
286 2992 345 3039 ‘5¹¹3
352 2992 412 3044 ,33
419 2988 771 3045 0⁶3?ssssssifttfflltfflnsecus
786 3017 927 3045 camimum,

985 2459 1024 2479 aut
1041 2456 1192 2479 circumdatio
1209 2456 1271 2484 auri,
1288 2458 1328 2479 aut
1344 2456 1472 2479 indumenti
1490 2457 1680 2479 vestimentorum
1698 2457 1781 2480 cultus.
1797 2470 1828 2473 —

985 2488 1092 2517 Sequitur
1110 2488 1185 2510 Mattn.
1205 2489 1212 2509 l
1224 2488 1240 2516 Ι,
1258 2489 1285 2515 8,
1302 2487 1342 2510 ubi
1360 2494 1402 2515 pro
1424 2487 1558 2511 vestiuntur
1575 2488 1646 2511 CDE
1662 2490 1684 2510 et
1701 2489 1739 2511 ed.
1757 2489 1765 2510 l
1795 2487 1828 2511 in-

984 2518 1102 2542 dicuntur.

1046 2548 1056 2562 ⁹
1073 2550 1191 2576 Bernznd„
1208 2549 1318 2577 Apologia
1336 2550 1365 2572 ad
1382 2550 1528 2572 Guillelmum
1540 2568 1545 2578 ‚
1562 2556 1582 2572 c.
1601 2550 1638 2572 lo.
1655 2556 1677 2572 n.
1695 2551 1736 2572 26:
1755 2550 1827 2573 Mollia

984 2581 1119 2603 indumenta
1136 2581 1207 2603 animi
1223 2583 1266 2603 etc.
1283 2581 1328 2603 Cir.
1346 2581 1378 2603 De
1395 2581 1462 2603 Modo
1480 2580 1539 2603 bene
1555 2581 1649 2603 vivendi
1672 2581 1740 2610 (inter
1757 2587 1828 2609 opera

985 2613 1144 2641 llerna1·di),c.
1156 2613 1177 2634 9.
1195 2619 1217 2634 n.
1235 2612 1276 2634 25:
1294 2612 1367 2634 'Mollia
1384 2612 1492 2634 dicuntur
1505 2612 1649 2639 vestimenta,
1662 2613 1715 2641 quia
1734 2613 1826 2635 mollem

984 2644 1069 2666 iaciunt
1091 2644 1204 2666 animum.
1226 2642 1331 2665 Mollibus
1356 2644 1498 2666 vestimentis
1523 2644 1647 2666 delectatur
1669 2644 1731 2672 regis
1752 2645 1827 2671 curia,

983 2675 1072 2702 asperis
1090 2681 1145 2697 vero
1170 2677 1192 2697 et
1216 2674 1343 2697 humilibus
1368 2675 1494 2697 delectatur
1510 2675 1593 2698 Christi
1621 2675 1719 2698 Ecclesia
1737 2678 1781 2698 etc.
1797 2687 1828 2692 —

985 2706 1089 2729 Subinde
1105 2706 1226 2733 respicitur
1243 2706 1297 2728 Luc.
1315 2706 1355 2733 16,
1377 2706 1410 2728 19.
1428 2712 1494 2734 seqq.
1513 2706 1552 2735 (de
1569 2706 1686 2735 epulone).

1047 2737 1067 2750 ¹⁰
1084 2737 1202 2764 Bernard.,
1220 2738 1293 2759 Serm.
1312 2737 1332 2759 4.
1351 2737 1371 2759 in
1397 2737 1470 2759 Nativ.
1494 2737 1595 2764 Domini,
1613 2744 1635 2759 n.
1653 2738 1677 2760 i:
1695 2738 1717 2759 ln
1734 2737 1827 2765 signnm

984 2768 1052 2796 positi
1070 2771 1121 2790 sunt
1139 2772 1182 2790 etc.
1199 2768 1328 2796 nespIcitur
1344 2769 1399 2790 Luc.
1417 2769 1442 2795 2,
1461 2768 1496 2790 34.
1509 2781 1540 2785 -
1557 2769 1668 2796 Superius
1680 2775 1722 2796 pro
1735 2767 1829 2792 titillari

984 2799 1092 2829 ipsorum
1109 2800 1127 2821 A
1144 2798 1242 2822 recitari
1255 2805 1301 2828 pro
1318 2799 1388 2828 ipsis,
1405 2800 1421 2821 B
1439 2802 1461 2821 et
1477 2799 1515 2822 ed.
1532 2801 1545 2822 2
1563 2799 1659 2822 irritari
1668 2806 1712 2829 pro
1724 2799 1794 2828 ipsis,
1806 2802 1829 2822 et

984 2837 1010 2853 ex
1027 2831 1046 2853 A
1056 2831 1072 2852 Β
1088 2833 1110 2853 et
1127 2830 1163 2852 cd.
1182 2831 1194 2852 2
1212 2831 1373 2858 supplevimus
1385 2830 1408 2853 in
1419 2836 1522 2853 sitarum
1534 2830 1672 2853 animarum
1683 2830 1828 2860 periculum.

1047 2861 1065 2874 ¹²
1083 2861 1157 2884 Codd.
1173 2860 1189 2884 C
1200 2861 1242 2883 DE
1259 2865 1281 2884 et
1297 2862 1333 2884 ed.
1352 2862 1359 2883 l
1382 2861 1455 2890 lama,
1472 2862 1509 2884 ed.
1527 2863 1540 2884 2
1559 2861 1637 2891 larua.

1047 2892 1066 2905 ¹¹⁴³
1084 2893 1123 2915 Ed.
1141 2893 1154 2914 2
1172 2898 1240 2921 quae.

1047 2923 1066 2936 ¹⁵
1083 2924 1128 2947 Cir.
1146 2929 1215 2951 supra
1232 2929 1254 2946 c.
1270 2924 1307 2946 23.
1324 2930 1346 2946 n.
1365 2924 1385 2951 i,
1402 2923 1442 2946 ubi
1467 2924 1539 2946 simile
1561 2930 1588 2946 ex
1611 2925 1670 2952 ling.
1687 2924 1717 2947 de
1737 2924 1826 2947 incessu

983 2958 1083 2977 notatur.
1100 2967 1130 2971 —
1147 2955 1259 2982 Superius
1276 2954 1292 2977 C
1303 2955 1347 2977 DE
1364 2955 1471 2977 omittunt
1493 2954 1578 2978 debila.
1602 2956 1697 2978 inferius
1722 2962 1764 2984 pro
1785 2955 1826 2979 Ca-

983 2985 1086 3009 vendum
1103 2987 1137 3009 esi
1153 2985 1169 3009 C
1181 2987 1223 3008 DE
1240 2985 1414 3009 Attencleudum
1430 2988 1477 3014 est,
1489 2987 1551 3009 (111-2
1564 2986 1735 3010 mandendum
1747 2986 1826 3010 eliam.

1047 3017 1066 3030 ¹¹¹
1083 3017 1156 3040 Coud.
1174 3017 1190 3040 C
1201 3018 1243 3040 DE
1260 3020 1281 3040 el
1299 3017 1352 3040 edd.
1371 3018 1378 3039 11
1390 3034 1396 3045 ‚
1414 3018 1427 3040 2
1446 3017 1564 3040 Damnati.
