2133 3317
195 395 265 414 Primo.

170 737 263 757 Secundo.

194 866 265 885 Tertio.

187 1083 264 1106 Quarto.

188 1254 262 1279 Quinto.

199 1427 262 1446 sexto.

170 2031 261 2055 Septimo.

188 2161 264 2180 Octavo.

203 2247 263 2265 Nono.

180 2419 262 2438 Decimo.

156 2720 265 2739 Undecimo.

283 224 340 254 384

282 303 322 328 vel
341 303 403 331 alia,
424 309 486 333 quae
504 300 682 326 iurisdictionis
703 299 777 329 sunt,
797 307 813 324 a
831 299 921 330 quibus
941 299 980 324 est
998 299 1030 324 ab
1048 299 1130 324 Eccle-

282 347 320 371 sia
338 345 492 377 prohibitus,
513 343 732 373 011010011111ς1111110
751 343 816 374 quod
834 342 899 374 ligat
923 343 963 367 vel
987 342 1063 367 solvit
1091 343 1130 367 vel

282 388 342 414 facit
360 389 386 413 in
405 387 545 412 huiusmodi
558 386 621 411 nihil
634 386 710 411 valet.
723 400 759 404 ——-
770 386 889 411 Videmus
900 384 908 397 ¹
922 393 994 417 ergo,
1009 386 1131 417 plurimos

281 431 401 457 nobilium
420 430 445 455 et
464 429 617 460 potentium,
636 429 679 460 qui
697 428 814 453 deberent
833 428 951 453 beneficia
964 428 1131 453 ecclesiastica

280 481 412 506 peragere,
432 480 477 504 per
496 472 562 497 bella
581 471 606 497 et
624 472 687 497 alios
706 479 820 496 excessus
839 471 983 503 frequenter
1003 472 1130 497 incurrere

281 515 540 542 excommunicationis
559 514 709 540 sententiam
728 521 743 539 a
761 515 814 539 iure
832 515 872 539 vel
900 522 915 539 a
940 515 1018 539 iudice
1036 514 1130 545 latam,

280 561 319 585 vel
338 559 412 584 aliter
430 559 550 584 demereri
568 559 607 583 ius
626 558 767 584 conferendi
786 558 836 583 ista
861 557 994 588 beneficia,
1015 559 1072 590 quia
1091 559 1131 583 vel

279 603 389 634 indignis
407 601 552 631 conferunt,
572 602 612 626 vel
630 601 812 626 interveniente
836 601 957 630 simonia,
977 608 1130 633 quocumque

280 646 351 671 modo
370 653 414 677 per
433 646 501 676 ipsos
520 646 559 670 vel
578 644 734 674 mediatores,
754 644 780 669 et
798 645 820 669 si
838 652 887 676 qua
907 645 967 669 tunc
986 645 1026 670 vel
1045 645 1131 670 taliter

280 688 411 714 conferunt
429 688 560 718 beneficia,
574 688 611 712 nil
628 688 690 713 iuris
709 688 874 719 percipientes
893 695 921 713 ea
937 688 1130 719 consequuntur,

281 739 336 757 cum
355 732 397 756 ille
415 731 544 757 conserens
562 732 601 756 ius
620 738 669 756 non
688 731 780 756 habeat
792 731 940 756 conferendi.
953 745 989 749 —-
1000 731 1130 761 Videmus,

280 776 409 806 episcopos
421 774 536 799 similiter
549 781 593 805 per
605 774 672 799 bella
684 774 724 798 vel
736 774 798 799 alios
812 781 925 798 excessus
939 781 1012 805 saepe
1025 774 1132 799 incidere

281 817 539 843 excommunicationis
558 817 709 842 sententiam
737 817 777 842 vel
797 817 980 848 suspensioniS,
1000 817 1040 842 vel
1059 825 1074 842 a
1092 817 1132 843 do-

281 861 348 886 mino
367 861 438 892 Papa
457 860 575 892 suspendi
587 867 630 885 seu
646 860 859 885 excommunicari.
872 874 907 877 —
919 860 997 889 Item,
1011 860 1076 891 quod
1089 860 1132 885 ali-

281 905 323 936 qui
342 904 381 929 vel
401 911 445 935 per
464 904 593 929 simoniam
622 903 802 935 promoventur
824 904 863 928 vel
892 903 1024 928 conferunt
1046 910 1131 928 curam

280 948 434 977 animarum3
455 947 583 976 similiter,
604 947 647 972 alii
674 947 751 978 aliqui
776 946 883 978 praelati
909 946 1088 978 promoventur
1107 946 1132 971 et

281 991 428 1022 promovent
446 991 508 1016 alios
527 998 571 1022 per
596 991 715 1016 simoniae
739 990 924 1020 interventum3
945 990 970 1015 et
990 997 1074 1015 omnes
1093 990 1132 1014 be-

280 1034 424 1059 neficiorum
443 1034 587 1059 collationes
601 1041 645 1065 per
658 1034 723 1058 tales
741 1034 782 1058 vel
800 1033 886 1058 taliter
900 1033 980 1058 factae
993 1033 1056 1058 nihil
1069 1034 1131 1058 iuris

281 1077 413 1103 conferunt
431 1077 568 1108 recipienti.
581 1091 617 1095 —
630 1077 760 1106 Videmus,
781 1077 896 1108 pastores
915 1077 996 1102 locare
1016 1077 1131 1101 ecclesias

282 1128 340 1146 suas
359 1121 459 1145 vicariis
478 1121 530 1145 suis
549 1120 595 1145 sub
608 1120 676 1144 certa
690 1120 807 1151 pensione
821 1127 925 1149 census,
940 1120 965 1144 et
978 1127 1043 1144 unus
1057 1127 1131 1150 saepe

281 1163 432 1195 supplantat
444 1164 521 1188 alium
535 1163 703 1194 promittendo
722 1163 839 1188 maiorem
858 1163 1002 1194 pensionem
1021 1163 1130 1194 pastori,

281 1207 311 1232 ut
329 1207 375 1231 sibi
394 1207 496 1231 ecclesia
524 1206 681 1237 conferatur,
701 1206 726 1230 et
744 1206 790 1231 hoc
818 1213 891 1237 saepe
916 1206 1015 1231 incaute
1034 1206 1133 1237 geritur

281 1250 306 1275 et
324 1257 379 1274 cum
393 1249 502 1280 periculo
515 1249 642 1274 simoniae.
655 1263 690 1267 ——
702 1248 834 1278 Videmus,
849 1249 970 1280 plurimos
983 1256 1068 1273 curam
1081 1249 1132 1273 ani-

280 1300 377 1317 marum
397 1293 522 1323 suscipere
540 1292 628 1317 contra
647 1291 746 1317 statuta
765 1299 899 1322 canonum,
919 1292 948 1316 ut
967 1292 1132 1317 non-clericos

280 1336 306 1361 et
324 1336 383 1361 ante
401 1336 510 1361 aetatem
538 1335 655 1365 debitam,
674 1335 714 1360 vel
738 1335 868 1367 illegitime
887 1335 969 1365 natos
989 1335 1029 1360 vel
1048 1335 1133 1366 aliqua

280 1379 531 1405 excommunicatione
550 1379 589 1404 vel
607 1378 795 1410 irregularitate
813 1378 907 1410 ligatos
926 1379 951 1403 et
963 1378 1087 1403 inhabiles
1101 1378 1132 1403 ad

280 1423 447 1454 recipiendum
467 1423 517 1447 tale
536 1421 690 1447 beneficium.
711 1436 744 1439 —-
763 1422 842 1451 Item,
862 1422 927 1453 quod
947 1422 1020 1446 multi
1037 1422 1133 1446 habent

281 1466 355 1497 plura
373 1465 491 1490 beneficia
510 1472 595 1490 curam
613 1465 754 1489 animarum
773 1465 900 1495 habentia,
919 1465 961 1496 qui
981 1464 1075 1489 habent
1088 1465 1131 1489 ali-

280 1517 330 1541 qua
349 1509 490 1539 obstacula,
510 1508 613 1539 propter
631 1515 694 1539 quae
712 1509 768 1532 iura
787 1507 932 1539 prohibent,
946 1508 1053 1539 aliquem
1073 1508 1132 1539 eligi

280 1552 320 1576 vel
338 1552 451 1581 institui,
466 1552 495 1576 ut
508 1551 546 1576 est
559 1551 694 1583 pluralitas
708 1551 882 1576 beneficiorum
897 1551 922 1576 et
941 1551 1040 1576 similia.
1056 1551 1130 1580 Nam,

281 1595 302 1620 si
320 1595 397 1626 aliqui
415 1595 509 1620 habent
527 1594 738 1626 dispensationem
757 1593 928 1625 apostolicam,
948 1595 1013 1626 quod
1032 1594 1061 1619 de
1074 1601 1132 1625 pro-

280 1639 397 1663 ventibus
420 1638 593 1663 ecclesiasticis
621 1638 720 1669 possint
747 1639 855 1669 recipere
883 1645 962 1669 usque
986 1638 1018 1662 ad
1037 1638 1131 1663 certam

281 1689 403 1707 summam
422 1682 547 1707 redituum
565 1689 719 1712 annuorum,
739 1681 785 1706 hoc
809 1689 860 1706 nou
888 1682 927 1706 est
947 1681 1130 1713 accipiendum,

280 1725 407 1750 Summum
427 1725 573 1750 Pontificem
596 1724 738 1754 intendere,
759 1725 824 1756 quod
842 1724 961 1750 concedat
979 1725 1054 1749 alicui
1076 1725 1132 1749 sim-

280 1768 379 1800 pliciter
407 1769 446 1794 tot
472 1769 612 1793 animarum
640 1775 713 1793 curas
740 1768 870 1799 colligere,
890 1768 955 1799 quod
975 1767 1004 1793 de
1029 1768 1132 1792 illarum

280 1812 443 1844 proventibus
462 1812 552 1837 famem
571 1809 630 1837 sisae
649 1811 795 1843 cupiditatis
814 1811 895 1843 possit
913 1811 1047 1843 utcumque
1068 1811 1132 1836 miti-

279 1863 351 1888 gare,
372 1856 397 1881 ot
415 1856 512 1880 animas
530 1856 588 1880 illas
617 1855 669 1880 sine
694 1854 794 1886 pastore
820 1855 960 1886 relinquere
979 1854 1131 1886 destitutas,

280 1899 323 1924 sed
342 1899 446 1924 de'aliis
474 1899 633 1924 ecclesiarum
662 1898 825 1929 proventibus
851 1898 934 1929 potius
961 1898 1131 1929 accipiendum

280 1943 331 1973 est,
351 1943 381 1967 ut
399 1942 596 1974 praebendarum
616 1942 641 1967 et
659 1942 765 1967 aliorum
784 1941 958 1966 beneficiorum
978 1948 1063 1966 curam
1082 1948 1132 1966 non

279 1986 425 2011 habentium
453 1986 608 2015 animarum,
636 1985 700 2010 sicut
725 1985 839 2010 meliores
863 1985 889 2010 et
908 1984 1039 2016 peritiores
1057 1991 1132 2016 expo-

279 2030 352 2055 nunt.
371 2043 407 2047 —
424 2029 551 2058 Videmus,
571 2029 636 2060 quod
654 2028 746 2053 iudices
765 2035 898 2053 causarum
917 2035 990 2059 saepe
1009 2027 1132 2052 mandant

280 2072 394 2104 plebanis
412 2072 458 2097 sub
477 2079 556 2103 poena
570 2071 740 2102 suspensionis
753 2071 792 2095 vel
805 2070 1066 2096 excommunicationis
1081 2071 1131 2095 iam

280 2115 348 2140 latae
366 2115 464 2146 aliquas
482 2114 630 2139 denuntiare
649 2114 787 2139 sententias
801 2114 840 2138 vel
853 2114 961 2145 exsequi,
974 2121 1037 2145 quas
1055 2114 1132 2145 negli-

281 2158 346 2191 gunt
358 2158 383 2183 et
394 2165 498 2189 poenam
511 2157 651 2182 incurrunt.
662 2172 697 2175 —-
706 2157 832 2186 Videmus
843 2157 908 2188 quod
921 2157 995 2181 multi
1007 2158 1133 2188 recipiunt

281 2202 379 2227 ordines
398 2201 485 2226 contra
509 2201 681 2232 episcoporum
700 2200 891 2231 prohibitionem
911 2200 958 2224 sub
977 2207 1056 2231 poena
1079 2207 1131 2224 sus-

281 2245 407 2276 pensionis
426 2243 620 2275 promulgatam.
633 2257 669 2260 —-—
680 2243 812 2274 Videmus,
828 2243 892 2274 quod
912 2243 1039 2268 scholares
1057 2250 1130 2274 saepe

281 2294 370 2312 manus
388 2287 504 2312 iniiciunt
522 2287 548 2311 in
566 2286 695 2318 acolythos
714 2291 759 2317 per
776 2286 839 2310 iram
859 2286 884 2311 et
896 2285 1009 2311 incidunt
1021 2286 1046 2310 in
1060 2293 1130 2311 cano-

280 2338 337 2356 nem
355 2338 400 2355 nec
418 2330 509 2362 petunt
527 2329 722 2359 absolutionem,
742 2329 768 2354 et
786 2329 821 2354 sic
846 2329 1025 2360 promoventur
1043 2329 1075 2353 ad
1094 2336 1130 2354 or-

281 2374 351 2398 dines
370 2373 408 2398 vel
427 2373 545 2398 beneficia
563 2372 729 2397 ecclesiastica
754 2372 780 2397 et
798 2372 942 2397 solemniter
960 2372 1070 2397 officiant
1092 2378 1130 2397 ec·-

280 2417 369 2442 clesias
389 2416 414 2441 et
431 2415 601 2448 exsequuntur
614 2415 711 2441 ordines
724 2416 858 2440 clericales.
871 2429 906 2433 —
918 2415 1045 2445 videmus,
1065 2415 1130 2447 quod

281 2460 306 2485 in
326 2460 391 2485 clero
410 2460 512 2491 plurimi
540 2459 600 2484 sunt
626 2459 718 2484 notorii
743 2456 920 2488 fornicatores,
940 2459 965 2483 iu
993 2458 1065 2483 domo
1084 2465 1130 2483 sua

280 2504 320 2529 vel
339 2504 389 2528 alia
407 2503 555 2529 concubinas
574 2502 709 2532 habentes,
729 2502 769 2527 vel
788 2502 846 2527 hinc
864 2502 920 2527 inde
940 2509 995 2526 cum
1015 2502 1131 2533 pluribus

280 2546 376 2572 notorie
394 2546 555 2572 fornicantes.
574 2545 695 2571 Notorius
713 2545 797 2570 autem
817 2545 953 2570 fornicator
971 2545 1070 2575 dicitur,
1091 2550 1130 2569 cu-

280 2590 320 2614 ius
338 2590 430 2615 crimen
458 2590 529 2614 nulla
556 2589 626 2614 valet
652 2588 860 2620 tergiversatione
886 2588 974 2617 celari,
1001 2588 1041 2613 vel
1060 2588 1130 2613 cuius

281 2633 354 2658 testis
367 2633 406 2658 est
419 2633 540 2664 populus,
560 2633 602 2664 qui
619 2632 719 2658 constat
732 2640 760 2657 ex
773 2632 855 2656 decem
873 2631 1026 2661 hominibus,
1047 2638 1131 2656 secun-

282 2676 340 2701 dum
358 2676 486 2707 quosdam.
505 2675 591 2701 Omnis
610 2675 694 2700 autem
719 2674 832 2700 notorius
857 2674 992 2699 fornicator
1019 2674 1058 2699 est
1076 2674 1130 2705 ipso

282 2719 335 2744 iure
355 2726 490 2750 suspensus
509 2718 590 2750 quoad
609 2726 634 2743 se
650 2718 675 2743 et
688 2718 768 2750 quoad
786 2718 857 2743 alios.
874 2732 909 2735 ——
928 2717 1021 2741 Contra
1034 2717 1130 2748 aliquos

282 2761 357 2786 etiam
375 2769 390 2786 a
409 2762 461 2786 suis
479 2761 600 2792 episcopis
619 2761 659 2786 vel
678 2759 798 2792 praelatis
817 2760 910 2785 domini
928 2760 1012 2791 Papae
1035 2760 1131 2791 aliquo-

463 222 660 252 OPUSCULUM
682 221 747 250 XIV.
770 220 878 257 QUARE
900 220 1046 249 FRATRES
1066 220 1134 249 MlN.
1156 220 1360 250 PRAEDICENT
1382 221 1423 249 ET
1445 220 1686 250 CONFESSIONES
1708 221 1859 249 AUDlANT.

1187 299 1234 324 ties
1262 299 1344 325 fertur
1370 299 1495 324 sententia
1522 299 1790 324 excommunicationis.
1815 299 1938 331 Regulare
1962 300 2036 326 etiam

1187 342 1239 371 est,
1259 342 1324 374 quod
1343 350 1480 373 suspensus
1499 350 1513 367 a
1531 343 1584 367 iure
1604 342 1643 367 vel
1662 349 1677 367 a
1695 342 1774 367 iudice
1792 342 1832 367 vel
1846 343 2036 368 excommunica—

1187 385 1243 415 tus,
1264 386 1285 410 si
1303 385 1392 416 recipit
1416 385 1527 410 ordinem
1552 392 1666 415 sacrum,
1685 385 1725 410 vel
1744 385 1873 410 ministrat
1900 386 1927 410 iu
1946 393 1973 410 eo
2001 393 2037 412 so—

1186 428 1316 458 lemniter,
1336 428 1375 453 est
1392 429 1442 453 iam
1462 428 1617 460 irrequiaris
1645 428 1741 458 factus,
1764 435 1779 452 a
1798 426 1865 459 quo²
1885 436 1935 453 non
1954 428 2037 460 potest

1188 471 1297 501 absolvi,
1317 472 1366 496 nisi
1384 479 1428 502 per
1447 471 1532 496 Sedem
1557 471 1734 502 apostolicam,
1754 471 1793 496 vel
1813 471 1841 496 de
1861 472 1913 496 eius
1936 472 2037 503 speciali

1188 514 1314 539 mandato.
1328 514 1433 544 Quidam
1452 514 1537 539 tamen
1555 514 1656 543 volunt,
1677 514 1742 545 quod
1762 515 1783 539 si
1802 514 1850 539 fuit
1869 522 2006 546 suspensus
2022 522 2037 540 a

1188 558 1248 587 iure,
1268 565 1318 582 non
1336 565 1352 582 a
1370 557 1456 588 iudice,
1476 557 1541 588 quod
1560 557 1620 582 tunc
1636 557 1720 588 potest
1739 564 1821 582 5000111
1835 565 1895 582 suus
1908 558 2038 590 episcopus

1187 600 1345 632 dispensare,
1366 601 1424 631 quia
1442 600 1528 624 mitius
1547 599 1602 631 agit
1619 606 1699 624 canon
1721 607 1797 631 quam
1821 600 1894 625 homo
1905 599 1923 624 ³.
1941 615 1977 618 —
1995 601 2039 626 Vi-

1188 643 1287 672 demus,
1308 643 1373 674 quod
1392 650 1465 674 saepe
1483 643 1575 668 iudices
1593 642 1753 668 ecclesiastici
1771 643 1856 668 ferunt
1875 645 2036 669 excommuni-

1187 686 1293 711 cationis
1312 686 1451 711 sententias
1470 686 1557 711 contra
1576 686 1682 711 formam
1695 686 1826 711 decretalis
1839 687 1908 712 illius
1920 687 2038 712 Innocen-

1187 730 1217 754 tii
1235 729 1320 761 Papae
1338 729 1430 761 quarti,
1448 728 1513 755 Cum
1525 730 1560 754 sit
1577 730 1739 755 medicinalis
1749 729 1767 761 ⁴,
1788 730 1830 755 ubi
1848 730 1952 755 dicitur:
1971 730 2039 756 «De-

1188 773 1248 798 bent
1266 780 1390 805 congruas
1419 773 1580 804 praemittere
1605 773 1801 803 admonitiones,
1828 775 1975 805 priusquam
1993 774 2036 799 ali-

1188 824 1260 847 quem
1288 816 1513 845 excommunicent,
1542 816 1567 840 et
1592 815 1730 841 sententias
1758 816 1823 841 ferre
1850 817 1876 841 in
1901 816 1995 848 scripto
2013 816 2039 842 et

1188 867 1289 885 causam
1307 860 1461 884 conscribere
1480 859 1505 884 et
1528 860 1579 889 illi,
1599 859 1687 884 contra
1706 867 1778 891 quem
1797 859 1878 884 fertur
1898 860 2037 891 sententia,

1188 904 1284 934 copiam
1304 903 1391 934 scripti
1409 903 1479 927 illius
1498 903 1557 927 dare
1576 903 1643 927 infra
1668 903 1764 928 certum
1783 903 1932 934 terminum3
1953 903 1978 929 et
1996 905 2039 936 qui

1188 946 1262 971 aliter
1281 946 1331 971 fert
1348 947 1374 971 in
1393 947 1501 978 aliquem
1521 946 1780 971 excommunicationis
1800 947 1951 972 sententiam
1970 955 2040 978 prae-

1188 989 1227 1014 ter
1246 990 1309 1014 alias
1328 996 1421 1020 poenas
1440 989 1479 1014 est
1496 989 1551 1020 ipso
1576 989 1641 1014 facto
1661 996 1798 1020 suspensus
1817 990 1848 1014 ab
1866 990 1983 1021 ingressu
2005 997 2040 1015 ec-

1188 1033 1277 1057 clesiae
1296 1040 1340 1064 per
1368 1040 1491 1062 mensem,
1511 1032 1547 1057 ita
1575 1033 1653 1064 quod,
1674 1033 1696 1057 si
1723 1032 1789 1058 infra
1808 1040 1918 1058 mensem
1939 1034 2040 1065 ingerat

1189 1084 1214 1101 se
1234 1076 1338 1105 divinis,
1358 1076 1407 1100 iam
1427 1076 1457 1100 fit
1475 1076 1634 1107 irregularis,
1655 1076 1719 1107 quod
1738 1084 1787 1101 non
1807 1076 1891 1107 potest
1910 1084 1966 1101 cum
1985 1078 2039 1108 ipso

1189 1126 1264 1150 super
1282 1119 1328 1144 hoc
1347 1119 1396 1143 nisi
1415 1126 1459 1150 per
1477 1119 1562 1144 Sedem
1581 1119 1744 1150 apostolicam
1763 1119 1938 1151 dispensari».

1260 1161 1302 1187 10.
1322 1162 1386 1187 Sunt
1399 1163 1480 1187 adhuc
1492 1163 1601 1194 plurima
1614 1163 1791 1194 impedimenta
1810 1163 1962 1193 clericorum,
1976 1171 2041 1195 111100

1189 1213 1249 1236 prae
1267 1205 1396 1230 nimietate
1422 1213 1471 1231 non
1499 1213 1643 1237 prosequor,
1669 1206 1712 1231 sed
1731 1214 1760 1231 ex
1778 1206 1817 1231 his
1836 1207 1922 1237 paucis
1940 1206 2039 1232 adverti

1189 1249 1286 1280 potest,
1307 1256 1381 1280 quam
1400 1249 1475 1273 multi
1494 1248 1554 1273 sunt
1573 1249 1675 1280 plebani
1693 1250 1719 1274 in
1737 1249 1794 1274 istis
1813 1249 1928 1281 partibus
1948 1250 1987 1274 vel
2001 1251 2037 1274 ta-

1189 1292 1232 1323 les,
1252 1292 1292 1316 vel
1311 1299 1328 1316 α
1347 1291 1459 1323 talibus,
1477 1291 1517 1316 vel
1541 1292 1630 1316 taliter
1649 1292 1757 1323 promoti
1782 1299 1826 1317 seu
1849 1292 1976 1322 instituti,
1997 1293 2040 1324 qui

1188 1335 1251 1360 nihil
1271 1335 1405 1366 potestatis
1433 1336 1459 1360 in
1482 1335 1584 1366 ligando
1609 1335 1706 1360 animas
1726 1335 1820 1360 habent
1843 1335 1888 1360 aut
1906 1336 2039 1367 solvendo,

1188 1379 1217 1403 ut
1236 1378 1408 1410 cognoscatur,
1428 1386 1503 1410 quam
1521 1379 1655 1403 necessarii
1683 1378 1734 1403 sint
1756 1378 1859 1403 Fratres
1878 1379 1904 1403 in
1928 1379 2039 1404 Ecclesia

1189 1421 1241 1451 Dei,
1261 1422 1304 1453 qui
1322 1422 1399 1446 vicem
1418 1421 1519 1446 illorum
1539 1421 1674 1452 suppleant
1688 1421 1713 1446 et
1731 1421 1862 1446 animabus
1882 1422 2039 1453 subveniant,

1189 1472 1251 1497 quae
1270 1465 1344 1490 aliter
1364 1465 1466 1496 possent
1485 1465 1580 1496 perire,
1600 1464 1703 1496 quibus,
1724 1465 1772 1490 etsi
1792 1465 1863 1490 nulla
1881 1466 1931 1490 alia
1950 1473 2039 1497 suppe-

1188 1508 1254 1533 teret
1278 1508 1416 1533 auctoritas
1441 1507 1533 1533 collata
1560 1508 1702 1539 specialiter
1721 1515 1736 1532 a
1755 1508 1814 1533 Sede
1834 1508 1971 1540 apostolica
1998 1509 2040 1534 vel

1188 1552 1323 1583 episcopis,
1343 1552 1399 1582 ipsa
1418 1551 1602 1582 insufficientia
1621 1551 1683 1575 cleri
1701 1551 1726 1576 et
1744 1551 1887 1583 1ι’)ἰᾱίῃθνιΐίοι
1895 1552 1990 1583 populi
2002 1552 2040 1577 la-

1188 1594 1240 1619 tam
1260 1595 1295 1619 eis
1320 1594 1402 1625 aperit
1429 1594 1545 1619 audiendi
1572 1593 1738 1619 confessiones
1766 1594 1854 1625 populi
1878 1594 2039 1625 facultatem,

1188 1645 1244 1662 cum
1262 1638 1301 1662 illi
1319 1638 1361 1668 qui
1380 1636 1484 1667 debent,
1503 1636 1549 1661 aut
1566 1636 1693 1667 nesciant,
1714 1636 1759 1661 aut
1777 1637 1922 1669 negligant,
1942 1638 1987 1662 aut
1999 1645 2039 1663 ne-

1188 1680 1282 1712 queant
1301 1687 1342 1705 005
1361 1681 1403 1712 (101
1422 1680 1469 1705 51111
1486 1680 1611 1705 commissi
1623 1680 1691 1710 sunt,
1704 1687 1820 1712 congrue,
1833 1680 1863 1705 ut
1881 1681 1908 1705 in
1924 1681 2040 1712 pluribus

1188 1724 1279 1749 salutis
1307 1731 1366 1748 suae
1394 1724 1540 1748 necessariis
1568 1723 1698 1754 expedire3
1727 1731 1781 1748 cum
1810 1731 1823 1748 e
1851 1723 1933 1749 tribus
1961 1731 2039 1749 unum

1188 1767 1222 1792 sit
1240 1767 1421 1792 necessarium:
1436 1766 1501 1798 quod
1513 1766 1559 1791 aut
1571 1766 1727 1798 poenitentes
1746 1766 1914 1792 confiteantur
1928 1767 1983 1792 illis
1996 1768 2039 1799 qui

1189 1810 1249 1836 sunt
1267 1818 1282 1835 a
1300 1811 1354 1835 iure
1372 1810 1492 1842 prohibiti
1505 1810 1545 1835 vel
1559 1810 1689 1841 suspensi;
1708 1810 1753 1835 aut
1771 1811 1861 1842 nobis,
1881 1818 1943 1843 quos
1956 1810 2038 1836 Eccle-

1189 1855 1227 1879 sia
1245 1854 1277 1879 ad
1303 1854 1349 1879 hoc
1374 1853 1456 1883 misit,
1476 1853 1505 1878 ut
1523 1853 1589 1879 clero
1617 1854 1695 1878 simus
1717 1854 1744 1878 in
1771 1853 1909 1884 adiutorio,
1928 1854 1971 1879 ubi
1988 1855 2038 1886 ipsi

1188 1898 1271 1922 minus
1290 1897 1432 1927 sufficiunt,
1451 1897 1497 1922 aut
1514 1895 1591 1921 nulli.

1261 1940 1302 1966 11.
1322 1941 1388 1965 Nam
1406 1941 1478 1965 laicis
1496 1940 1610 1965 confiteri
1628 1947 1678 1965 non
1696 1940 1768 1970 licet,
1788 1947 1844 1965 cum
1868 1940 1975 1972 possunt
1993 1940 2039 1966 ha-

1189 1984 1241 2009 beri
1259 1984 1375 2009 catholici
1394 1983 1543 2009 sacerdotes.
1563 1983 1633 2013 Quod
1651 1984 1717 2008 euim
1735 1982 1826 2008 dicitur
1837 1982 1855 2013 ⁵,
1874 1984 1939 2015 quod
1957 1984 1983 2008 in
2000 1991 2039 2009 ex-

1188 2028 1275 2053 tremis
1294 2027 1382 2052 debeat
1401 2027 1473 2052 homo
1492 2027 1555 2051 laico
1574 2026 1694 2056 confiteri,
1715 2027 1736 2051 si
1756 2027 1908 2052 sacerdotem
1927 2034 1977 2052 non
1995 2027 2038 2052 ha-

1187 2071 1253 2100 beat,
1273 2078 1322 2096 non
1342 2071 1381 2096 est
1399 2070 1428 2095 de
1453 2070 1610 2099 necessitate,
1636 2077 1692 2095 00111
1716 2070 1795 2095 laicus
1814 2077 1864 2095 non
1882 2070 1975 2095 habeat
1992 2077 2038 2096 au-

1187 2113 1331 2139 ctoritatem
1358 2113 1468 2144 aliquam
1495 2112 1654 2142 absolvendi,
1674 2112 1717 2137 sed
1745 2112 1784 2137 est
1810 2113 1916 2144 siynwm
1935 2113 2036 2138 tantum

1186 2156 1357 2185 contritionis,
1377 2163 1425 2187 quo
1444 2155 1617 2187 perpenditur,
1632 2155 1697 2186 quod
1715 2155 1868 2180 sacerdotem
1886 2156 2038 2181 desideravit

1187 2200 1229 2230 qui
1247 2199 1309 2224 laico
1329 2199 1367 2223 est
1386 2198 1521 2224 confessus.
1539 2213 1575 2217 —
1587 2198 1665 2228 Item,
1684 2205 1740 2224 cum
1759 2199 1825 2224 dicat
1843 2206 1923 2224 canon
1933 2198 1951 2229 ὃ,
1971 2199 2037 2231 quod

1187 2243 1229 2274 qui
1247 2242 1342 2267 habens
1361 2249 1438 2266 unum
1457 2241 1616 2271 beneficium,
1636 2242 1675 2266 cui
1695 2241 1728 2266 sit
1756 2249 1816 2267 cura
1834 2243 1974 2267 animarum
1994 2250 2037 2267 an-

1186 2293 1263 2315 nexa,
1283 2285 1376 2317 tecepit
1395 2285 1476 2315 aliud,
1495 2285 1561 2316 quod
1579 2285 1688 2316 primum
1705 2286 1760 2316 ipso
1778 2286 1832 2310 iure
1850 2286 1900 2310 iam
1919 2286 1999 2316 vacet,
2012 2285 2039 2311 et

1187 2329 1219 2354 ad
1237 2336 1309 2361 quem
1329 2328 1439 2360 pertinet
1457 2329 1565 2353 eiusdem
1584 2328 1695 2353 beneficii
1713 2328 1828 2359 collatio,
1854 2328 1902 2354 nisi
1921 2329 1984 2354 illud
2001 2330 2038 2354 iu-

1187 2372 1226 2397 fra
1245 2379 1287 2397 sex
1306 2379 1403 2397 menses
1426 2371 1537 2397 conferat
1561 2372 1636 2396 alteri
1663 2372 1763 2402 idoneo,
1783 2372 1849 2404 quod
1868 2372 1968 2397 collatio
1986 2372 2036 2397 iam

1187 2415 1335 2440 devolvatur
1363 2415 1394 2439 ad
1422 2415 1514 2444 alium3
1542 2414 1567 2439 et
1593 2421 1639 2440 nos
1666 2415 1716 2439 iam
1744 2415 1887 2445 videamus,
1915 2415 2037 2446 plurimos

1188 2458 1263 2489 plura
1281 2457 1421 2483 huiusmodi
1445 2458 1533 2483 contra
1555 2465 1661 2483 canones
1685 2458 1770 2483 tenere
1789 2458 1920 2483 beneficia:
1940 2458 2034 2490 liquet,

1187 2501 1296 2533 quantae
1315 2502 1364 2526 iam
1390 2501 1505 2526 ecclesiae
1530 2501 1581 2525 sint
1600 2500 1720 2525 vacantes
1738 2501 1764 2526 et
1782 2501 1897 2526 carentes
1914 2508 1972 2526 vero
1992 2508 2034 2532 pa-

1189 2544 1270 2573 store,
1289 2551 1344 2569 cum
1367 2543 1393 2569 et
1410 2544 1459 2575 ipsi
1484 2545 1525 2575 qui
1544 2544 1592 2568 iam
1612 2543 1699 2568 tenent
1721 2551 1777 2574 eas,
1798 2551 1847 2569 non
1866 2543 1976 2569 habeant
1994 2544 2034 2569 ius

1187 2588 1213 2612 iu
1242 2588 1277 2612 eis
1299 2594 1344 2612 nec
1362 2588 1473 2618 ipsorum
1491 2587 1597 2617 vicarii,
1622 2587 1648 2611 et
1674 2587 1763 2618 quibus
1793 2587 1950 2618 postmodum
1978 2593 2037 2612 con-

1188 2631 1304 2656 feruntur
1332 2631 1363 2655 ab
1392 2631 1442 2655 illis
1470 2631 1511 2662 qui
1536 2631 1585 2655 iam
1603 2631 1642 2655 ius
1665 2630 1806 2655 conferendi
1834 2630 1938 2662 propter
1965 2638 2034 2662 prae-

1188 2673 1267 2699 fatam
1286 2674 1464 2705 negligentiam
1484 2673 1636 2703 amiserunt,
1650 2673 1713 2698 nihil
1726 2674 1787 2698 iuris
1805 2673 1959 2705 percipiunt,
1979 2681 2034 2698 cum

1188 2724 1236 2741 non
1256 2716 1366 2741 habeant
1390 2717 1429 2741 ius
1453 2716 1497 2741 illa
1516 2716 1634 2741 beneficia
1658 2717 1708 2741 iam
1733 2716 1881 2742 conferendi.
1901 2731 1936 2734 -
1954 2716 2033 2746 Item,

1188 2767 1243 2784 cum
1262 2760 1403 2784 animarum
1430 2766 1490 2784 cura
1517 2759 1606 2784 debeat
1632 2759 1664 2784 ab
1692 2760 1806 2791 episcopo
1831 2759 1952 2784 committi
1980 2760 2033 2790 vel,

346 2932 353 2944 ¹
373 2933 403 2954 lta
419 2933 455 2955 ed.
475 2934 495 2959 2,
513 2933 570 2955 aliae
587 2933 641 2955 edd.
658 2939 711 2955 cum
729 2933 746 2955 B
767 2932 829 2956 Vide.

345 2963 354 2975 ²
372 2965 401 2986 lm
419 2964 455 2986 ed.
474 2965 499 2990 2,
517 2964 574 2986 anae
591 2970 606 2986 α
623 2970 677 2993 qun.

346 2994 354 3007 ³
372 2996 456 3017 Auctor
474 2996 510 3017 011.
528 2996 541 3017 2
559 2998 636 3022 putat,
654 2995 716 3024 quod
738 2997 815 3018 «haec
833 2996 943 3023 periodus
960 3001 987 3018 ex
1004 2998 1056 3018 nola
1070 3002 1128 3017 mar-

284 3026 352 3053 ginali
369 3026 392 3048 in
410 3029 495 3048 textum
513 3027 635 3054 irrepsit».

1250 2932 1260 2945 4
1278 2933 1299 2954 111
1318 2933 1354 2955 Vl.
1374 2933 1461 2955 Dccret.
1479 2932 1518 2954 111).
1537 2932 1562 2953 V.
1581 2932 1612 2954 iit.
1632 2932 1668 2953 -1Ι,
1686 2938 1705 2954 c.
1728 2933 1744 2953 Ι,

1251 2963 1260 2976 ⁵
1277 2964 1321 2987 Cl‘r.
1340 2964 1376 2985 lv.
1395 2964 1455 2985 sont.
1479 2963 1501 2985 tl.
1527 2963 1596 2985 xvn.
1618 2963 1647 2985 lit.
1674 2963 1782 2991 Magisni,
1805 2969 1824 2985 0.
1852 2963 1878 2990 .i.;

1188 2995 1273 3017 13001111.
1291 3001 1313 3023 p.
1332 2996 1364 3017 111.
1382 3001 1402 3016 a.
1421 2995 1441 3016 ¹1.
1459 3001 1482 3023 q.
1504 2994 1522 3016 1.
1539 2997 1561 3016 et
1577 2994 1635 3016 dub.
1657 2995 1675 3016 1.

1250 3025 1259 3038 ⁶
1276 3027 1350 3054 Supra
1368 3032 1422 3054 pag.
1440 3025 1493 3052 358,
1510 3028 1562 3047 nota
1580 3026 1601 3047 2.
1620 3026 1739 3053 allegatus.

1901 2962 2031 2985 Comment.

2055 604 2119 625 [100ιί01
2124 613 2132 628 0

2055 1167 2118 1186 conen
2126 1183 2128 1188 ,

2054 1944 2081 1963 De
2092 1949 2114 1963 no
2123 1949 2133 1964 ,11

2066 1968 2114 1995 figent
2126 1973 2133 1987 a

2066 1996 2098 2010 cis.

2053 2198 2091 2217 Alii
2102 2203 2115 2217 c:
2123 2197 2133 2217 ἰ.
