2133 3317
124 1123 178 1145 item,
196 1123 247 1146 igno·

135 1149 209 1166 tantem
228 1151 248 1167 so

136 1173 235 1190 monstrat.

129 1406 157 1425 De
170 1406 248 1425 Iuliano.

114 1853 155 1872 Mos
170 1858 246 1877 perver-

144 1882 214 1896 sorum.

264 238 322 267 0294

263 317 339 347 salva
366 316 548 354 perfectione,
577 323 627 343 nec
660 317 749 343 tamen
782 313 877 342 inferri
910 316 1012 350 potest,
1040 314 1114 351 quod

263 364 291 393 in
313 372 431 401 persona
452 363 559 400 privata
580 369 668 398 aeque
683 361 836 398 perfectum
860 361 910 395 sit,
933 369 982 397 per
1007 361 1114 390 extrin-

263 419 339 440 secas
360 409 554 446 occupationes
575 416 646 445 crya
665 407 801 445 plurima
823 407 943 436 tat-bari
957 416 1021 437 cum
1045 409 1114 437 Mar-

263 458 327 491 tha,
349 457 426 485 velut
441 464 490 493 per
512 455 638 489 intimas,
653 455 773 483 fervidas
788 458 816 483 et
830 455 966 484 iucundas
987 464 1114 485 sursum-

263 505 384 533 actiones
405 512 488 532 secas
507 502 593 540 perles
614 503 723 531 Domini
739 503 883 539 quiescere
905 510 968 531 611111
990 504 1075 532 Maria
1088 505 1112 538 1;

264 552 302 580 516
324 551 399 580 etin
432 550 573 587 proposito
605 549 813 586 intelligendum
845 552 894 578 est.
927 550 1000 579 Licet
1028 550 1113 587 igitur

263 598 365 628 summi
381 598 537 627 sacerdotes
559 597 616 626 sive
631 596 788 633 pontifices,
808 597 874 634 quia
899 605 995 626 curam
1011 598 1114 626 habent

262 654 316 674 non
339 645 427 674 solum
450 648 586 681 quantum
608 644 641 672 ad
663 643 800 680 perfectos
821 647 848 672 et
872 644 992 678 validos,
1015 653 1113 673 verum

263 692 344 721 etiam
366 692 491 720 infirmos
512 694 539 720 et
568 691 758 728 imperfectos,
781 699 852 728 quos
873 699 986 728 pascere
1013 691 1114 721 debent

263 739 393 776 exemplo
415 741 442 767 et
463 738 548 767 verbo
570 741 597 767 et
622 746 672 774 pro
694 738 753 766 loco
774 741 801 766 et
822 741 946 774 tempore
977 739 1113 775 corporali

263 786 398 819 subsidio,
425 786 501 814 salva
529 785 697 822 perfectione
725 785 913 822 possessiones
941 786 1114 822 susceperint

263 833 297 862 ad
318 833 546 862 sustentationem
574 840 731 869 pauperum
757 835 784 861 et
805 832 940 861 Ecclesiae
973 833 1113 861 ministro-

263 888 343 914 rum;
359 888 412 908 non
429 883 520 909 tamen
535 888 571 908 ex
590 880 642 908 1106
664 879 835 917 quibuslibet
857 879 971 916 privatis
989 880 1114 916 personis

262 927 290 956 in
316 927 439 964 quolibet
461 927 595 956 Ecclesiae
617 930 692 956 statu
712 927 811 956 ascribi
835 930 925 964 potest
946 934 996 955 nec
1017 927 1113 961 debet,

264 975 338 1012 quod
360 975 386 1003 in
410 978 485 1003 tanto
506 975 560 1003 sint
582 974 758 1011 perfectionis
780 975 900 1003 culmine
926 982 989 1003 cum
1017 974 1114 1011 ampli-

262 1022 358 1051 tudine
380 1022 575 1059 possessionis,
597 1022 668 1051 sicut
689 1029 752 1050 cum
768 1022 912 1050 altitudine
934 1021 1113 1058 paupertatis.

343 1069 388 1098 23.
412 1070 440 1098 ln
462 1070 515 1098 1106
536 1072 642 1103 autem,
665 1069 737 1106 quod
760 1069 918 1098 laudatores
943 1069 1115 1105 paupertatis

265 1119 407 1145 extremae
428 1116 581 1144 imitatores
602 1116 744 1145 existimat
766 1115 860 1144 Iuliani
882 1118 1037 1152 apostatae,
1060 1123 1114 1144 non

265 1164 355 1192 solum
377 1163 501 1200 nequitia
521 1163 652 1200 plenum,
674 1163 722 1192 sed
743 1163 825 1192 etiam
855 1163 987 1191 veritatis
1008 1162 1114 1191 notitia

264 1219 393 1240 vacuum
416 1219 444 1239 se
466 1218 526 1239 6556
547 1210 735 1245 demonstrat,
757 1210 823 1238 dum
845 1210 1049 1247 professoribus
1069 1217 1114 1238 ve-

264 1258 353 1287 ritatis
375 1258 510 1287 malitiose
538 1258 644 1286 crimen
673 1257 800 1294 impingit
828 1257 949 1291 erroris,
978 1260 1005 1285 et
1026 1257 1112 1294 ipsam

264 1305 407 1342 perfidiam
426 1305 520 1333 Iuliani
543 1308 682 1341 apostatae
705 1308 837 1341 tanquam
859 1304 988 1341 ignorans
1003 1312 1019 1332 a
1034 1303 1114 1332 laude

265 1353 436 1389 paupertatis
465 1352 586 1381 insinuat
608 1352 728 1381 traxisse
756 1352 906 1388 originem,
936 1359 999 1380 cum
1022 1354 1112 1380 tamen

266 1399 324 1437 ipse
346 1399 467 1428 Iulianus
488 1407 543 1428 non
564 1399 590 1427 in
617 1399 669 1427 1106
690 1399 842 1433 erraverit,
864 1398 938 1435 quod
960 1400 1112 1432 assereret,

743 235 941 264 OPUSCULUM
963 236 1004 264 XI.
1027 235 1189 265 APOLOGIA
1210 237 1392 266 PAUPERUM.
1414 237 1482 266 CAP.
1505 238 1546 266 IX.

1171 315 1263 344 omnia
1287 316 1449 353 temporalia
1474 316 1656 353 relinquenda
1676 315 1735 345 fore
1763 316 1916 345 secundum
1937 316 2020 346 dicta-

1172 370 1234 391 men
1255 362 1339 391 divini
1368 363 1474 391 consilii
1505 379 1542 384 —
1570 363 1603 391 ad
1625 363 1699 400 quod
1722 371 1802 392 nemo
1827 364 2019 401 astrinyitam

1171 409 1222 438 nisi
1247 410 1310 438 velit
1338 427 1376 430 —
1403 410 1450 439 sed
1472 410 1564 447 potius
1591 410 1624 439 ad
1656 418 1723 439 suae
1753 410 1884 439 avaritiae
1916 412 2020 448 rapaci-

1171 458 1254 485 tatem
1287 456 1462 485 colorandam
1494 460 1521 485 et
1552 457 1766 485 conculcandam
1794 457 1941 486 Ecclesiam
1969 458 2021 488 1106

1171 502 1300 532 (116611012
1322 511 1382 532 6556
1410 504 1443 532 tte
1464 503 1631 532 necessitate
1659 504 1754 532 divini
1774 504 1926 539 mandati,
1956 505 2021 534 alle-

1171 558 1238 587 gans
1260 550 1327 579 illud
1349 550 1450 579 Christi
1472 550 1607 585 verbum,
1629 551 1703 587 quod
1725 551 1752 579 in
1774 551 1848 580 Luca
1869 551 2018 581 scribitur:

1171 597 1239 626 Nisi
1258 598 1325 635 quis
1346 597 1561 626 renuntiaverit
1592 597 1743 632 omnibus,
1772 606 1847 634 qaae
1874 599 2019 636 possidet,

1171 653 1229 673 11011
1249 648 1339 682 potest
1359 653 1441 672 meus
1462 652 1521 672 esse
1542 644 1715 681 disciputus.
1739 645 1779 673 Ex
1801 653 1857 682 quo
1878 645 1937 682 ipse
1958 646 2020 675 uni-

1171 692 1316 721 versaliter
1338 691 1561 720 calumniabatur
1591 691 1756 726 Ecclesiam,
1778 692 1856 729 quasi
1881 693 1958 721 nulla
1978 701 2020 723 65-

1171 742 1212 767 561
1233 738 1388 767 differentia
1409 738 1481 767 inter
1509 738 1682 767 remmtiare
1710 739 1846 768 omnibus
1874 743 1902 768 et
1933 740 2020 769 relin-

1171 794 1258 823 quere
1289 785 1398 813 omnia.
1421 785 1540 819 Verum,
1563 785 1634 814 sicut
1665 785 1760 814 Glossa
1787 786 1853 815 dicit
1884 786 1984 816 ibidem
1996 787 2016 822 ³,

1175 844 1188 857 «
1205 832 1257 860 1106
1278 832 1360 860 distat
1375 832 1446 860 inter
1467 832 1639 860 renuntiare
1657 832 1791 861 omnibus
1813 836 1840 862 et
1860 833 2021 871 relinquere

1171 879 1285 913 onmia,
1307 879 1372 915 quia
1393 879 1566 907 renuntiare
1587 879 1714 908 convenit
1741 880 1887 914 omnibus,
1909 881 1956 917 qui
1983 881 2021 910 ita

1172 926 1245 955 licite
1266 929 1386 955 utuntur
1408 926 1571 961 mundanis,
1600 934 1672 963 quae
1693 927 1846 963 possident,
1875 931 1907 956 ut
1928 930 2017 957 tamen

2037 653 2051 672 N
2054 654 2116 677 otanm,

1171 976 1263 1002 mente
1284 973 1398 1002 tendant
1422 973 1455 1002 ad
1484 982 1621 1010 superna,
1643 974 1805 1012 relinquere
1826 982 1893 1003 vero
1908 978 1949 1004 est
1977 983 2020 1004 so·
2043 989 2046 992 ·

1171 1020 1312 1049 lummodo
1334 1020 1534 1057 perfectorum,
1551 1021 1598 1057 qui
1620 1021 1713 1049 omnia
1728 1021 1890 1058 temporalia
1910 1024 2021 1059 postpo-

1171 1070 1243 1096 nunt
1264 1070 1290 1096 et
1305 1067 1370 1096 solis
1391 1067 1511 1096 aeternis
1526 1068 1674 1096 inhiant».
1698 1068 1767 1097 Haec
1788 1068 1890 1097 Glossa.
1910 1069 1951 1097 Ex
1966 1078 2021 1106 qua

1172 1114 1315 1143 manifeste
1336 1114 1491 1151 colligitur,
1513 1115 1588 1151 quod
1610 1115 1737 1152 quisquis
1756 1115 1808 1144 1106
1830 1115 1925 1150 sentit,
1947 1116 2020 1153 quod

1172 1162 1358 1198 perfectorum
1381 1162 1416 1190 sit
1437 1162 1529 1190 onmia
1561 1162 1720 1199 relinquere
1751 1165 1778 1191 et
1806 1163 1871 1192 50115
1901 1163 2021 1193 aeternis

1171 1209 1294 1243 inhiare,
1326 1209 1479 1237 doctrinam
1508 1209 1635 1246 sequitur
1663 1209 1724 1238 lesu
1744 1209 1861 1245 Christi,
1882 1219 1936 1239 non
1959 1218 2021 1248 per-

1171 1255 1263 1284 fidiam
1297 1256 1402 1284 Iuliani.
1424 1256 1490 1284 Nam
1513 1256 1640 1292 quamvis
1660 1256 1748 1291 dicat,
1774 1257 1866 1286 omnia
1887 1265 1937 1294 pro
1959 1265 2021 1294 per-

1170 1302 1295 1331 fectionis
1313 1311 1409 1331 amore
1430 1303 1531 1332 debere
1554 1303 1686 1340 relinqui,
1711 1312 1766 1332 non
1788 1307 1878 1333 tamen
1904 1304 2018 1340 astruit,

1170 1350 1271 1379 debere
1292 1350 1363 1378 bona
1386 1350 1521 1379 Ecclesiae
1541 1350 1656 1387 (111-11114,
1685 1351 1750 1388 quia
1778 1351 1884 1380 licitum
1912 1354 1954 1381 est
1981 1352 2021 1381 di-

1170 1397 1281 1426 mittere
1303 1397 1431 1434 propria,
1454 1397 1501 1426 sed
1523 1397 1649 1426 illicitum
1672 1406 1770 1434 rapere
1791 1398 1888 1427 aliena.

1035 1521 1196 1550 CArnTULum
1218 1521 1259 1549 IX.

271 1636 383 1664 Tertiae
404 1635 602 1672 responsionis
625 1634 710 1663 tertia
729 1634 883 1671 particula
903 1641 1070 1670 11011111110116
1091 1632 1270 1670 capitutum,
1286 1633 1387 1671 inquo
1409 1632 1676 1661 abremtiztz'attonts
1695 1633 1774 1662 ratio
1794 1632 1876 1671 falsa
1890 1633 2018 1669 eliditur,

602 1689 627 1714 et
645 1685 823 1723 penztriosae
841 1684 1029 1722 paupertatis
1051 1684 1237 1713 duodenaria
1255 1684 1469 1721 praeroyativa
1490 1687 1683 1712 monstratur.

344 1800 367 1827 l.
390 1799 446 1827 Mos
469 1805 665 1835 perversarum
688 1797 821 1825 mentium
845 1804 904 1825 esse
929 1796 1113 1833 dignoscitur,

262 1847 283 1875 si
316 1854 370 1884 qua
402 1845 553 1875 sententiae
575 1853 641 1873 suae
672 1844 811 1873 contraria
842 1846 956 1881 propter
988 1843 1112 1880 ipsorum

262 1893 456 1922 certitudinem
479 1892 595 1920 inficiari
618 1899 671 1920 non
687 1894 817 1928 possunt,
839 1890 1017 1919 fraudulenta
1038 1889 1113 1918 calli—

260 1940 345 1969 ditate
366 1943 526 1977 pervertere
542 1942 568 1968 et
583 1939 616 1967 ad
638 1946 750 1968 sensum
767 1938 879 1967 trahere
897 1940 1111 1974 repugnantem,

260 1988 340 2016 iuxta
361 1987 428 2016 illud
451 1986 582 2015 Bernardi
603 1986 637 2014 ad
658 1986 759 2014 fratres
776 1985 810 2014 de
831 1985 920 2013 Monte
942 1985 989 2013 Dei
1002 1984 1029 2012 ⁵:
1056 1996 1069 2009 ι(
1085 1984 1111 2013 Si

260 2035 287 2063 in
310 2035 426 2063 lectione
447 2034 535 2063 Deum
557 2033 668 2070 quaerit
683 2033 729 2070 qui
753 2033 833 2070 legit,
849 2032 940 2060 omnia
962 2040 1111 2068 cooperan-

262 2084 308 2110 tur
330 2081 354 2110 ei
388 2081 414 2109 in
436 2081 489 2109 1106
521 2081 629 2117 ipsum;
658 2080 679 2108 si
711 2082 804 2108 autem
830 2079 858 2107 in
889 2078 964 2107 aliud
992 2078 1111 2107 declinat

261 2136 359 2157 sensus
381 2127 512 2164 legentis,
540 2127 632 2155 omnia
653 2127 739 2155 trahit
760 2129 822 2163 post
842 2134 871 2154 se
899 2126 1006 2162 ipsum,
1028 2125 1111 2153 nihil-

261 2184 316 2213 que
338 2179 393 2204 tam
417 2178 559 2209 sanctum,
583 2178 636 2202 tam
659 2174 736 2210 pium
759 2173 787 2201 in
809 2173 961 2210 Scripturis
990 2173 1110 2207 invenit,

261 2223 335 2260 quod
356 2230 405 2251 seu
420 2230 470 2259 per
484 2230 583 2250 vanam
598 2221 730 2258 gloriam,
749 2228 800 2249 seu
815 2228 864 2257 per
885 2220 1033 2249 distortum
1049 2228 1111 2248 sen-

260 2278 336 2304 sum,
359 2278 408 2298 5611
431 2277 479 2306 per
501 2277 619 2305 pravum
642 2268 813 2296 intellectum
828 2275 882 2296 non
903 2267 1022 2304 applicet
1044 2275 1110 2296 suae

260 2317 303 2346 vel
324 2317 444 2345 malitiae
465 2316 509 2345 vel
527 2315 682 2344 vanitati».
705 2314 783 2351 Quod
805 2314 948 2343 manifeste
963 2314 990 2342 in
1012 2314 1110 2342 adver-

260 2364 333 2393 sario
348 2371 504 2401 pauperum
520 2371 594 2392 nunc
615 2363 755 2391 cernimus
770 2370 829 2391 esse
844 2362 1021 2398 completum.
1041 2361 1109 2390 Cum

260 2411 333 2440 enim
356 2414 464 2440 certum
486 2410 536 2445 sit,
559 2412 765 2447 paupertatem,
788 2416 859 2446 quae
880 2408 1004 2437 consistit
1019 2408 1047 2436 in
1062 2408 1109 2436 ab·

1171 1795 1306 1824 dicatione
1327 1803 1422 1824 rerum
1452 1795 1646 1832 temporalium
1676 1799 1790 1832 propter
1821 1796 1926 1830 Deum,
1959 1804 2018 1826 esse

1171 1842 1353 1876 laudabilem,
1374 1842 1596 1880 magistrumque
1623 1842 1799 1879 perfectionis
1824 1843 1966 1872 Christum
1990 1844 2018 1873 in

1171 1893 1334 1927 paupertate
1356 1890 1459 1919 vixisse
1480 1898 1570 1927 usque
1591 1890 1625 1918 ad
1646 1890 1800 1925 mortem⁶;
1822 1890 1867 1919 hic
1889 1891 1916 1919 in
1946 1899 2019 1920 com-

1170 1937 1312 1974 paratione
1333 1937 1537 1974 possessionum
1559 1940 1586 1965 et
1613 1937 1819 1974 opulentiarum
1842 1938 1880 1967 sic
1906 1946 2019 1975 perver-

1170 1984 1251 2013 tendo
1272 1987 1412 2018 attenuat,
1435 1988 1466 2013 ut
1487 1984 1525 2013 nil
1553 1988 1663 2013 sanctae
1684 1985 1841 2021 paupertati
1869 1985 1902 2014 de
1929 1985 2019 2022 perfe-

1169 2031 1267 2060 ctionis
1288 2031 1457 2060 sublimitate
1479 2030 1628 2068 relinquat.

1248 2080 1273 2107 Ξ).
1297 2078 1465 2115 Investigans
1486 2079 1559 2107 enim
1582 2078 1671 2115 primo
1692 2087 1817 2107 eausam
1838 2079 2017 2108 abdicationis

1168 2125 1378 2162 temporalium,
1401 2126 1471 2154 hanc
1492 2125 1558 2154 dicit
1579 2133 1638 2154 esse
1663 2125 1786 2162 ipsorum
1815 2126 2017 2163 appropriatio-

1168 2180 1230 2201 nem
1252 2180 1301 2201 seu
1324 2172 1538 2209 proprietatem,
1568 2180 1655 2209 qnae,
1682 2184 1695 2197 «
1711 2173 1841 2209 quoniam
1867 2180 1904 2202 ex
1925 2173 2017 2203 radice

1167 2219 1308 2248 descendit
1328 2219 1475 2253 avaritiae,
1498 2222 1529 2247 ut
1551 2219 1644 2248 verbis
1658 2219 1718 2248 eius
1740 2222 1871 2254 utamur,
1893 2228 1948 2249 non
1963 2223 2017 2249 stat

1168 2274 1231 2295 cum
1254 2266 1375 2303 perfecta
1396 2266 1526 2300 caritate,
1548 2274 1620 2304 quae
1640 2275 1699 2295 11011
1720 2267 1837 2305 qaaerit
1864 2276 1939 2306 quae
1959 2276 2017 2297 sua

1167 2313 1297 2341 sztnt7».
1323 2313 1353 2341 Et
1373 2313 1434 2342 ideo
1455 2313 1536 2347 dicit,
1559 2314 1713 2342 consultam
1734 2322 1794 2343 esse
1815 2314 2014 2344 abdicationem

1167 2360 1345 2397 proprietatis
1365 2360 1399 2388 ad
1417 2360 1619 2389 excludendam
1640 2360 1835 2397 cupiditatem;
1862 2373 1876 2386 «
1890 2369 1945 2399 qua
1966 2369 2016 2390 ex—

1168 2408 1298 2445 stirpata,
1320 2408 1364 2436 1115
1388 2407 1435 2445 qui
1458 2408 1591 2437 eiusmodi
1621 2411 1701 2443 sunt,
1731 2411 1805 2438 recte
1833 2409 2015 2438 committitur

322 2578 329 2591 ¹
348 2579 403 2601 Luc.
425 2578 461 2605 ¹0,
480 2578 517 2600 ti.
534 2580 556 2600 et
574 2578 610 2600 39.

321 2616 330 2630 ²
348 2618 405 2646 Quia
424 2623 494 2645 opera
514 2616 591 2639 iuliani
610 2622 665 2644 prae
682 2615 790 2638 manibus
807 2622 852 2638 non
866 2615 991 2643 habemus,
1010 2617 1068 2638 lianc
1080 2616 1109 2638 al-

258 2657 398 2685 legationem
416 2662 443 2678 ex
460 2656 496 2678 ed.
515 2656 528 2677 2
549 2655 689 2677 sumsimus:
708 2655 766 2677 Vide
787 2654 864 2677 luliani
877 2655 946 2682 Epist.
966 2655 1006 2683 433
1025 2658 1080 2677 toni.
1094 2656 1107 2677 l.

258 2702 313 2723 opp.
331 2696 405 2718 eiusd.
417 2695 472 2717 edit.
485 2695 573 2723 Lipsiae
586 2700 622 2716 an.
639 2694 704 2716 1696.
716 2694 760 2716 Cfr.
776 2694 871 2721 Gregor.
885 2694 986 2716 Nazianz.
995 2711 1000 2721 ,
1012 2693 1073 2716 Orat.
1087 2693 1108 2716 4.

260 2735 305 2763 (ed.
323 2735 409 2762 Migne3
428 2734 483 2756 alias
501 2734 521 2756 3.
540 2740 562 2756 n.
586 2734 624 2755 80.
645 2736 668 2755 et
684 2733 731 2761 94..)
750 2740 771 2755 0.
796 2734 836 2760 86,
854 2732 894 2755 ubi
917 2733 1051 2761 exspoliatio
1073 2739 1108 2755 ae-

259 2774 322 2796 dium
341 2780 459 2796 sacrarum
477 2776 500 2795 et
519 2773 653 2796 votivorum
677 2772 792 2795 donorum
810 2779 837 2795 ac
859 2773 1011 2801 pecuniarum
1029 2772 1107 2796 (ιυανί-

259 2813 304 2836 tiae
330 2813 408 2835 11111001
431 2813 564 2840 ascribitur,
590 2815 612 2834 et
633 2819 656 2834 n.
679 2812 721 2838 97,
749 2813 770 2834 in
795 2818 842 2841 quo
866 2812 964 2835 lulianus
989 2812 1106 2840 Scriptura

259 2852 399 2875 Christianos
417 2852 557 2880 impugnans
574 2852 606 2874 sic
629 2851 761 2874 inducitur:
782 2859 793 2871 «
805 2851 853 2873 Hoc
870 2851 933 2873 enim
956 2852 1006 2879 lege
1029 2855 1105 2874 nostra

259 2891 353 2917 sanciri,
371 2897 400 2913 ne
423 2891 528 2913 iniuriam
554 2893 673 2918 acceptam
697 2891 836 2913 ulciscamur
859 2896 899 2912 nec
925 2891 986 2913 litem
1006 2890 1106 2913 intenda-

259 2936 311 2952 mus
333 2936 375 2953 nec
398 2929 528 2959 quidquam
548 2929 643 2952 omnino
658 2929 825 2959 possideamus
840 2929 1015 2959 propi-twnque
1036 2929 1106 2952 duca-

258 2975 325 2997 mus,
343 2975 425 2991 verum
449 2968 500 2991 alibi
518 2969 639 2996 vivamus,
663 2974 689 2990 ao
709 2969 837 2996 praesentia
861 2972 885 2991 ut
908 2975 967 2991 vana
992 2971 1013 2991 et
1030 2969 1104 2990 inania

257 3011 434 3031 contemnamus
452 3010 473 3030 et
490 3014 531 3036 pro
548 3008 619 3030 nihilo
637 3010 745 3035 putemus
757 3017 768 3028 n
788 3011 831 3030 etc.
849 3008 964 3036 Allegatur
989 3009 1044 3031 Luc.
1063 3008 1105 3035 44,

257 3048 303 3070 33:
321 3047 358 3070 Sic
375 3053 431 3075 ergo
449 3047 524 3069 omnis
540 3053 565 3069 ex
584 3047 662 3074 vobis,
680 3047 720 3075 qui
738 3053 782 3069 non
804 3047 918 3069 renuntiat
935 3046 1045 3069 omnihus
1061 3049 1104 3069 etc.

1228 2575 1237 2588 ³
1255 2576 1279 2598 ln
1296 2576 1350 2598 Luc.
1372 2575 1410 2604 1-1,
1435 2576 1472 2598 33.
1495 2576 1575 2598 Glossa
1599 2575 1635 2604 (ex
1654 2576 1726 2604 Beda)
1749 2578 1782 2598 est
1806 2574 1932 2598 ordinaria
1952 2575 2014 2604 apud

1166 2616 1290 2643 Lyranuni.

1228 2655 1238 2667 4
1256 2655 1285 2677 lta
1303 2654 1373 2677 ΑΒΕ
1390 2656 1418 2682 F;
1438 2655 1455 2677 D
1472 2654 1565 2682 dirimi,
1585 2654 1638 2677 edd.
1656 2653 1727 2677 dirui.

1228 2692 1238 2705 ⁵
1254 2694 1315 2716 Libr.
1333 2695 1347 2716 l.
1366 2700 1384 2716 c,
1405 2694 1440 2715 io.
1458 2700 1479 2716 n.
1498 2694 1539 2715 31:
1558 2693 1579 2715 Si
1598 2699 1653 2715 vere
1671 2693 1693 2715 in
1711 2693 1809 2715 lectione
1832 2694 1906 2716 Deum
1923 2693 2014 2722 quaerit

1165 2733 1205 2762 qui
1225 2733 1292 2761 legit,
1316 2732 1408 2761 01111110,
1435 2739 1495 2762 quae
1520 2733 1586 2760 legit,
1612 2733 1772 2761 cooperantur
1795 2732 1815 2754 ei
1833 2732 1857 2755 in
1874 2732 1918 2755 1106
1934 2732 2013 2761 ipsum

1166 2772 1232 2801 [alias
1249 2772 1273 2795 in
1291 2771 1391 2799 bonum,
1410 2773 1477 2794 Rom.
1498 2772 1522 2799 8,
1540 2771 1596 2801 28.]‚
1618 2774 1639 2794 61
1663 2772 1764 2800 captivat
1780 2777 1862 2794 sensus
1878 2771 1975 2799 legentis
1992 2774 2014 2793 et

1165 2811 1188 2833 in
1205 2811 1339 2834 servitutem
1357 2811 1442 2841 redivit
1457 2817 1551 2834 0111116111
1568 2811 1670 2833 lectionis
1683 2810 1827 2834 intellectum
1838 2810 1864 2833 in
1876 2810 2013 2840 obsequium

1165 2850 1253 2874 Christi
1269 2850 1304 2880 [ll.
1322 2850 1374 2873 Cor.
1396 2851 1433 2878 10,
1451 2850 1491 2879 5.].
1505 2851 1526 2872 Si
1545 2851 1567 2872 in
1584 2851 1646 2873 aliud
1663 2850 1761 2873 declinat
1773 2853 1815 2872 etc.
1828 2851 1948 2872 Tractatns
1964 2850 2013 2872 sive

1164 2890 1262 2918 Epistola
1289 2890 1318 2912 ad
1342 2891 1422 2913 fratres
1443 2890 1473 2913 de
1494 2891 1569 2912 Monte
1586 2890 1626 2912 Dei
1651 2889 1723 2919 (inter
1748 2896 1819 2918 opera
1838 2889 1961 2918 Bernardi)
1980 2891 2014 2912 est

1163 2929 1286 2957 Guigonis,
1303 2929 1387 2957 prioris
1404 2929 1477 2958 quinti
1496 2929 1589 2951 maioris
1606 2928 1746 2952 Carthusiae.

1226 2967 1235 2981 ⁸
1252 2968 1297 2991 Cfr.
1314 2975 1383 2997 supra
1401 2975 1421 2991 c.
1438 2969 1461 2991 7.
1477 2975 1500 2990 11.
1518 2969 1540 2991 6.
1557 2974 1622 2997 seqq.
1634 2980 1665 2985 —
1683 2967 1786 2991 Subinde
1802 2974 1845 2996 pro
1863 2966 1900 2991 liic
1917 2967 1933 2990 C
1945 2967 1995 2990 1106.

1226 3007 1234 3020 ⁷
1252 3008 1322 3036 Epist.
1340 3009 1355 3030 l.
1372 3008 1423 3031 Cor.
1446 3008 1484 3035 13,
1502 3009 1524 3031 5.

2039 2091 2108 2110 Advers
2118 2096 2130 2111 is

2035 2115 2058 2134 de
2066 2120 2107 2134 cans
2118 2120 2130 2134 J-

2034 2138 2108 2158 dicatior
