2133 3317
550 213 746 242 OPUSCULUM
767 214 832 242 Vttt.
854 214 897 242 DE
919 214 980 243 SEX
1001 214 1071 243 ALIS
1092 214 1260 243 SERAPHIM.
1282 214 1351 243 CAP.
1372 215 1415 243 Vt.

110 291 214 320 donum
234 291 339 320 consilii
361 291 535 325 habentium3
558 291 738 319 Ecclesiastici
759 291 899 327 trigesimo
914 300 956 320 se-

111 338 216 367 cundo:
242 338 350 367 Omnia
381 346 448 366 cum
479 337 599 366 consitio
619 336 685 374 fac,
707 341 734 365 et
757 342 820 374 post
841 337 955 375 factum

112 393 168 413 non
181 384 356 422 poenitebis;
369 385 496 413 Matthaei
511 384 618 413 decimo
631 387 744 412 octavo:
761 383 819 419 Qui
829 384 956 413 scanda-

111 431 248 460 lizaverit
263 439 357 459 unum
376 440 411 459 ex
428 430 545 468 pusillis
560 431 624 459 istis
638 430 690 468 qzti
703 431 734 458 in
755 438 799 458 me
820 431 954 464 credunt,

109 478 222 515 eoepedz't
242 479 281 512 ei,
303 482 338 506 ut
356 478 556 515 suspendatur
576 477 654 506 mola
676 477 816 506 asinaria
836 477 867 505 in
885 477 955 505 collo

110 524 186 558 eius,
202 528 228 552 et
241 525 430 561 demet-patiti·
451 524 483 552 in
501 523 688 561 profundum
709 523 818 557 maris,
838 524 889 552 boc
905 526 955 557 est,

110 571 190 600 cuius
210 571 267 600 vita
287 571 314 600 in
337 571 433 600 babitu
449 571 594 608 Religionis
608 571 696 608 magis
710 571 875 600 scandalizat
890 571 956 599 sim-

109 618 209 654 plices,
229 625 313 654 quam
334 617 474 651 aedificet,
496 617 624 654 expedit,
646 621 677 646 ut
701 617 768 646 foris
790 617 890 645 missus
912 625 955 645 so-

110 664 154 693 lus
173 664 333 698 damnetur,
355 672 439 701 quam
469 672 517 701 per
549 672 612 693 eum
639 672 718 693 sacra
738 664 841 701 Religio
862 667 956 692 conta-

109 712 239 741 minetur.

191 760 233 787 11.
256 758 366 787 Tertius
386 758 455 787 ordo
476 762 605 787 versatur
626 758 700 787 circa
730 758 861 795 negotia,
884 765 956 794 quae

1803 217 1856 246 145

1012 292 1133 321 formare
1154 292 1293 329 singulos,
1314 293 1435 330 qualiter
1455 293 1546 322 officia
1567 293 1617 322 sibi
1633 294 1779 322 commissa
1793 302 1857 323 con-

1012 346 1082 375 grue
1103 339 1311 373 administrent,
1327 348 1383 377 quo
1398 343 1425 369 et
1446 340 1595 374 fratribus,
1618 344 1702 377 prout
1715 341 1858 375 convenit,

1012 385 1152 413 sufficiant
1166 388 1193 413 et
1207 386 1401 415 conscientiam
1424 395 1478 415 non
1493 387 1640 416 offendant.
1657 387 1705 416 Ubi
1722 395 1788 416 vero
1802 396 1856 416 non
1876 394 1988 414 Notandum.

1012 434 1102 467 potest
1124 431 1283 461 hominibus
1304 433 1431 462 satisfieri
1455 434 1505 462 nisi
1528 442 1591 462 cum
1613 434 1716 462 offensa
1737 434 1797 467 Dei,
1820 434 1857 463 ibi

1013 482 1141 506 servetur
1162 478 1195 506 ad
1218 478 1304 507 Deum
1326 480 1480 508 obedientia
1502 483 1529 509 et
1549 481 1582 509 ad
1605 480 1732 509 homines
1753 481 1859 518 patien-

1012 524 1064 557 tia:
1087 525 1203 553 Actuum
1225 526 1361 562 quinto4:
1393 526 1513 555 Obcdi're
1540 531 1647 564 oportet
1677 528 1732 556 Deo
1760 528 1857 565 incipis

1012 579 1103 608 qaam
1124 570 1297 600 hominibus.
1314 589 1352 592 -
1368 573 1508 602 Praelatus
1529 582 1595 603 vero
1614 574 1686 611 gerit
1706 575 1792 603 vicem
1808 583 1857 603 ea-
1869 581 2003 629 {ffliffitgss'

1008 617 1081 654 pitis
1102 617 1128 645 in
1151 626 1268 654 corpore
1289 619 1484 654 fraternitatis,
1507 624 1550 653 ut,
1573 629 1636 650 cum
1659 622 1712 650 alia
1732 622 1857 651 membra
1874 629 1945 648 nitatis.

1012 664 1103 693 dedita
1117 668 1182 693 sunt
1196 665 1351 694 actionibus
1362 666 1412 695 sibi
1428 668 1660 704 competentibus,
1676 672 1759 705 caput
1770 669 1858 697 omni-

1012 711 1065 740 bus
1093 711 1273 748 praesidendo
1295 713 1452 749 provideat,
1474 715 1553 751 quasi
1574 716 1698 744 omnium
1724 724 1857 745 sensuum

1012 765 1099 794 capax
1115 761 1142 787 et
1155 758 1247 786 omnia
1263 766 1360 795 regens
1375 762 1402 788 et
1417 768 1528 788 sensum
1551 764 1578 789 et
1599 764 1705 790 motum
1727 762 1857 791 omnibus

4 815 98 844 prunor—
111 813 160 842 per
181 805 335 842 praelatum
358 808 423 834 sunt
443 805 627 842 disponenda,
649 812 770 841 quorum
792 805 845 833 alia
870 812 956 841 expe-

4 838 98 890 '‘siffissid-
109 851 162 886 dit,
192 855 224 880 ut
252 852 320 880 (diis
351 851 529 889 disponenda
563 852 739 885 committat,
770 851 823 879 alia
842 860 897 888 pei·
926 860 956 879 se

3 885 206 935 *ffiaffffi'ipsam
229 899 382 936 disponat,
403 899 456 927 alia
474 898 628 935 praecidat
650 901 676 926 et
699 902 854 932 removeat,
869 906 956 935 quan-

1013 805 1203 833 transmittens
1223 813 1273 842 per
1304 805 1440 834 iussiones
1472 807 1514 835 vel
1536 809 1725 837 concessiones
1746 812 1856 838 sanctae

1011 851 1182 880 obedientiae
1203 852 1280 888 quasi
1303 853 1479 889 quorundam
1501 855 1736 891 compaginatione
1758 864 1858 884 nervo-

1013 905 1084 926 rum.
1107 898 1183 926 Unde
1204 901 1231 926 et
1252 902 1335 935 caput
1362 898 1495 935 singulari
1527 900 1633 929 actione
1659 909 1712 929 non
1740 910 1858 938 occupa-

25 1281 31 1285 ”
50 1283 97 1300 tem-

22 1305 41 1324 in
47 1305 92 1323 aliis

0 1328 87 1348 inmitten-

0 2215 89 2244 pirituaua

0 2245 90 2283 {iiim

109 948 169 974 tum
191 945 269 974 valet.
292 946 335 974 Sic
357 946 484 974 Christus
504 945 641 974 commisit
660 945 714 973 alia
734 945 876 982 discipulis
891 953 955 982 pro-

108 992 246 1026 curanda,
270 995 300 1020 ut
322 992 402 1021 tudae
433 992 553 1025 loculos,
575 992 685 1020 sibimet
706 992 821 1021 retinuit
847 992 956 1029 praedi-

108 1039 222 1067 cationis
243 1042 270 1068 et
300 1039 451 1067 curationis
481 1038 619 1071 officium;
648 1039 737 1067 Lucae
758 1038 922 1067 duodecimo
934 1040 954 1073 ¹,

108 1086 275 1122 requisitus,
296 1089 327 1114 ut
348 1086 420 1114 inter
440 1085 541 1114 fratres
559 1085 692 1122 quosdam
715 1085 894 1114 hereditatem
913 1085 955 1114 di-

108 1132 227 1166 videret,
249 1132 405 1169 respondit:
427 1132 534 1166 Homo,
555 1132 622 1170 quis
642 1141 687 1161 me
707 1132 856 1161 constituit
876 1132 954 1161 iudi-

108 1187 167 1208 cem
189 1184 242 1207 aut
262 1179 420 1208 divisorem
441 1179 515 1208 inter
536 1178 608 1207 vos?

191 1227 233 1254 102.
259 1226 413 1254 Exteriore,
434 1229 459 1254 et
480 1226 654 1263 temporalia
676 1226 840 1263 corporatis
860 1235 954 1254 nece-s·-

108 1272 204 1301 sitati‘s
226 1272 338 1310 officia,
360 1273 381 1301 si
405 1280 454 1309 per
475 1280 504 1301 se
525 1273 615 1309 ipsum
639 1273 757 1301 voluerit
778 1277 842 1301 actu
862 1273 954 1309 dispo<

108 1327 191 1352 nere,
211 1319 360 1356 impeditur
381 1319 416 1347 ab
437 1319 603 1348 interiorum
631 1323 658 1348 et
686 1319 833 1348 meliorum
862 1320 954 1356 provi—

108 1367 196 1400 sione,
218 1367 284 1403 quia
304 1374 418 1403 sparsus
439 1374 473 1395 ex
491 1374 520 1395 se
541 1367 640 1395 mentis
660 1367 759 1395 oculus
774 1367 865 1395 minus
881 1367 954 1395 videt

106 1413 239 1442 interiora
259 1417 287 1442 et
307 1413 496 1442 necessariora
524 1413 621 1447 saluti;
644 1413 729 1442 Exodi
751 1413 858 1442 decimo
879 1416 953 1442 octa-

107 1460 178 1488 voss:
202 1461 268 1488 Esto
290 1464 321 1488 tii
340 1460 448 1497 populo
471 1460 501 1488 in
522 1459 568 1488 liis
596 1469 671 1498 quae
697 1464 767 1488 aaut
789 1461 828 1489 (td
852 1461 951 1489 Demiz.

108 1507 142 1535 Et
162 1507 254 1535 levitis
274 1506 361 1544 feres,
380 1507 492 1544 partito
513 1507 545 1535 in
566 1507 640 1535 alios
667 1516 768 1541 onere,
790 1507 893 1536 scilicet
915 1508 952 1536 te-

106 1553 232 1587 viorum;
254 1554 371 1582 actuum
392 1556 488 1582 sexto:
511 1553 575 1582 Nou
589 1558 631 1582 est
645 1562 770 1592 aequum
791 1563 844 1583 nos
866 1555 953 1583 relin-

106 1609 192 1638 quere
212 1600 332 1628 verbmn
349 1601 400 1629 Dei
412 1604 437 1628 et
451 1600 623 1629 ministrare
643 1601 751 1629 mensis
765 1604 816 1630 etc.
839 1601 865 1629 Si
884 1602 952 1630 alios

106 1655 161 1675 non
182 1647 312 1681 haberet,
335 1647 437 1684 quibus
451 1654 547 1675 curam
563 1648 737 1676 exteriorum
752 1648 952 1682 committeret;

106 1694 198 1730 potius
217 1693 331 1722 deberet
351 1694 386 1722 ab
406 1694 460 1722 alio
480 1694 606 1723 fraudem
629 1695 655 1723 in
671 1695 871 1731 temporalibus
886 1695 952 1732 pati,

105 1749 188 1778 quam
210 1741 268 1777 ipse
289 1740 429 1778 praelatus
450 1741 477 1769 in
505 1741 605 1770 talibus
626 1744 827 1778 occuparetur,
856 1749 951 1770 exem-

106 1787 151 1824 plo
171 1787 286 1822 Christi,
315 1788 362 1824 qui
395 1788 496 1822 sciens,
520 1788 612 1817 ludam
645 1796 705 1817 esse
736 1788 836 1822 furem,
860 1792 952 1817 tamen

105 1834 247 1871 permisit,
269 1842 332 1863 eum
354 1835 496 1863 exteriora
526 1843 691 1872 procurare,
721 1835 827 1864 Ioannis
848 1835 952 1864 duode-

106 1880 177 1909 cimo
188 1881 213 1909 ³:
237 1882 299 1909 Fur
320 1884 384 1909 erat
404 1884 428 1909 et
443 1881 550 1910 loculos
565 1880 686 1910 hahebat
701 1885 725 1910 ct
746 1890 780 1910 ca
795 1890 869 1919 quae
884 1882 950 1910 mit-

106 1927 257 1961 tebantur,
276 1928 423 1965 portabat.
454 1929 508 1957 Hoc
539 1932 580 1957 est
601 1931 697 1957 contra
718 1928 779 1957 illos
807 1929 854 1965 qui
886 1929 953 1957 faci-

106 1974 159 2003 lius
181 1975 325 2004 inveniunt
346 1975 448 2012 quibus
467 1983 564 2004 curam
584 1976 740 2004 animarum
762 1976 950 2010 committant,

105 2029 188 2058 quam
211 2029 307 2050 rerum
328 2029 443 2051 suarum
466 2022 673 2059 temporalium,
696 2030 759 2051 cum
781 2022 952 2059 incompara-

105 2068 196 2097 biliter
210 2069 300 2097 maius
315 2068 350 2097 sit
364 2068 554 2105 dispendium,
569 2069 718 2106 periclitari
733 2069 851 2103 animas,
867 2077 951 2106 quam

106 2123 151 2144 res
172 2115 272 2152 perire.

187 2163 230 2191 13.
253 2163 433 2200 Spirituatia,
454 2171 520 2192 vero
547 2167 575 2192 et
605 2171 676 2200 quae
707 2163 741 2192 ad
766 2163 883 2192 salutem
905 2171 952 2192 ne-

106 2210 224 2238 cessaria
255 2213 320 2238 sunt
350 2213 378 2239 et
408 2210 562 2247 profectum
595 2210 731 2239 virtutum
763 2210 951 2247 principaliter

106 2256 187 2285 debet
207 2257 363 2285 animarum
395 2260 488 2286 custos
518 2260 546 2286 et
575 2260 667 2286 rector
699 2257 808 2286 sibimet
828 2257 952 2286 curanda

106 2303 242 2337 retinere,
264 2311 328 2332 cum
350 2304 417 2333 haec
438 2304 493 2332 sint
513 2304 547 2332 de
578 2305 731 2333 substantia
756 2304 838 2333 officii
860 2307 951 2341 pasto-

106 2350 187 2383 ralis,
209 2353 236 2379 et
256 2350 289 2378 de
312 2350 354 2379 liis
375 2351 496 2379 maxime
517 2351 553 2379 sit
573 2351 600 2379 in
622 2351 724 2380 iudicio
745 2352 878 2380 rationem
902 2352 951 2379 Do-

104 2397 179 2425 mino
201 2397 370 2426 redditurus.
387 2398 457 2426 Haec
478 2401 558 2431 sunt,
573 2398 692 2434 qualiter
708 2398 810 2434 Regula
829 2398 951 2426 studiose

106 2447 233 2472 servetur
254 2447 282 2472 et
301 2444 354 2472 alia
376 2447 479 2473 statuta
500 2448 527 2473 et
557 2444 669 2473 Ordinis
689 2444 847 2481 disciplina;
869 2444 950 2478 item,

106 2489 180 2526 quod
202 2498 257 2526 pax
278 2493 306 2518 et
326 2490 436 2519 dilectio
451 2491 486 2519 sit
500 2491 572 2519 inter
587 2491 701 2524 fratres3
716 2491 796 2524 item,
811 2491 844 2519 ad
860 2491 950 2528 ipsum

106 2536 225 2572 pertinet
245 2537 426 2566 conscientias
447 2537 620 2574 singulorum
636 2545 785 2574 agnoscere
799 2541 827 2566 et
841 2538 874 2566 de
889 2538 951 2574 qui·
974 2533 980 2538 ⁴

106 2583 226 2612 buslibet
258 2583 489 2620 perplexitatibus
510 2584 651 2621 expedire,
674 2584 796 2621 pericula
826 2588 950 2621 peccato-

106 2637 169 2658 rum
197 2629 343 2666 providere
375 2633 402 2658 et
432 2638 613 2666 praecavere,
647 2638 759 2659 monere
781 2630 890 2664 fratres,
919 2633 951 2658 ut

106 2676 259 2713 proficiant,
281 2677 422 2713 corrigere
443 2677 621 2713 corrigenda,
643 2677 782 2705 elucidare
803 2677 896 2711 dubia,
909 2677 949 2705 in-

1012 947 1068 978 tur,
1084 948 1115 972 ut
1137 947 1215 973 vacet
1234 945 1358 973 omnium
1380 945 1572 974 membrorum
1590 947 1754 983 provisioni;
1769 949 1858 976 omni-

1011 991 1064 1019 hus
1084 991 1157 1019 enim
1179 991 1297 1028 proficit,
1320 1000 1371 1028 pro
1391 992 1520 1021 omnibus
1541 993 1630 1027 audit,
1645 994 1750 1027 odorat,
1765 997 1858 1031 gustat

1011 1040 1038 1066 et
1059 1038 1199 1075 loquitur:
1222 1039 1261 1067 sic
1279 1041 1306 1067 et
1327 1039 1468 1075 praelatus
1489 1040 1540 1068 sibi
1566 1040 1731 1074 commissis3
1752 1041 1786 1069 ad
1809 1042 1858 1070 He-

1011 1085 1109 1113 braeos
1130 1085 1236 1114 decimo
1258 1086 1373 1114 16111οῆ
1397 1086 1459 1123 Ipsi
1478 1087 1555 1115 cuim
1567 1087 1755 1124 peroz'yilcmt,
1771 1088 1859 1125 quasi

1011 1131 1155 1160 rationem
1173 1141 1230 1169 pro
1251 1132 1411 1161 animabus
1434 1133 1535 1161 vestris
1556 1133 1712 1162 reddituri.

1093 1179 1136 1206 lli.
1159 1178 1318 1216 Superflua
1349 1187 1415 1208 vero
1446 1182 1473 1208 et
1503 1188 1562 1208 ozon
1587 1180 1753 1209 necessaria
1774 1181 1856 1209 saluti

1010 1226 1053 1254 vel
1074 1225 1210 1262 profectui
1232 1226 1388 1255 animarum
1416 1227 1530 1264 nepotict
1558 1227 1670 1264 expedit
1699 1218 1880 1264 praeciderep

1011 1277 1038 1301 et
1067 1276 1121 1301 tam
1142 1281 1158 1301 a
1179 1281 1208 1302 se
1230 1282 1313 1310 quam
1335 1282 1351 1302 a
1369 1274 1518 1307 fratribus,
1540 1277 1675 1311 quantum
1697 1279 1854 1312 opportune

1012 1320 1120 1356 poterit,
1143 1328 1294 1349 removere.
1317 1320 1385 1349 Cum
1407 1321 1479 1349 enim
1502 1325 1615 1358 propter
1642 1322 1774 1358 temporis
1795 1322 1855 1351 bre-

1010 1366 1122 1395 vitatem
1138 1369 1165 1395 et
1178 1366 1237 1395 diei
1256 1367 1402 1395 malitiam
1415 1368 1425 1384 ⁰
1441 1367 1488 1395 vix
1511 1368 1673 1397 necessariis
1688 1369 1858 1398 sufficiamus

1009 1413 1201 1450 disponendis;
1223 1414 1245 1442 si
1267 1414 1448 1450 supervacuis
1479 1414 1521 1443 vel
1546 1415 1642 1443 alienis
1664 1416 1792 1444 volumus
1813 1424 1858 1444 oc-

1010 1460 1106 1497 cupari
1128 1460 1258 1497 negotiis,
1281 1461 1445 1497 negligimus
1474 1461 1586 1490 utiliora
1607 1466 1633 1490 et
1656 1462 1778 1496 meliora,
1794 1470 1858 1491 cum

1009 1506 1159 1536 distractus
1179 1507 1290 1536 animus
1311 1507 1345 1536 ad
1366 1508 1448 1544 plura
1468 1508 1499 1536 fit
1519 1508 1608 1536 minor
1622 1508 1655 1537 ad
1671 1509 1779 1545 singula
1794 1517 1857 1546 pro-

1010 1554 1071 1583 vide
1092 1554 1247 1591 peragenda
1259 1554 1278 1582 ⁷.
1293 1571 1333 1575 —
1348 1555 1411 1583 Inde
1432 1555 1462 1583 fit
1483 1556 1637 1592 aliquoties,
1660 1564 1722 1584 cum
1742 1557 1856 1593 praelati
1870 1564 2002 1611 {ifflgssifflg

1009 1604 1036 1629 et
1057 1601 1176 1638 religiosi
1199 1601 1280 1630 nimis
1302 1610 1330 1630 se
1351 1602 1540 1631 exterioribus
1562 1603 1790 1639 occupationibus
1804 1604 1855 1632 im-
1870 1611 1964 1634 sequelae.

1009 1649 1111 1685 plicant
1141 1648 1347 1683 aedificiorum,
1378 1649 1527 1683 librorum,
1556 1658 1704 1678 causarum
1736 1653 1763 1678 et
1791 1651 1857 1678 alio-

1009 1703 1086 1729 rum,
1118 1695 1221 1732 quibus
1252 1695 1425 1725 fructuosius
1452 1700 1592 1730 carerent;
1622 1700 1653 1725 ut
1684 1705 1737 1725 non
1767 1698 1856 1726 solum

1010 1742 1125 1771 meliora
1145 1743 1256 1771 interim
1289 1743 1443 1780 negligant,
1473 1744 1519 1772 sed
1551 1744 1631 1772 etiam
1661 1745 1854 1773 conscientiam

1009 1790 1118 1826 saepius
1140 1790 1300 1826 inquinent,
1316 1793 1343 1819 et
1364 1798 1400 1819 ex
1422 1798 1475 1819 usu
1494 1791 1667 1819 exteriorum
1684 1791 1856 1820 tenebrescat

1008 1837 1107 1865 oculus
1138 1837 1238 1865 mentis
1265 1837 1299 1865 ad
1330 1838 1588 1874 contemplationem
1620 1838 1806 1874 spiritualium
1829 1842 1856 1867 et

1009 1883 1182 1911 internorum
1204 1887 1231 1912 et
1253 1887 1374 1920 tepescat
1400 1884 1434 1912 ad
1465 1884 1633 1913 desiderium
1656 1892 1852 1921 supernorum.

1009 1930 1085 1958 Sicut
1111 1930 1185 1959 enim
1218 1931 1350 1959 humores
1377 1931 1454 1959 noxii
1482 1931 1614 1965 affluunt,
1640 1931 1688 1960 ubi
1716 1932 1800 1960 fuerit
1828 1932 1856 1960 in

1009 1985 1125 2014 corpore
1147 1977 1238 2011 laesio,
1260 1977 1312 2006 nisi
1344 1981 1425 2006 caute
1456 1981 1668 2012 removeantur,
1690 1986 1724 2007 ne
1746 1978 1793 2007 fiat
1814 1978 1852 2007 ibi

1008 2028 1102 2052 tumor
1124 2024 1166 2053 vel
1188 2024 1284 2058 ulcus;
1307 2024 1344 2053 ita
1365 2028 1393 2053 et
1413 2025 1522 2061 negotia
1542 2029 1672 2054 crescunt
1692 2025 1725 2053 ad
1748 2025 1854 2054 exstin-

1008 2070 1125 2099 ctionem
1148 2070 1272 2107 spiritus‚
1294 2071 1342 2108 qui
1364 2079 1393 2100 se
1414 2071 1454 2100 eis
1474 2071 1645 2107 acquieverit
1663 2072 1802 2108 occupari.
1819 2087 1856 2092 —

1009 2117 1069 2146 Ideo
1086 2117 1216 2146 discretio
1237 2118 1351 2154 praelati
1373 2118 1455 2147 debet
1476 2119 1590 2155 provide
1605 2119 1772 2155 prospicere,
1788 2119 1855 2156 quid
1873 2125 1957 2144 Monimo.

1008 2172 1044 2193 ex
1065 2164 1190 2201 quolibet
1210 2168 1312 2193 eventu
1333 2165 1419 2201 possit
1440 2165 1585 2202 consequi,
1607 2169 1634 2194 et
1655 2174 1726 2203 quae
1747 2166 1855 2203 negotia

1008 2211 1168 2245 admittere,
1184 2212 1227 2241 vel
1249 2215 1385 2249 quantum
1404 2212 1532 2249 expediat
1550 2213 1574 2241 ei
1591 2213 1721 2249 exsequi,
1737 2213 1856 2242 circum-

1008 2261 1100 2295 specte
1125 2257 1235 2292 rimari;
1258 2258 1438 2287 Ecclesiastici
1459 2258 1644 2287 undecimoss:
1666 2259 1740 2293 Fili,
1766 2268 1800 2288 iic
1824 2259 1855 2288 iri

1008 2304 1108 2333 multis
1128 2305 1187 2333 sint
1208 2308 1292 2333 actus
1324 2305 1376 2333 titi.
1399 2305 1451 2341 Qui
1483 2305 1618 2334 sarcinam
1647 2306 1713 2334 satis
1743 2314 1855 2342 gravem

1007 2354 1099 2388 portat
1120 2351 1282 2388 imprudens
1303 2354 1356 2385 est,
1372 2352 1394 2380 si
1409 2352 1500 2380 adhuc
1515 2360 1599 2380 onera
1615 2352 1696 2388 plura
1718 2352 1768 2381 sibi
1791 2360 1855 2388 por-

1008 2398 1090 2427 tanda
1111 2398 1238 2435 imponit,
1261 2399 1364 2435 quibus
1385 2402 1474 2435 potest
1495 2402 1651 2436 opportune
1672 2407 1776 2428 carere.

1091 2446 1133 2473 15.
1156 2446 1245 2481 Super
1266 2446 1358 2474 omnia
1379 2453 1446 2474 vero
1466 2446 1547 2474 debet
1561 2446 1745 2482 semetipsum
1761 2449 1855 2474 rector
1867 2452 1966 2476 nequarto
1975 2453 2002 2472 of-

1008 2490 1246 2527 circumspicere,
1262 2499 1305 2525 ue,
1320 2491 1380 2519 aliis
1394 2491 1555 2528 providens,
1571 2499 1599 2520 se
1615 2491 1705 2527 ipsum
1726 2491 1853 2528 negligat,
1871 2476 2001 2546 {5533ssssss—

1007 2544 1057 2571 ne,
1072 2537 1140 2565 alios
1161 2537 1286 2571 salvans,
1307 2545 1336 2566 se
1358 2538 1449 2574 ipsum
1470 2538 1497 2566 in
1519 2538 1674 2574 periculum
1697 2538 1852 2575 demergat,

1008 2583 1135 2612 Matthaei
1156 2584 1262 2612 decimo
1283 2585 1400 2612 sext09:
1429 2584 1507 2620 Quid
1530 2584 1606 2612 enim
1628 2585 1745 2621 prodest
1763 2584 1853 2614 homi—

1007 2630 1053 2663 ni,
1075 2631 1102 2658 si
1122 2630 1265 2659 mundum
1288 2631 1459 2659 uniuersum
1482 2631 1622 2664 lucretur,
1644 2632 1762 2660 [minzac
1788 2640 1853 2660 vero

1006 2686 1078 2705 suae
1099 2678 1303 2706 iletri'iiicutitm
1322 2678 1480 2714 patiatur?
1502 2678 1547 2706 llic
1576 2681 1617 2706 est
1641 2681 1759 2715 quartus
1786 2679 1854 2707 ordo

170 2847 177 2860 ¹
197 2848 260 2870 Vei-s.
282 2849 316 2871 13.
337 2849 369 2871 ti.
388 2849 441 2871 Post
457 2848 585 2878 requisitus
604 2849 654 2872 Vat.
672 2850 731 2871 male
748 2850 811 2872 addit
828 2849 897 2872 enimi.

169 2886 178 2899 ²
196 2887 261 2909 Vers.
282 2888 314 2910 19.
333 2891 354 2910 et
372 2889 412 2915 22;
431 2888 535 2916 sequitur
553 2889 600 2910 Act.
618 2890 644 2916 6,
663 2889 683 2910 2.

169 2926 178 2939 ³
196 2927 261 2949 vers.
278 2927 300 2949 6.

170 2966 177 2978 ¹
195 2966 260 2988 Vers.
279 2967 316 2988 29.

169 3004 178 3017 ⁵
197 3005 260 3027 Vcrs.
281 3005 315 3028 17.

199 3051 226 3075 S.
239 3052 329 3075 Bonae.
340 3064 370 3069 ——
384 3052 451 3075 Toni.
463 3053 518 3075 Vltt.

1071 2849 1081 2862 ὓ
1098 2850 1174 2872 Manu.
1193 2850 1219 2878 6,
1237 2850 1281 2872 3¹2:
1300 2850 1387 2872 Sutticit
1404 2850 1448 2872 dici
1467 2850 1551 2872 malitia
1569 2856 1617 2872 sua.

1072 2888 1079 2901 ⁷
1097 2890 1206 2916 (trogium,
1224 2890 1237 2911 l.
1256 2889 1342 2916 Dialog.
1362 2895 1382 2910 c.
1404 2889 1426 2910 1ε
1450 2889 1555 2917 Cumque
1578 2889 1668 2912 animus
1690 2889 1801 2912 dividitur
1824 2890 1853 2912 ad

1009 2928 1091 2954 multa,
1109 2928 1133 2950 tit
1150 2928 1224 2949 minor
1241 2928 1270 2949 ad
1287 2928 1385 2955 singula.
1403 2927 1447 2950 Ctr.
1465 2928 1546 2956 tingui.
1565 2929 1671 2956 pastoral.
1689 2935 1710 2957 p.
1730 2929 1743 2950 1.
1761 2935 1780 2951 c.
1800 2929 1821 2951 t.

1070 2966 1078 2978 Β
1098 2967 1164 2988 Vers.
1186 2968 1219 2989 to.

1070 3004 1079 3018 ⁹
1096 3006 1161 3028 Vers.
1180 3006 1222 3032 26,
1239 3005 1343 3034 sequitur
1362 3006 1383 3028 11.
1403 3006 1461 3028 loon.
1480 3008 1502 3029 8.

1734 3053 1759 3074 1⁴.)

1889 1189 1986 1212 Superssua

1883 1213 2001 1232 raecidenda.
