2133 3317
126 1493 254 1512 Continuatio.

270 231 327 259 4602

270 317 320 346 per
342 308 462 341 litteras,
482 307 502 335 si
528 306 670 338 absentes,
693 311 802 340 semper
824 302 986 331 renuntiare
1007 304 1118 330 tenean-

270 360 326 384 tur.
348 356 471 391 Quorum
496 351 664 380 renuntiatio
685 359 701 378 a.
725 350 866 384 Ministro,
890 349 931 378 vel
961 349 995 377 ab
1017 356 1049 377 eo
1070 348 1118 385 qui

272 405 344 431 tenet
365 400 521 437 Capitulum
544 399 603 426 1000
624 398 696 432 0103,
718 405 782 425 cum
804 396 1003 425 Definitoribus
1019 395 1045 423 in
1065 395 1119 424 fine

270 448 400 485 Capituli,
422 447 443 474 si
466 445 617 479 videbitur,
639 444 810 472 admittatur.
833 443 859 471 Si
881 445 974 471 autem
996 442 1119 470 Minister

270 496 403 524 interesse
424 501 479 521 non
508 492 624 529 poterit,
644 491 771 520 Vicarius
799 490 872 524 eius,
895 490 917 518 si
945 489 1046 523 fuerit,
1076 489 1119 517 vel

270 542 383 575 Custos,
406 540 433 568 in
455 539 535 568 cuius
550 538 679 567 Custodia
694 537 851 575 Capitulum
875 536 1048 570 celebratur,
1070 536 1119 564 Ca-

270 589 390 626 pitulum
406 590 497 616 teneat
512 587 571 614 loco
586 586 654 614 eius.
672 601 707 605 —-
724 584 856 613 Praedicti
872 592 939 612 vero
954 583 1119 612 Definitores

270 635 375 673 possint
407 634 547 670 corrigere
578 632 776 670 provincialem
804 631 978 664 Ministrum,
1004 630 1120 659 definire

271 686 297 712 et
318 682 450 719 expedire
479 689 542 710 cum
565 681 624 717 ipso
652 679 757 713 omnia,
786 686 858 715 quae
886 678 919 706 ad
952 677 1120 715 provinciale

270 730 428 767 Capitulum
450 728 644 765 pertinebunt,
667 734 738 764 (1030
759 729 824 755 3001
840 726 922 754 11300;
945 725 1053 753 00113110
1075 732 1121 753 su-

270 785 320 814 per
342 775 512 804 transmissis
531 774 564 803 ad
580 774 755 811 Capitulum,
777 772 914 801 correctio
936 780 1034 801 eorum
1049 779 1121 808 quae

270 823 431 861 provinciali
454 821 580 858 Capitulo
601 820 765 857 corrigenda
790 819 1025 852 notificabuntur;
1048 818 1121 847 ordi-

270 871 345 899 natio
374 878 470 898 eorum
500 876 572 905 qnae
601 868 634 896 ad
656 867 847 896 necessitatem
878 866 919 895 vel
948 866 1119 894 honestatem

271 925 380 946 morum
404 916 562 944 Provinciae
577 915 747 943 videbuntur
770 914 922 951 pertinere,
945 921 1008 942 cum
1030 913 1121 942 diver-

271 973 316 994 sae
345 963 503 992 Provinciae
531 962 648 991 diversis
680 961 929 990 consuetudinibus
957 961 1121 994 varientur;

271 1012 361 1041 nullas
382 1015 474 1039 tamen
502 1010 603 1038 faciant
624 1009 835 1038 constitutiones
859 1012 907 1037 3111
935 1008 1122 1037 ordinationes

270 1059 371 1087 ibidem
393 1058 498 1095 absque
522 1057 633 1085 maioris
654 1056 742 1093 partis
763 1055 879 1092 Capituli
896 1055 1009 1084 consilio
1031 1057 1058 1083 et
1080 1062 1122 1082 as—

271 1113 369 1139 sensu;
385 1104 481 1133 divisio
500 1103 708 1137 Custodiarum,
728 1102 864 1131 ordinatio
885 1102 1024 1134 locorum,
1047 1109 1122 1130 rece-

271 1153 341 1190 ptio,
364 1151 480 1180 mutatio
502 1151 545 1179 vel
566 1150 686 1179 divisiol
709 1150 846 1183 locorum,
869 1149 1017 1186 assignatio
1039 1148 1122 1177 libro-

272 1208 336 1228 rum
357 1198 520 1227 notabilium
543 1198 670 1226 Fratrum
692 1197 883 1225 decedentium
900 1196 943 1225 vel
964 1196 998 1224 ab
1020 1195 1123 1224 Ordine

272 1246 470 1276 recedentium.
493 1246 525 1273 Et
545 1244 663 1273 dicimus
679 1244 787 1272 librum
808 1243 963 1272 notabilem
985 1243 1121 1271 valentem

271 1294 410 1323 dimidiam
441 1293 583 1321 marcham
612 1291 718 1328 argenti
748 1295 774 1319 et
803 1298 896 1327 supra.
926 1289 1124 1318 Definitoribus

272 1349 339 1370 vero
365 1344 490 1377 tempore
519 1348 585 1368 31130
606 1338 775 1367 definitionis
804 1337 872 1366 nihil
901 1337 934 1366 de
964 1335 1123 1365 huiusmodi

272 1388 350 1417 libris
371 1390 511 1424 erogetur.

352 1434 457 1463 Subditi
473 1437 581 1467 autem,
598 1433 644 1470 qui
663 1433 778 1461 fuerunt
790 1432 800 1448 ²
823 1431 987 1460 Definitores
1002 1431 1029 1459 in
1045 1438 1124 1467 prae-

272 1483 377 1512 cedenti
400 1481 520 1519 generali
543 1489 593 1510 seu
615 1480 776 1517 provinciali
799 1479 937 1516 CapitulO,
952 1478 978 1506 in
996 1478 1124 1515 proximo
1152 1491 1154 1508 ;

272 1530 397 1567 sequenti
427 1529 553 1566 Capitulo
584 1536 638 1556 non
671 1527 725 1556 sint
748 1526 920 1555 Definitores.
950 1526 981 1553 Et
1005 1525 1124 1553 dicimus

272 1578 317 1607 hic
338 1577 469 1605 subditos
491 1584 586 1605 omnes
608 1575 660 1604 sub
675 1575 806 1603 Ministris
822 1573 1038 1611 provincialibus
1060 1581 1124 1601 con-

272 1626 391 1654 stitutos.
426 1623 558 1652 Praedicti
590 1623 672 1651 etiam
706 1622 840 1651 electores
872 1621 1002 1658 quintum
1031 1628 1067 1649 ex
1095 1628 1125 1649 se

271 1672 338 1709 ipsis
359 1671 473 1708 eligant,
495 1670 542 1707 qui
566 1670 592 1698 in
616 1670 667 1697 hoc
693 1671 801 1697 tantum
824 1667 910 1704 possit
930 1667 1062 1701 articulo,
1084 1666 1125 1694 vi-

271 1718 382 1752 delicet,
404 1720 451 1751 ut,
474 1717 495 1746 si
517 1720 638 1754 quatuor
660 1715 826 1744 Definitores
840 1715 868 1743 in
883 1714 1055 1743 correctione
1077 1713 1125 1741 Mi-

271 1766 351 1795 nistri
374 1765 400 1793 in
424 1768 516 1802 partes
544 1764 674 1801 aequales
696 1771 725 1792 se
746 1762 904 1796 diviserint,
936 1769 1035 1790 eorum
1063 1768 1125 1789 sen-

272 1813 357 1843 tentia
378 1812 548 1850 praevaleat,
571 1819 655 1848 quam
677 1810 748 1839 idem
771 1809 886 1838 duxerit
907 1808 1122 1846 approbandam.

272 1861 344 1889 Idem
367 1863 459 1888 tamen
474 1859 602 1896 quintus,
624 1857 672 1895 qui
688 1857 727 1886 310
748 1857 861 1893 eligitur
876 1857 904 1884 in
919 1855 1045 1893 Capitulo
1061 1863 1124 1892 pro-

272 1907 395 1941 vinciali,
418 1915 471 1935 non
494 1906 665 1942 intelligatur
686 1913 738 1942 pro
753 1904 916 1937 Definitore,
939 1903 1013 1932 unde
1035 1905 1125 1940 potest

272 1954 398 1992 sequenti
420 1962 492 1983 anno
507 1953 569 1990 eligi
584 1952 726 1981 Definitor.
744 1951 842 1980 Electis
863 1951 948 1988 igitur
970 1949 1125 1979 Definitori-

271 2001 340 2035 bus,
363 2002 483 2035 litterae,
505 2008 577 2037 quae
603 2007 688 2036 super
708 1998 780 2027 facto
803 1997 979 2035 provincialis
1008 1996 1124 2025 Ministri

271 2057 287 2078 a
308 2048 452 2077 Fratribus
473 2048 598 2076 locorum
615 2050 680 2076 sunt
695 2045 886 2078 transmissae,
905 2044 1006 2073 eisdem
1024 2043 1125 2073 Defini-

272 2096 381 2125 toribus
404 2097 664 2132 repraesententur;
687 2096 713 2122 et
732 2093 752 2121 si
769 2093 816 2129 qui
839 2092 895 2121 sint
916 2092 942 2120 10
965 2091 1059 2120 eodem
1076 2091 1125 2119 Ca-

273 2143 373 2180 pitulo,
396 2142 444 2179 qui
466 2144 577 2178 praeter
598 2141 644 2169 illa
669 2148 741 2177 quae
770 2139 873 2176 scripta
894 2142 972 2172 sunt,
995 2137 1125 2174 probabi-

273 2190 309 2219 lia
330 2193 435 2223 tamen,
458 2189 577 2217 habeant
598 2188 690 2216 dicere
711 2187 744 2215 de
766 2186 902 2219 Ministro,
924 2184 1124 2214 Definitoribus

273 2240 381 2265 tantum
402 2236 525 2265 dicant⁵.
548 2235 599 2272 Qui
622 2243 707 2271 super
732 2234 843 2270 scriptis
870 2236 920 2261 aut
940 2232 1032 2261 taliter
1054 2232 1125 2260 rela-

272 2284 320 2318 tis,
336 2283 430 2312 habita
449 2291 573 2312 seorsum
589 2281 712 2319 diligenti
735 2280 946 2314 deliberatione,
968 2279 1124 2308 Ministrum

273 2331 413 2368 corrigant
435 2330 588 2359 secundum
610 2329 727 2357 formam
750 2328 881 2365 superius
903 2329 1103 2364 praetaxatam.

353 2378 384 2406 Et
398 2377 631 2414 quandocumque
644 2376 809 2404 Definitores
824 2374 963 2403 voluerint
978 2373 1083 2410 aliquid
1097 2373 1125 2402 in

273 2425 399 2462 Capitulo
413 2424 447 2453 de
468 2423 591 2452 Ministro
606 2423 762 2460 inquirere,
784 2425 910 2450 teneatur
925 2421 984 2458 ipse
1002 2420 1125 2449 Minister

272 2473 306 2501 de
327 2472 452 2509 Capitulo
474 2471 568 2505 exire3
587 2470 634 2507 qui
658 2470 679 2498 si
702 2469 898 2506 incorrigibilis
915 2468 1013 2502 fuerit,
1033 2468 1124 2505 ipsum

273 2520 307 2548 ab
328 2519 419 2548 officio
434 2517 579 2547 ministerii
603 2517 773 2554 suspendant
794 2519 821 2545 et
836 2516 894 2544 sine
916 2515 1045 2544 dilatione
1060 2522 1125 2543 cau-

274 2574 330 2595 sam
350 2565 539 2603 suspensionis
560 2565 618 2593 sive
639 2563 886 2601 incorrigibilitatis
901 2571 951 2599 per
966 2562 1124 2599 Capitulum

273 2613 453 2651 approbatam
476 2613 528 2641 snb
556 2612 645 2649 sigillo
673 2611 773 2640 Vicarii
796 2613 822 2639 et
847 2609 974 2639 Custodis
1001 2609 1126 2637 Ministro

274 2660 429 2698 significent
449 2659 580 2697 generali.
596 2659 656 2695 Quo
676 2665 823 2695 suspenso,
846 2657 986 2685 Vicarium
1006 2656 1040 2684 de
1062 2663 1126 2684 con-

275 2707 334 2736 silio
366 2710 393 2735 et
420 2714 534 2735 assensu
562 2705 674 2734 maioris
706 2704 792 2741 partis
820 2703 937 2740 Capituli
961 2702 1126 2731 Definitores

274 2754 450 2783 constituant.
473 2753 549 2789 Qui4
570 2753 591 2781 si
614 2752 785 2781 insufficiens
800 2753 961 2788 reputatur,
980 2749 1067 2778 eidem
1090 2748 1126 2777 si-

274 2802 376 2830 militer
405 2801 572 2838 significent,
604 2800 641 2828 ita
669 2802 774 2832 tamen,
806 2797 881 2835 quod
912 2799 1044 2826 neutrum
1076 2796 1125 2824 ho-

617 225 814 255 OPUSCULUM
836 224 924 253 xvnl.
946 222 1230 252 CONSTlTUTIONES
1250 222 1492 251 NARBONENSES.
1515 221 1610 250 RUBR.
1632 221 1674 249 xi.

1176 309 1238 329 rum
1261 301 1308 329 fiat
1336 301 1441 337 absque
1464 300 1575 328 maioris
1604 299 1690 336 partis
1712 298 1829 335 Capituli
1852 298 1965 327 consilio
1996 301 2022 327 et

1175 355 1298 376 assensu.

1254 394 1325 422 Nihil
1348 394 1474 422 mittatur
1488 393 1521 422 ad
1543 393 1670 430 generale
1685 392 1858 429 Capitulum,
1880 392 1953 429 quod
1969 400 2022 420 non
2037 398 2120 423 Demimi

1175 441 1260 470 fuerit
1288 441 1366 477 prius
1394 448 1444 477 per
1472 440 1640 477 provinciale
1668 439 1825 477 Capitulum
1850 439 2022 473 discussum,
2044 422 2120 470 1111110Ἑῖ

1176 488 1379 521 examinatum,
1412 487 1560 523 probatum
1591 487 1711 524 legitime
1742 490 1769 515 et
1796 486 1981 523 approbatum
2009 494 2025 514 a
2074 470 2112 489 ‘³¹⁹‘

1177 534 1273 563 maiori
1296 537 1375 571 parte
1396 534 1513 570 Capituli
1536 534 1724 570 provincialis,
1755 534 1872 562 fideliter
1904 533 2024 562 conscri-

1177 584 1271 618 ptum,
1294 581 1396 609 lectum
1424 584 1451 609 et
1482 580 1632 617 sigillatum
1658 588 1750 609 coram
1780 581 1909 609 omnibus
1930 580 2025 617 sigillis

1178 628 1293 657 Ministri
1317 631 1344 656 et
1365 627 1492 656 Custodis
1512 630 1539 656 et
1560 627 1708 655 Guardiani
1731 627 1795 661 loci,
1818 627 1846 655 in
1871 635 1926 664 quo
1947 627 2025 664 Capi-

1178 677 1268 705 tulum
1297 675 1469 709 celebratur,
1499 674 1567 708 nisi,
1596 674 1666 703 facto
1696 674 1856 711 provinciali
1885 674 2025 711 Capitulo,

1177 723 1245 751 adeo
1266 730 1350 759 grave
1371 725 1507 758 emergat,
1530 721 1603 758 quod
1618 721 1677 750 sine
1697 722 1774 758 gravi
1797 721 1921 758 periculo
1937 729 2026 758 usque

1177 770 1209 798 ad
1233 777 1352 806 sequens
1374 769 1542 805 provinciale
1563 768 1719 805 Capitulum
1736 768 1840 797 differri
1856 777 1909 797 non
1932 768 2025 805 possit.

1179 817 1210 845 Et
1231 817 1251 845 si
1286 816 1347 845 talis
1375 818 1492 845 eventus
1523 824 1577 844 non
1604 818 1697 852 tangat
1726 815 1921 852 provincialem
1949 815 2027 844 Mini-

1178 868 1283 899 strum,
1300 865 1342 893 vel
1357 864 1417 892 eius
1433 863 1582 897 Vicarium‚
1599 866 1709 899 praeter
1724 863 1839 891 alterius
1854 870 1951 891 eorum
1966 870 2028 891 con-

1179 912 1270 941 silium
1292 920 1345 940 non
1369 911 1511 945 mittatur3
1534 910 1556 939 si
1578 918 1644 938 vero
1665 910 1821 938 Ministrum
1850 913 1956 946 tangat,
1979 917 2027 946 per

1178 959 1341 993 Custodem,
1364 958 1553 986 Guardianum
1585 959 1612 986 et
1632 957 1742 985 Fratres
1763 957 1827 990 loci,
1850 956 1897 985 ubi
1923 956 2028 985 contin-

1179 1006 1249 1044 0115,
1270 1006 1360 1043 primo
1391 1005 1548 1034 discussum
1580 1004 1614 1033 de
1641 1004 1755 1033 consilio
1782 1004 1881 1032 Vicarii
1910 1003 2029 1033 destine-

1179 1057 1235 1082 tur.
1258 1053 1283 1081 Si
1306 1056 1400 1089 tangat
1421 1052 1578 1085 Vicarium,
1597 1051 1631 1080 ab
1646 1051 1747 1080 eisdem
1770 1051 1927 1079 discussum
1948 1050 2029 1079 modo

1180 1100 1277 1129 idoneo
1298 1100 1444 1128 nuntietur
1468 1099 1594 1136 Capitulo
1615 1098 1746 1135 generali.

1259 1148 1417 1176 Teneantur
1438 1150 1531 1175 autem
1554 1146 1680 1183 Capitula
1701 1145 1880 1182 provincialia
1901 1153 1951 1182 per
1965 1144 2030 1173 obe-

1180 1195 1310 1223 dientiam
1333 1194 1455 1222 scribere
1476 1193 1602 1230 Capitulo
1623 1192 1744 1230 generali
1766 1192 1800 1221 de
1821 1192 1983 1221 excessibus
2004 1194 2030 1220 01
2122 1204 2124 1216 ι

1180 1241 1376 1270 insufficientia
1403 1240 1536 1273 Ministri,
1565 1240 1598 1268 de
1627 1239 1783 1276 receptione
1812 1239 1951 1268 inutilium
1981 1246 2030 1275 per
2122 1217 2125 1266 1

1181 1288 1299 1317 eundem
1328 1291 1355 1317 et
1382 1288 1416 1316 (10
1444 1290 1519 1316 statu
1547 1290 1574 1316 et
1605 1286 1745 1315 communi
1774 1294 1840 1323 pace
1872 1285 2031 1315 Provinciae

1181 1336 1234 1365 sub
1255 1335 1359 1364 eodem.
1382 1335 1414 1363 Et
1435 1335 1456 1363 si
1480 1342 1535 1371 pax
1564 1342 1616 1362 non
1640 1333 1737 1367 fuerit,
1763 1341 1874 1362 causam
1896 1333 2031 1362 turbatio-

1157 1384 1164 1390 “
1181 1383 1223 1412 013
1251 1383 1392 1417 scribant;
1422 1385 1449 1411 et
1477 1382 1579 1416 sciant,
1609 1380 1674 1418 quia
1702 1381 1855 1410 secundum
1884 1381 1930 1409 illa
1960 1388 2031 1418 quae

1183 1431 1342 1464 mittentur,
1363 1429 1530 1466 procedetur
1552 1429 1579 1457 in
1601 1428 1727 1465 Capitulo
1748 1428 1878 1465 generali.

1260 1478 1333 1506 Nihil
1354 1480 1447 1506 autem
1469 1476 1608 1505 scribatur
1629 1475 1755 1512 Capitulo
1776 1475 1897 1512 generali
1919 1483 1969 1512 pro
1984 1482 2031 1512 pe-

1181 1525 1263 1554 tendo
1285 1524 1408 1553 Ministro
1437 1523 1480 1552 vel
1502 1522 1718 1552 commendando
1744 1522 1834 1559 ipsum
1863 1530 1879 1550 a
1905 1521 2031 1558 Capitulo

1182 1571 1352 1609 provinciali.
1377 1571 1493 1599 Possunt
1518 1573 1609 1598 tamen
1632 1569 1767 1603 scribere,
1789 1569 1810 1598 si
1840 1569 1908 1606 quid
1929 1568 2032 1597 habent

1181 1619 1274 1648 dicere
1295 1621 1393 1647 contra
1413 1625 1486 1646 eum.
1510 1617 1582 1645 Idem
1611 1616 1710 1645 modus
1733 1619 1859 1645 teneatur
1881 1616 1955 1645 01103
1979 1615 2032 1644 Cu-

1182 1666 1274 1696 stodes
1295 1668 1322 1694 et
1343 1665 1515 1694 Guardianos
1536 1664 1569 1693 ad
1591 1664 1749 1701 Capitulum
1772 1663 1949 1701 provinciale.

1424 1759 1464 1787 Du
1485 1758 1622 1787 CAPITULO
1643 1766 1790 1787 GENERALI.

1504 1852 1636 1881 Rubricct
1658 1852 1709 1880 XI.

1261 1949 1329 1977 Cum
1362 1948 1466 1985 Regula
1494 1947 1585 1981 dicat,
1614 1947 1689 1984 quod
1716 1946 1845 1984 generale
1875 1946 2033 1983 Capitulum

1182 1996 1245 2030 fiat,
1268 1996 1440 2032 ubicumque
1469 1997 1496 2023 et
1521 1994 1754 2032 quandocumque
1770 1994 1780 2010 ὃ
1802 2002 1818 2022 3
1842 1993 1966 2022 Ministro
1987 2000 2034 2030 ge-

1182 2043 1268 2072 nerali
1290 2042 1375 2071 suerit
1395 2042 1571 2075 ordinatum,
1593 2041 1741 2070 statuimus
1762 2040 1796 2069 de
1824 2040 1966 2069 voluntate
1987 2047 2033 2077 ge-

1182 2090 1284 2119 neralis
1305 2089 1438 2123 Ministri,
1460 2096 1494 2117 ne
1516 2088 1591 2117 ultra
1613 2090 1670 2116 tres
1690 2095 1777 2116 annos
1798 2087 1926 2124 generale
1954 2086 2034 2123 Capi-
2046 2093 2131 2118 Quoties}

1182 2137 1273 2166 tulum
1294 2136 1440 2165 differatur
1452 2135 1472 2169 ⁷,
1495 2135 1546 2164 nisi
1569 2135 1706 2172 generalis
1727 2134 1851 2163 Minister
1865 2142 1928 2163 cum
1950 2141 2033 2171 gene·
2092 2117 2131 2136 Μ

1182 2184 1233 2213 1311
1261 2184 1388 2220 Capitulo
1417 2184 1444 2211 in
1466 2182 1596 2219 proximo
1624 2182 1799 2219 praecedenti
1828 2181 1954 2218 Capitulo
1982 2189 2033 2218 pro

1181 2231 1327 2260 manifesta
1355 2231 1518 2259 necessitate
1546 2230 1662 2258 duxerit
1690 2229 1920 2266 prolongandum.
1950 2229 2033 2262 Item,

1182 2282 1296 2316 propter
1326 2278 1434 2306 labores
1463 2278 1591 2305 Fratrum
1620 2276 1827 2313 compatiendos
1855 2275 2032 2310 ordinamus,

1182 2325 1256 2364 quod
1277 2325 1405 2362 generale
1426 2324 1584 2361 Capitulum
1607 2323 1764 2352 alternatim
1786 2323 1856 2352 citra
1880 2325 1987 2351 montes
2008 2325 2035 2351 et

1182 2373 1257 2402 ultra
1278 2373 1311 2401 de
1333 2375 1425 2401 cetero
1447 2372 1621 2405 celebretur,
1644 2371 1670 2399 in
1693 2378 1871 2408 quacumque
1892 2369 2035 2398 Provincia

1182 2420 1225 2448 vel
1247 2419 1306 2448 loco
1327 2419 1463 2456 generalis
1485 2418 1608 2447 Minister
1629 2418 1744 2446 duxerit
1760 2416 1954 2446 ordinandum.

1261 2466 1298 2495 Ad
1320 2466 1448 2503 generale
1464 2465 1621 2502 Capitulum
1645 2464 1809 2493 conveniant
1833 2463 1955 2492 Minister
1974 2462 2034 2500 qui·
2055 2455 2133 2489 novoe*

1183 2514 1249 2543 libet
1270 2521 1334 2542 cum
1355 2521 1412 2541 uno
1434 2516 1541 2541 tantum
1566 2513 1680 2540 honesto
1702 2511 1775 2540 socio
1804 2513 1831 2539 01
1858 2510 1956 2539 Custos
1978 2510 2032 2539 ele-
2089 2493 2133 2563 mi

1183 2563 1244 2589 ctus
1266 2568 1281 2588 a
1302 2559 1469 2588 Custodibus
1497 2562 1524 2587 et
1551 2566 1625 2587 unus
1654 2558 1797 2586 Discretus
1827 2565 1843 2585 a
1871 2557 2033 2593 provinciali

1182 2607 1308 2644 Capitulo
1329 2606 1442 2635 electus.
1466 2606 1497 2634 Et
1518 2605 1540 2634 si
1562 2606 1682 2634 alterum
1705 2605 1822 2633 istorum
1845 2604 1916 2633 mori
1938 2604 1981 2633 vel
1995 2604 2033 2633 113

1182 2654 1335 2687 infirmari,
1357 2653 1431 2690 quod
1460 2661 1514 2681 non
1537 2653 1623 2689 possit
1647 2652 1756 2686 venire,
1778 2652 1939 2689 contigerit,
1961 2651 2033 2680 alius

1182 2701 1280 2729 Custos
1301 2708 1317 2729 a
1338 2699 1506 2729 Custodibus
1527 2703 1554 2729 et
1575 2700 1646 2728 alius
1662 2700 1804 2728 Discretus
1825 2707 1841 2727 a
1866 2698 2032 2727 Custodibus

1182 2750 1210 2776 et
1231 2747 1362 2776 Discretis
1383 2747 1524 2784 aliquibus
1544 2755 1560 2775 a
1581 2747 1706 2775 Ministro
1731 2746 1835 2775 vocatis
1856 2746 1983 2783 eligatur.
2005 2745 2031 2774 Si

1183 2798 1274 2824 tamen
1299 2794 1452 2831 contingat,
1474 2794 1595 2831 aliquem
1617 2801 1653 2822 ex
1675 2793 1823 2830 praedictis
1852 2793 1894 2821 vel
1925 2792 2032 2829 aliquos

339 2961 346 2974 ¹
365 2963 380 2984 E
398 2961 515 2990 dimissio,
533 2962 575 2984 sed
595 2962 662 2984 simul
681 2964 782 2988 notatur,
805 2960 909 2983 codicem
928 2959 1014 2982 habere
1034 2958 1124 2982 divisio.

339 3000 347 3013 ²
366 3002 381 3022 Ε
395 3001 493 3030 fuerint.

339 3039 347 3051 Ξ
367 3040 382 3061 Ε
399 3039 519 3062 dicantur.
987 3036 996 3049 ⁴
1013 3038 1029 3059 E
1048 3035 1124 3064 Quod.

1246 2956 1255 2969 ⁵
1273 2958 1288 2979 Ε
1306 2956 1435 2986 continyet,
1448 2959 1470 2978 et
1485 2956 1569 2978 deinde
1580 2959 1641 2978 recte
1653 2954 1787 2978 discussum
1800 2954 1835 2977 bis
1847 2960 1889 2982 pro
1902 2953 2030 2977 discussus.

1245 2995 1254 3009 ‘³
1271 2997 1301 3019 Et
1319 2995 1516 3025 quandocumque
1534 2998 1567 3017 est
1584 2995 1613 3017 ad
1631 2994 1768 3022 marginem.

1245 3034 1253 3047 ⁷
1272 3036 1297 3057 Et
1313 3040 1394 3056 revera
1412 3034 1442 3056 ita
1461 3039 1553 3061 semper
1572 3033 1624 3055 fecit
1640 3036 1733 3055 sanctus
1748 3033 1917 3054 Bonaventura.
