2133 3317
12 714 15 740 Ι

30 547 117 570 Quantum

22 569 124 589 humiliatus

14 548 70 641 them
77 591 128 611 Chri-

49 617 92 634 nun.

14 1014 77 1034 Mu·
90 1015 118 1032 est

30 1037 101 1058 vermis.

16 1440 106 1460 Pinnos

27 1469 93 1484 verme.

581 196 777 225 OPUSCULUM
799 197 829 224 X.
852 197 937 225 ViTls
958 197 1107 226 MYSTICA.
1129 197 1390 226 ADDITAMENTUM
1412 198 1452 226 IV.
1466 219 1472 224 .

146 275 229 300 cordis
247 275 385 299 delectatur
404 275 446 299 ille
464 275 506 305 qui
525 274 640 298 intuetur
659 281 703 298 cor
714 273 734 303 ¹,
748 275 806 305 quia
819 275 843 298 in
858 274 989 299 humilium

145 317 258 343 cordibus
277 317 416 348 requiescit.
436 317 539 346 Quaerit
556 317 621 341 enim
640 317 714 341 corda
732 317 849 346 humilia,
870 325 933 349 quae
945 318 991 342 ele-

145 360 200 389 vet,
218 367 267 384 non
287 359 395 388 tumida,
413 367 428 384 a
447 359 536 390 quibus
556 359 660 384 resiliat.

215 403 256 427 59.
276 403 321 427 Sed
340 403 398 434 quia
416 403 464 427 duo
483 403 623 433 posuimus,
643 409 705 433 quae
723 402 794 427 nobis
813 403 990 427 consideranda

145 446 217 474 sunt,
237 445 330 470 scilicet
342 447 467 476 quantum
479 446 505 470 et
518 452 598 476 quare
610 445 741 469 humiliata
755 445 802 469 fuit
814 445 874 469 vitis
889 445 989 475 nostra,

145 488 265 513 Dominus
278 488 363 517 Iesus3
376 488 509 519 utrumque
522 488 567 513 hoc
580 489 628 512 iam
642 488 804 519 explicemus,
821 488 879 519 quia
892 488 989 512 vestrae

145 529 222 556 nota.²
242 531 302 555 sunt
319 530 428 555 caritati.
454 531 543 556 Deficit
570 531 653 555 tamen
681 531 806 555 humanus
833 531 989 562 intellectus,

144 574 207 599 ratio
235 574 371 598 succumbit
400 574 425 598 in
456 574 665 603 consideratione,
694 574 820 604 quantum
842 573 989 598 humiliatus

144 616 218 641 fuerit
238 617 366 641 Dominus.
385 617 510 646 Quomodo
537 617 601 641 enim
629 617 691 641 scire
719 623 803 647 posses
830 616 988 641 deiectionem

142 660 306 688 humilitatis,
326 661 374 684 nisi
392 660 467 684 etiam
486 660 655 684 excellentiam
678 659 853 684 dominationis
875 666 989 690 agnosce-

142 703 203 728 res'?
222 703 332 734 Loquere
351 703 430 732 enim,
449 703 567 734 quidquid
587 702 690 733 potes³3
710 702 821 733 nunquid
846 709 987 726 01003013ιο

141 746 248 777 gloriae,
268 746 393 776 potentiae
413 746 438 770 et
456 746 632 777 pulcritudinis
656 746 709 770 eius
731 745 863 776 attinges?
882 745 938 769 Non
957 745 988 769 ad

142 789 186 814 hoc
204 789 295 820 Angeli
313 796 391 820 neque
411 789 541 814 Cherubim
561 796 638 820 neque
661 788 788 819 Seraphim
813 787 987 819 pervenerunt.

140 831 197 857 Non
216 832 280 856 enim
299 832 383 863 aliqua
401 832 516 856 creatura
536 832 614 856 Deum
632 831 758 862 cognoscit
777 831 812 855 ita
834 831 944 861 plenarie
963 830 988 854 et

140 874 260 906 perfecte,
280 874 345 899 sicut
363 875 415 906 ipse
434 874 489 904 est3
508 874 602 906 quanto
622 875 703 898 minus
722 873 796 898 homo
811 874 923 904 putredo
943 873 987 898 aut

139 916 211 947 silius
230 917 341 942 hominis
359 917 491 941 vermis⁴?
509 917 542 941 Et
567 917 649 941 tamen
675 917 733 948 quia
758 916 845 940 tantus
870 916 938 945 erat,
958 916 987 940 ut

138 960 328 991 magnitudinis
347 961 401 985 eius
418 967 471 984 non
491 961 553 985 esset
570 960 646 991 sinis,
665 960 696 984 ad
715 959 760 985 1100
781 959 915 984 inclinatus
934 959 985 988 est,

138 1002 167 1027 ut
185 1002 264 1027 Filius
288 1002 395 1027 hominis
420 1002 491 1027 fieret
509 1003 608 1027 vermis.
628 1002 648 1027 Ο
667 1003 762 1034 quanta
780 1002 926 1026 humilitas!
946 1002 986 1026 In-

137 1045 365 1076 comprehensibilis
379 1046 445 1070 Deus
458 1046 513 1070 vult
526 1045 710 1077 comprehendi,
724 1052 836 1070 summus
851 1045 985 1074 humiliari,

138 1088 326 1119 potentissimus
344 1088 450 1119 despici,
471 1088 652 1120 pulcherrimus
665 1088 810 1117 deformari,
831 1087 986 1119 sapientissi-

137 1138 193 1155 mus
211 1130 264 1155 fieri
282 1133 312 1155 ut
331 1131 503 1162 iumentum5,
522 1131 671 1156 immortalis
690 1131 765 1160 mori,
780 1131 817 1160 et,
831 1131 985 1162 0100010011-

136 1174 175 1199 dio
193 1173 335 1204 absolvam,
356 1174 422 1199 Deus
442 1175 497 1199 vult
522 1174 575 1199 fieri
595 1174 760 1199 vermiculus!
780 1174 843 1203 Quid
866 1173 985 1198 excelsius

136 1216 201 1247 Deo,
220 1217 279 1248 quid
297 1217 430 1242 vermiculo
449 1217 574 1242 inferius?
592 1218 663 1249 Eyo,
682 1216 794 1248 inquit⁶⁷
813 1217 906 1242 vermis
927 1224 985 1241 sum

135 1260 159 1284 et
176 1267 227 1284 non
246 1259 329 1284 homo.
344 1260 424 1289 Quare
444 1261 534 1285 vermis
544 1262 555 1284 ἶ)
573 1261 631 1292 quia
644 1260 722 1285 Filius
735 1260 850 1285 hominis.
864 1260 906 1284 Ita
918 1260 984 1284 enim

134 1302 210 1327 habes
229 1303 254 1327 in
273 1302 335 1327 Iob:
354 1302 438 1328 Astra
456 1311 510 1328 non
528 1305 589 1328 sunt
606 1303 705 1328 munda
725 1304 752 1327 in
770 1304 904 1334 conspectu
916 1303 983 1332 eius,

134 1347 231 1376 quanto
249 1346 334 1377 mayis
353 1346 427 1370 homo
442 1347 554 1377 putredo
573 1348 597 1370 et
613 1346 685 1377 filius
704 1346 816 1371 hominis
834 1346 926 1370 vermis
937 1346 951 1370 ,9

205 1388 247 1412 60.
267 1388 291 1412 Si
311 1396 369 1419 ergo
388 1388 455 1413 filius
473 1389 579 1414 hominis
598 1389 689 1413 vermis
708 1388 760 1417 est,
780 1388 865 1419 utique
886 1388 911 1413 et
930 1389 982 1419 ipse

133 1431 225 1456 vermis
242 1431 293 1460 est,
313 1432 381 1463 quia,
396 1433 449 1463 ipso
462 1432 583 1462 testante,
602 1432 681 1457 Filius
699 1431 805 1456 hominis
823 1432 875 1461 est3
894 1438 981 1462 quem,

132 1474 214 1505 inquit
224 1476 245 1503 ⁷,
264 1474 354 1499 dicunt
372 1474 487 1499 homines
503 1482 554 1499 esse
566 1474 669 1499 Filium
682 1474 794 1499 hominis
804 1474 817 1498 .?
835 1474 908 1503 Ecce,
923 1481 981 1505 qua-

131 1517 180 1542 lem
199 1517 381 1542 distinctionem
401 1517 461 1542 facit
479 1518 545 1542 inter
564 1518 691 1542 hominem
704 1517 729 1542 et
742 1517 843 1542 Filium
860 1517 980 1542 hominis.

131 1561 257 1585 Homines
276 1561 401 1592 appellat,
421 1561 462 1592 qui
487 1561 516 1585 de
541 1561 620 1592 primo
645 1561 742 1585 homine
761 1561 841 1585 Adam
867 1568 910 1591 per
929 1567 979 1585 001-

131 1603 270 1634 ruptionem
284 1603 471 1628 descenderunt.
484 1603 554 1628 Unde
567 1603 612 1628 Iob
625 1604 674 1628 ait:
692 1603 793 1635 Quanto
809 1603 891 1634 mayis
904 1603 977 1627 homo

126 1645 237 1677 putredo
248 1646 262 1670 ?
279 1647 338 1677 quia
355 1647 380 1671 in
401 1647 530 1677 putredine
543 1647 669 1677 corruptio
688 1646 742 1676 est;
761 1647 814 1677 ipse
833 1653 891 1671 vero
909 1646 977 1671 solus

130 1696 209 1720 purus
228 1689 344 1714 Christus
363 1689 496 1719 Dominus,
516 1690 574 1721 quia
597 1690 649 1714 sine
671 1690 829 1721 corruptione
848 1689 876 1713 de
895 1689 976 1714 Matre

130 1731 233 1764 Virgine
251 1733 327 1757 natus
346 1732 392 1757 est.
411 1733 440 1757 Se
458 1733 555 1764 quidem
575 1740 623 1758 non
643 1733 756 1764 appellat
777 1732 914 1761 hominem,
934 1733 976 1764 qui

129 1775 215 1806 utique
234 1775 338 1806 putredo
356 1776 409 1806 est,
428 1775 471 1800 sed
489 1775 591 1800 Filium
610 1776 737 1806 hominis,
757 1776 799 1807 qui
817 1776 908 1800 vermis
929 1776 975 1800 est.

130 1818 198 1843 Sicut
215 1819 280 1843 enim
299 1819 390 1843 vermis
409 1819 438 1843 de
457 1819 510 1844 sola
524 1819 606 1847 terra,
620 1819 657 1843 ita
669 1819 740 1843 Iesus
754 1819 869 1843 Christus
881 1819 910 1843 de
923 1819 976 1844 sola

130 1861 233 1893 Virgine
260 1861 395 1893 generatur
404 1859 422 1886 ⁸.
450 1861 470 1886 Ο
497 1869 571 1893 quani
600 1862 701 1886 humilis
728 1862 877 1886 vermiculus
905 1862 976 1886 Iesus

131 1904 258 1934 Christus,
278 1905 320 1936 qui
338 1905 506 1936 opprobrium
522 1904 603 1929 factus
621 1905 659 1929 est
679 1905 809 1929 hominum
828 1906 852 1929 et
870 1905 976 1929 abiectio

129 1947 210 1978 plebis
220 1945 241 1979 Β,
264 1947 296 1972 31)
318 1947 459 1972 hominibus
480 1947 638 1979 contemptus
666 1948 718 1972 sine
746 1955 834 1977 causa,
854 1948 906 1972 sine
925 1948 977 1972 vin-

130 1990 210 2019 dicta,
229 1990 387 2015 conculcatus
406 1990 471 2015 sicut
490 1991 591 2015 vermis!
616 1989 679 2016 Cum
697 1990 906 2021 malediceretur,
925 1998 977 2015 non

130 2033 310 2063 maledicebat;
328 2040 385 2058 eum
400 2034 549 2064 pateretur,
564 2041 618 2058 non
631 2033 844 2058 comminabatur.
857 2033 977 2058 Humilia-

131 2076 173 2101 tus
191 2076 240 2105 est,
261 2076 290 2100 ut
308 2076 379 2101 fieret
397 2076 483 2105 homo,
504 2076 534 2100 ut
551 2076 692 2101 hominibus
710 2076 870 2106 subderetur,
890 2076 977 2101 beatae

130 2118 207 2143 Matri
230 2119 255 2143 et
273 2118 363 2150 Ioseph
383 2118 487 2144 nutritio
507 2126 551 2144 3110
562 2117 593 2148 ¹⁰,
611 2119 716 2143 Simeoni
735 2118 899 2149 exspectatori
919 2125 977 2148 300,

130 2169 188 2188 non.
199 2162 277 2187 solum
297 2161 379 2191 bonis,
400 2169 484 2187 verum
498 2162 572 2187 etiam
586 2162 672 2191 1113113,
686 2162 792 2187 terrenis
811 2162 978 2193 potestatibus

131 2205 230 2230 solvens
257 2212 312 2229 cum
340 2205 415 2230 Petro
444 2205 588 2230 didrachma
615 2204 743 2230 inventum
773 2205 798 2229 in
826 2212 868 2230 ore
896 2205 978 2236 piscis.

131 2247 250 2272 Subditus
268 2248 307 2272 est
325 2248 413 2273 Ioanni
436 2248 588 2279 baptismate
613 2256 670 2277 suo,
696 2249 738 2280 qui
761 2248 792 2273 ab
817 2249 871 2280 ipso
896 2248 980 2279 potius

132 2290 216 2315 debuit
240 2289 400 2321 baptizari¹¹.
426 2291 580 2315 Humiliatus
609 2291 647 2316 est
671 2299 748 2322 usque
773 2291 804 2316 ad
828 2291 979 2316 ablutionem

195 2422 202 2435 ¹
221 2423 282 2446 Libr.
301 2424 314 2445 Ι.
332 2424 389 2451 Reg.
408 2424 449 2452 16,
466 2424 489 2446 7.
506 2436 536 2439 ——
553 2424 596 2446 Pro
614 2423 669 2453 quia
690 2423 713 2446 in
739 2424 757 2446 A
783 2424 872 2453 quiin,
892 2428 914 2447 et
935 2431 978 2453 pro

132 2453 205 2478 corda
222 2454 322 2477 humilia
339 2455 379 2483 (ita
397 2455 424 2483 A)
444 2455 499 2477 Bon.
516 2461 569 2477 cum
586 2455 624 2477 ed.
642 2456 650 2477 1
672 2454 746 2478 corda
763 2454 898 2478 humilium.

194 2484 203 2498 ²
221 2486 250 2508 lta
268 2487 298 2514 A;
317 2486 373 2508 Bon.
391 2492 444 2508 cum
467 2486 503 2508 011.
522 2487 530 2507 l
552 2486 642 2513 votiva,
664 2487 704 2515 11111
727 2487 795 2509 etiam
818 2487 913 2509 10101103
936 2494 978 2515 pro

132 2517 165 2539 De
183 2516 213 2540 cit
229 2518 309 2540 tami-n
325 2517 364 2545 (ita
384 2519 410 2545 A)
429 2517 546 2540 substituit
564 2517 644 2547 Deficit
660 2517 735 2545 enim,
746 2520 768 2540 et
779 2518 866 2540 0101330
883 2518 907 2540 z'n
924 2524 978 2541 con-

132 2547 154 2571 si
169 2548 274 2571 eratione
292 2549 329 2574 (iia
348 2549 389 2577 A),
407 2551 460 2576 post
476 2549 592 2572 Dominus
609 2549 673 2571 addit
690 2549 714 2571 in
732 2549 916 2572 conversatione.

195 2578 204 2592 ³
221 2580 250 2601 lta
269 2580 299 2606 A;
317 2580 371 2602 Bon.
389 2586 442 2602 cum
459 2580 496 2602 ed.
515 2581 523 2602 ’1
546 2580 650 2609 Loquere
666 2580 736 2603 enim.
755 2579 817 2608 Quid
831 2582 917 2609 poles?

194 2610 204 2622 ⁴
222 2610 261 2633 {ob
278 2611 320 2639 25,
338 2612 367 2638 6;
387 2611 442 2634 vide
458 2611 576 2640 aliquanto
594 2611 740 2634 01101103.-
752 2611 855 2634 Subinde
867 2612 978 2639 allegatur

133 2641 168 2664 Ρ3.
189 2641 244 2668 144,
263 2642 283 2664 3.

196 2671 205 2684 ⁵
222 2673 303 2695 Psalm.
320 2673 363 2701 72,
381 2674 425 2696 23;
443 2674 471 2696 Ut
487 2674 615 2695 iumentum
634 2674 707 2696 sactus
724 2680 774 2695 3001
788 2674 850 2701 apud
862 2676 933 2696 te.—
945 2674 978 2695 ln-

133 2704 205 2747 serius³
219 2705 304 2757 p'ro'ut
320 2704 456 2757 {ampfmlio
467 2704 599 2758 Sszbsoltvarrt'
614 2705 632 2757 ἑὲ
648 2706 677 2758 ‘gt
691 2710 814 2758 stgmmum
828 2704 916 2758 gfff'm'

239 2741 304 2757 sam.
338 2745 363 2762 ι,
397 2748 450 2758 .-
483 2742 575 2758 emur
602 2742 615 2757 o
665 2745 692 2762 ,1,
725 2753 730 2758 .
749 2742 772 2758 se
792 2743 810 2758 .:
829 2742 909 2757 „ene
931 2742 976 2757 non

133 2769 186 2788 sunt
197 2766 304 2810 710001130
315 2769 359 2789 οῑ0.
372 2767 413 2789 Pro
425 2742 514 2796 quant}
529 2767 606 2796 muyis
618 2767 656 2789 ed.
668 2768 676 2789 1
693 2773 745 2789 cum
759 2742 877 2796 Aqquunto
889 2766 978 2790 minus.

222 2798 299 2820 Metti).
317 2798 359 2825 ⁴6,
377 2799 414 2820 13.

196 2827 205 2840 ⁸
222 2828 266 2851 Csr.
284 2829 385 2856 Bonav.,
402 2829 530 2852 Comment.
549 2830 570 2851 in
588 2829 649 2851 10311.
665 2835 685 2851 0.
705 2829 725 2851 l.
738 2835 760 2851 n.
776 2829 825 2851 103.
837 2842 867 2845 —
879 2830 901 2851 ln
915 2835 978 2857 prae-

134 2859 230 2882 cedente
247 2861 405 2888 propositione
421 2861 438 2883 A
457 2860 540 2883 omittit
557 2859 650 2889 quidem
667 2863 689 2882 et
705 2860 746 2890 qui
762 2859 848 2883 vermis
865 2861 906 2883 est.

197 2889 206 2902 ⁹
224 2891 305 2913 Psalm.
323 2892 363 2919 21,
381 2892 403 2914 7.
420 2903 450 2908 -
468 2892 576 2920 Sequitur
593 2892 607 2914 1.
620 2892 678 2914 Petr.
696 2892 721 2918 2,
740 2892 776 2914 23.
795 2904 825 2908 -
842 2892 885 2914 Pro
896 2890 926 2914 ab
937 2891 976 2914 ho-

134 2920 236 2944 minibus
253 2923 399 2952 contemptus
416 2923 434 2944 A
451 2922 480 2945 ab
497 2922 606 2945 omnibus
623 2923 774 2951 aspernatus.

197 2952 216 2965 ¹⁰
233 2952 278 2976 Cir.
296 2954 349 2975 Luc.
367 2954 393 2981 2,
411 2954 456 2980 5=1;
473 2953 529 2976 ibid.
547 2960 569 2976 v.
587 2954 631 2976 28:
650 2955 675 2976 Et
696 2954 744 2982 ipse
762 2953 872 2982 [Simeon]
890 2953 979 2981 accepit

134 2989 188 3005 eum
205 2984 226 3006 in
245 2985 309 3007 ulnas
325 2991 385 3007 suas.
398 2984 473 3007 Matth.
487 2984 528 3013 17,
541 2985 577 3007 23.
590 2991 654 3013 seqq.
666 2985 695 3007 de
709 2985 821 3007 solvendo
835 2985 978 3007 didrachma.

1839 199 1892 227 195

1048 276 1135 306 pedum
1156 276 1332 307 discipulorum
1352 283 1452 301 suorum
1472 276 1551 301 honus
1570 276 1595 300 et
1613 276 1735 307 benignus
1754 276 1833 301 Iesus.
1850 276 1893 302 Po-

1047 318 1139 342 stremo
1158 319 1305 343 humiliavit
1323 320 1495 350 semetipsum,
1515 318 1600 349 factus
1621 319 1736 344 obediens
1760 326 1839 350 usque
1859 319 1894 344 ad

1046 362 1166 391 mortem,
1184 363 1292 386 mortem
1311 363 1395 386 autem
1414 363 1499 387 crucis
1509 360 1536 386 ¹².
1550 362 1601 391 Quo
1617 362 1686 386 ultra
1699 362 1813 393 progredi
1826 362 1893 393 pote-

1046 403 1146 427 rimus?
1164 404 1279 428 Mortuus
1306 412 1354 429 non
1373 405 1484 435 qualibet
1511 405 1604 433 morte,
1624 405 1666 429 sed
1692 405 1771 430 morte
1798 406 1892 436 0111013,

1046 446 1125 470 inerte
1145 446 1291 476 turpissima
1309 447 1485 472 condemnatus
1510 448 1557 472 est.
1577 447 1681 472 Videsne
1704 447 1796 479 igitur,
1815 455 1891 479 quan—

1046 488 1099 512 tum
1119 488 1143 512 in
1163 489 1213 513 vite
1238 490 1338 518 nostra,
1359 489 1464 521 benigno
1483 490 1553 519 Iesu,
1574 490 1619 515 fios
1638 490 1684 515 iste
1703 491 1826 516 violaceus
1851 490 1892 516 fio-

1046 531 1146 555 ruerit'?
1164 531 1238 556 Multi
1257 539 1334 563 usque
1353 533 1383 556 ad
1403 534 1506 557 mortem
1525 533 1650 558 humiliati
1663 534 1735 563 sunt,
1749 534 1791 558 sed
1804 541 1893 565 nequa-

1045 581 1119 604 quam
1147 581 1174 598 00
1202 574 1372 605 vilipensionis
1393 575 1584 605 descenderunt,
1604 577 1662 607 quia
1685 577 1842 608 nunqnam¹³
1861 577 1892 602 ad

1045 616 1143 640 tantam
1163 617 1338 642 exaltationem
1358 620 1531 648 pervenerant.
1551 619 1610 649 Quis
1635 621 1700 644 enim
1725 620 1833 645 oninium
1853 620 1892 645 bo-

1045 666 1133 684 norum
1152 660 1309 684 morientium
1329 661 1375 685 sibi
1395 662 1476 692 potuit
1501 670 1622 693 usurpare
1648 663 1711 694 quod
1736 663 1764 687 de
1793 663 1892 688 Christo

1045 702 1102 727 Iesu
1121 702 1214 727 dictum
1233 703 1271 727 est
1282 703 1313 727 ¹⁴:
1338 702 1401 728 Cum
1415 704 1441 728 in
1454 703 1540 733 forma
1553 706 1603 730 Dei
1615 708 1691 737 esset,
1704 714 1757 730 non
1770 707 1891 737 rapinam

1045 745 1190 769 arbitratus
1208 746 1258 775 est,
1278 752 1329 770 esse
1353 753 1378 770 se
1403 747 1535 777 aequalem
1553 748 1608 772 Deo
1620 748 1633 772 ‚⁹
1652 749 1745 773 Nullus
1768 749 1890 780 profecto,

1044 788 1102 818 quia
1130 788 1215 812 nullus
1242 787 1369 813 hominum
1395 790 1494 819 praeter
1517 790 1598 820 ipsum
1618 791 1684 815 Deus
1703 791 1766 816 erat.
1785 792 1889 816 Maxime

1044 837 1103 861 ergo
1121 830 1268 855 humiliatus
1288 830 1348 859 fuit,
1369 832 1410 862 qui
1429 832 1510 860 301113,
1530 840 1586 857 cum
1606 834 1633 857 in
1652 833 1738 863 forma
1751 835 1801 858 Dei
1813 836 1890 866 essct,

1043 873 1186 897 exintmivit
1202 874 1378 904 semetipsum,
1397 873 1509 903 formam
1523 876 1588 900 servi
1602 877 1741 907 accipiens,
1756 877 1781 901 et
1794 877 1824 902 311
1837 877 1891 902 tan-

1043 916 1095 940 tam
1124 916 1283 941 abiectionem
1312 917 1457 948 deveniens,
1483 918 1512 942 ut
1539 918 1570 942 ab
1598 919 1737 944 hominibus
1765 920 1812 944 iam
1841 927 1889 944 non

1043 958 1129 987 homo,
1148 959 1190 983 sed
1209 960 1359 984 vermiculus
1379 960 1547 990 reputaretur.

1114 1001 1156 1026 61.
1175 1002 1220 1026 Sed
1237 1010 1299 1033 quae
1312 1002 1351 1027 est
1363 1010 1442 1027 causa
1455 1004 1541 1028 tantae
1554 1004 1733 1029 humiliationis
1746 1005 1770 1029 in
1784 1005 1889 1036 benigno

1042 1044 1099 1069 Iesu
1110 1046 1121 1068 ‘r‘
1140 1045 1197 1070 Non
1217 1046 1282 1070 enim
1301 1046 1354 1070 sine
1372 1046 1515 1070 rationabili
1534 1047 1681 1071 necessitate
1694 1048 1719 1071 et
1731 1047 1798 1071 iusta
1815 1055 1890 1072 causa

1042 1088 1077 1112 sic
1095 1087 1242 1112 humiliatus
1261 1088 1300 1113 est
1319 1088 1397 1113 Filius
1420 1089 1445 1113 et
1470 1089 1597 1120 Sapientia
1622 1089 1720 1119 Patris,
1741 1098 1802 1121 quae
1828 1091 1889 1115 nihil

1042 1131 1094 1155 sine
1113 1138 1188 1155 causa
1207 1131 1274 1155 facit.
1295 1131 1355 1161 Quid
1376 1132 1463 1156 multis
1481 1133 1663 1156 immoramur?
1681 1132 1787 1163 Propter
1799 1133 1844 1158 1100
1858 1133 1891 1158 fa-

1041 1174 1096 1198 ctus
1115 1174 1154 1198 est
1172 1174 1258 1203 1101110,
1277 1174 1306 1199 ut
1324 1174 1435 1199 homines
1454 1175 1602 1204 redimeret;
1622 1175 1763 1200 infirmatus
1787 1175 1838 1205 est,
1862 1176 1891 1200 ut

1041 1217 1141 1241 nostras
1160 1217 1320 1242 infirmitates
1339 1218 1454 1247 curaret;
1474 1218 1546 1249 inops
1565 1218 1646 1243 factus
1662 1218 1713 1247 est,
1733 1219 1762 1243 ut
1781 1226 1826 1243 sua
1845 1226 1889 1244 nos

1040 1261 1124 1291 inopia
1143 1260 1235 1285 ditaret
1246 1259 1279 1290 ’ἣ
1299 1261 1446 1285 humiliatus
1464 1262 1513 1291 est,
1527 1262 1556 1286 ut
1575 1269 1619 1286 nos
1632 1262 1767 1291 exaltaret3
1781 1262 1889 1287 traditus

1040 1303 1079 1328 est
1097 1303 1128 1327 ad
1148 1304 1266 1332 mortem,
1286 1304 1359 1328 innno
1379 1304 1492 1328 mortuus
1511 1304 1564 1333 est,
1584 1304 1612 1329 ut
1631 1312 1676 1329 nos
1695 1305 1840 1330 vivificaret.

1111 1346 1171 1375 Quis
1190 1353 1265 1370 sanae
1284 1346 1374 1371 mentis
1393 1347 1536 1371 contemnat
1560 1347 1687 1372 humiliari
1710 1348 1812 1379 propter
1835 1348 1886 1372 tam

1038 1389 1197 1414 humiliatum
1218 1397 1262 1420 pro
1281 1389 1373 1414 nobis?
1392 1390 1425 1414 Et
1443 1390 1501 1414 licet
1519 1391 1613 1415 inultae
1632 1391 1683 1415 sint
1704 1398 1806 1419 causae,
1825 1398 1887 1422 quae

1038 1439 1083 1456 nos
1102 1432 1133 1456 ad
1152 1432 1319 1457 humilitatem
1348 1433 1451 1464 cogant,
1474 1433 1567 1458 scilicet
1595 1433 1693 1458 initium
1722 1434 1886 1465 pudorosum,

1038 1475 1091 1499 vita
1109 1475 1237 1504 dolorosa,
1257 1475 1314 1500 finis
1334 1476 1480 1503 timorosus,
1500 1477 1581 1501 metus
1600 1476 1741 1507 gehennae,
1762 1484 1818 1508 spes
1836 1484 1888 1501 cae-

1037 1518 1155 1548 lestium3
1174 1518 1214 1543 his
1233 1519 1316 1543 tamen
1335 1519 1416 1543 causis
1434 1519 1538 1550 aliisque
1549 1522 1576 1548 ¹⁶,
1591 1520 1611 1543 si
1627 1527 1689 1550 quae
1709 1519 1780 1548 sunt,
1793 1526 1888 1544 cessan-

1037 1561 1118 1591 tibus,
1133 1561 1186 1586 sola.
1199 1561 1273 1592 Regis
1286 1562 1377 1591 nostri,
1392 1562 1516 1587 Creatoris
1530 1563 1622 1591 nostri,
1637 1562 1722 1587 Patris
1741 1562 1833 1592 nostri,
1846 1562 1888 1587 Re-

1036 1604 1172 1635 demptoris
1190 1604 1284 1633 nostri,
1301 1604 1436 1629 dulcissimi
1450 1605 1474 1629 et
1488 1605 1573 1636 optimi
1587 1605 1646 1629 Iesu
1660 1605 1788 1630 humilitas
1801 1606 1831 1630 ad
1845 1606 1888 1630 hu-

1033 1647 1151 1672 militatis
1170 1647 1290 1672 virtutem
1315 1655 1360 1672 nos
1385 1655 1433 1672 non
1458 1648 1538 1673 solum
1567 1648 1684 1677 incitare,
1705 1649 1746 1673 sed
1767 1649 1886 1674 violenter

1031 1698 1117 1722 cogere
1138 1691 1246 1715 deberet.
1265 1705 1301 1708 —
1318 1691 1485 1715 Humiliomur
1504 1692 1582 1722 igitur
1601 1691 1626 1716 et
1646 1691 1749 1723 propter
1772 1692 1883 1723 supradi-

1033 1734 1090 1761 ctas
1108 1741 1210 1763 causas,
1230 1734 1259 1758 ut
1278 1734 1355 1758 vicem
1366 1732 1384 1746 ¹⁷
1403 1734 1568 1765 rependamus
1582 1734 1684 1765 propter
1700 1742 1744 1759 nos
1757 1735 1887 1760 humiliato

1031 1777 1136 1802 Domino
1149 1777 1221 1806 Iesu,
1238 1777 1369 1802 offerentes
1381 1777 1471 1801 violam
1485 1777 1637 1801 humilitatis
1650 1778 1743 1808 ipsius,
1757 1785 1805 1809 qua
1818 1778 1884 1809 ipse,

1031 1820 1091 1845 vitis
1113 1820 1200 1845 nostra
1219 1820 1271 1844 tam
1290 1819 1438 1844 excellenter
1456 1819 1578 1847 effloruit,
1603 1820 1628 1844 et
1653 1821 1678 1845 in
1703 1821 1773 1845 corde
1798 1821 1884 1846 nostro

1032 1863 1181 1895 gustantes,
1200 1863 1230 1887 ut
1247 1862 1313 1887 huno
1331 1862 1415 1887 florem
1435 1870 1521 1891 suum,
1536 1870 1609 1894 quem
1622 1864 1675 1894 ipse
1688 1864 1828 1894 specialiter
1840 1871 1883 1889 vo-

1032 1906 1081 1931 luit
1099 1906 1285 1936 commendare,
1305 1912 1482 1937 recognoscens
1501 1906 1526 1930 in
1552 1906 1637 1935 nobis,
1656 1913 1701 1931 nos
1726 1914 1823 1936 secum,
1842 1907 1883 1937 qui

1032 1956 1109 1980 super
1128 1956 1200 1974 omne
1218 1956 1309 1973 nomen
1321 1949 1446 1973 exaltatus
1465 1949 1504 1973 est
1515 1949 1546 1978 ¹³,
1566 1950 1716 1980 intempore
1728 1950 1885 1975 visitationis

1033 1999 1092 2016 suae
1113 1991 1225 2016 exaltare
1244 1991 1369 2023 dignetur.

1361 2077 1444 2102 CAPUT
1464 2077 1561 2102 XVIII.

1179 2163 1219 2187 De
1237 2163 1299 2193 flore
1318 2163 1460 2194 castitatis,
1480 2170 1546 2194 quae
1564 2164 1601 2188 est
1620 2163 1705 2188 lilium
1716 2163 1743 2187 ¹⁹.

1107 2248 1149 2273 62.
1169 2248 1226 2273 Non
1246 2248 1328 2280 potuit
1346 2248 1429 2273 deesse
1449 2249 1474 2273 in
1494 2249 1543 2274 vite
1563 2249 1649 2274 nostra
1665 2249 1767 2275 florente
1780 2249 1825 2275 fios
1838 2250 1884 2275 lilii

1036 2291 1179 2321 candentis,
1199 2291 1320 2316 excellens
1338 2292 1464 2316 castitatis
1477 2292 1582 2323 insigne.
1597 2292 1667 2317 Inter
1680 2300 1764 2317 0011103
1778 2293 1884 2317 virtutes

1036 2425 1095 2448 Vide
1112 2431 1182 2453 snpra
1201 2431 1254 2453 pag.
1274 2425 1330 2453 465,
1348 2428 1425 2447 notam
1443 2425 1464 2447 5.
1482 2437 1512 2441 —
1532 2426 1625 2448 interius
1637 2425 1734 2447 vocibus
1745 2431 1792 2448 non
1804 2425 1882 2448 solum

1035 2455 1101 2479 bonis
1118 2457 1135 2478 A
1153 2456 1259 2484 praefigit
1276 2457 1305 2478 el.

1098 2486 1116 2500 ¹¹
1135 2488 1211 2509 Matth.
1229 2488 1241 2509 3
1250 2505 1255 2515 ,
1277 2487 1353 2509 13-15.
1365 2500 1395 2503 —
1407 2488 1439 2509 De
1451 2487 1535 2509 lotione
1548 2488 1634 2515 pedum
1649 2488 1815 2515 discipulorum
1828 2488 1882 2510 vide

1035 2519 1095 2540 ioan.
1114 2518 1156 2545 113,
1174 2519 1196 2540 5.
1705 2518 1724 2531 ¹²
1743 2519 1797 2541 Phil.
1816 2519 1842 2545 2,
1861 2520 1881 2541 8.

1098 2548 1117 2561 ¹³
1134 2549 1190 2571 Cod.
1203 2550 1220 2571 A
1232 2548 1273 2572 sed
1283 2555 1434 2578 nequaquam
1443 2551 1544 2577 tantum,
1556 2549 1612 2579 quia
1625 2556 1776 2579 neququmz
1788 2551 1881 2573 tautum

1034 2580 1216 2607 descenderunt,
1235 2580 1277 2609 qui
1291 2586 1425 2609 nunquam.

1097 2611 1116 2624 ²¹
1133 2612 1187 2633 Phil.
1205 2612 1233 2638 2,
1250 2612 1277 2638 6,
1294 2612 1330 2634 cui
1348 2612 1464 2640 aliquanto
1482 2612 1575 2634 inferius
1592 2612 1684 2634 additur
1702 2619 1724 2634 v.
1741 2612 1763 2634 7.

1097 2641 1116 2655 ¹⁵
1133 2643 1203 2670 Epist.
1221 2643 1243 2665 ll.
1261 2642 1313 2665 Cor.
1331 2644 1358 2669 8,
1376 2643 1404 2664 9:
1422 2644 1517 2671 Propter
1532 2649 1575 2665 103
1586 2649 1673 2670 egenus
1686 2644 1758 2666 sactus
1769 2646 1815 2671 est,
1827 2650 1880 2666 cum

1032 2676 1092 2696 esset
1109 2674 1188 2701 dives,
1206 2678 1230 2696 ut
1247 2674 1306 2696 illius
1323 2674 1400 2701 inopia
1418 2680 1460 2696 vos
1476 2674 1560 2697 divites
1578 2675 1663 2697 essetis.
1682 2674 1738 2697 Cod.
1756 2676 1773 2697 A
1791 2676 1819 2698 ut
1836 2681 1880 2698 nos

1033 2704 1083 2728 eius
1101 2704 1179 2734 inopia
1197 2704 1278 2728 divites
1295 2710 1407 2727 essemus.

1097 2735 1116 2748 ¹⁶
1134 2737 1163 2758 lta
1181 2736 1211 2763 A;
1229 2736 1283 2758 Bon.
1300 2742 1353 2758 cum
1371 2736 1408 2758 ed.
1424 2737 1432 2758 Ι1
1448 2735 1530 2766 hisque
1546 2742 1599 2759 cum
1618 2736 1672 2759 aliis
1687 2737 1774 2760 causis.
1788 2737 1880 2760 inferius

1034 2773 1060 2789 ex
1078 2768 1094 2789 A
1112 2767 1273 2795 supplevimus
1290 2766 1409 2790 Creator-is
1426 2767 1510 2790 nostri.

1097 2797 1115 2810 ¹⁷
1133 2798 1190 2821 Cod.
1207 2799 1224 2820 A
1249 2799 1270 2821 et
1287 2799 1314 2821 ut
1338 2798 1411 2821 vicem
1432 2798 1513 2828 aliquo
1532 2798 1613 2826 modo,
1633 2799 1672 2828 qui
1695 2800 1763 2822 ctiam
1781 2800 1879 2823 subinde

1032 2829 1116 2851 omittit
1132 2830 1197 2858 lesu,
1214 2829 1337 2859 offerentes
1354 2832 1375 2852 ct
1393 2833 1445 2857 post
1461 2829 1564 2860 effloruit
1580 2837 1625 2852 non
1643 2830 1734 2853 exhibet
1751 2832 1778 2853 et.

1097 2859 1116 2872 ¹⁸
1134 2861 1187 2883 Phil.
1207 2862 1233 2888 2,
1251 2861 1277 2889 9,
1295 2864 1347 2888 post
1362 2867 1432 2890 quem
1451 2861 1465 2883 Ι.
1483 2861 1541 2883 Petr.
1558 2861 1584 2889 5,
1602 2862 1628 2884 6:
1641 2862 1796 2884 Humiliamini
1810 2862 1879 2890 igitur

1034 2891 1078 2913 sub
1095 2892 1181 2919 potenti
1200 2898 1269 2914 manu
1287 2892 1340 2920 Dei,
1358 2895 1382 2914 ut
1399 2898 1441 2914 vos
1452 2893 1533 2915 exaltet
1545 2893 1565 2914 in
1579 2896 1683 2921 tempore
1694 2894 1836 2916 visitationis.
1848 2906 1879 2910 —

1034 2923 1146 2950 Superius
1163 2926 1214 2951 post
1230 2922 1362 2952 specialiter
1379 2924 1435 2945 Bon.
1452 2929 1506 2946 curn
1523 2924 1560 2946 ed.
1579 2925 1586 2946 Ἰ1
1608 2927 1687 2947 contra
1706 2925 1722 2947 A
1736 2925 1799 2947 addit
1811 2925 1835 2948 iu
1846 2931 1877 2948 se.

1036 2954 1131 2976 inferius
1149 2957 1200 2982 post
1216 2953 1327 2983 (liquetur
1343 2956 1360 2977 A
1378 2955 1443 2977 addit
1460 2955 1541 2978 Amen.

1098 2984 1117 2997 ¹⁹
1134 2985 1189 3008 Cod.
1203 2986 1219 3007 A
1234 2986 1265 3008 De
1277 2984 1326 3008 lilio
1338 2985 1459 3015 ruminali,
1472 2987 1525 3008 Bon.
1541 2987 1572 3009 De
1583 2986 1680 3015 florente
1693 2986 1741 3010 lilio
1755 2987 1877 3010 castilulz's.

1902 1010 1954 1033 item,
1969 1016 2028 1034 quare

1908 1034 2023 1053 humiliatus.

1906 1353 1991 1371 Hortatio
1999 1353 2023 1372 ad

1901 1376 2025 1395 humilitatem

1907 1400 2020 1419 sectandam.
