2133 3317
142 930 169 948 De
182 931 249 953 quarto

149 952 242 976 exemplo.

128 1632 155 1650 De
172 1631 190 1650 5.
203 1632 258 1650 modo

151 1655 242 1679 fugiendi.

266 239 322 267 ⁶256

266 315 367 345 ibidem
383 315 565 350 Hieronymus
580 312 662 349 paulo
683 313 746 339 ante
758 312 768 327 ¹
789 309 959 347 praemittit:
986 321 999 334 «
1014 309 1115 338 Votum

267 366 333 391 tunc
353 360 516 390 Christianis
537 361 597 387 erat
618 366 669 395 pro
694 357 807 386 nomine
825 356 932 385 Domini
948 356 1038 393 gladio
1052 363 1115 392 per-

268 408 332 438 cuti.
348 408 452 436 Verum
467 405 554 434 hostis
569 404 684 434 callidus
704 403 784 433 tarda
797 403 831 432 ad
847 406 965 432 mortem
981 402 1116 440 supplicia

268 454 449 491 conquirens,
471 452 576 481 animas
597 451 726 488 cupiebat
746 450 888 487 iugulare,
912 458 966 478 non
990 457 1116 486 corpora,

268 505 295 531 et
306 504 338 530 ut
352 501 410 537 ipse
431 499 478 536 qui
503 498 537 527 ab
560 506 592 527 eo
606 505 704 535 passus
719 500 760 526 est
775 497 929 534 Cyprianus
943 497 995 531 ait,
1025 496 1117 525 volen-

267 549 342 577 tibus
356 547 427 575 mori
442 554 495 574 non
512 545 725 582 permittebatur
746 544 831 573 occidi
847 556 874 572 ».
895 544 965 573 Haec
986 544 1117 580 Hierony-

267 603 338 624 mus.
361 594 468 630 Quibus
489 592 603 630 praefati
627 592 732 621 erroris
753 591 889 621 sententia
910 600 964 620 non
985 591 1116 625 fulcitur,

269 641 315 670 sed
337 639 512 673 confutatur,
544 639 612 667 dum
643 638 756 672 asserit,
786 637 861 675 quod
885 637 960 666 illius
984 637 1118 674 temporis

268 688 403 724 Martyres
425 694 479 715 non
501 685 591 714 solum
613 693 667 713 non
689 684 847 721 fugiebant,
869 684 917 713 sed
938 684 1020 713 etiam
1034 684 1118 713 vehe-

269 737 377 762 menter
398 733 540 766 dolebant,
562 732 636 769 quod
658 731 744 760 occidi
766 739 820 760 non
849 733 993 768 poterant,
1021 738 1118 768 quem-

268 780 416 809 admodum
438 779 549 816 gloriosi
571 778 691 807 doctoris
706 781 733 807 et
748 778 875 815 Martyris
890 777 1018 814 Cypriani
1033 777 1118 806 verbo

269 829 297 856 et
317 826 446 863 exemplo
467 825 621 854 confirmat.

352 874 395 902 15.
419 873 555 909 Quartum
577 875 671 901 autem
693 872 871 908 exemplum,
894 871 968 908 quod
990 871 1119 908 proponit

271 921 304 950 de
326 920 451 954 Christo,
473 919 640 948 horrendam
663 919 715 956 piis
730 919 846 947 auribus
861 918 978 947 includit
991 918 1119 955 blasphe-

270 967 370 1001 miam,
393 967 473 1004 quia,
496 966 517 995 si
539 966 667 994 Christus
688 973 724 994 ex
747 965 903 994 humilitate
924 973 953 994 se
968 965 1002 993 ad
1016 968 1119 1001 marty-

271 1014 305 1043 rii
327 1014 519 1043 sustinentiam
542 1012 736 1050 imperfectum
759 1012 889 1049 putabat,
910 1015 959 1041 aut
979 1020 1045 1040 vere
1067 1012 1120 1040 hoc

270 1061 448 1094 aestimabat,
470 1063 519 1088 aut
532 1059 619 1097 falso.
642 1059 667 1087 Si
690 1068 768 1093 vere,
785 1067 851 1096 ergo
865 1059 993 1087 Christus
1007 1058 1059 1087 fuit
1074 1066 1120 1087 ve-

270 1107 371 1136 raciter
393 1106 589 1144 imperfectus;
612 1106 633 1135 si
655 1105 743 1143 falso,
765 1109 831 1134 tnnc
852 1105 1007 1134 necessario
1029 1105 1120 1141 sequi-

271 1157 334 1188 tur,
356 1153 429 1191 quod
450 1153 535 1182 fuerit
556 1160 622 1181 suae
640 1152 960 1189 perfectionisignarus3
976 1152 1121 1180 ethorum

271 1204 425 1236 utrumque
439 1200 642 1236 blasphemum.
658 1199 789 1236 Insuper,
805 1199 826 1228 si
842 1199 944 1233 omnis,
959 1199 1006 1235 qui
1022 1198 1120 1226 Filium

272 1248 329 1282 Dei,
345 1248 486 1276 Christum
503 1247 600 1280 lesum,
616 1246 809 1282 imperfectum
828 1245 894 1274 dicit
915 1245 959 1274 vel
979 1245 1120 1278 aestimat,

272 1295 300 1323 in
321 1295 409 1323 Deum
431 1294 619 1330 blasphemat,
642 1293 689 1330 qui
712 1293 801 1329 ponit,
817 1293 869 1321 hoc
884 1292 918 1321 de
937 1300 965 1321 se
980 1291 1121 1320 Christum

272 1342 405 1376 sensisse,
427 1349 483 1370 non
504 1341 593 1369 solum
616 1340 789 1377 blasphemat
804 1340 831 1368 in
846 1339 1004 1373 Christum,
1024 1346 1122 1367 verum

273 1388 354 1417 etiam
369 1388 476 1422 asserit,
492 1387 633 1416 Christum
648 1387 734 1415 fuisse
748 1386 957 1423 blasphemum,
974 1385 1047 1422 quod
1063 1385 1123 1421 piae

273 1444 356 1465 aures
377 1435 474 1464 audire
495 1443 549 1463 non
571 1436 695 1471 possunt.
718 1433 850 1470 Quisquis
871 1433 956 1470 igitur
978 1433 1045 1461 haec
1061 1440 1123 1469 per-

273 1483 399 1512 tinaciter
421 1482 525 1511 dixerit
546 1484 572 1510 et
594 1481 724 1514 senserit,
747 1480 909 1509 tradendus
924 1484 964 1508 est
984 1483 1122 1513 saumae,

273 1534 306 1558 ut
327 1530 421 1558 discat
442 1529 523 1557 ultra
544 1537 603 1557 non
625 1527 826 1565 blasphemare
838 1527 857 1555 ⁴2.

358 1577 399 1605 16.
416 1577 454 1605 De
469 1576 567 1613 quinto
582 1575 662 1604 01000
677 1574 812 1612 fugiendi,
827 1575 875 1611 qui
893 1578 934 1603 est
949 1582 985 1603 ex
997 1573 1124 1611 pruden-

276 1624 318 1652 tia
346 1623 575 1660 circumspecta,
597 1622 724 1651 diffusius
750 1624 887 1655 tractans,
909 1620 1124 1658 imprudentiam

276 1678 355 1699 suam
376 1673 502 1706 patenter
531 1669 664 1703 ostendit,
692 1668 759 1697 dum
790 1676 840 1705 pro
862 1668 948 1696 nihilo
980 1670 1018 1696 tot
1040 1666 1125 1695 verba

275 1717 442 1746 disseminat.
472 1716 570 1744 Nullus
599 1715 671 1744 enim
694 1718 790 1752 negat,
813 1714 880 1751 quin
902 1722 953 1751 pro
981 1717 1124 1750 exspecta-

275 1764 349 1793 tione
373 1762 590 1800 opportunitatis
618 1762 661 1791 vel
689 1762 816 1790 utilitatis
843 1761 956 1790 maioris
984 1761 1124 1789 interdum

275 1811 356 1840 etiam
380 1811 421 1838 vir
442 1810 582 1847 perfectus
603 1809 700 1846 fugere
721 1809 820 1845 possit,
842 1808 914 1837 sicut
936 1808 1036 1836 Paulus
1056 1808 1125 1844 Apo-

276 1858 364 1887 stolus
385 1857 418 1886 de
444 1857 577 1886 Damasco
598 1856 668 1893 fugit
681 1856 700 1884 ³.
730 1855 781 1884 Sed
810 1855 855 1884 hic
877 1854 976 1883 modus
1004 1855 1038 1883 ab
1066 1854 1126 1882 aliis

275 1905 357 1933 licitis
371 1904 491 1941 fugiendi
516 1903 603 1932 modis
619 1911 671 1931 non
694 1902 776 1931 debet
790 1902 935 1939 distingui,
957 1901 1023 1938 quia
1037 1901 1127 1930 omnis

276 1951 447 1980 rationabilis
468 1954 495 1979 et
516 1951 590 1979 licita
618 1950 683 1987 fuga
711 1952 752 1979 est
773 1958 810 1978 ex
835 1948 984 1986 prudentia
1008 1948 1127 1977 circum-

277 2001 384 2035 specta,
411 2006 482 2035 quae
511 2001 552 2026 est
584 1997 715 2034 magistra
746 1996 904 2025 directionis
925 1996 953 2024 in
981 1995 1055 2024 omni
1084 1995 1128 2024 via

278 2045 382 2074 salutis.
406 2046 451 2074 Est
470 2047 562 2073 autem
585 2044 732 2081 prudentia
747 2043 880 2072 directiva
901 2043 982 2080 fugae
1004 2051 1054 2080 pro
1068 2043 1128 2071 loco

277 2094 305 2121 et
323 2095 448 2128 tempore
473 2099 527 2120 non
549 2094 605 2119 tam
640 2090 794 2119 secundum
821 2090 970 2127 imperium
990 2090 1128 2126 perfectae

279 2139 392 2168 virtutis
417 2146 501 2175 quam
529 2138 683 2167 secundum
706 2137 888 2165 conditionem
918 2137 1057 2165 humanae
1078 2136 1130 2164 im-

279 2186 454 2224 perfectionis
481 2188 509 2214 et
537 2185 662 2213 mentalis
689 2184 866 2212 infirmitatis.
888 2183 964 2212 Unde
991 2191 1076 2220 super
1098 2183 1129 2211 il-

279 2233 328 2262 lud
348 2232 495 2261 Matthaei:
521 2231 665 2268 Discipuli
691 2239 721 2259 eo
751 2230 848 2258 relicto
876 2228 1035 2267 fugerunt,
1059 2229 1130 2258 Beda

280 2280 346 2309 dicit
368 2280 394 2308 in
416 2279 550 2308 Glossa4:
578 2278 681 2307 «Sicut
704 2278 815 2312 Petrus,
838 2277 886 2314 qui
908 2277 1079 2314 negationem
1095 2277 1130 2305 la-

281 2326 384 2363 crymis
405 2326 493 2354 abluit
520 2328 548 2354 et
568 2325 738 2354 confessione
766 2324 895 2353 dominici
924 2324 1027 2352 amoris
1058 2323 1131 2351 trina

281 2373 406 2402 funditus
427 2372 607 2409 exstirpavit,
630 2371 869 2408 recuperationem
885 2378 983 2399 eorum
998 2370 1130 2405 ostendit,

282 2420 330 2458 qui
352 2420 379 2449 in
400 2420 534 2456 martyrio
555 2419 701 2453 labuntur;
717 2418 756 2447 sic
770 2418 816 2446 alii
836 2417 979 2455 discipuli,
1002 2417 1050 2454 qui
1065 2417 1130 2445 arti-

283 2467 377 2497 culum
399 2466 654 2504 comprehensionis
674 2465 804 2502 sugiendo
824 2468 1044 2502 praevenerunt,
1066 2472 1131 2493 cau-

739 232 937 262 OPUSCULUM
959 232 1001 260 XI.
1024 230 1185 259 APOLOGIA
1207 230 1389 259 PAUPERUM.
1411 229 1479 258 CAP.
1502 230 1544 258 IV.

1172 309 1254 337 telam
1275 308 1397 345 fugiendi
1418 308 1517 336 docent
1538 315 1585 336 005
1606 307 1654 344 qui
1676 314 1705 336 se
1726 306 1760 335 ad
1781 306 1916 343 supplicia
1930 305 2021 335 minus

1173 356 1295 385 sentiunt
1316 355 1443 390 idoneos,
1465 354 1568 392 quibus
1589 354 1677 382 tutius
1705 356 1746 382 est
1777 353 1862 382 latere
1887 361 1972 390 quam
1993 360 2022 381 se

1172 402 1323 432 discrimini
1352 409 1533 439 exponere».
1566 402 1636 430 Haec
1663 400 1742 429 Beda.
1775 400 1882 436 Quibus
1916 399 2021 433 elucet,

1173 449 1246 486 quod
1268 448 1427 478 huiusmodi
1443 447 1670 485 circumspectio,
1692 455 1748 484 qua
1769 447 1832 484 quis
1846 446 1960 483 provide
1978 445 2022 474 fu-

1173 496 1227 532 git,
1249 495 1367 524 infirmis
1389 495 1475 531 magis
1496 494 1627 530 competit
1648 502 1731 531 quam
1753 493 1890 530 perfectis.

1257 543 1299 570 17.
1321 541 1399 578 Quod
1420 541 1506 578 igitur
1526 540 1603 574 dicit,
1632 548 1661 569 se
1682 540 1840 569 nullatenus
1864 539 2023 573 aestimare,

1174 588 1248 625 quod
1263 588 1425 625 prudentia,
1440 595 1512 624 quae
1526 587 1722 624 perfectionem
1736 586 1813 620 facit,
1828 586 1975 623 aliquando
1990 586 2025 615 sit

1174 636 1305 673 magistra
1332 634 1566 672 imperfectionis;
1589 633 1610 662 si
1636 634 1674 662 sic
1695 634 1837 670 intelligit,
1861 633 1935 670 quod
1957 641 2024 670 pru-

1175 683 1267 712 dentia
1288 682 1321 711 de
1342 682 1465 719 perfecto
1486 680 1679 718 imperfectum
1701 688 1755 709 non
1770 680 1847 715 facit,
1865 688 1964 709 verum
1985 679 2024 708 di-

1176 730 1227 763 cit,
1243 730 1290 759 sed
1304 729 1374 758 nihil
1394 729 1428 757 ad
1443 728 1624 765 propositum.
1641 727 1667 756 Si
1688 730 1781 756 autem
1796 727 1936 764 intelligit,
1951 726 2026 764 quod

1175 777 1285 806 nullum
1312 784 1382 813 opus
1403 774 1619 812 imperfectionis
1647 782 1683 803 ex
1712 774 1860 811 prudentia
1885 773 2025 810 procedit,

1176 826 1253 852 errat
1268 823 1426 856 manifeste,
1448 821 1514 858 quia
1528 824 1595 850 tunc
1616 828 1698 850 omne
1712 828 1782 857 opus
1802 820 1966 857 prudentiae
1984 827 2026 848 es-

1177 873 1218 899 set
1240 869 1409 906 perfectum,
1437 876 1488 897 nec
1509 868 1595 897 solius
1617 867 1795 904 prudentiae,
1817 874 1915 895 verum
1944 866 2026 895 etiam

1177 917 1294 945 aliarum
1322 916 1458 945 virtutum
1481 915 1621 949 omnium,
1650 914 1753 951 quibus
1781 913 1936 942 necessario
1957 921 2025 950 pru-

1177 963 1269 992 dentia
1291 966 1332 991 est
1359 962 1499 991 annexa5.
1524 962 1563 990 Ex
1592 969 1648 998 quo
1676 961 1759 990 etiam
1781 960 1924 997 sequitur,
1952 959 2027 996 quod

1177 1010 1266 1039 omnis
1288 1010 1377 1039 virtus
1406 1010 1441 1038 sit
1462 1008 1598 1046 perfecta,
1628 1011 1655 1037 et
1682 1007 1757 1045 quod
1784 1007 1873 1036 omnis
1896 1006 2027 1035 virtutem

1178 1058 1282 1086 habens
1303 1057 1443 1094 perfectus
1464 1057 1513 1091 sit,
1535 1058 1562 1085 et
1583 1055 1672 1084 omnis
1693 1054 1872 1091 imperfectus
1890 1053 2026 1088 iniustus,

1178 1107 1205 1133 et
1233 1104 1322 1133 omnis
1350 1103 1521 1140 imperfectio
1552 1103 1641 1139 culpa.
1670 1102 1745 1138 Quae
1773 1101 1865 1130 omnia
1896 1103 2028 1137 tanquam

1178 1152 1245 1180 falsa
1267 1154 1293 1180 et
1310 1150 1531 1179 inconvenientia
1552 1152 1618 1178 sunt
1632 1150 1659 1178 in
1681 1148 1933 1186 praecedentibusS
1955 1147 2028 1175 mul-

1179 1198 1308 1235 tipliciter
1330 1197 1493 1234 improbata.

1260 1245 1303 1273 18.
1326 1245 1365 1273 Ι)0
1386 1247 1466 1273 sexto
1494 1243 1603 1272 tandem
1626 1243 1748 1280 fugiendi
1774 1242 1855 1271 modo
1876 1241 2027 1276 subinfert,

1179 1292 1252 1329 quod
1279 1303 1292 1316 «
1308 1291 1404 1328 fugere
1425 1299 1461 1319 ex
1483 1290 1649 1319 abundanti
1668 1289 1887 1323 misericordia,
1910 1296 1944 1317 ne
1966 1296 2028 1325 per-

1179 1341 1326 1376 sequentes
1348 1338 1449 1366 iniuste
1470 1337 1583 1374 gravius
1599 1337 1686 1365 Deum
1708 1336 1863 1370 offendant,
1884 1335 1951 1364 viris
1967 1343 2029 1372 per-

1180 1385 1257 1414 fectis
1271 1385 1410 1421 competit,
1426 1384 1491 1421 quia
1506 1384 1558 1412 boc
1573 1383 1654 1412 modo
1669 1383 1739 1419 fugit
1751 1382 1837 1416 iacob,
1853 1382 1966 1418 Moyses,
1981 1381 2031 1410 Da-

1180 1431 1225 1460 vid
1237 1432 1256 1466 ⁷,
1269 1431 1432 1459 Benedictus
1447 1434 1473 1459 et
1488 1430 1652 1458 Silvester».
1666 1429 1698 1457 Et
1715 1429 1807 1457 «hanc
1821 1429 1930 1465 fugam,
1946 1430 1977 1456 ut
1990 1427 2030 1456 di-

1181 1479 1226 1513 cit,
1238 1479 1365 1507 Christus
1376 1478 1470 1506 docuit
1482 1480 1508 1506 et
1519 1477 1648 1514 exemplo
1659 1476 1870 1505 confirmavit».
1883 1492 1921 1496 —-
1933 1475 2030 1510 Porro,

1181 1526 1308 1563 quamvis
1329 1525 1356 1553 in
1386 1525 1429 1553 his
1456 1532 1527 1561 quae
1548 1524 1582 1553 de
1604 1524 1656 1552 hoc
1685 1526 1765 1552 sexto
1796 1522 1917 1560 fugiendi
1949 1522 2031 1551 modo

1180 1573 1288 1606 scribit,
1311 1572 1438 1601 videatur
1460 1571 1672 1608 superficialiter
1693 1570 1933 1599 considerantibus
1948 1569 2032 1598 ratio-

1181 1620 1309 1649 nabiliter
1330 1622 1358 1648 et
1386 1619 1429 1656 pie
1450 1619 1568 1652 sentire3
1601 1618 1621 1647 si
1651 1618 1714 1655 quis
1742 1620 1833 1646 tamen
1862 1616 2030 1654 vigilantiori

1181 1667 1331 1696 attentione
1346 1666 1516 1700 consideret,
1538 1666 1682 1694 manifeste
1703 1667 1864 1702 cognoscet,
1886 1672 1918 1693 ea
1936 1671 2032 1693 carere

1182 1715 1288 1744 ratione
1310 1714 1391 1743 simul
1413 1717 1440 1742 et
1462 1713 1569 1750 pietate.
1592 1713 1659 1741 Nam
1674 1715 1701 1741 et
1715 1712 1856 1749 exempla,
1879 1719 1950 1749 quae
1967 1719 2032 1748 pro-

1183 1762 1269 1799 ponit,
1291 1761 1420 1798 ambigua
1441 1764 1522 1795 sunt,
1537 1768 1587 1789 nec
1602 1768 1638 1789 ex
1654 1759 1804 1797 Scripturis
1819 1761 1934 1793 constat,
1952 1766 2032 1796 prae-

1182 1808 1252 1837 fatos
1274 1808 1348 1837 viros
1369 1816 1405 1837 ex
1427 1806 1463 1837 ea'
1480 1816 1564 1845 quam
1585 1807 1705 1845 assignat
1730 1815 1813 1836 causa
1832 1806 1943 1843 fugisse.
1973 1806 2033 1842 Qua

1184 1855 1257 1884 enim
1280 1855 1386 1883 ratione
1409 1855 1451 1883 vel
1472 1854 1637 1883 auctoritate
1662 1853 1750 1883 astrui
1771 1856 1876 1890 potest,
1898 1852 1972 1890 quod
1994 1852 2033 1881 la-

1184 1903 1235 1931 cob
1259 1903 1344 1936 Esau,
1365 1902 1472 1938 Moyses
1494 1902 1680 1936 Pharaonem,
1702 1900 1788 1929 David
1809 1900 1919 1929 Saulem
1941 1899 2034 1928 01811-

1184 1952 1275 1979 vester
1297 1949 1505 1977 Constantinum
1532 1948 1668 1985 fugerint,
1690 1955 1725 1977 ne
1746 1948 1773 1976 in
1795 1955 1841 1976 eos
1862 1947 1900 1975 illi
1921 1947 2034 1984 gravius

1185 1999 1353 2033 peccarent?
1370 1996 1400 2024 Et
1414 1995 1488 2030 ideo,
1503 2003 1575 2032 quae
1592 1995 1721 2032 proponit
1736 2003 1786 2032 pro
1807 1994 1894 2023 nihilo
1909 1994 2035 2023 habenda

1185 2046 1266 2077 sunt,
1293 2054 1306 2067 «
1322 2043 1403 2079 quia,
1425 2045 1457 2070 ut
1477 2042 1543 2070 dicit
1568 2042 1751 2078 Hieronymus
1762 2041 1782 2076 ⁸,
1805 2041 1878 2078 quod
1907 2040 1941 2069 de
1962 2041 2034 2069 Scri-

1185 2090 1276 2127 pturis
1297 2089 1491 2118 auctoritatem
1513 2089 1681 2122 nonhabet,
1704 2088 1798 2117 eadem
1820 2088 1949 2116 facilitate
1970 2096 2034 2116 con-

1186 2136 1332 2169 temnitur,
1354 2144 1410 2172 qua
1430 2135 1565 2172 probatur
1581 2147 1606 2163 ».
1622 2152 1661 2155 -—
1676 2135 1807 2171 Insuper,
1829 2135 1851 2163 si
1866 2134 1971 2169 omnis,
1986 2134 2035 2171 qui

1186 2183 1364 2220 persequitur
1386 2182 1503 2216 iustum,
1526 2185 1601 2210 tanto
1622 2181 1708 2219 magis
1722 2184 1832 2218 peccat,
1854 2184 1958 2218 quanto
1973 2189 2035 2218 gra-

1187 2230 1277 2258 viores
1299 2229 1414 2258 iniurias
1443 2229 1562 2266 irrogat,
1585 2232 1612 2258 et
1637 2232 1763 2257 sanctum
1793 2231 1834 2257 est
1861 2231 1945 2265 atque
1972 2236 2036 2265 per-

1186 2276 1289 2305 fectum
1312 2279 1425 2313 propter
1448 2276 1499 2306 hoc
1527 2276 1638 2313 fugere;
1661 2283 1770 2312 semper
1792 2283 1808 2303 a
1829 2275 1896 2304 facie
1922 2275 2036 2304 cuiusli-

1187 2323 1233 2352 bet
1254 2323 1440 2360 persecutoris
1467 2322 1629 2360 fugiendum
1658 2326 1714 2356 est,
1736 2330 1771 2351 ue
1799 2322 1912 2359 gravius
1932 2325 2034 2359 peccet.

1189 2387 1224 2390 —
1240 2370 1375 2407 Amplius,
1397 2377 1433 2398 ex
1455 2370 1507 2398 hoc
1528 2369 1683 2398 necessario
1704 2369 1846 2406 sequitur,
1862 2369 1935 2406 quod
1957 2369 2036 2398 Chri-

1188 2420 1248 2446 stus
1268 2425 1322 2445 non
1345 2416 1531 2445 abundantem
1546 2416 1778 2450 misericordiam,
1800 2415 1849 2445 sed
1866 2416 1958 2453 potius
1972 2424 2036 2445 cru-

1188 2463 1327 2492 delitatem
1349 2463 1376 2492 in
1393 2463 1506 2492 ludaeos
1520 2463 1695 2497 exercuerit,
1716 2462 1763 2499 qui
1787 2465 1853 2491 tunc
1867 2470 1896 2491 se
1917 2462 2036 2499 passioni

348 2638 356 2652 ²
374 2639 441 2661 Num.
462 2640 491 2661 2:
509 2639 561 2661 Voti
579 2642 632 2661 tunc
658 2638 791 2662 Christianis
815 2642 859 2661 etc.
885 2639 999 2661 Sententia
1023 2638 1133 2667 Cypriani

286 2678 384 2701 habetur
403 2679 473 2707 Epist.
490 2679 566 2701 5311.
585 2679 606 2700 2.

349 2717 357 2730 ²
375 2718 444 2746 Epist.
463 2719 477 2740 1.
496 2718 556 2740 Τ1111.
584 2718 606 2745 1,
624 2718 666 2740 ⁶20:
689 2718 753 2746 Quos
769 2718 853 2740 tradidi
876 2721 979 2745 satanae,
1004 2720 1029 2740 ut
1046 2717 1135 2740 discant

286 2763 332 2779 non
350 2756 518 2785 blasphemare.
536 2770 564 2773 —
583 2757 695 2785 Superius
712 2763 737 2779 ex
755 2757 773 2779 G
791 2757 952 2785 supplevimus
970 2756 1057 2780 (laverit
1074 2758 1102 2780 et.

350 2795 358 2808 ³
376 2797 445 2824 Epist.
465 2797 487 2818 11.
505 2796 555 2819 Cor.
578 2797 610 2824 ll,
630 2797 667 2818 3-2.
684 2803 745 2825 seq.;
763 2797 803 2819 cfr.
820 2797 868 2818 Act.
886 2796 911 2823 Ε),
929 2796 967 2818 at.
986 2802 1035 2824 seq.

349 2835 359 2848 ⁴
377 2836 465 2858 Scilicet
482 2835 606 2858 ordinaria
624 2836 647 2858 in
665 2836 743 2858 Matth.
760 2836 802 2862 26,
820 2836 857 2857 56.
875 2836 1038 2863 Respiciuntur
1057 2835 1134 2857 Matth.

288 2874 329 2900 26,
347 2874 429 2900 70-75,
447 2873 528 2897 1111100
545 2874 667 2902 negatione
679 2877 701 2896 et
718 2874 826 2901 lacrymis
843 2873 986 2902 Ρο11·1;10011.
1000 2874 1023 2895 ²2¹
1037 2891 1041 2901 ‚
1059 2873 1135 2900 15-17,

288 2912 328 2935 ubi
354 2913 383 2935 de
408 2913 465 2935 trina
491 2913 642 2935 consessione.
667 2913 728 2935 Beda
754 2916 806 2940 post
830 2912 942 2942 s'uyienclo
970 2913 1134 2941 prosequitur:

289 2955 469 2980 praevenerant,
486 2952 570 2974 docent
592 2959 632 2975 eos
649 2953 688 2981 (1111
710 2958 735 2974 50
752 2953 828 2975 minus
850 2952 945 2975 idoneos
967 2952 997 2974 ad
1017 2952 1133 2974 toleranda

289 2991 401 3019 supplicia
414 2991 524 3019 sentiunt,
542 2991 628 3020 quibus
640 2992 710 3014 tutius
727 2995 761 3014 est
773 2991 844 3013 multo
861 2991 977 3019 praesidia
994 2991 1134 3013 latebrarum

287 3032 381 3058 petere,
398 3035 468 3058 quam
487 3036 511 3052 se
528 3029 655 3052 discrimini
673 3030 824 3052 certaminum
837 3035 957 3057 exponere.
976 3030 1018 3052 Pro
1036 3029 1059 3052 in
1071 3035 1135 3052 mar-

1190 2637 1252 2668 tyrso
1271 2638 1313 2667 (ita
1330 2638 1391 2660 Beda
1410 2640 1432 2660 et
1449 2636 1537 2666 Glossa)
1556 2636 1623 2659 codd.
1641 2638 1663 2658 et
1680 2635 1733 2658 edd.
1751 2634 1881 2665 piurimis),
1899 2637 1920 2657 et
1938 2641 1979 2663 pro
1996 2641 2037 2657 ecc-

1187 2683 1276 2707 ponew
1293 2678 1310 2699 A
1329 2683 1453 2706 opponere.

1254 2716 1263 2729 ⁵
1280 2716 1337 2739 Cod.
1354 2717 1370 2738 B
1388 2715 1444 2746 quia
1461 2717 1518 2739 timo
1540 2721 1609 2738 omne
1630 2721 1689 2744 opus
1712 2720 1761 2737 non
1785 2713 1863 2737 solum
1882 2713 2037 2743 prudenticze,

1192 2762 1274 2779 rerum
1291 2756 1386 2779 elium...
1405 2761 1514 2783 aunem,
1532 2758 1590 2778 esset
1605 2754 1747 2784 perfectum.

1254 2794 1263 2807 ὓ
1281 2794 1336 2823 Cap.
1360 2796 1382 2817 2.
1400 2801 1420 2816 n.
1439 2796 1460 2816 ⁴2.
1483 2800 1548 2823 seqq.
1565 2806 1596 2810 —
1612 2794 1668 2816 Fide
1691 2795 1706 2815 Α
1719 2793 1759 2816 BC
1771 2793 1840 2815 DFG
1858 2794 1916 2815 hanc
1933 2792 2038 2820 proposi-

1191 2834 1275 2856 tionem
1296 2833 1361 2861 Quae
1378 2833 1481 2856 munia...
1500 2832 1633 2862 improbata
1650 2832 1818 2860 supplevimus.

1255 2872 1263 2885 ⁷
1281 2872 1326 2895 Csr.
1344 2879 1413 2900 supra
1432 2879 1486 2900 pag.
1505 2872 1561 2899 254,
1579 2875 1631 2894 nota
1650 2872 1672 2894 3.
1692 2875 1713 2893 et
1731 2871 1751 2893 9.
1778 2871 1811 2893 De
1836 2870 1958 2893 Benedieto
1984 2869 2038 2892 vide

1192 2913 1300 2940 Gregor„
1316 2912 1338 2934 11.
1356 2912 1444 2939 Dialog.
1461 2918 1481 2934 c.
1499 2912 1525 2939 3,
1546 2914 1567 2933 et
1584 2911 1613 2933 de
1631 2911 1740 2933 Silvestro
1758 2911 1799 2932 cfr.
1816 2910 1907 2937 Surius,
1926 2909 1976 2932 Vita
1998 2909 2038 2931 Sil-

1192 2952 1262 2973 vestri
1281 2951 1327 2979 (31.
1346 2951 1411 2979 Dec.)
1430 2950 1443 2979 S
1463 2951 1498 2972 11.

1254 2988 1263 3002 ⁸
1281 2989 1340 3012 Libr.
1359 2990 1396 3012 lV.
1413 2989 1541 3012 Comment.
1559 2989 1581 3011 in
1599 2989 1675 3011 Matth.
1693 2989 1733 3016 23,
1752 2989 1789 3011 35.
1806 2994 1854 3017 seq.

2040 544 2106 572 Scriptc
2111 554 2128 568 ις.

2063 571 2107 592 311111

2045 1250 2071 1269 De
2083 1249 2100 1268 6.
2109 1250 2133 1270 ido

2059 1273 2121 1297 fugiet.

2047 1484 2128 1508 Respou.

2117 1597 2120 1650 l

2050 1719 2102 1738 Ratio
2118 1713 2119 1716 ¹

2052 2145 2104 2165 Ratio

2052 2379 2105 2399 Ratio
2121 2377 2123 2401 ι’
