2133 3317
262 211 333 240 XXX

264 290 383 313 tractatas
400 289 567 312 Bonaventure
583 288 611 311 de
632 289 736 317 quatuor
753 286 872 310 eoeercitiis
894 285 1074 316 compendiosas
1092 287 1113 308 et

259 336 381 366 perutilis.
397 336 485 359 Desinit
502 336 540 358 [01.
557 335 594 357 78.
612 340 646 357 r.:
664 333 706 364 gai
726 335 759 357 est
777 333 855 357 trinas
878 334 901 356 et
915 339 979 356 anus
996 333 1059 356 Deus
1076 332 1111 356 be-

264 382 371 407 nedictus
388 382 414 405 in
429 382 510 405 secula
526 381 672 405 seculorum.
691 380 772 403 Amen.

328 430 365 452 64.
384 429 482 457 Ibidem,
501 435 543 451 ms.
562 429 615 450 812.
633 428 705 450 chart.
723 427 746 449 in
763 427 785 449 8.
802 432 863 449 saec.
884 426 935 449 XV.
953 426 1066 448 exeuntis.
1082 437 1113 441 —

265 477 416 506 soliloquium
434 476 514 503 incipit
532 475 567 497 sol.
581 475 633 497 156.
647 480 669 496 v.
687 480 699 496 a
719 474 739 495 l.
752 479 818 501 cap.‚
836 473 873 495 cui
890 472 1044 500 praemittitur
1056 472 1113 494 haec

264 523 369 547 rubrica:
388 522 427 546 Eoe
435 521 516 552 primo
534 520 634 544 mentali
647 519 760 543 exercitio
776 518 967 549 Soliloguiorum
983 517 1061 542 sancti
1072 517 1114 541 Bo-

264 572 407 598 naoentare,
425 568 489 599 qnod
513 567 651 597 compilavit
662 573 707 597 per
726 566 826 590 modam
847 565 949 595 dialogi,
972 564 1014 588 abi
1029 564 1112 588 anima

264 617 347 641 devota
364 618 386 640 et
401 615 507 640 veritatis
520 614 637 644 discipula
653 613 789 637 meditando
806 613 951 642 interrogat,
964 614 986 635 et
996 611 1066 635 homo
1078 611 1113 634 in-

264 663 337 687 terior
354 662 489 686 mentaliter
506 661 622 692 loquendo
640 660 772 691 respondet.
791 660 877 683 Desinit
896 660 933 682 sol.
961 659 1010 682 184.
1031 665 1054 681 ν.
1072 665 1114 687 per

264 711 336 735 verba
353 711 459 734 eiusdem
476 710 545 738 primi
570 709 679 737 capituli:
701 707 810 731 societate
835 705 1030 736 transformaris.
1051 706 1114 729 Haec

263 760 340 789 Hago.
357 758 437 781 Cetera
455 757 623 780 desiderantur.
642 756 701 778 Vide
718 755 773 778 edit.
790 755 849 777 infra
866 760 920 783 pag.
939 754 977 776 43.
994 756 1072 776 notam
1089 753 1112 776 7.

328 806 365 828 65.
384 804 508 834 Gottingae
534 804 558 826 in
583 803 705 826 Borussiae
731 803 881 829 Hannovera,
903 801 1042 824 bibliotheca
1064 801 1115 824 Uni-

264 853 391 881 versitatis,
412 858 455 874 ms.
473 851 540 874 theol.
559 850 596 873 94.
614 850 709 872 miscell.
726 849 748 871 in
767 848 787 871 4.
806 855 867 871 saec.
883 848 935 870 XV.
954 861 983 864 -—
1001 848 1054 870 Post
1071 847 1113 870 alia

264 906 336 929 opera
353 900 391 922 sol.
408 905 427 921 r.
443 905 489 922 non
506 901 628 921 numerato
645 897 726 925 incipit
743 896 895 925 soliloquium
918 895 1013 918 verbis:
1034 895 1114 919 Flecte

262 952 342 977 genua
359 952 412 969 mea
429 948 484 974 etc„
509 945 607 967 recurrit
623 950 665 972 per
682 944 711 966 36
738 943 789 966 solia
815 945 837 966 et
854 943 937 966 desinit
954 945 979 965 ut
1003 942 1025 964 in
1047 942 1115 964 editis

264 999 318 1016 cum
336 994 378 1015 hac
395 992 524 1015 additione:
542 990 573 1014 Et
588 990 622 1013 sic
638 991 673 1013 est
688 989 743 1020 sinis
760 989 832 1013 liuius
850 988 954 1012 libelluli.

328 1040 366 1063 66.
384 1038 513 1067 Gottwicii,
531 1038 669 1061 bibliotheca
692 1037 835 1064 Monasterii,
852 1036 904 1059 cod.
922 1036 975 1058 272.
997 1036 1069 1058 chart.
1090 1035 1115 1057 in

266 1088 304 1111 [01.
321 1093 381 1110 saec.
399 1086 450 1109 XV.
469 1099 499 1102 —-
515 1085 667 1114 soliloquium
684 1084 763 1112 incipit
780 1084 816 1106 [01.
835 1083 871 1106 64.
884 1089 907 1105 v.
924 1083 975 1105 sine
992 1083 1038 1105 ullo
1050 1082 1115 1105 titulo

265 1137 287 1157 et
303 1134 387 1156 desinit
405 1133 441 1156 fol.
459 1133 496 1155 83.
516 1139 537 1155 v.
555 1135 580 1155 ut
597 1132 619 1154 iu
636 1130 784 1154 editionibus.
807 1130 915 1159 Sequitur
937 1129 999 1152 aliud
1016 1135 1115 1157 opuscu-

266 1182 314 1203 lum
332 1180 361 1203 ab
379 1180 461 1203 eadem
487 1185 557 1202 manu
583 1181 714 1207 exaratum,
732 1178 767 1200 cui
794 1177 899 1200 additur:
926 1177 995 1199 Anno
1018 1174 1117 1199 Domini

266 1227 391 1251 millesimo
409 1225 642 1257 quadringentesimo
659 1226 727 1248 XIII.

329 1275 365 1297 67.
384 1273 483 1302 Ibidem,
499 1273 552 1296 cod.
569 1274 622 1296 285.
635 1274 707 1295 chart.
721 1273 744 1295 in
757 1272 778 1295 4.
791 1278 850 1295 saec.
863 1272 913 1295 XV.
926 1272 972 1294 iam
985 1271 1116 1300 descriptus

265 1325 320 1346 tom.
339 1322 366 1344 V.
383 1328 438 1350 pag.
456 1321 531 1343 XXlX
549 1327 572 1343 n.
590 1320 626 1342 46.
643 1332 675 1336 —
692 1320 740 1342 Hoc
757 1320 896 1347 opusculum
919 1319 1000 1347 incipit
1022 1319 1060 1341 sol.
1078 1318 1115 1340 97.

265 1375 285 1392 r.
301 1369 345 1391 sub
364 1368 442 1391 titulo:
460 1368 494 1391 De
510 1369 598 1397 septem
610 1366 725 1397 gradibus
739 1365 899 1396 perfectionis.
910 1365 997 1388 Desinit
1009 1366 1046 1388 sol.
1060 1365 1114 1387 143.

265 1422 288 1438 v.
307 1415 397 1438 verbis:
415 1421 430 1438 a
442 1420 488 1444 guo
499 1415 669 1444 processerant
684 1413 742 1437 Ilaec
761 1413 851 1436 omnia.
868 1413 952 1436 Amen.
975 1412 1036 1441 (cap.
1054 1412 1076 1434 4.
1094 1419 1115 1434 n.

265 1463 304 1485 27.
320 1465 412 1485 nostrae
429 1462 503 1491 edit.).
515 1461 626 1484 Additur:
644 1459 750 1490 Eaplicit
766 1461 884 1483 tractatas
896 1459 923 1482 de
934 1460 1021 1489 septem
1037 1458 1117 1488 gradi-

267 1509 310 1533 bas
324 1508 485 1539 perfectionis.

329 1556 367 1578 68.
385 1555 485 1583 Ibidem,
502 1555 555 1577 cod.
567 1555 620 1577 310.
638 1555 711 1577 chart.
730 1554 753 1576 in
771 1553 792 1576 4.
810 1559 870 1576 saec.
888 1553 939 1575 XV.
960 1552 1068 1575 ineuntis.
1085 1564 1116 1568 —

265 1603 355 1626 Initium
373 1603 442 1625 huius
459 1602 565 1630 opusculi
582 1604 616 1624 est
633 1604 685 1630 post
702 1601 743 1623 alia
763 1601 800 1623 [01.
817 1607 864 1622 non
883 1603 1004 1622 numerato
1026 1602 1048 1622 et
1066 1599 1116 1621 sine

265 1651 341 1673 titulo:
359 1649 437 1674 Flecte
455 1655 534 1679 genna
545 1655 598 1672 mea
615 1652 659 1672 etc.
678 1648 765 1671 Desinit
776 1651 801 1671 ut
818 1648 840 1670 in
857 1648 937 1676 editis,
954 1647 1003 1669 sine
1021 1647 1063 1669 alia
1076 1647 1117 1669 ad-

265 1697 354 1720 ditione
371 1699 393 1719 et
409 1697 503 1719 nomine
522 1696 629 1719 auctoris.

329 1744 366 1767 69.
385 1743 480 1768 Graecii
505 1743 591 1772 (Gratz)
610 1743 631 1765 in
657 1742 761 1769 Austria,
778 1741 916 1764 bibliotheca
942 1740 1115 1769 Universitatis,

265 1792 318 1815 cod.
335 1792 387 1814 600.
409 1792 479 1814 chart.
498 1791 519 1813 in
537 1791 572 1813 fol.
590 1796 651 1813 saec.
668 1790 729 1812 XIV.
749 1789 859 1812 exeuntis.
882 1801 913 1805 —
934 1788 1036 1811 Rubrica
1058 1794 1116 1816 opu—

265 1838 322 1862 sculi
340 1840 374 1861 est
391 1838 426 1860 [01.
446 1837 483 1860 44.
500 1844 523 1859 ν.
541 1837 576 1859 his
593 1836 687 1859 verbis:
705 1835 789 1866 Incipit
805 1841 892 1866 ymago
911 1835 955 1859 vite
968 1834 1059 1858 beati...
1077 1841 1116 1857 no-

265 1892 320 1908 men
337 1885 438 1909 auctoris
455 1887 492 1907 est
508 1883 628 1907 abrasum.
654 1883 742 1906 Desinit
759 1883 794 1906 t'ol.
822 1883 874 1905 405.
893 1883 914 1905 in
937 1883 995 1905 fine:
1021 1881 1068 1910 Qui
1083 1883 1117 1905 est

266 1933 344 1957 trinas
362 1934 383 1956 et
399 1939 463 1956 unas
481 1934 503 1956 et
519 1931 652 1955 benedictas
669 1930 694 1954 in
710 1930 791 1954 secata
808 1930 953 1954 seculorum.
971 1930 1054 1953 Amen.

328 1980 367 2003 70.
384 1979 484 2008 Ibidem,
501 1979 553 2002 cod.
572 1979 639 2001 1078.
663 1979 735 2001 chart.
758 1978 780 2000 in
799 1977 820 2000 4.
841 1984 901 2001 saec.
924 1977 984 2000 XIV.
1002 1977 1115 2000 exeuntis.

265 2040 297 2045 —
314 2027 465 2056 soliloquium
485 2026 590 2055 sequitur
607 2026 649 2048 alia
668 2031 737 2053 opera
755 2028 776 2047 et
793 2027 827 2047 est
844 2024 889 2047 sub
906 2024 1013 2047 rubrica:
1032 2023 1117 2053 Incipit

267 2074 340 2103 liber,
351 2074 393 2104 gni
408 2074 496 2097 dicitnr
512 2079 599 2103 ymago
617 2072 668 2096 vite.
687 2072 772 2095 Eadem
790 2074 926 2100 repetuntur
938 2072 962 2094 iu
974 2072 1031 2100 fine,
1044 2071 1080 2094 sol.
1094 2078 1118 2094 v.

268 2128 314 2144 non
331 2124 459 2144 numerato.

330 2169 368 2191 7l.
387 2167 555 2197 Gratianopoli
571 2167 593 2189 in
610 2167 692 2193 Gallia,
710 2165 847 2189 bibliotheca
859 2165 975 2193 Civitatis,
993 2165 1045 2188 cod.
1063 2165 1117 2187 757.

268 2215 324 2238 alias
341 2215 379 2237 89.
396 2215 467 2237 chart.
486 2214 508 2236 in
526 2215 547 2236 8.
564 2219 624 2236 saeC.
642 2213 694 2236 XV.
711 2225 742 2229 —
758 2213 805 2235 Fol.
823 2213 843 2234 2.
861 2219 880 2235 r.
897 2215 932 2235 est
948 2211 1056 2234 rubrica:
1078 2212 1118 2235 In-

268 2262 325 2292 cipit
347 2267 434 2292 ymago
458 2261 504 2284 vite
528 2264 572 2283 etc.
598 2260 683 2283 Desinit
709 2260 747 2282 [01.
768 2260 820 2282 112.
845 2265 877 2282 r.:
900 2258 1005 2288 Eoeplicit
1030 2264 1118 2289 ymago

270 2308 313 2332 cite
329 2311 373 2331 etc.
390 2309 491 2330 perfecte
508 2307 616 2330 convenit
636 2313 689 2330 cum
712 2306 794 2329 codice
819 2306 872 2328 842.
894 2306 1011 2334 descripto
1036 2312 1118 2334 supra,

268 2362 290 2379 n.
309 2356 330 2379 4.
347 2356 420 2378 Etiam
438 2356 461 2378 in
482 2356 525 2377 hoc
543 2354 636 2377 additur
660 2354 682 2376 in
700 2354 757 2376 fine:
780 2353 874 2376 dicatur
898 2352 940 2376 Dei
956 2359 1051 2381 amore,
1076 2359 1119 2376 ave

268 2402 347 2427 Maria
362 2408 409 2432 pro
426 2401 550 2431 scriptore.

331 2450 370 2472 72.
388 2448 562 2479 Gripswaldiae
575 2447 729 2477 (Greisswald)
745 2448 767 2470 in
786 2447 903 2475 Boi-assia,
920 2446 1059 2470 bibliotheca
1076 2448 1120 2470 Ru-

269 2497 347 2520 benon
364 2497 386 2519 in
404 2496 499 2519 ecclesia
517 2495 589 2518 sancti
606 2493 702 2522 Nicolai,
720 2494 772 2517 cod.
790 2495 813 2516 E.
832 2495 853 2517 8.
870 2494 906 2516 24.
925 2495 996 2516 chart.
1013 2494 1038 2516 in
1056 2493 1078 2516 4.
1089 2506 1120 2511 —

269 2544 413 2573 Opusculum
431 2543 510 2572 incipit
527 2543 565 2565 iol.
587 2543 603 2565 l.
627 2548 647 2565 r.
663 2555 694 2559 -
711 2542 772 2564 Folia
798 2541 885 2564 codicis
907 2543 999 2564 fuerunt
1015 2544 1121 2570 transpo-

269 2591 324 2619 sita,
341 2593 363 2613 et
381 2590 432 2613 ideo
450 2592 502 2618 post
514 2589 593 2612 folium
611 2589 633 2611 9.
646 2588 813 2611 recurrendum
831 2588 861 2611 ad
879 2589 919 2615 28,
933 2590 958 2610 ut
978 2587 1009 2610 ibi
1021 2590 1120 2610 notatur.

270 2638 357 2661 Desinit
374 2638 410 2660 [01.
430 2636 467 2659 46.
484 2643 502 2659 r.
519 2640 544 2659 ut
562 2637 583 2659 in
604 2636 711 2659 editione.
729 2635 839 2658 Additur:
862 2635 890 2658 In
909 2635 1016 2665 profesto
1040 2635 1121 2658 sancte

270 2684 340 2708 Lacte
356 2690 419 2707 anno
437 2683 534 2707 Domini
550 2681 627 2706 4485.
645 2682 732 2705 Berlin.

396 2756 484 2779 JIentes
502 2754 614 2778 carnales
630 2753 667 2777 bic
684 2753 720 2776 det
739 2753 797 2776 liber
813 2753 966 2783 spirituales,-

399 2801 468 2830 and
485 2801 539 2824 bene
556 2802 667 2828 notatur,
684 2800 708 2823 si
722 2800 800 2829 sepius
817 2799 968 2829 inspiciatur.

332 2870 439 2901 Eaplicit
445 2872 561 2894 tractatas
570 2870 648 2894 sancti
653 2870 819 2893 Bonarentare
825 2869 852 2893 cle
858 2870 969 2900 ymagine
978 2869 1030 2893 vite.
1038 2870 1122 2893 Amen.

336 2919 374 2941 73.
392 2918 490 2947 Ibidem,
511 2918 562 2941 cod.
580 2919 604 2940 E.
622 2918 644 2940 6.
662 2918 700 2940 87.
720 2919 791 2940 chart.
809 2924 868 2940 saec.
886 2918 938 2940 XV.
963 2917 1070 2940 ineuntis.
1090 2929 1121 2934 -—

273 2965 425 2994 soliloquium
443 2965 522 2993 incipit
540 2965 577 2987 [01.
594 2971 612 2987 r.
630 2971 677 2987 non
693 2967 814 2987 numerato
826 2964 875 2987 sine
892 2964 968 2987 titulo:
986 2963 1066 2987 Flecto
1083 2970 1121 2993 ge-

968 207 1221 237 PROLEGOMENA.
1243 207 1272 236 C.
1294 208 1311 236 l.

1169 291 1220 309 nna
1236 291 1295 309 mea.
1313 288 1356 308 etc.
1369 285 1455 308 Desinit
1473 286 1509 308 [0].
1526 291 1562 308 r.:
1581 284 1622 315 qai
1632 286 1666 308 est
1683 284 1762 308 trinus
1774 286 1796 308 et
1807 290 1870 308 anus
1883 283 2016 308 benedictas

1169 331 1195 355 in
1210 332 1299 355 secnla.
1316 333 1398 356 Amen.

1232 378 1270 400 74.
1287 378 1388 407 Ibidem,
1406 379 1459 401 cod.
1481 379 1505 401 E.
1522 379 1559 401 38.
1582 380 1603 401 8.
1620 379 1717 402 miscell.
1738 379 1761 401 in
1778 379 1816 401 sol.
1832 384 1893 401 saec.
1916 377 1966 400 XV.
1985 390 2017 394 —

1169 425 1216 448 Fol.
1234 425 1272 447 68.
1284 431 1314 447 r.:
1332 425 1418 455 Incipit
1441 426 1610 449 Bonaventnra
1631 425 1655 448 in
1677 425 1766 448 librum
1788 425 1816 448 de
1837 423 1948 455 ymagine
1964 423 2016 447 vite.

1170 471 1256 494 Eadem
1273 474 1364 494 exarata
1381 474 1435 494 sunt
1452 472 1474 494 in
1491 472 1536 494 fine
1553 473 1590 495 sol.
1603 472 1642 495 87.
1657 478 1676 494 r.
1693 475 1760 500 post:
1782 470 1893 501 Eoeplieit.
1912 470 1965 493 lude
1982 476 2018 493 se-

1170 518 1260 546 quitur:
1279 518 1366 541 Mentes
1384 518 1494 542 carnales
1510 521 1565 546 ete.,
1583 521 1608 541 ut
1625 519 1648 541 in
1664 519 1717 542 cod.
1733 525 1805 547 supra
1821 519 1891 541 relato
1908 525 1931 541 n.
1948 518 1986 540 72.

1232 565 1271 588 75.
1289 564 1388 593 Ibidem,
1406 565 1458 588 cod.
1476 566 1501 588 N.
1519 566 1557 588 84.
1574 566 1598 588 in
1616 566 1652 588 sol.
1671 566 1765 589 miscell.
1782 572 1842 588 saec.
1859 565 1918 588 XlV.
1936 571 2018 587 exeun-

1170 612 1207 635 tis.
1223 625 1254 628 —
1271 613 1316 635 Fol.
1335 619 1353 634 r.
1370 619 1416 635 non
1432 615 1552 635 numerato
1569 613 1664 640 legitur:
1682 612 1765 642 Incipit
1782 612 1897 642 prologus
1920 611 1945 634 in
1957 610 2017 634 libro

1170 658 1198 682 de
1214 658 1319 689 imagine
1336 659 1386 683 vile.
1399 659 1548 688 Prosequitur
1561 662 1585 682 ut
1602 659 1624 681 in
1636 659 1715 687 editis,
1734 660 1772 682 fini
1788 660 1894 682 additur:
1912 657 2018 688 Eacplicit

1170 705 1250 736 imago
1267 706 1319 730 vite.
1331 707 1414 729 Amen.
1427 706 1494 729 Hinc:
1507 706 1595 729 Mentes
1612 706 1722 729 carnales
1734 708 1776 729 etc.
1789 710 1814 729 ut
1825 707 1847 728 in
1860 705 2014 734 praecedenti.

1234 753 1272 775 76.
1291 752 1390 781 Ibidem,
1415 753 1466 776 cod.
1484 753 1508 775 N.
1527 753 1565 775 36.
1590 754 1661 775 chart.
1679 759 1739 776 saec.
1756 754 1807 776 XV.
1825 753 1931 776 ineuntis.
1948 765 1979 769 —
1995 753 2018 775 10

1172 800 1277 828 margine
1294 800 1416 828 superiore
1433 800 1470 822 sol.
1490 800 1528 821 89.
1545 804 1576 821 r.:
1594 798 1678 829 Incipit
1700 799 1779 829 imago
1796 799 1847 822 vite.
1867 799 1953 822 Desinit
1969 805 2019 821 ver-

1171 847 1219 870 his:
1237 846 1279 877 gai
1294 849 1328 870 est
1344 847 1423 870 trinus
1440 848 1461 870 et
1477 853 1541 870 unns
1559 845 1691 870 benedictas
1709 846 1734 869 in
1750 846 1839 870 secula.
1856 847 1939 870 Amen.

1234 895 1272 916 77.
1298 894 1400 924 Hafniae
1423 894 1600 923 (Kopenliagen)
1623 894 1646 916 in
1671 894 1755 921 Dania,
1777 893 1916 916 bibliotheca
1935 893 2019 922 Regia,

1171 942 1222 965 cod.
1240 942 1278 964 79.
1296 943 1367 964 chart.
1385 942 1407 964 in
1426 942 1464 964 [01.
1480 947 1540 964 saec.
1558 941 1609 963 XV.
1626 954 1657 956 —-
1675 941 1765 963 lnitium
1783 941 1851 963 huius
1868 940 1974 968 opusculi
1986 941 2020 963 est

1172 990 1208 1012 sol.
1227 989 1249 1012 4.
1265 996 1284 1011 r.
1301 989 1345 1011 sub
1362 989 1439 1012 titulo:
1462 988 1551 1018 Ymago
1569 988 1614 1011 vite
1631 988 1806 1011 Bonaventure.
1823 987 1909 1010 Desinit
1927 988 1963 1010 sol.
1983 987 2020 1010 19.

1171 1043 1194 1059 ν.
1212 1042 1265 1059 cum
1284 1037 1327 1058 hac
1344 1036 1476 1059 additione:
1500 1034 1606 1065 Explicit
1627 1034 1744 1058 dictamen
1765 1035 1928 1058 Boneoentare
1950 1033 1975 1057 in
1996 1033 2020 1057 li-

1172 1082 1256 1111 brum,
1274 1082 1316 1113 qni
1330 1082 1476 1112 intytulatm·
1495 1082 1544 1111 (sic)
1560 1088 1647 1112 ymago
1664 1081 1722 1110 vite,
1740 1081 1863 1111 speculam
1880 1080 2020 1104 salvationis

1171 1130 1276 1153 humane
1293 1131 1314 1153 et
1330 1129 1460 1159 paradisus
1477 1128 1566 1152 anime.

1235 1177 1274 1200 78.
1291 1176 1391 1205 Ibidem,
1410 1177 1460 1199 cod.
1479 1177 1549 1199 1371.
1566 1177 1637 1199 chart.
1650 1176 1672 1198 in
1691 1176 1712 1198 4.
1729 1181 1790 1198 saec.
1809 1175 1902 1198 XV.—
1914 1175 1966 1197 Post
1978 1174 2021 1197 alia

1172 1231 1242 1253 opera
1261 1225 1321 1247 circa
1336 1224 1482 1247 medietatem
1494 1224 1619 1246 voluminis
1637 1223 1673 1246 fol.
1690 1230 1710 1245 r.
1727 1229 1773 1245 non
1785 1225 1906 1245 numerato
1924 1221 2021 1245 habetur

1172 1272 1324 1301 Soliloquium
1342 1271 1386 1294 sub
1411 1270 1516 1293 rubrica:
1538 1271 1627 1300 Ymago
1646 1270 1703 1299 vite,
1731 1273 1753 1293 et
1778 1270 1926 1299 prosequitur
1951 1272 1975 1292 ut
1998 1270 2022 1292 in

1172 1319 1248 1342 editis.
1267 1319 1291 1341 ln
1308 1319 1354 1341 fine
1371 1318 1506 1341 subiicitur:
1523 1317 1630 1347 Eoeplicit
1645 1323 1732 1347 ymago
1755 1316 1811 1345 vite,
1830 1317 1898 1340 tacito
1920 1317 2021 1339 auctoris

1173 1366 1275 1388 nomine.

1236 1414 1275 1436 79.
1291 1412 1390 1441 Ibidem,
1408 1413 1458 1435 cod.
1478 1413 1546 1435 3393.
1567 1413 1638 1434 chart.
1662 1412 1684 1434 in
1706 1413 1728 1434 8.
1748 1418 1821 1440 parvo
1843 1418 1903 1434 saec.
1922 1411 1974 1433 XV.
1991 1424 2022 1427 —

1173 1461 1218 1483 Fol.
1237 1460 1274 1483 59.
1294 1467 1312 1482 r.
1330 1460 1443 1488 opusculo
1461 1459 1631 1487 praemittitur:
1653 1458 1738 1488 Incipit
1759 1457 1919 1488 soliloquium
1944 1457 2024 1481 sancti

1174 1507 1338 1530 Bonaiientare
1355 1506 1383 1530 de
1399 1508 1504 1536 gaataor
1521 1505 1648 1529 ewercitiis.
1661 1505 1747 1528 Eadem
1765 1507 1901 1534 repetuntur
1918 1505 1955 1527 [01.
1969 1505 2022 1527 122.

1174 1561 1197 1576 v.
1214 1556 1267 1582 post
1284 1554 1353 1576 finem
1371 1553 1486 1581 opusculi.

1236 1602 1273 1623 80.
1292 1600 1437 1630 Hamburgi,
1455 1600 1593 1623 bibliotheca
1611 1599 1728 1628 Civitatis,
1745 1600 1797 1622 cod.
1810 1599 1949 1627 theologfill.
1967 1605 2022 1627 pag.

1173 1649 1214 1676 61,
1233 1655 1254 1671 n.
1272 1649 1293 1671 5.
1311 1649 1333 1671 10
1352 1649 1373 1670 8.
1391 1649 1463 1670 chart.
1480 1653 1541 1670 saec.
1554 1647 1606 1669 XV.
1622 1647 1733 1670 exeuntis.
1744 1659 1775 1663 —
1786 1647 1832 1669 Fol.
1851 1647 1872 1668 1.
1889 1651 1920 1669 r.:
1938 1645 2023 1676 Incipit

1169 1695 1287 1726 prologus
1305 1695 1330 1718 in
1347 1694 1509 1724 soliloquium
1526 1695 1699 1717 Bonaventure.
1717 1694 1804 1717 Desinit
1821 1694 1857 1716 sol.
1876 1694 1912 1715 63.
1934 1700 1953 1716 r.
1972 1699 2023 1716 ver-

1173 1743 1224 1766 bis:
1242 1742 1306 1766 Finit
1328 1742 1488 1772 Solilogainm
1509 1742 1587 1765 sancti
1602 1742 1769 1765 Bonaventnre
1789 1741 1909 1771 seraphici
1931 1742 1952 1765 et
1969 1747 2022 1765 car-

1173 1790 1268 1814 clinalis.

1237 1838 1274 1860 8l.
1292 1836 1413 1867 Herbipoli
1429 1835 1582 1865 (Wilrzburg)
1600 1836 1624 1858 in
1641 1836 1751 1863 Bavaria,
1772 1835 1910 1858 bibliotheca
1929 1835 2022 1858 Univer-

1173 1885 1258 1913 sitatis,
1277 1885 1304 1907 M.
1321 1885 1357 1907 ch.
1376 1886 1390 1907 s.
1408 1884 1460 1906 250.
1478 1890 1539 1906 saec.
1559 1883 1610 1905 XV.
1633 1882 1740 1905 ineuntis.
1758 1895 1789 1899 --
1806 1882 1949 1910 Opusculum
1967 1882 2022 1905 Soli-

1174 1932 1245 1962 loquii
1263 1932 1343 1960 incipit
1360 1932 1397 1954 [01.
1418 1932 1470 1953 132.
1487 1937 1506 1953 r.
1524 1930 1553 1953 ab
1571 1931 1614 1953 hac
1630 1930 1739 1953 rubrica:
1757 1930 1803 1953 Iste
1815 1929 1872 1953 liber
1884 1929 2022 1953 intitulatur

1173 1985 1260 2010 ymago
1277 1978 1330 2002 vite.
1348 1978 1435 2001 Desinit
1452 1984 1504 2000 cum
1523 1977 1623 2000 editione
1642 1977 1680 1999 fol.
1699 1977 1751 1999 Ὶ153.
1768 1983 1788 1999 r.

1238 2026 1276 2047 82.
1293 2024 1392 2052 Ibidem,
1414 2025 1441 2047 M.
1459 2025 1495 2046 ch.
1513 2030 1536 2053 q.
1556 2024 1608 2046 121.
1633 2030 1693 2046 saec.
1717 2023 1768 2045 XV.
1791 2036 1820 2039 -
1843 2023 1934 2045 Titulus
1955 2023 2024 2046 huius

1174 2072 1280 2100 opusculi
1298 2074 1332 2094 est
1349 2072 1386 2093 [01.
1405 2072 1458 2093 Ἰ126.
1476 2077 1494 2093 r.
1511 2070 1605 2093 verbis:
1623 2069 1708 2099 Incipit
1720 2069 1839 2099 prologus
1857 2069 1924 2097 libri,
1937 2068 1979 2099 qai
1990 2069 2023 2092 in-

1174 2118 1285 2142 titulatur
1310 2124 1397 2148 ymago
1422 2117 1474 2140 vite.
1497 2117 1562 2145 Opus
1578 2119 1612 2139 est
1628 2119 1746 2139 exaratum
1764 2123 1776 2139 a
1794 2116 1900 2143 duobus,
1922 2122 2023 2145 quorum

1174 2172 1234 2189 unus
1251 2165 1343 2193 scripsit
1360 2165 1483 2193 prologum
1501 2170 1555 2187 cum
1573 2166 1638 2192 parte
1654 2164 1724 2192 primi
1742 2164 1835 2192 capitis,
1853 2164 1910 2186 alius
1927 2164 2024 2193 reliqua.

1175 2213 1262 2236 Desinit
1280 2213 1315 2235 sol.
1334 2213 1388 2235 258.
1405 2219 1424 2235 r.
1441 2218 1495 2234 cum
1513 2213 1555 2234 hac
1572 2211 1705 2234 additione:
1725 2210 1831 2241 Empticit
1845 2216 1933 2241 ymago
1945 2212 2024 2234 eterne

1175 2260 1219 2283 vite
1235 2260 1299 2283 Bone
1316 2261 1423 2283 venture.
1440 2260 1504 2282 Latis
1523 2259 1577 2282 Deo.

1238 2308 1275 2330 83.
1294 2306 1392 2335 Ibidem,
1411 2306 1549 2329 bibliotheca
1574 2308 1666 2329 sauctae
1692 2304 1772 2328 Crucis
1797 2306 1891 2327 patrum
1910 2305 2023 2328 Minorum

1175 2353 1380 2380 Conventualium,
1398 2353 1449 2375 cod.
1468 2354 1483 2375 l.
1504 2353 1524 2375 ll
1533 2353 1553 2374 l.
1572 2353 1644 2375 chart.
1662 2352 1683 2374 in
1696 2352 1718 2374 4.
1730 2358 1790 2375 saec.
1803 2352 1854 2374 XV.
1866 2364 1897 2368 —
1908 2352 1956 2374 Fol.
1970 2352 1988 2374 1.
2000 2357 2019 2374 r.

1176 2401 1197 2424 in
1216 2401 1320 2429 margine
1337 2400 1457 2429 superiore
1473 2400 1572 2427 legitur:
1595 2398 1774 2429 Breoiloqaium
1791 2399 1965 2422 Bonaoentnre.
1983 2399 2024 2421 De-

1176 2448 1230 2471 sinit
1246 2448 1283 2470 [01.
1301 2449 1339 2470 22.
1356 2454 1395 2469 v.:
1413 2446 1455 2476 gai
1470 2448 1505 2470 est
1520 2446 1599 2469 trinas
1616 2447 1638 2469 et
1654 2451 1719 2469 anas
1737 2447 1759 2469 et
1775 2445 1916 2469 benedictas.
1940 2446 2023 2469 Amen.

1176 2493 1283 2524 Explicit
1298 2495 1416 2516 tractatas
1434 2492 1461 2515 sle
1478 2494 1582 2522 quatuor
1598 2491 1675 2515 radiz's
1694 2492 1930 2521 contemplationum.

1240 2541 1276 2563 84.
1294 2539 1387 2570 Hispali
1403 2540 1426 2562 in
1442 2539 1565 2568 Hispania,
1592 2539 1730 2561 bibliotheca
1753 2538 1903 2565 Columbina,
1929 2539 1980 2561 cod.
2003 2545 2025 2567 y.

1178 2587 1222 2610 tab.
1241 2588 1292 2610 128.
1311 2593 1333 2609 0.
1352 2587 1389 2609 26.
1407 2587 1478 2608 chart.
1496 2586 1520 2608 in
1538 2586 1574 2608 [01.
1591 2591 1650 2608 saec.
1669 2586 1720 2608 XV.
1733 2598 1764 2602 —
1776 2585 1928 2614 soliloquium
1941 2588 1975 2608 est
1987 2586 2025 2609 sol.

1177 2641 1221 2657 000
1239 2636 1359 2656 numerato
1376 2640 1394 2655 r.
1411 2632 1456 2655 sub
1473 2632 1578 2655 rubrica:
1594 2632 1680 2661 Incipit
1692 2638 1779 2662 ymago
1791 2631 1843 2655 vite.
1858 2632 1943 2654 Desinit
1955 2633 1992 2655 tol.
2006 2638 2024 2655 r.

1177 2684 1202 2704 ut
1217 2681 1240 2703 in
1258 2681 1337 2708 editis;
1355 2680 1460 2703 additur:
1474 2679 1580 2709 Eaplicit
1589 2685 1677 2709 ymago
1690 2678 1742 2702 vite.
1755 2680 1838 2702 Amen.
1850 2685 1914 2702 aimo
1926 2679 2025 2702 XXXII

1178 2728 1246 2757 (idest
1267 2726 1351 2755 ¹432).

1241 2775 1278 2797 85.
1295 2775 1377 2802 lenae,
1395 2773 1533 2809 bibliotheca
1544 2774 1717 2802 Universitatis,
1730 2774 1818 2796 collect.
1835 2774 1960 2800 Bossiona,
1972 2773 2024 2796 cod.

1177 2824 1222 2844 oct.
1243 2821 1277 2843 14.
1294 2822 1364 2843 chart.
1383 2827 1443 2843 saec.
1461 2821 1512 2843 XV.
1529 2833 1560 2836 —
1578 2821 1730 2849 Soliloquium
1748 2821 1828 2848 incipit
1852 2821 1889 2843 [01.
1915 2820 1966 2842 159.
1989 2826 2024 2843 r.:

1177 2869 1256 2893 Flecto
1272 2875 1351 2898 genua
1368 2874 1421 2891 mea
1438 2870 1481 2890 etc.
1499 2868 1585 2891 Desinit
1610 2869 1648 2890 [01.
1670 2868 1719 2890 196.
1738 2875 1776 2891 r.:
1799 2868 1841 2898 qai
1856 2869 1891 2891 est
1907 2867 1986 2891 trinus
2003 2869 2025 2891 et

1177 2922 1241 2939 unus
1259 2915 1391 2939 benedictus
1409 2915 1433 2938 ia
1449 2914 1537 2938 secula.
1555 2915 1637 2938 Amen.
1655 2914 1760 2944 Eoeplicit
1776 2914 1936 2944 Soliloqaiam
1948 2915 2025 2937 Bona-

1176 2965 1281 2987 venture.
