2133 3317
156 343 209 365 Item,
223 342 278 362 sexti.

171 674 222 701 110111,
237 679 266 701 50-

190 700 253 721 ptimi.

143 1141 193 1159 Laus
205 1141 273 1160 crucis.

297 210 333 238 14

376 289 475 322 Sexto,
497 286 670 316 manifestata
690 288 732 315 est
752 293 802 322 per
824 293 937 314 crucem
963 285 1059 313 virtus
1080 285 1144 314 lau-

295 334 419 369 dabilis,
441 336 576 371 quantum
592 333 696 362 scilicet
710 333 745 361 sit
756 332 902 369 pretiosa,
917 332 1062 369 speciosa,
1077 331 1144 369 f'ru-

295 385 414 411 ctuosa:
432 381 580 419 pretiosa,
602 380 668 417 quia
688 382 751 408 ante
772 379 847 408 dedit
871 379 957 408 vitam
984 379 1111 408 Christus
1123 381 1143 414 ¹,

294 436 379 466 quam
399 427 497 457 virtuti
519 426 684 460 contrairet;
705 426 853 463 speciosa,
876 425 941 463 quia
955 425 983 454 in
998 425 1065 463 ipsis
1079 434 1144 455 con-

294 474 415 504 tumeliis
436 474 592 508 relucebat;
612 472 786 510 fructuosa,
809 472 875 509 quia
896 480 970 501 unus
990 480 1060 501 usus
1080 480 1143 510 per-

293 521 381 551 fectus
403 520 515 550 virtutis
540 520 680 549 infernum
710 519 853 557 spoliavit,
882 519 989 548 caelum
1016 519 1142 556 aperuit,

292 570 398 597 terram
420 566 596 596 restauravit.

373 614 509 651 Septimo,
538 613 728 642 manifestatus
756 616 797 642 est
824 620 874 650 per
902 621 1013 642 crucem
1042 616 1143 642 reatus

294 661 465 699 culpabitis,
487 663 625 698 quantum
646 659 815 688 detestabilis
836 659 886 694 sit,
908 667 971 688 cum
992 660 1026 688 ad
1041 660 1083 689 sui
1099 667 1143 689 re-

293 708 451 737 missionem
480 707 600 744 indigeat
627 709 684 735 tam
711 714 811 743 magno
832 707 945 744 pretio,
967 709 1024 735 tam
1045 707 1142 744 grandi

289 754 427 792 piaculo,
450 757 507 783 tam
529 754 633 783 difficili
654 754 880 788 medicamento,
902 754 930 782 in
958 756 1083 788 tantum,
1111 756 1143 782 ut

291 803 380 832 Deum
402 805 428 831 et
450 801 590 830 hominem
611 801 813 830 nobilissimum
835 801 863 829 in
884 801 990 830 unitate
1009 809 1142 838 personae

292 849 448 886 oportuerit
469 848 626 877 satisfacere
647 856 698 885 pro
719 848 915 885 arroyantia,
930 856 986 885 qua
1000 848 1076 877 nulla
1090 848 1142 877 fuit

292 896 399 930 elatior,
420 903 470 933 per
491 895 702 924 abiectissimam
725 894 874 929 vilitatem;
896 902 948 932 pro
969 894 1141 932 cupiditate,

291 951 347 980 qua
367 943 445 971 nulla
465 942 518 971 fuit
538 942 653 977 avidior,
675 950 725 979 per
746 941 993 979 exquisitissimam
1022 949 1141 978 pauper-

291 992 391 1024 tatem;
413 998 465 1027 pro
485 989 626 1023 lascivia,
648 997 704 1026 qua
724 989 801 1017 nulla
821 988 874 1017 fuit
894 988 1066 1022 dissolutior,
1092 996 1141 1024 per

291 1037 503 1066 ‘amarissimam‘
512 1036 690 1065 acerbitatem
703 1035 722 1063 2.

371 1085 396 1112 5.
420 1084 487 1112 Ecce
508 1083 602 1120 igitur⁷
622 1082 760 1119 quomodo
775 1082 866 1110 omnia
880 1082 908 1110 in
924 1089 1007 1111 cruce
1027 1081 1141 1110 manife-

291 1133 409 1159 stantur.
432 1130 530 1158 Omnia
551 1129 624 1158 enim
655 1129 688 1157 ad
720 1129 789 1158 haec
819 1132 924 1166 septem
956 1129 1140 1157 reducuntur.

290 1177 366 1206 Unde
386 1177 446 1214 ipsa
467 1184 540 1205 crux
562 1179 603 1205 est
625 1176 724 1210 clavis,
739 1178 835 1213 porta,
851 1176 894 1204 via
909 1178 936 1204 01
951 1175 1080 1212 splendor
1096 1183 1141 1203 ve-

290 1224 395 1258 ritatis,
418 1231 502 1261 quarn
525 1223 573 1260 qui
604 1223 675 1251 tollit
704 1225 731 1251 et
761 1222 889 1259 sequitur
916 1222 997 1251 iuxta
1028 1222 1141 1250 modum

289 1270 528 1307 praeassignaturn
552 1277 612 1297 non
633 1268 765 1297 ambulat
793 1268 824 1296 in
857 1268 996 1302 tenebris,
1018 1268 1068 1296 sed
1089 1267 1141 1296 lta-

290 1316 362 1346 bebit
383 1316 479 1345 lumen
500 1316 576 1345 vitae
587 1316 607 1344 ⁸.

685 1419 702 1453 ἓ
723 1418 749 1445 [r.

452 1519 481 1542 De
499 1518 583 1549 septem
602 1518 725 1549 gradibus,
744 1518 825 1549 quibus
841 1518 975 1549 pervenitur

568 1557 597 1581 ad
614 1557 726 1581 dulcorem
743 1557 861 1581 caritatis.

369 1646 395 1673 6.
408 1645 516 1674 Gradus
527 1644 653 1673 veniendi
668 1645 702 1673 ad
714 1644 861 1673 dulcorem
876 1644 1013 1673 caritatis
1028 1652 1077 1681 per
1092 1652 1138 1673 su-

287 1692 455 1729 sceptionem
477 1691 597 1728 Spiritus
618 1691 728 1720 sancti4
750 1694 815 1720 sunt
836 1691 880 1720 isti
899 1694 1020 1728 septem,
1035 1691 1139 1720 scilicet

288 1739 445 1777 zviyilantia
466 1739 631 1773 sollicitans,
654 1738 830 1776 confidentia
844 1738 1018 1773 confortans,
1034 1747 1138 1767 concu-

284 1786 429 1823 piscentia
450 1786 640 1820 inflammans,
662 1786 827 1814 excedentia
855 1786 981 1819 elevans,
1010 1786 1137 1822 compla—

286 1834 381 1862 centia
402 1833 544 1871 quietans,
566 1833 677 1862 laetitia
698 1833 850 1867 delectans,
865 1832 1058 1862 adhaerentia
1073 1841 1137 1862 con-

286 1880 442 1918 glutinans;
464 1880 490 1909 in
513 1880 617 1917 quibus
639 1880 691 1909 hoc
712 1880 809 1909 ordine
830 1879 959 1917 progredi
974 1879 1073 1914 debes,
1088 1879 1137 1916 qui

287 1928 328 1957 vis
349 1927 383 1956 ad
404 1927 600 1964 perfectionem
623 1927 745 1956 caritatis
766 1920 924 1964 pertingere
953 1930 980 1955 et
1000 1926 1033 1955 ad
1061 1934 1137 1955 amo-

286 1982 346 2003 rem
368 1974 488 2012 Spiritus
509 1974 595 2003 sancti
608 1974 627 2002 ⁵.

903 206 1100 236 OPUSCULUM
1120 207 1138 235 l.
1160 207 1204 236 DE
1226 207 1364 236 TRIPLICI
1385 207 1447 237 VIA.

1278 286 1394 314 Necesse
1415 288 1457 314 est
1477 285 1566 319 enim,
1587 288 1620 314 ut
1633 285 1789 323 vigiliantia
1805 289 1829 314 te
1842 285 1971 315 sollicitet
1986 295 2049 323 pro·
2063 294 2133 323 omnm

1200 334 1262 368 pter
1284 331 1381 368 Sponsi
1400 331 1662 368 promptitudinem
1676 332 1756 366 adeo,
1771 335 1804 360 ut
1818 332 1907 369 possis
1921 333 2012 362 dicere
2024 334 2048 362 ⁶:
2098 323 2120 371 ’Ἦ

1203 378 1295 412 Deus,
1317 379 1395 407 Deus
1416 386 1515 412 1110113,
1538 378 1578 407 ad
1599 382 1623 407 te
1643 379 1677 407 de
1705 378 1766 407 luce
1793 379 1898 416 vigil&
1927 382 1954 409 et
1981 380 2049 409 illud

1200 425 1392 454 Canticorum:
1414 425 1475 462 Epo
1496 424 1628 459 dormio,
1650 428 1674 453 et
1695 433 1746 454 cor
1765 434 1864 454 meum
1884 426 2004 464 vigilam
2023 431 2050 456 et

1199 471 1269 500 iliud
1290 471 1501 508 propheticum:
1517 471 1629 500 Anima
1644 480 1708 500 mea
1723 472 1899 501 desideravit
1914 476 1939 502 te
1953 473 1984 502 in
1999 482 2049 502 no-

1200 522 1257 553 cte,
1279 519 1328 547 sed
1350 522 1375 547 et
1387 518 1498 556 spiritu
1513 527 1574 547 mco
1589 519 1621 547 in
1631 519 1817 556 praecordiis
1831 520 1902 548 meis
1917 520 1951 549 de
1964 529 2050 549 mane

1200 565 1327 603 vigilabo
1349 566 1389 594 ad
1411 569 1443 593 te.

1279 611 1420 646 Secundo,
1449 615 1481 640 ut
1509 611 1684 649 confidentia
1712 616 1737 641 te
1765 611 1905 649 confortet
1936 617 2050 651 propter
2066 620 2132 643 sternis

1200 659 1296 696 Sponsi
1318 659 1521 688 certitudinem
1542 659 1625 693 adeo,
1648 662 1680 688 111
1700 659 1788 696 possis
1809 659 1938 689 dicere⁷:
1960 661 2049 696 Inte,

1201 705 1337 740 Domine,
1359 705 1494 742 speravi,
1515 714 1574 734 non
1595 704 1766 743 confundar
1786 706 1818 735 in
1839 710 2008 741 aeternum;
2023 711 2050 737 et

1199 752 1268 781 illud
1290 752 1351 781 Iob:
1374 753 1472 781 Etiam
1493 752 1521 780 si
1541 753 1677 781 occiderit
1697 761 1758 787 me,
1781 753 1813 781 in
1833 753 1896 791 ipso
1917 754 2048 791 sperabo.

1278 800 1386 834 Tertio,
1407 802 1440 828 ut
1461 799 1695 836 concupiscentia
1717 804 1741 828 te
1761 800 1922 837 inflammet
1935 804 2049 838 propter
2066 803 2120 823 Terffl

1199 847 1296 883 Sponsi
1324 847 1505 875 dulcedinem
1533 846 1616 881 adeo,
1642 849 1674 875 ut
1700 847 1789 884 possis
1815 847 1945 877 diceress:
1968 848 2050 877 Sicut

1199 902 1303 922 cervus
1324 894 1470 922 desiderat
1491 893 1532 922 ad
1552 893 1646 931 sontes
1661 902 1830 931 aquarum,
1845 894 1887 923 ita
1902 894 2049 923 desiderat

1199 941 1304 969 anima
1318 949 1383 969 mea
1398 941 1438 969 ad
1453 944 1491 974 te,
1510 940 1604 973 Deus;
1618 943 1646 969 et
1660 940 1728 969 illud
1743 940 1935 970 Canticorum:
1952 941 2050 970 Fortis

1198 992 1240 1016 est
1260 991 1293 1016 ut
1313 996 1393 1016 mors
1414 987 1544 1021 dilectio;
1565 990 1592 1016 et
1607 987 1691 1016 illud:
1708 988 1786 1023 Quia
1801 996 1901 1016 amore
1916 988 2047 1026 1011191100,

1278 1035 1397 1071 Quarto,
1419 1038 1452 1063 ut
1472 1034 1638 1063 excedentia
1659 1038 1683 1063 te
1704 1034 1788 1063 elevet
1814 1037 1929 1071 propter
1950 1035 2047 1072 Sponsi
2064 1041 2120 1065 Quart

1199 1081 1395 1110 celsitudinem
1417 1081 1500 1116 adeo,
1522 1085 1554 1110 ut
1575 1081 1663 1118 possis
1684 1081 1814 1110 dice1·e⁰:
1832 1082 1928 1118 Quam
1944 1082 2047 1111 dilecta
2123 1103 2126 1117 .

1199 1128 1392 1157 tabernacula
1414 1132 1483 1162 tua,
1507 1128 1627 1157 Domine
1647 1128 1792 1157 virtutum
1800 1139 1810 1161 ;
1832 1131 1859 1157 et
1879 1128 1948 1157 illud
1967 1136 2048 1166 spon·
2124 1127 2127 1142 ⁸

1199 1184 1260 1204 sae:
1289 1174 1383 1204 Tralie
1405 1184 1449 1204 me
1467 1179 1534 1212 post
1555 1179 1579 1203 te
1600 1178 1668 1210 etc.;
1690 1178 1717 1204 et
1743 1175 1811 1203 illud
1839 1175 1900 1204 Iob:
1924 1176 2048 1213 Suspen-

1199 1222 1282 1250 dium
1303 1222 1385 1259 clepit
1405 1222 1509 1250 anima
1529 1230 1603 1250 mea.

1277 1269 1394 1305 Quinto,
1429 1272 1461 1297 ut
1495 1268 1704 1305 complacentia
1739 1272 1762 1297 tc
1796 1268 1900 1307 quietet
1933 1272 2047 1306 propter
2064 1275 2122 1299 Quint*

1198 1315 1295 1353 Sponsi
1319 1315 1551 1353 pulcritudinem
1578 1315 1660 1349 adeo,
1686 1318 1718 1344 ut
1746 1315 1833 1352 possis
1860 1315 1952 1345 dicere
1980 1316 2048 1345 illud

1198 1370 1314 1400 sponsae
1328 1363 1365 1390 ¹⁰:
1388 1362 1515 1391 Dilectus
1536 1371 1618 1391 meus
1638 1361 1728 1396 milii,
1744 1366 1768 1390 et
1783 1371 1832 1400 epo
1847 1362 1907 1397 illi,·
1921 1365 1949 1392 et
1962 1363 2046 1392 illud:

1199 1410 1325 1438 Dilectus
1345 1418 1427 1438 meus
1448 1410 1594 1438 candidus
1616 1413 1641 1438 et
1660 1409 1864 1444 rubicundus,
1886 1409 1988 1438 electus
2013 1419 2047 1439 ex
2127 1430 2130 1443 .

1197 1456 1335 1485 millibus.
2127 1452 2130 1468 '

1276 1504 1376 1537 Sexto,
1398 1506 1429 1532 ut
1450 1503 1561 1531 laetitia
1583 1506 1607 1532 te
1622 1503 1734 1531 delectet
1748 1505 1862 1540 propter
1877 1503 1974 1540 Sponsi
1987 1503 2045 1541 ple-

1196 1551 1360 1579 nitudinem
1381 1550 1464 1584 adeo,
1479 1553 1511 1579 ut
1525 1550 1613 1587 possis
1634 1550 1726 1579 dicere
1738 1551 1777 1578 1¹:
1793 1550 1960 1579 Secundum
1974 1550 2047 1579 mul-

1197 1597 1349 1626 titudinem
1370 1597 1505 1625 dolorum
1526 1605 1658 1625 meorum
1680 1597 1712 1625 in
1733 1597 1819 1626 corde
1839 1606 1901 1626 meo
1916 1598 2046 1626 consola-

1197 1644 1286 1673 tiones
1308 1648 1375 1673 tuae
1397 1643 1629 1681 laetificaverunt
1643 1644 1777 1673 anin'tain
1792 1653 1906 1678 meanu
1920 1646 1947 1673 et
1961 1644 2044 1673 illud:

1198 1692 1294 1727 Quam
1314 1700 1427 1728 magna
1448 1691 1604 1719 nntltitudo
1625 1690 1787 1719 dulcedinis
1809 1695 1890 1725 tuae,
1908 1691 2045 1720 Domine!

1195 1742 1222 1767 et
1243 1738 1312 1767 illud
1332 1738 1467 1775 Apostoli:
1490 1737 1623 1775 Repletus
1641 1747 1707 1766 sum
1723 1738 1931 1773 consolatione,
1946 1747 2046 1776 super-

1195 1784 1313 1813 abundo
1333 1785 1445 1822 glaudio
1466 1788 1517 1814 etc.

1274 1831 1409 1868 Septinm,
1432 1834 1464 1860 ut
1484 1830 1677 1860 adhaerentia
1699 1835 1723 1860 te
1738 1831 1914 1869 conplutinet
1928 1834 2042 1869 propter

1193 1878 1296 1907 amoris
1317 1878 1413 1915 Sponsi
1434 1877 1639 1915 fortitudinem
1653 1878 1736 1913 adeo,
1750 1881 1783 1907 ut
1796 1878 1885 1916 possis
1899 1878 1991 1908 dicere
2002 1878 2042 1907 1²:

1193 1924 1266 1954 Milli
1286 1929 1383 1954 autem
1409 1923 1570 1953 adhaerere
1599 1925 1656 1953 Deo
1685 1924 1791 1953 bonum
1819 1928 1877 1959 est,·
1904 1928 1932 1954 et
1958 1925 2042 1955 illud:

1195 1973 1268 2008 Quis
1288 1981 1341 2001 1103
1361 1972 1512 2009 separabit
1533 1981 1553 2001 a
1574 1972 1699 2001 caritate
1722 1971 1852 2001 Christi?

2062 1509 2122 1528 Sexta:

2060 1837 2122 1862 Septin
2129 1843 2133 1890 1

350 2099 357 2112 ¹
377 2100 428 2122 Vat.
447 2099 501 2129 quia
516 2099 598 2129 polius
615 2099 690 2123 rcoluit
702 2099 810 2123 Christus
829 2099 901 2123 citam
917 2099 1068 2129 corporalem
1081 2106 1134 2129 per-

286 2138 348 2162 dere.
367 2139 462 2162 iuferius
480 2145 522 2167 pro
542 2145 603 2162 1111113
621 2145 680 2162 usus
694 2139 814 2168 perfectus
834 2139 926 2162 virtutis
950 2140 1001 2162 Vat.
1019 2139 1136 2162 substituit

286 2184 349 2201 1111113
366 2179 434 2201 artus
448 2178 567 2207 perfectae
584 2177 693 2206 rirtzitis,
711 2178 730 2199 M
741 2179 759 2206 Q
777 2184 840 2201 011113
864 2180 932 2201 actus
951 2178 1072 2208 perfectus
1091 2178 1134 2201 rir-

285 2217 342 2241 tutis
359 2217 384 2240 in
401 2223 478 2245 cruce,
496 2220 518 2239 et
534 2223 577 2245 pro
601 2218 692 2240 terram
714 2216 861 2240 restauravit
878 2217 926 2239 KR
945 2223 998 2239 011111
1018 2217 1068 2239 Vat.
1082 2224 1135 2247 per-

284 2256 334 2280 dita
351 2256 380 2286 [N
395 2256 530 2286 perditum,
548 2256 590 2278 ST
608 2255 698 2285 celera]
716 2256 871 2279 restauravit.

348 2295 357 2308 2
376 2296 426 2318 Vat.
443 2302 496 2318 cum
509 2296 590 2323 paucis
602 2295 670 2318 codd.
682 2295 766 2318 omittit
777 2295 801 2318 in
813 2297 932 2318 tantum...
944 2295 1102 2319 acerbitatem.

348 2334 357 2347 s
374 2336 436 2358 loan.
454 2336 479 2363 8,
498 2335 534 2357 12.
552 2348 583 2350 -
600 2336 676 2357 Mattli.
704 2335 746 2362 rib',
764 2335 806 2357 24:
824 2335 847 2357 Si
873 2335 925 2363 quis
950 2336 1000 2357 vuit
1022 2338 1075 2363 post
1097 2342 1134 2358 ine

285 2374 377 2402 venire,
395 2374 496 2402 abneget
512 2374 664 2402 semetipsum
682 2377 704 2396 ct
721 2374 782 2396 tollat
799 2380 892 2396 cruceni
905 2380 972 2396 suain
985 2377 1007 2396 et
1024 2377 1134 2403 sequatur

284 2420 329 2436 me.
347 2427 376 2430 --
395 2414 507 2441 Superius
519 2416 571 2442 post
582 2415 616 2436 est
628 2412 702 2436 clavis
715 2414 733 2435 M
744 2414 761 2435 N
772 2414 786 2435 Ρ
798 2416 972 2442 prosequuntur
985 2413 1051 2441 caeti,
1061 2415 1134 2443 porta

280 2452 403 2482 paradisi,
422 2452 460 2475 ria
478 2452 559 2482 requi,
585 2452 691 2476 viv-itatis
709 2452 736 2481 [N
755 2452 854 2482 ceritas]
871 2452 983 2482 splendor
1000 2454 1023 2476 et
1039 2452 1084 2475 lue:
1101 2452 1134 2482 [V

282 2491 329 2519 eia,
347 2491 434 2515 ceritas
452 2493 474 2515 et
494 2491 618 2521 splendor,
636 2492 653 2514 B
670 2491 721 2519 vict,
745 2491 857 2521 splendor
874 2493 897 2515 et
916 2491 1004 2515 rceritas
1025 2493 1046 2515 et
1067 2491 1133 2521 vita}

284 2531 388 2554 Subinde
401 2531 452 2554 Vat.
469 2537 522 2553 cum
541 2531 622 2559 paucis
639 2531 708 2554 codd.
724 2531 777 2554 voci
795 2530 856 2554 tollit
872 2531 979 2559 praefigit
996 2530 1075 2555 devote
1089 2530 1135 2555 sibi

285 2573 308 2593 et
325 2570 398 2593 verbo
414 2569 522 2600 sequitur
539 2570 603 2592 addit
620 2569 757 2598 Christam;
774 2575 816 2598 pro
828 2569 899 2593 iuncta
915 2569 1014 2593 modum
1035 2570 1080 2592 EM
1090 2570 1107 2593 N
1117 2570 1133 2592 Ρ

282 2609 427 2632 substituunt
449 2609 519 2632 iuncta
536 2608 652 2632 ordinem.

344 2647 354 2661 ⁴
372 2649 427 2671 Fide
444 2649 463 2671 M
473 2649 491 2671 N
502 2649 517 2670 Ρ
534 2648 697 2677 supplevimus
710 2654 756 2677 per
771 2647 945 2677 susceptionem
962 2647 1068 2677 Spiritus
1079 2654 1133 2671 3011-

282 2687 320 2716 cti,
339 2694 382 2716 pro
400 2693 447 2716 quo
465 2688 484 2716 Q
494 2688 512 2709 T
523 2687 543 2709 V
558 2693 604 2717 pro
616 2686 764 2716 susceptione
776 2686 877 2716 Sponsi;
889 2688 931 2709 csr.
943 2693 1013 2715 supra
1026 2693 1080 2715 pag.
1094 2687 1131 2714 12,

281 2729 336 2749 nota
353 2727 375 2749 3.
392 2727 414 2748 in
432 2732 496 2755 seqq.
515 2727 534 2748 K
545 2726 563 2748 R
574 2726 592 2748 T
611 2726 720 2749 omittunt
737 2726 850 2748 adiectiva
876 2725 1020 2754 sollicitans,
1040 2725 1131 2755 confor-

282 2767 336 2789 tans
353 2768 397 2788 etr.

345 2804 355 2817 ⁵
372 2805 423 2827 Vat.
440 2811 494 2828 cum
512 2805 619 2833 pluribus
636 2805 706 2828 codd.
722 2806 745 2828 et
760 2804 852 2828 amoris
863 2804 970 2834 Spiritus
982 2803 1065 2832 sancti,
1080 2804 1097 2826 B
1109 2805 1131 2827 et

280 2846 392 2868 sanctum
408 2850 516 2867 amorem
532 2843 627 2873 Sponsi.

345 2882 355 2896 ὃ
371 2884 454 2906 Psalm.
473 2884 515 2911 62,
528 2885 549 2906 2.
567 2897 597 2900 -
615 2884 666 2906 Duo
683 2890 750 2913 seqq.
767 2883 809 2906 loci
827 2885 881 2906 sunt
897 2882 962 2906 Cant.
979 2883 1001 2911 5,
1013 2883 1034 2905 2.
1046 2885 1069 2905 et
1079 2883 1130 2905 lsai.

282 2923 325 2951 26,
344 2924 366 2946 9.
382 2935 414 2940 —
431 2923 543 2951 Superius
560 2929 602 2951 pro
619 2923 718 2947 Necesse
734 2924 768 2946 est
784 2922 846 2946 enim
864 2923 917 2946 vat.
942 2928 995 2945 curn
1013 2921 1129 2945 nonnuliis

280 2962 351 2985 codd.
367 2961 449 2985 Primo
466 2968 522 2991 erqo
539 2968 631 2985 necesse
647 2964 687 2985 est.

344 2999 353 3013 ⁷
372 3002 454 3024 Psalm.
472 3002 508 3031 30,
527 3001 548 3031 2,
566 3001 602 3024 cui
621 3001 673 3024 Yat.
690 3007 743 3023 cum
761 3002 843 3029 paucis
867 3000 936 3023 codd.
952 2999 1077 3028 praemittit
1093 3000 1128 3022 Ps.

1193 2100 1234 2127 10,
1253 2100 1282 2121 2:
1300 2099 1327 2121 In
1344 2098 1445 2121 Domino
1463 2097 1562 2128 confido.
1579 2098 1598 2120 R
1609 2098 1627 2120 R
1645 2098 1683 2120 liic
1707 2099 1796 2121 addunt
1814 2098 1876 2122 Nota
1898 2098 1925 2121 de
1943 2104 2042 2128 passere

1192 2138 1226 2167 [iu
1244 2138 1279 2160 Ps.
1298 2138 1337 2165 iO,
1356 2138 1376 2159 2.
1392 2137 1490 2159 liabetur
1502 2138 1529 2159 111
1544 2136 1642 2160 Domino
1656 2137 1761 2167 confido,·
1774 2137 1891 2167 quomodo
1903 2137 2041 2161 1110111301ιὶ-

1192 2183 1244 2200 mae
1261 2183 1326 2200 meae
1333 2185 1340 2199 ;
1360 2176 1518 2205 Traianum-a
1537 2176 1561 2199 in
1578 2177 1682 2199 montem
1698 2175 1762 2199 sicut
1774 2178 1877 2205 passer?
1888 2188 1920 2193 —-
1932 2177 2041 2205 Sequitur

1192 2217 1231 2239 lob
1253 2217 1285 2244 13,
1304 2216 1359 2244 i5.].
1377 2228 1407 2232 -—
1425 2216 1536 2244 Superius
1553 2222 1596 2243 pro
1614 2215 1722 2238 Secundo
1748 2216 1763 2238 Z
1789 2216 1887 2239 Necesse
1912 2218 1947 2239 est
1970 2216 2040 2240 etium

1192 2255 1263 2283 (idem
1281 2255 1379 2277 recurrit
1396 2255 1417 2276 in
1434 2261 1500 2283 seqq.
1517 2261 1560 2282 pro
1588 2254 1677 2282 Tertio,
1696 2254 1788 2283 Quarto
1810 2258 1860 2284 eta,
1878 2255 1918 2278 ubi
1935 2256 2004 2278 etiam
2021 2256 2039 2278 'l'

1191 2295 1278 2323 pluries
1294 2294 1412 2317 substituit
1429 2293 1526 2317 Necesse
1543 2296 1594 2323 est).

1254 2332 1263 2345 ‘³
1281 2334 1365 2356 Psalni.
1382 2333 1424 2361 ti,
1443 2334 1469 2360 2,
1487 2336 1539 2361 post
1555 2339 1626 2361 quein
1644 2332 1708 2356 Cant.
1734 2334 1755 2360 8,
1781 2334 1803 2355 6.
1825 2336 1848 2355 01
1865 2334 1885 2361 2,
1904 2333 1926 2356 5.
1944 2334 1986 2356 Pro
2004 2334 2040 2357 his

1191 2372 1284 2395 duobus
1302 2372 1357 2394 locis
1374 2373 1393 2394 Κ
1405 2373 1423 2394 R
1441 2371 1595 2394 substituunt:
1613 2374 1634 2395 et
1651 2371 1712 2394 illud
1728 2371 1790 2395 beati
1810 2372 1907 2395 loannis
1932 2372 2039 2402 Eeanqe·

1192 2411 1273 2435 listae:
1292 2410 1356 2435 Odor
1374 2413 1441 2439 tuus,
1463 2411 1567 2439 Christe,
1584 2412 1694 2434 aeternas
1712 2410 1736 2434 in
1753 2417 1790 2434 me
1807 2411 1914 2435 exhibuit
1930 2412 2038 2441 concupi-

1190 2449 1300 2473 scenitas.

1254 2487 1263 2500 ⁰
1281 2489 1361 2511 Psaini.
1380 2489 1417 2515 83,
1435 2490 1457 2511 2.
1473 2501 1505 2505 —
1521 2489 1572 2511 Duo
1590 2494 1654 2517 seqq.
1672 2489 1716 2511 loci
1733 2491 1786 2511 sunt
1802 2488 1866 2512 Cant.
1884 2489 1905 2516 11,
1922 2489 1944 2512 3.
1960 2492 1982 2512 01
1999 2489 2039 2513 lob

1191 2528 1218 2557 7,
1236 2528 1273 2550 115.

1254 2567 1274 2580 ¹⁰
1291 2567 1354 2591 Cant.
1373 2569 1398 2595 2,
1417 2568 1453 2590 116.
1471 2570 1493 2590 01
1509 2567 1594 2590 deinde
1607 2568 1682 2594 5,,10.
1700 2568 1778 2590 Plures
1795 2567 1863 2590 codd.
1881 2568 1990 2591 omittunt
2001 2569 2037 2591 vei

1190 2607 1291 2635 primum
1310 2607 1346 2629 vel
1362 2607 1492 2629 secundum
1509 2607 1595 2629 Iocum.

1252 2646 1270 2659 ¹¹
1289 2647 1370 2669 Psaim.
1389 2647 1431 2675 93,
1450 2647 1491 2674 19,
1509 2647 1546 2669 0111
1563 2646 1731 2669 subnectuntur
1752 2647 1787 2668 Ps.
1805 2646 1847 2673 30,
1866 2647 1903 2669 20.
1921 2646 1973 2675 (pro
1989 2653 2037 2676 quo

1189 2686 1289 2709 nonnulli
1307 2686 1374 2708 codd.
1393 2685 1457 2709 Cant.
1474 2686 1496 2713 5,
1518 2686 1540 2708 1:
1559 2684 1655 2709 Comedi
1669 2685 1752 2715 favam
1770 2691 1825 2708 cam
1846 2685 1915 2709 melle
1932 2686 1993 2715 mco)
2014 2689 2038 2709 et

1188 2726 1212 2748 11.
1228 2725 1281 2748 Cor.
1297 2725 1320 2753 7,
1338 2725 1359 2747 [ι.

1250 2763 1269 2776 ¹²
1287 2764 1369 2786 Psalm.
1387 2764 1429 2791 72,
1441 2764 1484 2791 28,
1497 2766 1631 2792 postquem
1643 2763 1711 2785 Rom.
1724 2763 1749 2791 8,
1760 2763 1802 2791 35,
1814 2763 1852 2786 cui
1864 2763 1881 2785 Β
1890 2763 1909 2785 M
1919 2763 1935 2785 P
1945 2763 1965 2785 V
1983 2763 2036 2786 sub-

1188 2803 1287 2831 iungunt
1303 2803 1367 2826 Cant.
1385 2804 1412 2831 3,
1431 2803 1456 2826 t:
1474 2802 1557 2826 Inveni
1580 2808 1650 2832 quem
1674 2801 1751 2831 dittyit
1775 2801 1858 2825 anima
1882 2808 1947 2830 mea,
1970 2802 2037 2825 tenui

1186 2849 1241 2866 eum
1257 2848 1299 2865 nec
1316 2841 1442 2870 dimittam,
1460 2845 1482 2865 et
1498 2843 1518 2864 M
1528 2843 1543 2864 P
1561 2848 1615 2865 cum
1632 2842 1674 2864 EN
1693 2842 1793 2864 addunt:
1812 2843 1839 2865 ut
1854 2841 1917 2865 dicat
1941 2847 2035 2871 semper

1186 2881 1268 2904 anima
1284 2881 1400 2904 Domino:
1420 2882 1450 2904 Te
1467 2887 1556 2911 quaero
1565 2900 1571 2908 ,
1590 2881 1614 2904 ῑη
1628 2882 1649 2904 te
1659 2887 1737 2910 spero,
1751 2882 1771 2904 te
1783 2880 1900 2909 desidero,
1913 2880 1938 2903 in
1950 2882 1971 2904 te
1983 2886 2035 2904 con-

1185 2925 1273 2949 surqo,
1296 2921 1317 2943 te
1333 2921 1439 2949 accepto,
1457 2920 1481 2943 in
1498 2921 1519 2943 tc
1536 2919 1641 2948 eoesulto,
1660 2918 1701 2943 tibi
1717 2919 1742 2942 in
1757 2919 1929 2948 sempiternum
1946 2918 2034 2942 adhae-

1186 2965 1226 2982 reo
1245 2959 1294 2985 (ctr.
1312 2959 1406 2981 interius
1422 2966 1444 2981 n.
1462 2959 1483 2981 8.
1502 2959 1523 2981 in
1540 2959 1603 2987 tine).
1624 2972 1650 2974 —
1666 2958 1777 2986 Superius
1789 2965 1831 2987 pro
1844 2957 1935 2981 amoris
1947 2957 2035 2987 Sponsi

1185 2998 1349 3028 fortitudinem
1366 2999 1383 3020 B
1394 2999 1412 3027 Q
1423 2999 1441 3021 V
1460 2997 1547 3028 Sponsi
1563 2997 1697 3021 caritatem.
