2133 3317
0 648 64 669 udum.

463 203 660 233 OPUSCULUM
681 202 736 231 XX.
758 201 885 231 REGULA
906 201 1123 231 NOVlTlORUM.
1145 202 1213 230 CAP.
1235 201 1289 230 XV.
1312 201 1353 229 ET
1374 201 1439 229 XVI.

1764 200 1820 228 489

832 351 991 380 CAPJTULUM
1012 352 1067 380 XV.

857 469 898 497 De
918 468 1038 497 silentio.

163 595 186 622 1.
202 593 272 630 Quia
285 592 378 621 divina
391 591 540 621 consolatio
554 599 635 628 saepe
650 598 699 627 per
716 590 923 627 multiloquium

82 641 248 678 denegatur,
269 639 330 668 ideo
351 642 408 667 toto
428 642 552 675 tempore
573 638 644 666 vitae
665 640 730 666 tuae
744 637 871 666 strictum
888 637 923 665 si-

83 687 198 717 lentium
220 694 301 715 serva
322 686 349 714 in
371 685 438 714 locis
458 688 485 714 et
505 684 677 721 temporibus
704 683 868 720 opportunis
896 686 923 712 et

81 734 115 764 ad
135 734 188 762 hoc
209 732 350 761 ordinatis.
372 732 455 765 Nam,
471 734 540 760 teste
554 731 697 767 Scriptura
710 731 734 764 ¹,
754 730 785 758 ιή
808 730 922 758 silentio

81 784 107 810 et
124 774 158 809 'in
176 788 226 817 spe
246 779 301 808 erit
322 778 465 816 fortitudo
492 781 604 806 nostra.
633 777 666 805 Et
693 784 802 814 semper
823 777 919 811 sileas,

80 827 250 863 ubicumque
273 825 375 854 fueris:
399 825 426 853 in
447 824 541 853 divino
569 823 659 852 officio
687 823 866 857 celebrando,
896 824 922 852 in

81 873 247 904 comedendo
268 875 295 901 et
315 872 343 900 in
364 871 488 908 quolibet
508 871 621 899 servitio
643 870 781 904 faciendo,
810 873 837 899 et
865 870 924 898 ubi-

81 927 200 957 cumque
220 918 324 948 fuerint
345 918 419 947 ultra
440 920 497 946 tres
518 918 641 951 Fratres3
657 920 684 945 et
704 917 786 945 etiam
808 925 824 945 a
844 916 923 945 Com-

80 966 196 1005 pletorio
217 965 339 1002 quotidie
360 972 449 1001 usque
463 964 497 993 ad
512 964 632 993 Tertiam
647 971 702 992 non
717 963 855 1000 loquaris,
870 963 922 991 nisi

80 1013 281 1049 interrogatus,
304 1012 346 1040 vel
367 1011 459 1048 aliqua
479 1011 642 1039 necessitate
664 1010 706 1039 vel
728 1010 847 1038 utilitate
861 1018 923 1038 coa-

81 1062 149 1089 ctus.
171 1059 253 1093 Nam,
269 1058 340 1087 sicut
353 1057 419 1086 dicit
434 1057 621 1094 Gregorius2,
642 1068 655 1082 <t
670 1065 763 1091 mens,
779 1064 849 1093 quae
868 1065 923 1084 uon

80 1106 163 1135 habet
183 1113 297 1134 murum
313 1104 429 1138 silentii,
444 1104 478 1132 de
492 1103 562 1132 facili
585 1106 746 1140 penetratur
762 1103 858 1131 iaculis
872 1103 923 1131 ini-

80 1153 143 1182 mici
157 1163 185 1186 ”3
206 1155 234 1181 et
254 1151 315 1180 ideo
335 1151 400 1180 dicit
421 1150 627 1187 Augustinusssz
648 1150 795 1184 «Mutum,
817 1150 922 1186 inquit,

80 1198 160 1227 debet
180 1206 240 1227 esse
260 1206 291 1226 os
312 1197 432 1226 hominis
447 1197 498 1225 nisi
513 1197 546 1225 ad
563 1197 631 1230 tria,
646 1196 750 1225 scilicet
763 1196 797 1224 ad
813 1195 922 1224 laudem

80 1245 144 1279 Dei,
166 1245 200 1273 ad
220 1244 423 1273 accusationem
445 1243 488 1272 sui
503 1246 530 1272 et
544 1243 577 1271 ad
592 1243 738 1271 utilitatem
761 1242 919 1279 proximi».

158 1293 184 1320 2.
207 1291 291 1320 Sileas
311 1291 412 1328 igitur,
433 1290 471 1318 ita
492 1293 523 1318 ut
551 1297 693 1326 nunquam
722 1289 808 1318 verba
832 1289 923 1317 detra-

981 590 1093 624 ctionis,
1116 591 1157 619 vel
1180 590 1425 624 murmurationis,
1447 590 1490 619 vel
1504 590 1706 624 dissolutionis,
1722 590 1765 618 vel
1779 589 1820 618 in-

981 637 1096 665 honesta
1117 637 1254 674 loquaris,
1277 637 1381 670 sciens,
1403 636 1477 673 quod
1499 645 1552 665 non
1574 636 1664 665 solum
1678 636 1712 665 de
1726 636 1820 665 verbis

980 683 1089 717 otiosis,
1110 683 1215 712 nocivis
1234 686 1261 712 et
1282 680 1445 720 periculo'sis
1466 683 1603 719 oportebit
1625 683 1741 711 reddere
1768 690 1819 711 ra-

981 731 1084 759 tionem
1106 730 1137 758 in
1157 730 1203 758 (lie
1224 729 1344 763 tztclzsseiz',
1372 729 1525 758 secundum
1547 729 1708 758 sententiam
1730 729 1822 758 Salva-

980 777 1087 810 toris4,
1109 776 1155 805 sed
1177 777 1260 805 etiam
1281 776 1314 805 de
1336 776 1449 804 minima
1470 776 1641 813 cogitatione.
1675 776 1735 805 ldeo
1756 776 1822 805 dicit

980 824 1134 860 Propheta:
1157 823 1270 852 Laetatc'
1288 827 1367 856 sunt,
1382 823 1454 861 quia
1467 822 1620 851 siluerunt.
1643 822 1718 851 Unde
1739 823 1760 851 si
1781 822 1822 851 vis

980 870 1049 898 bene
1069 870 1165 907 fugere
1186 869 1269 898 verba
1283 869 1379 898 nociva
1394 869 1566 905 supradicta,
1582 869 1671 905 primo
1687 869 1822 905 reprimas

980 917 1074 944 otiosa.
1104 917 1145 944 Ait
1175 916 1247 945 enim
1275 915 1486 953 Augustinus5:
1513 927 1526 940 «
1542 915 1594 951 Qui
1622 915 1709 943 otiosa
1736 915 1821 944 verba

980 971 1034 991 non
1056 963 1183 999 reprimit
1210 963 1243 991 atl
1265 963 1349 991 noxia
1370 962 1423 991 cito
1445 962 1584 990 transit».
1607 961 1668 990 Ideo
1688 961 1754 990 dicit
1775 962 1822 990 Sa-

980 1009 1076 1046 piens.-
1098 1009 1172 1043 Fili,
1194 1009 1308 1047 loquere
1329 1009 1359 1037 in
1381 1013 1433 1037 tua
1454 1017 1548 1037 causa
1568 1007 1635 1042 vix,
1657 1011 1682 1036 el
1696 1016 1762 1036 eum
1778 1007 1821 1036 bis

980 1057 1179 1093 interroyattts
1193 1055 1304 1093 fueris,
1320 1063 1491 1092 responsum
1506 1054 1609 1083 habeat
1623 1058 1712 1092 capul
1727 1058 1820 1083 tuum.

980 1103 1007 1130 ln
1030 1103 1082 1131 hoc
1103 1105 1195 1131 autem
1217 1103 1356 1139 potissime
1377 1102 1472 1136 sileas,
1492 1105 1523 1130 ut
1538 1109 1680 1139 nunquam
1699 1101 1822 1138 loquaris

979 1149 1013 1177 de
1034 1149 1144 1177 saeculo
1165 1157 1215 1177 nec
1229 1149 1262 1177 (le
1277 1149 1387 1185 guerris
1401 1157 1450 1177 nee
1465 1149 1560 1177 audias
1575 1149 1741 1182 reserentes,
1756 1156 1819 1176 cum

980 1195 1047 1224 illud
1068 1196 1103 1224 sit
1124 1203 1260 1224 venenum
1288 1195 1461 1224 mortiferum
1487 1195 1659 1229 animarum;
1689 1195 1761 1224 unde
1788 1194 1822 1223 de

980 1242 1081 1270 talibus
1102 1242 1203 1270 dicitur
1224 1242 1251 1270 in
1274 1242 1378 1270 Psalmo
1389 1242 1416 1269 ὃς
1432 1241 1555 1278 Lz‘nyttt‘s
1568 1242 1632 1270 sitis
1647 1241 1741 1269 dolose
1755 1249 1822 1278 aye-

980 1288 1066 1322 bant,
1089 1297 1226 1316 venenum
1248 1288 1386 1325 aspidum
1407 1288 1460 1316 sttb
1483 1288 1568 1316 tabiis
1589 1296 1699 1316 eorum.

826 1410 985 1438 Camrunun
1007 1410 1072 1438 XVl.

822 1529 860 1557 De
876 1531 1052 1566 paupertate
1065 1528 1084 1556 ⁷.

162 1654 185 1681 1.
201 1652 270 1681 Cum
285 1654 434 1689 paupertas
449 1651 605 1680 voluntaria
620 1651 655 1679 sit
669 1651 754 1679 totius
772 1650 924 1687 spiritualis

81 1699 195 1729 aedificii
217 1698 382 1736 primarium
403 1698 630 1732 fundamentum,
652 1697 754 1726 idcirco
776 1700 832 1726 toto
854 1700 923 1726 tem-

81 1754 148 1783 pore
170 1745 240 1774 vitae
261 1748 325 1774 tuae
346 1745 374 1773 in
399 1744 528 1773 omnibus
556 1744 720 1773 transitoriis
748 1744 832 1772 rebus
860 1743 924 1772 stri-

81 1794 152 1821 ctam
173 1794 364 1829 paupertatem
385 1791 516 1825 observa,
538 1793 570 1819 ut
598 1791 666 1819 nihil
694 1791 747 1819 sub
772 1791 847 1819 caelo
875 1791 923 1819 ha-

81 1839 161 1874 beas,
182 1839 234 1868 uisi
256 1846 288 1867 ea
309 1846 380 1875 quae
398 1837 553 1867 necessitati
570 1840 633 1866 tuae
649 1846 697 1874 per
712 1837 843 1874 Regulam
859 1845 923 1865 con-

81 1885 225 1915 ceduntur.
254 1885 361 1914 Dicitur
389 1885 461 1914 enim
490 1884 566 1919 ibi⁸,
588 1884 662 1921 quod
689 1885 825 1913 «Fratres
855 1884 923 1912 nihil

82 1932 132 1962 sibi
153 1932 331 1969 approprient
341 1955 348 1966 ,
369 1940 420 1961 nec
437 1931 550 1960 domum
565 1939 615 1960 nec
630 1931 721 1960 locum
736 1939 786 1960 nec
800 1931 921 1968 aliquam

980 1657 1038 1678 rem
1054 1660 1081 1683 »3
1103 1653 1130 1678 et
1152 1649 1266 1683 merito,
1288 1649 1369 1686 quia,
1398 1652 1467 1678 teste
1489 1649 1603 1683 Ioanne,
1625 1658 1722 1683 omne,
1744 1650 1821 1687 quod

980 1700 1020 1724 est
1041 1697 1072 1724 in
1092 1697 1217 1730 mzmdo,
1240 1700 1293 1724 aut
1313 1700 1354 1724 est
1374 1696 1606 1733 eoncupiscentia
1628 1696 1746 1729 carnis,
1768 1700 1823 1724 aut

981 1743 1213 1780 concupiscentia
1234 1743 1402 1777 oculorum,
1424 1746 1477 1771 ctttt
1496 1742 1635 1779 superbia
1653 1743 1737 1771 uitae.
1753 1743 1819 1772 Nam

980 1790 1031 1819 ista
1053 1790 1210 1819 transitoria
1230 1789 1369 1818 contraria
1390 1792 1454 1818 sunt
1475 1789 1602 1818 aeternis.
1623 1789 1698 1818 Unde
1713 1797 1821 1826 semper

981 1837 1018 1866 sis
1038 1844 1144 1873 pauper
1166 1836 1192 1864 in
1214 1839 1305 1870 terra,
1327 1835 1348 1864 si
1370 1835 1403 1864 de
1431 1835 1506 1864 caelo
1532 1835 1671 1864 desideras
1695 1843 1750 1863 non
1778 1842 1822 1863 re-

981 1884 1052 1920 pelli.
1075 1883 1116 1912 Ait
1136 1883 1208 1912 euim
1230 1882 1420 1919 Gregorius9:
1447 1893 1460 1907 <t
1475 1882 1561 1910 Tanto
1582 1882 1655 1910 enim
1671 1881 1821 1918 unusquis-

980 1938 1035 1967 que
1055 1938 1071 1958 a
1093 1938 1214 1966 superno
1242 1937 1335 1958 amore
1363 1929 1546 1966 disiungitur,
1575 1931 1678 1966 quanto
1705 1928 1822 1957 inferius

145 2129 153 2142 ¹
171 2131 220 2153 lsai.
237 2131 280 2157 30,
298 2131 340 2157 ⁴5,
358 2130 398 2153 ubi
415 2131 433 2152 H
451 2136 504 2152 cum
522 2130 620 2157 Vulgata
637 2130 715 2152 restra
733 2135 775 2156 pro
794 2130 883 2151 nostra.

144 2168 152 2181 ²
169 2169 231 2192 Libr.
248 2169 294 2192 Vll.
311 2170 386 2191 llloral.
404 2175 424 2191 c.
446 2169 478 2191 17.
497 2175 518 2190 n.
536 2168 577 2196 59,
596 2167 646 2194 ubi,
665 2168 781 2196 explicans
798 2168 865 2189 Ριόν.
881 2168 923 2194 25,

85 2208 128 2230 28:
145 2207 211 2231 Sicut
230 2207 286 2231 urbs
299 2210 384 2238 palens
402 2209 423 2231 el
440 2207 527 2236 absque
544 2212 672 2229 murorum
689 2206 792 2233 ambitu,
818 2206 851 2229 ila
873 2206 923 2234 rir,

84 2245 187 2276 quinon
203 2248 279 2276 polest
295 2246 320 2269 in
337 2246 451 2276 loquendo
477 2245 583 2269 cohibere
607 2245 718 2274 spiritum
743 2251 829 2272 suum,
853 2245 924 2267 dicit:

84 2285 140 2314 Quia
157 2285 218 2308 enim
235 2292 329 2308 murum
346 2285 428 2308 silentii
451 2291 495 2307 non
519 2284 597 2311 hahet,
617 2287 678 2312 patet
695 2283 736 2313 [ita
754 2287 776 2306 et
793 2284 820 2312 Η]
839 2284 924 2306 inimici

84 2323 162 2346 iaculis
178 2323 258 2346 civitas
275 2323 364 2346 mentis.
381 2335 412 2339 —
430 2323 462 2345 De
478 2323 566 2345 silentio
583 2326 635 2350 post
652 2322 833 2349 Completorium
851 2328 924 2350 usque

85 2361 113 2384 ad
130 2362 229 2384 Tertiam
247 2362 361 2384 servando
378 2363 419 2384 csr.
435 2362 521 2389 Regula
535 2362 699 2383 monacharum
713 2360 780 2389 (inter
791 2367 861 2388 opera
873 2361 924 2382 Hie-

84 2400 142 2430 ron.)
160 2407 179 2423 c.
197 2402 235 2423 22.
252 2404 274 2423 et
290 2401 320 2423 de
335 2398 388 2423 vita
405 2400 521 2423 eremitica
537 2400 567 2422 ad
584 2406 687 2422 sororem
705 2399 773 2427 (inter
794 2405 865 2427 opera
883 2400 925 2421 Au-

85 2440 152 2468 gust.)
170 2446 191 2462 c.
209 2440 245 2462 ⁴3.

146 2477 155 2491 ⁸
170 2479 231 2501 Haec
247 2478 357 2501 sententia
375 2478 450 2506 colligi
469 2481 543 2506 potest
559 2484 586 2500 ex
604 2478 631 2499 ils
648 2484 709 2506 quae
728 2477 837 2504 August,
857 2477 924 2499 Enar-

85 2519 126 2540 rat.
142 2517 164 2539 in
182 2518 215 2540 Ps.
235 2517 287 2540 140.
304 2524 327 2539 n.
346 2518 366 2539 1.
383 2523 460 2545 seqq.‚
486 2517 548 2539 dicit.
565 2516 611 2539 Csr.
628 2516 691 2539 card.
708 2516 775 2543 Hugo
798 2518 821 2538 et
837 2516 924 2538 Bonav.

86 2555 107 2578 in
124 2556 177 2579 Luc.
194 2556 230 2584 ll,
248 2556 289 2583 14,
307 2556 345 2578 ubi
364 2559 460 2584 uterque
477 2556 507 2578 ad
524 2556 635 2583 triplicem
653 2555 722 2577 finem
740 2555 854 2583 loquelam
867 2555 925 2576 insti-

87 2596 157 2617 tutam
175 2601 225 2617 esse
241 2595 283 2623 ait,
301 2601 428 2623 suppresso
446 2598 521 2617 tamen
539 2595 631 2616 nomine
648 2594 779 2621 Augustini.

147 2634 156 2646 ‘
174 2635 249 2657 Matth.
271 2635 309 2662 12,
327 2635 365 2656 36.
382 2647 411 2650 -—
434 2634 542 2662 Sequitur
567 2634 601 2655 ΡΞ.
631 2634 683 2660 106,
709 2634 745 2655 30.
762 2645 792 2649 -
810 2633 921 2660 Superius

86 2678 128 2700 pro
152 2672 179 2696 de
200 2672 276 2696 verbis
302 2672 395 2700 otiosz's,
420 2672 508 2695 nocivu-
526 2672 569 2694 ΑΒ
587 2671 614 2694 αν
632 2671 706 2694 vei-bis
724 2671 812 2694 nesciis.
830 2671 924 2693 Interius

86 2716 128 2738 pro
144 2710 171 2734 de
187 2711 287 2734 minima
304 2710 444 2740 coyttatt'one
461 2711 500 2738 (ita
515 2711 530 2732 Β
540 2711 567 2739 D)
580 2711 597 2732 A
609 2710 636 2733 tle
649 2709 717 2733 verbo
729 2709 830 2739 quolibet
841 2709 923 2735 otioso,

87 2749 139 2772 edd.
156 2749 183 2772 de
199 2750 265 2773 omm'
279 2749 349 2773 verbo
366 2749 453 2777 ocioso,
466 2749 529 2779 quod
546 2748 618 2772 locuti
633 2748 722 2778 fuerint
739 2748 852 2771 homines.
867 2748 923 2771 Cod.

87 2788 103 2811 L
119 2795 145 2811 ex
167 2789 274 2817 Gregor.,
296 2789 340 2811 Vll.
364 2789 440 2811 Moral.
457 2795 476 2811 c.
498 2788 532 2810 17.
550 2795 571 2810 n.
589 2788 631 2814 58,
648 2787 753 2815 adiungit
769 2787 923 2810 definitionem

87 2827 151 2850 verbi
168 2827 247 2854 otiosi;
264 2828 348 2850 scilicet
369 2836 378 2848 ιι
390 2827 453 2856 quod
470 2830 509 2849 aut
525 2827 611 2849 ratione
628 2827 700 2849 iustae
717 2826 868 2853 necessitatis,
886 2828 925 2848 aut

88 2865 210 2889 intentione
221 2867 273 2894 piae
285 2863 386 2889 utilitatis
402 2868 463 2888 earet
474 2875 485 2886 ι)
505 2869 527 2888 et
538 2865 602 2894 qued
613 2865 652 2894 qui
665 2864 735 2887 verba
753 2865 823 2887 otiosa
836 2871 880 2887 non
893 2865 925 2887 vi·

88 2907 119 2927 tat
135 2905 213 2928 transit
230 2905 259 2928 ad
276 2906 342 2928 noxia
361 2905 410 2933 (etr.
427 2907 479 2927 nota
497 2905 563 2933 seq).

149 2942 159 2956 ⁶
175 2943 220 2966 Csr.
237 2944 266 2966 de
282 2944 393 2966 Conflictu
411 2944 520 2966 vitiorum
537 2946 559 2966 et
576 2943 686 2966 virtutum
706 2943 772 2971 (inter
789 2948 859 2970 opera
882 2942 925 2964 Au-

89 2983 170 3011 gost),
182 2989 201 3005 c.
214 2984 252 3005 22.
267 2985 290 3005 et
307 2983 380 3005 Serm.
398 2983 418 3005 3.
436 2982 464 3005 ad
482 2982 571 3005 Fratres
587 2982 610 3004 in
627 2988 705 3004 eremo
722 2981 789 3010 (inter
800 2987 870 3009 opera
883 2981 925 3003 Au-

179 3029 206 3053 S.
216 3029 306 3052 Βοηαυ.
317 3042 348 3046 -
359 3030 427 3052 Tom.
439 3030 493 3052 Vltt.

981 2128 1066 2156 gust.);
1085 2127 1225 2149 verbotenus
1242 2129 1318 2149 tamen
1331 2126 1444 2148 Invenitur
1461 2125 1523 2153 apud
1541 2125 1620 2147 lsidor.
1633 2126 1655 2147 11.
1669 2126 1821 2152 SynonymOl'.

981 2174 1002 2189 n.
1021 2166 1062 2193 46,
1079 2166 1119 2195 qui
1137 2166 1240 2194 sequitur
1256 2166 1365 2193 Gregor.,
1388 2165 1448 2187 XVl.
1465 2165 1541 2186 Moral.
1559 2171 1578 2186 c.
1597 2164 1617 2185 3.
1635 2170 1656 2186 n.
1676 2164 1696 2186 3.
1713 2176 1744 2180 -
1761 2163 1819 2186 Sub-

982 2205 1034 2227 inde
1052 2205 1162 2232 allegatur
1179 2204 1245 2226 Eccli.
1263 2204 1304 2232 32,
1326 2204 1360 2225 10.
1376 2210 1440 2232 seq:
1457 2203 1607 2229 Adolescens,
1625 2203 1719 2230 loquere
1742 2202 1764 2224 in
1781 2205 1817 2224 tua

980 2249 1048 2266 causa
1067 2243 1118 2270 vix;
1136 2242 1155 2265 si
1173 2241 1208 2264 bis
1225 2245 1267 2264 etc.

1043 2281 1053 2294 ⁶
1070 2282 1151 2304 Psalm.
1170 2282 1212 2307 13,
1230 2282 1252 2303 3.
1269 2293 1299 2297 -
1317 2281 1373 2302 Edd.
1391 2286 1443 2302 cum
1462 2279 1575 2302 nonnullis
1591 2279 1672 2307 codd,
1690 2279 1821 2306 refraganti-

981 2321 1025 2344 bus
1040 2321 1056 2343 B
1066 2321 1081 2343 C
1091 2321 1108 2342 ll
1119 2321 1146 2348 L,
1159 2321 1201 2342 hoc
1214 2326 1264 2347 cap.
1278 2320 1313 2342 15.
1328 2322 1434 2348 tanquam
1449 2319 1552 2341 ultimum
1566 2318 1633 2340 huius
1645 2318 1750 2345 opusculi
1762 2318 1822 2340 exhi-

982 2360 1048 2388 bent,
1066 2360 1106 2382 sed
1125 2360 1263 2386 incongrue,
1281 2359 1313 2381 uti
1331 2365 1357 2381 ex
1375 2359 1420 2380 line
1436 2364 1456 2380 c.
1477 2359 1515 2385 16,
1533 2363 1602 2386 quem
1621 2360 1666 2379 tam
1693 2357 1728 2379 isti
1750 2357 1818 2380 codd.

981 2405 1051 2427 quam
1069 2399 1121 2421 edd.
1139 2398 1258 2425 exhibent,
1276 2400 1378 2425 apparet.
1396 2398 1422 2419 Ut
1441 2400 1515 2419 tamen
1533 2396 1607 2425 aliqua
1621 2396 1687 2418 detur
1704 2396 1820 2418 conclusio

981 2437 1050 2460 huius
1066 2444 1128 2465 cap.,
1146 2437 1164 2458 Α
1181 2436 1245 2459 addit
1261 2437 1308 2459 Deo
1325 2435 1435 2465 q1·utt‘rts,-
1460 2436 1478 2457 D
1504 2435 1549 2457 Deo
1573 2434 1672 2463 matius.
1690 2435 1783 2462 Amen,
1804 2435 1820 2456 F

982 2476 1129 2505 Quicumque
1147 2475 1275 2505 Reliyt‘osus
1292 2475 1349 2499 haec
1362 2474 1442 2497 onmia
1454 2474 1502 2497 iam
1514 2473 1575 2497 ‹tit-ta.
1587 2473 1755 2501 observaverit,
1765 2480 1818 2503 pua:

980 2522 1052 2545 super
1070 2515 1137 2538 illum
1154 2516 1175 2538 et
1191 2514 1355 2537 misericortlm
1373 2513 1422 2543 [etr.
1439 2514 1489 2535 Gal.
1504 2514 1517 2535 6
1527 2531 1532 2540 ‚
1551 2513 1607 2542 16.]
1620 2514 1701 2536 Amen.
1714 2511 1821 2542 Explicit

981 2553 1134 2577 ‹lio-ectorimn
1151 2552 1324 2582 Reltytosormn
1341 2551 1429 2575 editum
1445 2558 1460 2574 a
1477 2551 1571 2574 doctore
1588 2550 1716 2580 Seraphico
1736 2551 1759 2574 S.
1778 2551 1819 2574 Bo·

980 2594 1114 2616 noventur-a
1133 2592 1229 2615 Ordinis
1245 2591 1375 2615 Minoi-um.

1044 2630 1052 2644 ⁷
1069 2632 1113 2653 Csr.
1131 2637 1199 2658 supra
1217 2631 1302 2658 Opusc.
1326 2631 1360 2652 Vl.
1378 2630 1406 2652 de
1424 2629 1561 2651 Pei-sectione
1582 2629 1641 2651 vitae
1663 2629 1692 2651 ad
1713 2629 1819 2656 Sorores,

981 2678 1000 2692 c.
1018 2671 1047 2698 3,
1064 2670 1148 2697 opusc.
1166 2670 1203 2691 Xl.
1220 2669 1331 2697 Apologia
1350 2674 1492 2696 pauperum,
1510 2675 1530 2689 r.
1546 2668 1614 2695 7-12;
1633 2668 1675 2696 Qq.
1688 2667 1773 2695 disput.
1792 2667 1821 2689 de

981 2709 1120 2737 perfectione
1137 2708 1282 2736 evangelica,
1300 2714 1322 2735 q.
1340 2708 1361 2729 2.
1379 2707 1444 2734 (tom.
1462 2707 1488 2729 V.
1507 2713 1559 2735 pag.
1581 2706 1630 2728 ¹24.
1647 2707 1730 2734 seqq.).

1042 2746 1052 2759 Β
1069 2747 1124 2775 Cap.
1141 2748 1162 2769 6.
1179 2759 1210 2763 —
1226 2746 1329 2769 Subinde
1345 2746 1454 2773 allegatur
1472 2746 1486 2768 1.
1507 2746 1567 2767 loan.
1585 2746 1609 2772 2,
1632 2745 1663 2767 16.

1043 2785 1052 2798 ⁰
1069 2786 1129 2808 Lihr.
1147 2786 1170 2808 ll.
1188 2785 1269 2808 llomil.
1287 2786 1309 2807 in
1335 2786 1422 2812 Evang.
1448 2784 1526 2806 homil.
1554 2785 1591 2806 30.
1608 2790 1630 2806 n.
1649 2785 1669 2806 2.
1687 2784 1732 2806 Csr.
1750 2790 1820 2811 supra

981 2831 1034 2853 pag.
1052 2824 1094 2852 44,
1111 2826 1163 2847 nota
1181 2825 1202 2846 6.
1221 2824 1278 2846 Vide
1296 2824 1363 2846 etiarn
1382 2824 1460 2846 XVlll.
1477 2823 1554 2845 Moral.
1571 2829 1590 2845 e.
1608 2823 1628 2844 9.
1647 2829 1670 2844 n.
1691 2823 1723 2844 16.
1740 2835 1771 2838 -
1789 2823 1820 2844 De

980 2864 1030 2886 loco
1046 2862 1223 2890 argumentandi
1239 2868 1254 2885 a
1272 2861 1398 2886 contraries
1415 2863 1456 2884 cfr.
1474 2861 1593 2888 Boethius,
1612 2862 1634 2883 ll.
1652 2864 1673 2883 et
1692 2861 1723 2883 111.
1736 2861 1765 2883 de
1778 2861 1820 2883 Dis-

982 2902 1080 2925 serentiis
1098 2901 1185 2930 topicis.
1204 2902 1245 2923 Pro
1259 2907 1304 2930 per
1321 2901 1398 2924 locum
1415 2907 1430 2923 [ι
1447 2900 1573 2923 contrariis
1591 2900 1630 2928 (ita
1648 2900 1675 2929 Α)
1699 2901 1715 2922 Β
1738 2899 1819 2922 substi-

982 2941 1023 2963 tuit
1037 2947 1081 2970 ρον
1097 2942 1266 2970 ανψινηεηιτιπι
1284 2939 1445 2967 contrarium,
1463 2940 1479 2961 D
1494 2946 1538 2969 per
1555 2938 1719 2967 contrarium,
1736 2938 1791 2961 edd.
1807 2945 1819 2961 e

981 2979 1110 3004 contrario.

1696 3026 1725 3047 62

1845 593 1896 612 Vitta
1909 593 1944 612 lin-

1867 621 1920 640 guae.
