2133 3317
502 211 698 240 OPUSCULUM
718 210 784 239 XXI.
806 210 961 239 EPISTOLA
983 211 1024 239 DE
1046 211 1115 239 XXV
1136 211 1386 241 MEMORIALIBUS.

77 298 199 321 amorem
220 289 340 318 instruat
360 292 387 318 et
408 288 574 322 inflammet,
595 288 629 316 ad
657 295 740 324 quem
762 288 789 316 in
810 288 918 316 cunctis

79 335 285 366 necessitatibus
306 335 362 363 tuis
382 334 470 372 possis
491 334 593 363 habere
615 341 762 363 recursum
789 336 817 363 et
837 334 918 370 spiri-

78 383 151 412 tuale
171 382 300 410 solamen.

215 475 258 502 15.
281 474 320 502 De
340 472 417 511 fuya
437 473 569 502 accidiae
589 477 614 502 et
634 473 781 502 tristitiae.

155 558 444 596 Quintumdecimum,
466 562 497 587 ut
517 566 628 587 omnem
649 558 826 595 frigiditatem
848 558 919 587 acci-

77 607 136 636 diae
156 608 183 635 et
205 605 341 638 tristitiae,
363 604 390 633 in
411 613 467 642 qua
482 605 548 633 latet
563 604 607 633 via
621 604 803 639 confusionis,
823 616 836 630 «
848 612 919 641 quae

77 652 153 683 ducit
173 651 207 681 ad
227 654 344 680 mortem
357 652 366 668 ¹
379 663 406 686 »,
427 659 443 680 a
465 654 491 680 te
511 651 571 688 ipso
585 658 695 680 summo
716 651 807 680 studio
827 651 920 688 depel-

78 700 148 733 lens,
169 698 288 727 interius
315 698 498 735 exteriusque
529 705 645 726 serenus
666 705 775 734 semper
796 701 823 726 et
844 701 920 726 tran-

78 745 181 784 quillus
201 745 313 774 existas.
334 744 407 773 Nulli
428 745 486 773 ullo
507 744 588 773 modo
619 744 791 773 contradicas
813 744 854 773 vel
876 752 919 773 re-

78 792 157 822 sistas
177 792 205 820 in
225 791 333 828 aliquo,
355 790 402 820 sed
423 791 516 827 potius
535 791 609 819 omni
638 790 718 819 modo
748 798 798 827 per
829 791 920 819 onmia

78 838 205 868 omnibus
225 838 398 874 acquiescas,
420 837 569 866 dummodo
589 837 697 866 divinae
719 837 792 866 laudi
815 837 857 866 vel
878 845 920 866 sa-

79 885 128 914 luti
149 884 278 914 animae2
299 892 353 912 non
374 884 497 912 obsistat.

95 979 138 1007 16.
162 977 244 1014 Quod
263 977 298 1006 de
318 976 452 1006 omnibus
473 976 581 1005 habeas
606 976 712 1005 bonam
737 976 906 1013 exemplum.

156 1062 428 1096 Sextumdecimum,
449 1065 481 1091 ut
500 1062 657 1091 affectiones
685 1065 748 1090 tuas
775 1069 871 1090 omnes
891 1069 922 1090 ac

80 1110 234 1139 voluntates
248 1108 402 1138 conformes
416 1108 524 1137 divinae
538 1108 681 1137 voluntati.
696 1108 794 1136 Omnia
809 1111 835 1137 te
849 1108 924 1137 aedi-

80 1156 162 1185 ficent
192 1163 283 1193 neque
310 1158 337 1184 te
364 1155 523 1184 deaedificet
554 1155 659 1192 aliquid
686 1155 713 1183 in
740 1155 792 1183 hoc
820 1155 923 1183 mundo

81 1202 209 1241 puritatis
230 1205 257 1231 et
278 1202 449 1231 innocentiae
472 1202 561 1239 gratia
588 1201 680 1230 divino
705 1202 753 1230 tibi
781 1210 897 1230 munere
912 1201 923 1218 ³

58 1269 64 1276 .
81 1249 219 1287 elargitae.
240 1249 294 1278 Nec
314 1249 433 1277 aliorum
455 1249 517 1285 plus
537 1248 629 1277 debito
649 1247 801 1277 defectibus
816 1251 924 1285 pertur-

81 1296 177 1330 batuS,
192 1295 329 1332 iniquitati
344 1295 468 1324 addendo
482 1295 671 1332 iniquitatem,
685 1295 781 1324 alienis
796 1295 924 1324 sordibus

82 1342 230 1380 polluaris,
251 1350 302 1376 ne,
322 1341 389 1371 dum
410 1342 489 1378 cupis
517 1342 585 1370 alios
611 1341 645 1370 de
666 1342 761 1379 pelago
789 1342 923 1376 liberare,

81 1388 203 1418 deterius
229 1388 288 1425 ipse
315 1396 431 1417 corruas
458 1388 486 1416 in
514 1388 692 1425 profundum.
722 1388 814 1417 Potius
839 1388 924 1425 igitur

81 1435 188 1469 omnia,
209 1435 312 1472 quibus
333 1443 388 1463 non
409 1437 487 1472 potes
508 1435 566 1464 sine
586 1435 752 1464 detrimento
779 1435 924 1472 prodesse,

81 1482 207 1520 operiens
233 1482 347 1510 caritate
380 1481 513 1518 benigna,
545 1481 584 1510 illi
618 1490 742 1510 summae
776 1481 925 1518 sapientiae

81 1528 269 1566 derelinquas,
291 1536 363 1565 quae
383 1528 460 1556 novit
480 1528 552 1557 bona
573 1528 606 1557 de
632 1528 710 1557 malis
737 1528 836 1557 elicere
863 1528 925 1565 qui—

81 1575 269 1612 buscumque;
292 1575 386 1612 sicque
407 1575 434 1603 in
456 1575 535 1604 bonis
554 1575 682 1604 omnibus
694 1575 706 1592 4
723 1575 827 1612 pariter
841 1577 925 1612 atque

83 1622 161 1651 malis
181 1622 365 1659 spiritualem,
388 1621 503 1650 Domino
524 1621 702 1656 concedente,
723 1621 826 1658 poteris
847 1629 925 1658 repe-

82 1668 138 1698 rire
157 1668 320 1706 profectum.

310 1754 353 1782 17.
378 1753 417 1782 De
437 1753 571 1782 custodia
592 1753 698 1782 cordis.

160 1838 305 1868 Decimum
321 1838 484 1876 septimum,
505 1842 537 1867 ut
558 1846 606 1867 cor
629 1841 709 1867 tuum
725 1846 838 1867 servans
852 1837 926 1866 omni

83 1885 206 1915 custodia
239 1885 359 1922 solisque
393 1885 584 1922 spiritualibus
617 1884 758 1914 exercitiis
787 1884 926 1919 deditum,

84 1932 175 1961 nullae
195 1932 231 1961 ibi
254 1940 349 1961 rerum
371 1932 520 1961 visibilium
543 1932 675 1969 imagines
689 1932 700 1949 ⁵
721 1931 925 1969 imprimantur,

84 1982 131 2014 ut,
152 1987 168 2008 a
188 1979 324 2008 creaturis
344 1978 473 2008 omnibus
494 1979 631 2013 alienum,
657 1978 743 2008 libere
767 1978 853 2015 possit
880 1986 927 2007 va-

84 2033 147 2055 care
167 2025 289 2054 omnium
311 2025 444 2055 Creatori.

263 2112 306 2140 18.
329 2111 369 2140 De
388 2111 513 2140 caritate
533 2110 574 2140 ad
591 2110 752 2148 proximos.

161 2196 304 2225 Decimum
319 2199 457 2231 octavum,
473 2199 503 2225 ut
518 2196 664 2233 imaginem
677 2204 708 2225 ac
720 2195 926 2225 similitudinem

86 2243 231 2272 Maiestatis
252 2242 360 2271 divinae
381 2243 558 2272 considerans
579 2242 607 2271 iu
628 2242 735 2271 cunctis
752 2242 927 2277 hominibus,

149 2442 157 2455 ¹
175 2443 278 2470 Hieron„
296 2443 319 2465 ll.
336 2442 464 2465 Comment.
482 2443 505 2464 in
523 2442 588 2465 Mieh.
605 2443 632 2469 7,
651 2442 686 2465 14.
704 2449 782 2471 seqq.:
802 2443 929 2471 lntelligen-

88 2483 122 2504 1es
137 2484 229 2509 peccata
246 2481 340 2510 pristina
363 2481 530 2504 confundentur
546 2481 569 2503 in
591 2481 653 2503 vitiis
674 2481 722 2504 suis
743 2484 765 2503 et
781 2481 928 2507 erubescent,

90 2522 111 2542 et
126 2523 192 2542 erunt
209 2520 231 2542 in
243 2520 386 2548 confusione,
404 2526 464 2548 quae
475 2520 539 2542 ducit
555 2520 584 2541 ad
602 2520 673 2542 vitam
691 2519 740 2549 [cfr.
752 2520 816 2542 Eccli.
831 2519 854 2546 4,
870 2519 928 2547 25.],

89 2558 142 2587 quia
159 2561 192 2581 est
209 2561 231 2581 et
247 2559 290 2581 alia
307 2559 423 2586 confusio,
441 2564 501 2587 quae
519 2558 581 2581 ducit
593 2558 622 2581 ad
639 2561 749 2585 mortem,
767 2558 788 2580 in
801 2564 847 2586 qua
864 2557 929 2579 liabi-

91 2597 145 2619 tavit
161 2598 277 2626 quondam
295 2597 342 2625 Og,
359 2603 397 2619 rex
416 2598 500 2624 Basan,
526 2597 640 2625 siquidem
662 2597 742 2619 Busan
768 2597 929 2624 interpretatur

91 2635 207 2665 confusio,
226 2636 254 2658 de
271 2642 317 2664 qua
329 2636 462 2658 confusione
481 2636 581 2664 pessima
599 2639 620 2658 et
632 2635 743 2657 Dominus
759 2635 896 2663 repromittit
907 2635 929 2657 li-

91 2673 222 2697 beraturum
240 2681 264 2697 se
282 2675 394 2703 populum
412 2681 479 2697 suum
504 2674 549 2704 [ΡΞ.
566 2674 609 2701 67,
632 2673 695 2703 23.]:
712 2673 779 2697 Dixit
795 2673 928 2697 Dominus:

92 2712 130 2736 Ea·
146 2714 224 2736 Basan
241 2714 387 2742 convertam,
407 2714 543 2736 convertam
560 2712 587 2735 de
601 2712 722 2742 profundo
738 2712 822 2735 maris.

154 2751 162 2764 ²
179 2751 250 2775 Codd.
269 2753 309 2774 EF
326 2752 415 2775 addunt
432 2754 486 2775 tuae
503 2751 538 2775 vel
554 2751 676 2780 p1·ooeimi,·
693 2751 799 2778 superius
819 2757 861 2779 pro
878 2757 929 2774 con-

91 2789 195 2814 tradicas
212 2790 247 2813 vel
263 2789 360 2814 resistas
378 2790 401 2813 in
418 2790 522 2819 aliquo...
534 2789 669 2819 acquiescas
686 2789 760 2817 posito
777 2795 830 2811 cum
848 2790 866 2811 G
878 2795 929 2812 con·

93 2826 209 2851 tradicens
226 2828 249 2851 in
266 2828 345 2858 aliquo
363 2828 399 2851 vel
420 2828 554 2851 resistens...
577 2827 742 2857 acquiescens;
764 2833 806 2855 pro
829 2827 896 2850 laudi
911 2828 929 2849 G

90 2865 215 2890 voluntati.

156 2904 164 2917 ⁹
182 2906 212 2928 lta
229 2907 258 2933 E;
275 2906 327 2929 edd.
345 2905 419 2929 divini
440 2905 481 2929 tibi
498 2905 612 2928 muneris.
634 2905 736 2928 Subinde
753 2911 794 2933 pro
816 2905 930 2934 elarqitac

94 2943 113 2965 G
128 2943 221 2967 studeas
238 2944 350 2974 etaryiri,
367 2945 407 2973 qui
424 2945 492 2967 etiam
510 2948 561 2972 post
578 2944 625 2967 Nec
641 2943 746 2966 aliorum
763 2949 816 2965 cum
833 2943 874 2966 CF
892 2943 930 2965 ad-

92 2980 128 3003 >dit
143 2987 256 3011 anquam.

1757 212 1813 240 495

974 288 1011 317 ita
1025 296 1121 317 omnes
1134 288 1231 325 diligas
1245 289 1356 318 intimae
1370 289 1492 318 caritatis
1506 289 1606 318 affectu
1620 289 1815 325 omniumque,

974 338 1001 363 et
1022 335 1143 363 maxime
1164 335 1339 364 infirmorum
1369 339 1396 364 et
1423 343 1665 373 quorumcumque
1693 335 1816 372 indigen-

975 381 1044 410 tium
1066 389 1163 410 curam
1190 390 1285 418 geras,
1312 382 1461 411 dummodo
1486 382 1559 411 circa
1589 382 1742 419 spiritualia
1767 381 1815 410 tibi

975 435 1029 456 non
1051 427 1098 456 fiat
1118 428 1215 456 nociva
1235 428 1391 462 distractio;
1413 428 1489 457 sicu-t
1510 428 1582 457 bona
1601 432 1696 456 mater
1722 427 1818 465 diligit

975 476 1058 511 atque
1079 477 1159 502 curat
1181 474 1302 503 unicum
1322 483 1410 503 saum
1430 474 1525 511 filium
1547 474 1744 511 praedilectum
1756 474 1775 502 ⁶.

1050 568 1093 595 19.
1118 567 1157 595 De
1177 567 1359 596 orationibus
1380 576 1446 596 cum
1468 567 1602 604 operibus
1622 567 1741 596 sanctis.

1054 660 1195 689 Decimum
1211 668 1331 694 nonum,
1352 663 1384 689 ut
1404 661 1534 689 continue
1555 663 1674 689 mentem
1691 663 1766 689 tuam
1781 660 1819 689 ita

976 707 1078 735 habeas
1097 706 1251 735 ordinatam
1273 715 1336 736 cum
1359 707 1430 741 Deo,
1452 707 1526 744 quod
1547 715 1627 736 omne
1648 715 1718 744 opus
1737 709 1818 735 tuum

976 756 1059 790 atque
1090 753 1282 781 exercitium⁷
1304 756 1358 781 tam
1391 753 1491 782 mentis
1522 761 1606 790 quam
1634 753 1758 790 corporis
1785 752 1820 781 sit

976 800 1088 833 oratio,
1110 799 1258 837 omniaque
1272 800 1384 829 servitia
1393 822 1400 834 ‚
1414 802 1442 829 et
1456 800 1578 828 maxime
1593 800 1742 828 humiliora
1755 807 1819 828 cum

977 849 1053 875 tanto
1073 846 1156 875 facias
1177 846 1299 875 caritatis
1319 846 1443 880 fervore,
1469 854 1500 875 ac
1521 846 1542 875 si
1564 854 1596 875 ea
1626 846 1735 875 Christo
1763 854 1821 875 cor-

977 893 1109 930 poraliter
1130 893 1287 922 exhiberes.
1309 893 1388 930 Quod
1409 897 1483 922 certe
1503 893 1586 922 debes
1616 895 1644 922 et
1670 896 1747 929 potes
1774 901 1820 922 ve-

978 939 1078 968 raciter
1099 939 1235 976 cogitare,
1257 940 1388 976 quoniam
1409 940 1468 977 ipse
1488 940 1560 968 dixit
1580 940 1607 968 in
1636 940 1781 977 Evangelio
1795 940 1819 968 ⁸:

980 986 1062 1021 Quod
1082 985 1137 1014 uni
1156 994 1190 1014 ex
1210 986 1342 1014 minimis
1362 986 1433 1015 meis
1453 985 1563 1023 fecistis
1583 984 1658 1014 milti
1677 985 1796 1023 fecistis.

1188 1080 1234 1107 20.
1258 1079 1297 1107 De
1317 1078 1476 1107 obedientia
1496 1082 1609 1107 sancta.

1058 1170 1242 1208 Vigesimum,
1257 1175 1288 1201 ut
1302 1172 1435 1200 honorem
1450 1174 1478 1200 et
1492 1172 1674 1201 reverentiam
1694 1172 1822 1201 omnibus

980 1218 1112 1247 exhibeas
1133 1221 1188 1247 tam
1210 1218 1329 1247 debitam
1350 1226 1433 1255 quam
1461 1218 1603 1252 devotam,
1636 1218 1822 1247 sanctissimae

980 1264 1149 1293 obedientiae
1170 1272 1295 1292 normam
1318 1272 1371 1292 non
1393 1264 1483 1293 solum
1504 1264 1531 1292 in
1549 1264 1655 1301 magnis
1669 1267 1696 1293 et
1716 1264 1821 1298 dubiis,

980 1319 1078 1340 verum
1101 1311 1183 1340 etiam
1204 1311 1231 1339 in
1254 1311 1374 1339 minimis
1394 1311 1483 1348 quasi
1503 1310 1649 1348 pupillam
1668 1310 1744 1339 oculi
1764 1314 1822 1339 stu-

980 1357 1045 1386 deas
1065 1365 1175 1394 semper
1196 1365 1307 1386 servare
1322 1357 1442 1386 illaesam
1458 1357 1478 1391 ⁹,
1499 1357 1629 1386 obediens
1642 1357 1753 1394 quidem
1768 1365 1823 1386 non

981 1404 1071 1433 solum
1087 1404 1238 1432 maioribus
1252 1407 1279 1433 et
1293 1404 1439 1440 praelatis,
1453 1411 1551 1432 verum
1566 1403 1647 1432 etiam
1669 1403 1823 1432 minoribus

981 1450 1122 1485 omnibus,
1144 1454 1171 1479 te
1191 1450 1340 1479 subiiciens
1355 1450 1595 1487 quibuscumque,
1616 1450 1776 1487 abnegando
1796 1453 1823 1479 te

981 1497 1071 1534 ipsum
1094 1505 1145 1534 pro
1165 1497 1282 1525 Christo.
1305 1497 1333 1525 ln
1348 1497 1426 1525 bonis
1439 1500 1466 1525 et
1480 1496 1700 1525 indifferentibus
1714 1504 1823 1533 semper

981 1543 1097 1572 alterius
1117 1543 1228 1572 studeas
1250 1543 1340 1572 facere
1354 1543 1522 1572 voluntatem
1532 1566 1539 1577 ,
1555 1543 1582 1571 in
1597 1543 1673 1572 nullo
1687 1543 1822 1580 praebens

982 1593 1008 1619 te
1028 1590 1109 1619 alicui
1131 1597 1296 1624 onerosum,
1317 1590 1364 1619 sed
1385 1590 1476 1626 potius
1491 1589 1518 1618 in
1533 1589 1646 1618 caritate
1666 1589 1768 1618 Christi
1782 1589 1822 1617 di-

981 1637 1068 1674 ligens
1089 1637 1249 1671 universos,
1270 1639 1297 1665 te
1310 1636 1402 1673 ipsum
1417 1636 1545 1665 omnibus
1558 1636 1742 1665 communiter
1759 1643 1821 1673 gra-

982 1687 1041 1712 tum
1063 1683 1188 1712 reddens.
1204 1699 1241 1703 —
1255 1683 1446 1717 Affabilitates,
1467 1682 1600 1711 amicitias
1613 1685 1640 1711 et
1653 1682 1822 1711 familiarita-

982 1776 1082 1811 verbo,
1104 1776 1175 1805 facto
1196 1776 1237 1805 vel
1260 1779 1341 1813 gestu
1360 1776 1478 1805 alicuius
1504 1776 1642 1810 rancoris,
1673 1775 1743 1810 odii,
1768 1775 1822 1804 cla-

982 1822 1082 1857 moris,
1104 1822 1237 1857 iniuriae,
1258 1822 1440 1856 turbationis,
1461 1821 1708 1856 murmurationis,
1732 1822 1823 1851 detra-

982 1869 1095 1903 ctionis,
1116 1869 1251 1903 scandali,
1273 1868 1316 1897 vel
1337 1868 1501 1897 adulationis
1528 1871 1555 1897 et
1581 1876 1824 1906 quorumcumque

982 1915 1113 1944 similium
1134 1915 1226 1952 aliqua
1247 1915 1352 1944 ratione
1380 1915 1423 1944 vel
1444 1915 1540 1949 mod0,
1568 1922 1617 1952 per
1647 1917 1673 1944 te
1704 1915 1748 1944 vel
1774 1922 1824 1952 per

982 1962 1083 1997 alium,
1105 1970 1188 1991 causa
1208 1962 1251 1991 vel
1271 1962 1378 1991 occasio
1398 1961 1448 1990 fias
1463 1962 1493 1990 ¹⁰.

1078 2057 1124 2084 21.
1149 2055 1231 2091 Quod
1252 2054 1459 2084 consolationes
1479 2058 1504 2083 et
1524 2054 1726 2083 tribulationes

1286 2101 1393 2130 occulte
1413 2105 1516 2130 teneas.

1063 2194 1232 2232 Vigesimum
1247 2194 1385 2231 primum,
1407 2196 1439 2223 ut
1459 2194 1576 2223 virtutes
1591 2194 1634 2223 vel
1648 2194 1750 2231 gratias
1769 2194 1825 2231 spi-

985 2242 1114 2276 rituales,
1136 2249 1205 2278 quas
1226 2241 1253 2269 in
1276 2244 1302 2269 te
1324 2241 1367 2269 vel
1388 2248 1437 2277 per
1452 2243 1478 2269 te
1492 2240 1582 2269 divina
1599 2240 1786 2270 misericordia
1802 2242 1823 2258 ¹¹

1047 2442 1056 2457 ⁴
1075 2443 1102 2464 lta
1121 2442 1201 2468 EFG,
1219 2441 1272 2464 edd.
1291 2441 1315 2463 in
1333 2440 1398 2463 bonis
1417 2439 1533 2470 operibus.

1047 2480 1056 2493 ⁵
1073 2481 1142 2508 Edd.,
1168 2479 1338 2507 refragantibus
1363 2479 1469 2507 CEFG,
1495 2478 1703 2508 concupiscentiae.
1731 2479 1826 2502 lnlerius

986 2522 1037 2548 post
1052 2519 1126 2548 possit
1143 2520 1159 2541 E
1176 2519 1239 2541 addit
1256 2520 1277 2541 et
1297 2519 1389 2541 attenta

1047 2557 1057 2570 ὃ
1073 2557 1135 2580 Libr.
1153 2558 1176 2579 ll.
1194 2558 1252 2584 Reg.
1272 2558 1296 2583 l,
1314 2557 1356 2578 26:
1382 2556 1444 2578 Sicut
1461 2558 1533 2578 mater
1554 2556 1647 2578 unicum
1670 2558 1731 2578 amat
1752 2555 1825 2577 tilium

985 2603 1065 2623 suum,
1083 2597 1110 2618 ita
1129 2602 1172 2624 ego
1185 2598 1206 2618 te
1224 2595 1358 2623 diligebam.
1374 2607 1404 2611 —
1423 2595 1532 2622 Superius
1548 2600 1590 2622 pro
1608 2594 1703 2617 intimae
1719 2594 1825 2617 caritatis

985 2635 1071 2664 affecta
1088 2635 1106 2656 G
1124 2634 1205 2657 intimo
1222 2633 1299 2657 cordis
1317 2633 1409 2663 affectu.

1048 2671 1057 2685 ⁷
1074 2672 1145 2695 Codd.
1164 2672 1180 2694 C
1191 2673 1231 2694 EF
1248 2672 1337 2694 addunt
1352 2678 1451 2701 semper.

1048 2710 1056 2723 Β
1074 2712 1150 2733 Mattli.
1167 2711 1209 2738 25,
1229 2710 1270 2733 40:
1288 2710 1403 2739 Quamdiu
1422 2710 1503 2732 fecistis
1516 2710 1554 2732 uni
1565 2716 1592 2732 ex
1605 2710 1639 2732 bis
1651 2709 1757 2732 fratribus
1769 2710 1826 2732 meis

986 2750 1098 2777 minimis,
1116 2750 1171 2772 mibi
1189 2750 1279 2772 fecistis.

1048 2787 1057 2801 ⁰
1074 2789 1140 2810 Prov.
1157 2788 1185 2815 7,
1204 2789 1230 2810 2:
1249 2789 1333 2816 Legem
1352 2794 1426 2810 meam
1444 2787 1535 2817 [serva]
1554 2788 1620 2816 quasi
1637 2788 1747 2816 pupillam
1766 2789 1825 2810 oculi

987 2828 1032 2854 tui;
1049 2828 1089 2849 cfr.
1109 2828 1172 2849 Deut.
1191 2828 1234 2853 32,
1253 2827 1288 2849 to.
1306 2839 1337 2842 —
1355 2826 1465 2854 Superius
1486 2833 1528 2854 pro
1546 2828 1595 2849 lam
1617 2826 1717 2849 debitam
1740 2827 1755 2849 E
1777 2828 1826 2850 tam

987 2865 1098 2889 humilem
1116 2868 1138 2887 et
1155 2872 1197 2893 pro
1214 2865 1238 2888 in
1262 2865 1355 2894 mannis
1377 2867 1398 2888 et
1414 2864 1503 2893 dubiis,
1528 2871 1610 2888 ceram
1632 2864 1702 2888 ctiam
1717 2864 1741 2888 in
1758 2864 1826 2888 mini-

986 2903 1031 2927 mis
1049 2903 1091 2932 (ita
1109 2903 1125 2926 C
1136 2904 1211 2931 EFG)
1230 2903 1282 2926 edd.
1300 2903 1405 2933 mannis,
1422 2909 1506 2926 verum
1522 2903 1592 2926 eliam
1610 2902 1720 2926 minimis.

1049 2941 1068 2954 ¹⁰
1085 2942 1141 2964 Cod.
1159 2942 1176 2964 D
1192 2942 1241 2972 fiat.

1049 2980 1065 2995 ¹¹
1085 2980 1156 3003 Codd.
1175 2981 1241 3003 EFG
1258 2980 1338 3004 divina
1355 2980 1457 3010 largitio.

982 1733 1023 1758 tes
1037 1729 1126 1767 fugias
1140 1730 1309 1766 singulares;
1324 1737 1500 1766 summopere
1514 1736 1625 1763 caveas,
1645 1736 1679 1758 ne
1699 1736 1821 1766 unquam
1835 1711 1930 1756 {ffiffiff
1940 1709 1970 1728 ω’
