2133 3317
112 1013 169 1031 Exem

117 1036 169 1060 losop

184 1012 202 1030 ia
208 1012 249 1035 phi-

184 1041 244 1054 orum.

116 1670 194 1688 Cautela
205 1675 247 1688 con·

130 1696 157 1712 tra
173 1698 236 1712 exces-

158 1722 205 1735 sum.

256 227 314 255 264

255 307 353 341 vegeto
368 310 484 340 corpore
499 304 591 330 tantae
606 309 634 330 se
649 300 762 329 dederat
776 298 958 328 abstinentiae
967 321 974 333 ,
987 301 1106 336 quantae

256 351 316 388 ipsa
336 350 423 378 fracto
444 351 471 377 et
493 347 571 377 senili
586 346 784 383 debilitatoque
799 345 966 382 corpusculo
980 356 994 370 »
1009 348 1020 373 7
1035 345 1107 381 Quid

256 398 338 427 etiam
360 395 525 425 venerabilis
546 394 593 423 illa
613 393 767 428 Tharsilla,
795 393 829 421 de
857 401 913 430 qua
939 392 1106 430 Gregorius,

256 447 356 481 quarto
377 443 553 479 Dialogorum
567 442 592 469 1:
620 452 633 466 «
648 440 794 474 Tharsilla,
815 439 919 476 inquit,
934 439 1019 468 amita
1032 447 1106 474 mea,

256 491 328 519 inter
339 490 408 518 duas
418 488 486 517 alias
497 495 607 517 sorores
618 495 683 516 suas
694 487 799 516 virtute
810 486 957 515 continuae
966 486 1107 520 orationis,

256 537 392 575 gravitate
413 536 498 570 vitae,
520 534 712 572 singularitate
733 533 915 562 abstinentiae
936 533 969 562 ad
998 533 1107 562 culmen

255 583 431 621 perfectionis
452 584 616 611 excreverat
631 583 664 609 »t
682 580 753 617 Quid
775 580 885 609 tandem
900 580 1060 617 ApostoluS,
1075 580 1108 609 de

257 639 312 668 quo
334 630 517 666 Hieronymus
538 631 634 657 contra
655 628 825 657 Iovinianum
842 627 869 655 2:
895 638 908 652 «
924 627 1026 656 Paulus
1040 627 1109 664 Apo-

257 677 344 706 stolus
366 678 427 713 post
447 676 549 704 famem
570 678 597 704 et
618 675 691 704 sitIm
720 677 748 704 et
776 676 883 703 ceteros
911 674 1019 703 labores
1044 682 1110 703 suos

257 726 284 752 et
311 723 436 760 pericula
464 722 603 751 latronum
635 724 663 750 et
693 721 849 750 solitudinis
879 721 978 750 crebra
1008 720 1110 749 ieiunia

257 772 403 799 enumerat
423 772 450 798 et
471 769 607 806 (bscipulo
635 768 779 797 Timotheo
806 768 908 797 dolenti
935 768 1109 797 stomachum

258 820 285 846 et
306 816 481 845 infirmitates
502 816 637 853 plurimas
659 815 805 844 sustinenti
829 815 926 844 suadet
945 815 1001 843 vini
1023 814 1110 843 modi-

259 871 318 893 cam
340 864 496 900 potionem,
518 863 592 900 quod
624 870 679 891 non
708 862 885 897 concederet,
914 862 965 891 nisi
996 861 1111 890 crebrae

258 910 434 939 infirmitates
455 913 483 939 et
503 910 581 939 dolor
603 910 737 938 stomachi
759 909 945 946 postulassent
959 912 998 937 »2

339 959 384 986 22).
408 958 555 986 Innumera
576 964 689 994 quoque
709 956 743 985 ad
772 956 825 985 hoc
855 956 985 993 exempla
1010 963 1111 993 suppe-

260 1007 323 1033 tunt
352 1005 477 1033 virorum
505 1004 674 1037 illustrium,
705 1011 760 1032 non
791 1003 881 1031 solum
908 1003 937 1031 in
968 1002 1109 1031 Christum

260 1051 445 1085 credentium,
468 1059 567 1080 verum
589 1050 671 1079 etiam
694 1050 838 1087 gentilium
863 1049 1110 1086 philosophorum,

260 1099 332 1128 sicut
354 1106 389 1127 ex
412 1098 496 1127 variis
517 1097 641 1126 historiis
663 1097 752 1134 colligi
774 1099 880 1133 potest,
908 1099 935 1125 et
962 1096 1112 1133 praecipue

260 1146 294 1175 de
322 1146 393 1174 libro
419 1145 577 1181 Hieronymi
606 1147 702 1173 contra
729 1143 898 1172 Iovinianum
914 1143 924 1159 ³
957 1145 984 1171 et
1015 1150 1052 1171 ex
1079 1150 1112 1170 eo

260 1201 343 1230 quem
365 1192 529 1229 conscripsit
550 1191 709 1220 Ambrosius
731 1190 764 1219 de
785 1190 846 1219 Vita
866 1190 1112 1219 brachmanorum.

260 1240 314 1269 Nec
335 1240 436 1268 horum
460 1239 660 1268 contemnenda
681 1238 822 1275 exempla,
845 1245 907 1266 cum
930 1236 1113 1273 Hieronymus

260 1286 294 1315 ad
309 1287 417 1315 Laetam
430 1286 442 1302 4
456 1286 544 1320 dicat,
565 1297 577 1310 α
589 1285 663 1322 quod
679 1285 787 1313 Iudaica
802 1284 962 1321 superstitio
980 1292 1014 1311 ex
1026 1286 1113 1320 parte

260 1334 324 1363 facit
345 1333 372 1362 in
394 1333 542 1362 reiectione
564 1332 739 1369 quorundam
761 1331 921 1360 animalium
936 1334 1020 1367 atque
1038 1338 1112 1359 esca-

261 1388 338 1415 rum,
361 1380 434 1417 quod
457 1379 586 1408 Indorum
612 1378 774 1407 brachmani
800 1380 827 1407 et
847 1377 1043 1415 Aegyptiorum
1065 1385 1112 1413 gy-

261 1427 467 1464 mnosophistae
489 1426 516 1455 in
538 1426 648 1463 polenta
675 1428 702 1454 et
733 1425 807 1453 oriza
828 1427 855 1453 et
876 1432 1023 1461 pomorum
1056 1423 1114 1452 solo

262 1474 411 1503 observant
433 1474 509 1508 cibo,
532 1481 582 1502 cur
604 1473 682 1509 virgo
704 1472 806 1501 Christi
827 1479 883 1500 non
904 1471 967 1500 facit
988 1471 1020 1499 iii
1035 1469 1113 1499 toto?

263 1520 288 1549 Si
313 1520 379 1549 tanti
401 1520 519 1554 vitrum,
541 1527 629 1556 quare
650 1527 704 1547 non
720 1521 747 1547 et
768 1518 880 1547 maioris
894 1517 976 1554 pretii
991 1517 1026 1546 sit
1040 1524 1113 1545 mar-

262 1568 383 1605 garitum
399 1579 412 1593 »
425 1570 436 1595 ‘l

342 1614 388 1643 ⁶23.
413 1614 481 1643 Haec
502 1617 595 1643 autem
617 1622 671 1641 non
693 1613 796 1642 idcirco
817 1612 954 1646 diximus,
977 1614 1009 1640 ut
1030 1611 1115 1640 absti-

264 1662 373 1691 nentiae
394 1661 540 1690 laudemus
561 1668 725 1694 excessum,
747 1659 791 1688 vel
812 1662 843 1688 ut
863 1659 951 1687 nostri
984 1657 1116 1695 tempor1s

266 1709 392 1738 homines
413 1709 447 1737 de
468 1708 675 1745 imperfectione
697 1709 833 1735 notemus.
849 1706 920 1735 Fieri
935 1705 1035 1735 etenim
1056 1708 1115 1742 pot-

263 1758 320 1790 est,
341 1758 374 1784 ut
388 1764 438 1792 pro
454 1755 594 1784 debilitate
609 1761 759 1791 corporum
778 1755 950 1782 excusentur
975 1752 1115 1787 nonnulli,

263 1803 344 1832 iuxta
365 1802 439 1840 quod
470 1802 650 1831 Distinctione
678 1801 818 1838 trigesima
846 1800 971 1837 quarta⁵
996 1799 1115 1828 dicitur:

268 1850 425 1879 «Defectus
456 1849 601 1878 hominum
633 1848 719 1877 nostri
750 1847 897 1885 temporis,
926 1847 1030 1884 quibus
1061 1854 1115 1875 non

265 1897 353 1926 solum
376 1896 491 1931 merita,
513 1896 560 1925 sed
592 1895 674 1925 etiam
702 1902 821 1932 corpora
851 1894 911 1931 ipsa.
941 1893 1115 1928 defecerunt,

264 1952 319 1973 non
340 1944 462 1981 patitur,
487 1943 666 1972 dlstrictionis
690 1942 765 1971 illius
785 1949 898 1971 manere
926 1949 1073 1970 censuram
1089 1953 1115 1969 ».

267 1991 335 2020 Fieri
351 1991 433 2019 etiarn
449 1993 554 2027 potest,
570 1993 601 2019 ut
615 1990 649 2018 ad
663 1989 757 2026 aliqua
772 1989 880 2026 pietatis
895 1988 985 2017 officia
1000 1996 1029 2017 se
1044 1988 1117 2025 ipsos

267 2040 431 2071 exerceant,
454 2045 525 2074 qnae
546 2037 747 2065 districtionem
768 2036 842 2064 illam
864 2035 908 2064 vel
930 2035 957 2063 in
979 2037 1051 2069 toto,
1074 2034 1117 2063 vel

266 2084 294 2112 in
315 2086 394 2121 parte
422 2086 640 2120 recompensent.
669 2083 723 2111 Hoc
749 2086 840 2111 tamen
873 2082 1022 2119 praecipua
1050 2089 1118 2110 cura

267 2131 451 2166 servandum,
472 2134 517 2165 ut,
539 2130 587 2167 qui
609 2132 716 2159 tantum
738 2130 810 2158 vitae
824 2129 945 2166 rigorem
965 2128 1043 2165 sequi
1063 2136 1117 2156 non

332 2320 340 2332 ¹
359 2320 413 2348 Cap.
437 2320 474 2342 lG:
491 2319 556 2342 Unde
574 2322 595 2342 et
613 2320 656 2341 1100
673 2319 737 2348 quod
755 2319 784 2341 de
801 2319 923 2347 Tharsilla,
936 2319 1004 2341 amita
1018 2325 1080 2346 mea,
1098 2318 1121 2340 in

268 2359 373 2382 Homiliis
390 2359 482 2388 [homil.
500 2359 538 2381 38.
555 2365 577 2381 0.
601 2358 647 2388 15.]
664 2358 782 2386 Evangelii
799 2358 883 2381 dixisse
900 2364 938 2380 010
954 2358 1031 2380 100010
1054 2357 1122 2385 repli-

271 2398 340 2426 cabo,
358 2404 418 2427 qnae
436 2398 493 2420 inter
511 2398 593 2420 (1005...
611 2397 640 2419 ad
657 2398 748 2419 culmen
766 2397 892 2420 sanctitatis
909 2399 1049 2419 excreverat.

332 2436 341 2449 ²
359 2437 420 2460 Libr.
437 2438 461 2459 Il.
479 2443 502 2459 n.
526 2437 559 2459 15.
577 2437 739 2465 Respiciuntur
757 2437 778 2459 ll.
796 2436 848 2459 Cor.-
878 2437 916 2463 ll,
940 2437 976 2458 ⁵26.
1000 2443 1049 2465 seq.
1066 2439 1088 2458 et
1107 2436 1119 2458 l.

271 2477 331 2499 Tim.
349 2478 374 2503 ὃ,
393 2477 430 2499 23.

333 2515 342 2528 ³
359 2515 420 2538 Libr.
440 2515 463 2537 11.
481 2522 502 2537 n.
521 2515 585 2537 9-11.
605 2528 635 2531 —
652 2514 719 2537 Liber
738 2515 768 2537 dc
791 2515 841 2537 Vita
866 2515 1060 2537 brachmanorum
1084 2515 1121 2536 110-

271 2555 337 2578 betur
355 2555 413 2577 inter
430 2561 500 2583 opera
518 2554 609 2577 incerta
627 2554 749 2576 Ambrosii.

333 2594 343 2607 ’ἕ
360 2595 429 2622 Epist.
452 2594 501 2616 107.
520 2594 584 2622 (alias
600 2593 632 2622 7.)
651 2600 672 2615 n.
692 2594 713 2615 8.
731 2594 774 2616 Pro
792 2593 816 2616 in
830 2593 928 2622 polenta
945 2594 965 2616 el
990 2593 1058 2616 oriz-a
1082 2593 1121 2620 (ita

271 2634 315 2655 AB
325 2633 341 2656 C
352 2634 368 2655 D
378 2634 396 2656 G
413 2636 435 2655 et
451 2633 488 2655 ed.
506 2633 524 2661 1)
540 2633 589 2655 Vat.
603 2636 625 2655 01
637 2633 674 2655 ed.
688 2633 701 2655 ‘2
715 2639 767 2655 011111
782 2635 841 2655 textu
854 2632 960 2660 originali
973 2631 997 2655 in
1013 2632 1121 2661 polentae

271 2674 293 2696 et
310 2672 390 2696 orizae
407 2672 490 2702 [011101.

334 2711 343 2724 ⁵
360 2711 413 2734 Can⁴
432 2711 601 2735 Fralerm'latt's
619 2710 684 2740 (7.)...
703 2714 779 2733 tamen
797 2711 850 2740 quia
869 2711 971 2733 defectus
989 2713 1120 2733 nostrorum

273 2754 416 2779 temporum,
436 2750 522 2779 quibus
546 2757 592 2773 non
615 2751 690 2772 5011101
710 2750 804 2777 merita,
828 2750 868 2772 sed
891 2756 988 2778 corpora
1012 2750 1061 2778 ipsa
1085 2751 1122 2772 ho-

273 2790 361 2812 minum
379 2790 526 2818 defecerunt,
542 2790 690 2812 districtionis
711 2790 769 2812 illius
794 2796 840 2811 000
864 2789 948 2817 patitur
970 2789 992 2811 in
1013 2789 1122 2811 omnibus

274 2835 366 2851 manere
388 2835 518 2851 censuram.
535 2828 607 2852 Codd.
626 2829 671 2851 DG
689 2831 741 2857 post
763 2834 866 2858 corpora
883 2828 934 2858 [psa
957 2830 1063 2856 repetunt
1085 2827 1122 2851 lto-

274 2873 375 2890 minum.

337 2905 346 2918 ⁶
364 2905 436 2929 Codd.
454 2907 498 2928 ΑΒ
516 2905 678 2929 imbecillitate.

337 2943 346 2956 ⁷
364 2945 440 2966 Matth.
458 2945 484 2972 3,
502 2945 523 2966 4..
541 2948 562 2967 et
592 2945 611 2966 11
625 2962 630 2971 ,
657 2945 691 2967 18.
714 2957 744 2961 —
767 2945 883 2967 Sententia
905 2945 1003 2973 August.
1025 2944 1122 2967 habetur

274 2983 335 3006 XVI.
353 2986 430 3006 contra
448 2984 565 3012 Faustum,
581 2990 601 3006 0.
619 2984 657 3006 31,
674 2984 790 3012 Allegatur
807 2985 882 3006 11101111.
902 2985 942 3012 11,
964 2985 997 3006 18.

338 3021 347 3034 ⁵
365 3021 427 3044 Libr.
444 3023 468 3045 11.
485 3029 506 3044 n.
529 3023 561 3044 15.
580 3023 708 3051 Respicitur
725 3023 803 3045 Matth.
822 3024 847 3050 3,
866 3023 888 3045 t.

742 221 939 251 OPUSCULUM
959 221 1002 249 XI.
1024 220 1186 249 APOLOGIA
1206 220 1388 249 PAUPERUM.
1410 220 1478 248 CAP.
1500 220 1532 249 V.

1163 299 1273 333 valent,
1295 299 1339 327 vel
1359 298 1475 327 forsitan
1495 298 1609 332 nolunt,
1638 306 1693 326 non
1721 299 1933 334 praesumtuose
1954 298 2014 327 vili-

1164 345 1295 382 pendant,
1319 345 1366 374 sed
1381 345 1508 382 religiose
1528 347 1714 379 venerentur,
1736 346 1889 381 quatenus,
1909 345 1931 373 si
1946 345 2014 382 quid
2108 336 2109 370 1

1163 392 1192 421 in
1213 393 1252 421 eis
1273 400 1324 429 pro
1345 392 1436 421 carnis
1457 392 1597 421 debilitate
1611 392 1621 408 ⁶
1644 391 1837 426 subtrahitur,
1859 399 1896 420 ex
1915 392 2015 422 mentis

1164 439 1320 468 humilitate
1341 438 1513 475 suppleatur.

1243 486 1289 514 ⁹24.
1312 486 1386 514 Hanc
1407 485 1480 521 piam
1509 484 1681 513 reverentiae
1708 484 1839 519 formam,
1868 485 1891 513 si
1918 485 1941 513 is
1969 485 2013 514 cui
2038 496 2100 516 Contra
2113 501 2122 520 1.

1165 532 1365 570 respondetur,
1386 532 1536 560 observare
1556 531 1701 565 voluisset,
1724 539 1899 568 nequaquam
1916 532 2014 561 huma-
2026 521 2122 569 Efffiffaffsffll

1164 588 1215 608 nae
1237 578 1405 608 carnalitatis
1426 578 1525 607 vitium
1547 586 1596 614 per
1618 586 1728 612 carnes,
1744 586 1813 615 quas
1824 578 1890 607 dicit
1904 587 1920 607 a
1934 579 2014 608 Prae-
2026 571 2077 586 ⁵⁰¹¹*

1165 634 1280 655 cursore
1295 628 1441 659 comestas,
1457 625 1605 653 temeraria
1618 624 1824 661 praesumtione
1837 625 1951 654 foveret.
1967 626 2017 655 Cui

1165 676 1261 710 aperte
1282 672 1469 701 contrariatur
1484 671 1659 708 evangelicus
1674 674 1769 700 textus
1780 671 1790 688 ⁷
1805 674 1833 700 et
1846 672 2017 709 Augustinus

1166 722 1263 749 contra
1277 720 1421 753 Faustum,
1437 718 1485 747 uhi
1500 718 1539 746 sic
1555 718 1607 746 ait:
1628 729 1641 742 «
1652 718 1728 747 Unde
1742 718 1833 747 dictus
1847 721 1889 748 est
1904 719 2016 749 Ioannes

1166 776 1224 796 iton
1244 767 1431 795 manducans
1452 774 1541 803 neque
1563 764 1676 799 bibens,
1698 765 1750 794 nisi
1766 765 1832 802 quia
1852 766 1899 795 illo
1921 767 2015 802 victu,

1167 822 1222 851 quo
1244 813 1335 842 Iudaei
1356 813 1524 847 utebantur,
1546 812 1604 849 ipse
1625 820 1680 840 non
1695 812 1827 841 utebatur
1841 815 1880 841 »ἵ
1905 812 2029 842 Constat·

1166 864 1274 895 autem,
1296 860 1370 897 quod
1393 859 1484 888 Iudaei
1506 859 1638 888 carnibus
1656 859 1857 893 vescebantur;
1873 859 1925 888 ulsi
1947 860 2018 890 forte

1167 907 1231 944 quis
1251 907 1289 935 ita
1309 907 1439 943 desipiat,
1461 909 1493 935 ut
1513 906 1599 940 dicat,
1622 906 1749 934 Ioannem
1775 913 1873 935 carnes
1901 907 2018 936 mandu-

1168 962 1244 983 casse
1265 954 1293 982 in
1315 955 1385 990 Lege
1413 953 1575 990 prohibitas.
1601 953 1785 989 Hieronymus
1811 953 1894 982 etiam
1923 957 2019 983 contra

1168 1001 1339 1029 Iovinianum
1354 1000 1381 1029 8:
1409 1012 1422 1025 «
1437 1001 1604 1029 praecursor
1625 1000 1735 1029 Domini
1750 1002 1778 1029 et
1792 1008 1891 1037 praeco
1906 1000 2020 1030 locustis

1168 1048 1252 1076 alitur
1273 1051 1300 1076 et
1322 1048 1441 1076 silvestri
1457 1047 1552 1082 melle,
1574 1055 1629 1076 non
1644 1047 1775 1076 carnibus
1789 1059 1815 1075 ».
1839 1047 1871 1076 Et
1892 1048 2020 1077 Rabanus

1169 1102 1253 1131 super
1269 1094 1337 1123 illud
1351 1094 1479 1123 Matthaei
1495 1094 1519 1122 ⁹:
1536 1095 1612 1122 Esca
1625 1094 1688 1122 eius
1703 1093 1830 1122 locustae
1845 1097 1913 1123 etc.:
1940 1105 1954 1119 «
1969 1095 2020 1123 Ha-

1169 1142 1280 1170 bitatori
1301 1141 1457 1170 solitudinis
1479 1149 1636 1178 congruum
1667 1143 1742 1175 erat,
1764 1143 1796 1169 ut
1824 1149 1879 1170 non
1906 1141 2018 1170 delicias

1169 1189 1305 1222 ciborum,
1318 1188 1365 1217 sed
1376 1189 1567 1217 necessitatem
1579 1188 1718 1217 humanae
1729 1188 1820 1217 carnis
1832 1190 1977 1225 expeteret
1991 1200 2018 1216 ».

1169 1235 1245 1264 Unde
1276 1235 1362 1264 refert
1393 1235 1520 1264 Arculfns
1551 1235 1700 1263 Galliarum
1723 1235 1869 1272 episcopus
1881 1235 1914 1269 ¹⁰,
1941 1246 1954 1260 «
1970 1235 2020 1264 mi-

1170 1282 1275 1310 nimum
1298 1289 1385 1318 genus
1407 1282 1577 1310 locustarum
1598 1281 1684 1310 fuisse
1706 1281 1732 1310 in
1754 1282 1864 1310 deserto
1892 1282 2020 1317 Iudaeae,

1170 1337 1226 1366 quo
1247 1332 1344 1365 pastus
1365 1331 1406 1357 est
1428 1328 1540 1357 Ioannes
1562 1328 1695 1365 Baptista,
1717 1331 1744 1357 et
1764 1337 1855 1366 usque
1876 1329 1958 1358 hodie
1983 1330 2020 1358 ibi

1170 1383 1320 1412 apparere,
1342 1383 1414 1412 quae
1436 1375 1609 1412 corpusculis
1630 1375 1657 1404 iu
1679 1375 1792 1404 modurn
1814 1376 1892 1413 digiti
1923 1384 2022 1406 manus

1170 1422 1292 1451 exilibus
1319 1422 1346 1450 in
1375 1422 1470 1451 herbis
1490 1422 1569 1451 facile
1600 1422 1749 1459 capiuntur
1780 1425 1930 1460 coctaeque
1961 1423 2021 1452 oleo

1171 1477 1323 1506 pauperem
1344 1469 1478 1506 praebent
1506 1469 1611 1498 victum
1626 1481 1652 1497 ».
1682 1469 1727 1498 His
1756 1469 1849 1506 itaque
1877 1469 2021 1507 diligenter

1171 1516 1336 1553 perspectis,
1358 1516 1421 1553 quis
1442 1519 1498 1544 tam
1529 1516 1675 1552 impudens
1706 1516 1773 1550 erit,
1795 1519 1827 1545 ut
1857 1524 1907 1553 per
1938 1516 2022 1545 vitam

1172 1564 1279 1592 Ioannis
1300 1566 1441 1592 austeram
1462 1566 1489 1592 et
1510 1571 1677 1600 pauperem,
1704 1571 1800 1597 suam,
1831 1563 1875 1592 vel
1906 1563 2023 1593 alienam

1171 1610 1314 1639 defensare
1335 1610 1435 1639 audeat
1456 1610 1669 1639 carnalitatem?

1252 1658 1297 1686 ⁹25.
1320 1657 1449 1686 Ceterum
1471 1657 1537 1694 quia
1558 1657 1733 1694 superfluum
1756 1660 1798 1686 est
1818 1658 1846 1686 in
1867 1658 1911 1687 his
1926 1658 2023 1687 immo-
2037 1665 2125 1692 verba-1.

1172 1704 1228 1733 rari
1244 1704 1361 1739 diutius,
1377 1704 1411 1733 ad
1426 1712 1458 1733 ea
1472 1704 1639 1733 veniendum
1654 1707 1704 1739 est,
1720 1713 1792 1742 quae
1806 1705 1834 1733 in
1853 1705 2023 1742 quaestionis
2066 1690 2121 1744 pm}

1173 1752 1258 1780 huius
1272 1751 1431 1780 definitione
1445 1751 1596 1789 subiungit.
1612 1751 1683 1781 Dicit
1703 1760 1832 1789 namque,
1848 1752 1921 1789 quod
1941 1763 1955 1778 «
1970 1752 2023 1781 viri

1173 1798 1287 1835 perfecti
1308 1798 1342 1827 ad
1363 1799 1459 1827 vinum
1481 1801 1507 1827 et
1528 1806 1626 1827 carnes
1640 1806 1669 1828 se
1690 1799 1889 1828 relaxaverunt
1910 1802 2024 1836 propter

1173 1846 1276 1874 earnis
1296 1845 1515 1882 infirmitatem,
1537 1848 1652 1883 propter
1672 1845 1851 1875 servatiiclcmi
1873 1849 2024 1874 consuetu—

1173 1893 1269 1921 dinem
1292 1893 1456 1921 eommunis
1486 1892 1563 1921 vitae
1587 1895 1614 1921 et
1644 1896 1759 1929 propter
1784 1892 1921 1922 scandali
1947 1893 2024 1922 vita-

1174 1940 1278 1968 tionem
1292 1952 1320 1968 ».
1342 1940 1417 1977 Quae
1439 1940 1566 1977 quamvis
1587 1947 1653 1969 vera
1678 1940 1733 1968 sint
1761 1943 1788 1969 et
1812 1948 1828 1969 a
1849 1940 1955 1969 Sanctis
1979 1948 2023 1969 ac-
2035 1928 2133 1989 ,ffssgssdffl'

1174 1990 1266 2024 cepta,
1288 1987 1375 2016 multa
1396 1990 1489 2016 tamen
1503 1987 1586 2021 falsa,
1602 1989 1633 2015 ut
1647 1987 1763 2021 assolet,
1778 1987 1806 2016 in
1821 1995 1919 2016 eorum
1934 1987 2023 2024 expli·
2037 1979 2133 2012 bantur.‘³'

1174 2034 1280 2063 catione
1300 2034 1456 2071 permiscet.
1474 2049 1511 2054 —
1526 2034 1596 2062 Dicit
1610 2034 1683 2062 enim
1699 2034 1726 2062 in
1745 2034 1928 2071 explicatione
1943 2033 2025 2070 primi

1174 2080 1307 2115 membri,
1329 2080 1404 2117 quod
1430 2080 1628 2117 «imperfectio
1648 2083 1689 2109 est
1713 2080 1846 2109 damnum
1868 2080 1979 2109 virtutis
1994 2092 2025 2115 »,

1175 2127 1249 2164 qnod
1271 2127 1401 2164 superius
1416 2128 1439 2144 ¹¹
1462 2130 1594 2164 tanquam
1615 2135 1764 2156 erroneum
1779 2129 1821 2156 est
1835 2127 2025 2164 multipliciter

1239 2316 1249 2329 ⁹
1266 2317 1327 2340 Libr.
1345 2319 1359 2341 I.
1377 2317 1506 2340 Comment.
1524 2317 1546 2340 in
1564 2318 1640 2339 Matth.
1659 2318 1684 2345 3,

1177 2363 1307 2385 congruum
1324 2359 1370 2383 051,
1388 2360 1436 2379 111...
1454 2356 1529 2379 carnis
1546 2355 1659 2385 eoeplerel‘.

1241 2395 1260 2407 ¹0
1277 2396 1363 2423 Migne,
1382 2396 1462 2417 Patrol.
1479 2396 1527 2417 Lat.
1545 2398 1600 2418 tom.
1619 2396 1659 2422 88,
1677 2396 1719 2418 col.
1737 2396 1791 2418 721.
1808 2402 1869 2424 seq.:
1890 2404 1901 2416 α
1913 2396 2026 2423 Α1·0011’05,

1177 2435 1242 2457 urbis
1259 2435 1380 2457 culnsdmn
1399 2435 1421 2457 in
1438 2435 1509 2457 Gallia
1526 2435 1661 2463 episcopus,
1680 2435 1760 2457 claruit
1783 2435 1836 2457 690.
1860 2436 1971 2463 Suscepto
1994 2441 2026 2457 re-

1177 2474 1268 2502 ligionis
1285 2481 1353 2497 causa
1373 2475 1395 2496 in
1413 2474 1529 2497 Orientem
1547 2475 1627 2496 itinere
1644 2480 1671 2496 00
1688 2474 1787 2496 lustratis
1802 2474 1858 2496 10015
1875 2474 1971 2500 5000115,
1985 2474 2026 2496 Da-

1178 2520 1281 2536 mascum
1299 2520 1406 2543 quoquo,
1424 2513 1655 2541 Constantinopolim,
1681 2513 1841 2535 Alexandriam
1864 2513 1954 2542 aliaque
1976 2513 2025 2535 loca

1178 2553 1246 2580 adiit,
1264 2559 1290 2575 ac
1308 2553 1403 2575 (10010111
1421 2553 1444 2575 10
1461 2553 1556 2575 Galliam
1575 2553 1677 2579 rediens,
1689 2553 1713 2574 11
1724 2552 1867 2580 tempestatis
1884 2552 1906 2574 in
1921 2552 2027 2574 occiden-

1178 2592 1276 2615 dentalia
1307 2592 1436 2614 Britanniae
1461 2592 1535 2614 littora
1560 2592 1648 2614 delatus
1673 2594 1695 2614 et
1720 2591 1750 2613 ab
1775 2591 1913 2619 Adamano,
1944 2590 2027 2614 abbate
2124 2603 2125 2615 l

1178 2632 1275 2659 Ilyensi,
1293 2631 1393 2659 hospitio
1411 2630 1510 2659 benigne
1527 2633 1635 2658 exceptus
1652 2633 1693 2652 est.
1710 2630 1745 2652 Ab
1762 2630 1821 2652 1111115
1843 2636 1883 2653 ore
1906 2632 2026 2658 exceptum

1178 2671 1371 2699 peregrinationis
1389 2671 1484 2693 bulusce
1501 2670 1619 2692 historiam
1631 2672 1653 2692 et
1670 2670 1774 2692 Iocorum
1794 2672 1927 2692 sanctorum
1945 2669 2027 2692 descri-

1178 2710 1282 2738 ptionem
1298 2710 1376 2732 litteris
1393 2709 1539 2737 consignavit
1555 2709 1701 2737 Adamanus,
1718 2715 1767 2731 rem
1785 2708 1942 2731 voluminibus
1954 2708 2027 2731 tribus

1179 2749 1320 2776 complexus.
1339 2749 1430 2771 Exstant
1441 2748 1463 2770 hi
1476 2748 1528 2770 libri
1540 2748 1573 2771 De
1584 2747 1631 2770 silu-
1643 2749 1721 2770 terrae
1733 2749 1829 2770 sanctae
1841 2747 1942 2775 111501111ιί
1952 2755 1964 2767 r>
1984 2749 2026 2769 etc.
2124 2743 2126 2774 ζ

1180 2787 1234 2816 (Csr.
1248 2788 1316 2815 Beda,
1329 2788 1356 2809 V.
1369 2788 1452 2810 Histor.
1464 2788 1588 2809 ecclesiast.
1601 2793 1622 2809 c.
1635 2787 1681 2816 15.)
1694 2787 1807 2809 Sententia
1820 2787 1916 2814 allegata
1930 2785 2027 2808 habetur

1179 2827 1203 2849 in
1220 2827 1278 2849 libro
1296 2828 1320 2849 11.
1337 2833 1357 2849 c.
1375 2828 1412 2849 23.
1431 2826 1482 2855 (col.
1501 2826 1568 2855 802):
1587 2827 1649 2848 Idem
1667 2829 1744 2848 noster
1761 2826 1865 2848 Arculsus
1883 2825 1906 2847 in
1923 2825 1957 2847 illa
1975 2825 2026 2847 soli-

1180 2867 1271 2893 tudine,
1291 2865 1329 2888 ubi
1349 2867 1443 2888 loannes
1460 2865 1590 2892 habitabat,
1608 2865 1727 2894 quoddam
1745 2865 1885 2887 locustarum
1904 2864 1962 2886 vidit
1987 2863 2027 2886 mi-

1179 2905 1269 2927 nimum
1288 2912 1375 2933 genus,
1398 2911 1498 2934 quarum
1523 2905 1660 2932 corpuscula
1686 2904 1709 2926 in
1734 2904 1830 2926 modum
1857 2904 1921 2931 digiti
1944 2909 2027 2925 manus

1180 2944 1244 2967 exilia
1263 2946 1285 2966 et
1302 2944 1381 2966 brevia
1399 2947 1463 2971 sunt;
1481 2946 1503 2966 et
1520 2944 1575 2972 quia
1591 2949 1672 2965 earum
1686 2942 1764 2965 brevis
1781 2945 1818 2965 est
1832 2943 1934 2970 volatus,
1946 2941 2026 2964 similis

1180 2983 1266 3005 levium
1284 2983 1379 3006 saltibus
1397 2989 1517 3010 ranarum,
1536 2983 1601 3005 facile
1618 2982 1639 3004 in
1657 2982 1735 3005 herbis
1760 2982 1881 3010 capiuntur
1903 2984 1925 3003 01
1947 2984 2026 3003 000100

1181 3028 1222 3049 per
1239 3022 1314 3044 oleum
1332 3028 1459 3050 pauperem
1479 3021 1590 3049 praebent
1607 3021 1702 3043 victum.
1867 3019 1885 3032 ¹¹
1903 3019 1970 3042 Num.
1989 3020 2025 3041 117.

1703 2317 1728 2339 4:
1745 2317 1872 2340 Habitatori
1895 2317 2026 2340 solitudinis
