2133 3317
523 206 719 235 OPUSCULUM
742 206 758 233 Ι.
781 206 951 235 SPECULUM
974 206 1180 235 DlSCiPLINAE.
1204 207 1282 235 PARS
1304 207 1410 236 PRIMA.

101 284 172 314 nota,
192 284 213 308 si
230 291 309 309 novus
328 283 416 309 Frater
435 284 461 308 in
479 283 569 308 Ordine
594 283 633 308 vel
651 284 732 308 iunior
750 284 886 314 quispiam,
907 291 941 308 se-

100 327 166 352 niore
184 326 328 357 praesente,
347 327 399 351 sine
427 327 506 357 ipsius
533 326 610 355 nutu,
631 326 734 350 maxime
762 333 843 351 coram
862 326 941 351 extra-

100 370 165 399 neis,
183 369 250 400 loqui
268 370 313 394 aut
335 369 483 400 respondere
503 369 652 400 praesumit,
672 369 720 393 nisi
743 377 772 393 ex
797 369 875 394 officio
902 370 941 394 vel

101 412 227 437 commisso
255 411 346 436 habeat
373 412 443 442 prius
471 411 546 442 loqui.
580 421 592 433 α
611 411 798 442 Temperantiae
826 411 877 441 est,
905 412 941 436 ait

100 454 207 485 Prosper
218 453 234 482 ¹,
262 454 326 485 quod
354 454 510 485 praestamus
537 454 647 485 loquenti
680 454 769 479 seniori
800 455 939 484 silentium,

77 516 83 522 .
100 496 164 529 quod
181 497 260 528 ipsius
273 496 303 521 ad
322 496 469 528 loquendum
484 496 666 527 praestolamur
685 497 814 528 imperium
827 507 852 521 n.
862 512 897 515 —
909 497 940 522 In

100 539 240 571 praesentia
265 546 322 563 vero
347 539 483 563 conventus
514 539 611 563 nullum
646 540 761 564 convenit
790 540 857 571 loqui
888 540 940 565 sine

99 581 217 613 requisito
230 582 365 612 superioris
378 589 493 611 assensu,
508 582 555 606 nisi
574 581 673 606 tantum
687 589 712 606 se
730 583 882 612 accusando,
901 583 939 607 vel

99 624 130 649 ad
146 624 301 655 interrogata
320 624 440 655 superiori
459 625 498 649 vel
518 624 651 655 corrigenti
675 624 706 649 ad
734 632 843 649 mensam
862 625 941 650 brevi-

97 667 136 692 ter
153 666 179 691 et
197 666 324 691 humiliter
343 667 520 698 respondendo.

168 709 191 734 8.
212 709 245 733 Et
263 709 292 734 ut
310 709 418 734 breviter
437 717 494 734 voce
513 710 592 734 sancti
612 709 752 735 Bernardi²
772 710 940 741 praesumtuo-

59 781 64 785 .
79 768 85 772 -
98 759 153 777 sum
170 759 304 784 agnoscaS,
333 753 464 783 «primus,
484 753 534 782 ait,
551 753 577 777 in
599 753 760 777 conventibus
785 753 888 782 residet,
914 753 940 777 in

66 795 71 800 “
97 795 205 820 consiliis
224 795 319 826 primus
332 795 476 826 respondet,
490 802 538 820 11011
552 796 654 820 vocatus
673 795 776 825 accedit,
795 803 845 820 non
857 796 940 820 iussus

97 845 123 863 se
147 837 305 867 intromittit;
332 838 458 862 reordinat
483 838 610 867 ordinata,
630 838 710 862 reficit
734 838 837 867 facta»,
865 839 939 863 vilem

97 887 136 910 se,
164 880 185 905 si
212 887 262 905 non
289 880 410 909 emineat,
430 880 565 905 aestimans
599 881 624 905 et
648 880 766 905 humilem
794 888 846 905 esse
874 881 939 906 inter

97 923 158 948 alios
176 923 329 948 erubescens.
354 923 385 947 In
404 923 464 948 locis
482 923 507 947 et
526 922 624 952 ceteris,
644 930 706 954 quae
731 923 846 948 honorem
870 924 940 948 redo-

95 966 160 996 lent,
180 973 205 991 se
225 966 378 997 quibuslibet
396 966 453 990 aliis
472 966 602 997 parificare
626 966 760 991 contendit.
780 966 868 991 Audax
887 967 939 997 ipse

96 1009 128 1033 ad
146 1008 269 1040 quaelibet
295 1008 325 1033 fit
343 1008 486 1034 frontuosus
510 1009 535 1033 et
554 1008 697 1039 impudens,
717 1009 781 1040 quod
805 1009 844 1034 est
862 1010 939 1034 maxi-

96 1059 164 1076 mum
182 1051 270 1076 vitium
295 1052 320 1076 in
343 1051 467 1082 neophyto
492 1051 517 1076 et
540 1052 636 1076 iuvene.
661 1051 796 1083 Religionis
815 1052 937 1082 confusio,

97 1094 191 1119 invenis
210 1094 414 1125 praesumtuosus
432 1094 458 1119 et
478 1094 577 1119 effrons.
601 1094 810 1125 Reprehensibilis
834 1095 938 1119 maxime

97 1137 122 1161 in
140 1137 227 1161 iuvene
246 1137 409 1168 praesumtio.
429 1144 501 1168 quem
520 1137 600 1168 magis
619 1136 748 1161 humilitas
767 1137 877 1166 stabilit,
901 1145 939 1162 ve-

96 1180 212 1205 recundia
239 1179 325 1208 ornat,
353 1180 472 1204 venustat
494 1180 653 1211 simplicitas,
681 1179 756 1204 timor
783 1180 888 1212 insignit
913 1180 938 1204 et

97 1222 184 1253 aptum
203 1222 278 1247 efficit
296 1222 453 1253 disciplinae,
478 1223 547 1247 cuius
572 1222 670 1246 initium
689 1222 735 1248 est.
765 1222 815 1254 Qut
832 1223 887 1247 sine
907 1223 939 1247 tt-

96 1272 165 1290 more
182 1266 219 1290 est
242 1272 293 1290 non
309 1265 406 1296 poterit
424 1264 592 1295 lustificarffl.

413 1350 560 1375 01111111.οΜ
577 1350 622 1375 VI.

271 1435 313 1460 De
329 1436 391 1460 vitto
410 1436 589 1460 irreverentiae
606 1435 727 1468 fuyiendo
744 1436 762 1460 ⁴.

167 1520 190 1545 1.
209 1521 395 1546 Irreverentiac
413 1521 516 1552 denique
535 1522 623 1546 vitium
640 1521 678 1546 est
695 1521 783 1546 humili
802 1522 847 1546 Dei
868 1529 939 1547 servo

96 1563 236 1593 vitandum,
256 1571 312 1588 cum
337 1564 457 1595 scriptum
483 1563 550 1588 sit⁶:
572 1563 622 1589 Cui
640 1564 775 1596 honorem,
803 1565 924 1590 honorem
931 1574 940 1595 ;

96 1606 134 1631 et:
153 1606 259 1631 Honore
277 1607 383 1631 invicem
398 1607 596 1637 praevenientes.
613 1607 760 1632 Attenditur
778 1607 940 1632 irreverentia

95 1649 209 1680 respectu
222 1656 411 1681 personarum,
432 1650 479 1674 loct
497 1650 566 1675 sacri
588 1650 613 1675 et
634 1650 767 1681 temporis,
795 1650 874 1681 officit
901 1650 940 1675 dt-

95 1692 150 1716 vim'
167 1692 192 1717 et
216 1699 303 1717 rerum
321 1692 400 1717 eidem
422 1692 506 1723 officio
524 1692 669 1723 specialiter
694 1692 883 1717 ordinatarum.
905 1707 940 1712 —

76 1751 83 1755 -
97 1734 134 1759 De
151 1735 291 1760 reverentia
315 1735 449 1766 praelatis,
475 1735 519 1759 aut
544 1735 601 1760 aliis
623 1735 755 1760 Fratribus
779 1735 871 1760 aetatis
895 1736 940 1760 aut

80 1777 237 1808 ,prioritatis
255 1777 300 1802 aut
318 1777 493 1802 diuturnitatis
506 1778 532 1802 111
550 1777 640 1803 Ordine
659 1778 753 1809 gratia,
773 1778 813 1803 vel
826 1778 856 1803 ob
876 1779 940 1803 sacri

97 1820 190 1845 ordinis
207 1819 334 1852 ,ξι-31111111ὃ
352 1821 392 1845 vel
411 1828 455 1851 pro
474 1820 540 1845 vitae
570 1821 658 1846 merito
682 1821 818 1846 exhibenda
842 1822 941 1847 sancto-

97 1870 152 1887 rum
171 1862 236 1887 dicta
263 1862 370 1887 Patrum
393 1863 418 1887 et
446 1870 505 1887 vera
532 1862 673 1893 humilitas,
702 1871 764 1895 quae
791 1871 841 1889 non
860 1864 940 1889 solum

97 1905 216 1936 praelatis
235 1905 260 1930 et
284 1905 435 1935 senioribus,
461 1913 546 1930 verum
572 1905 646 1930 etiam
669 1906 813 1937 aequalibus
838 1906 863 1931 et
881 1906 940 1931 infe-

96 1947 202 1973 rioribus
221 1955 246 1973 se
265 1948 403 1979 spontanea
421 1948 520 1973 subiicit
538 1948 679 1977 voluntate,
694 1949 790 1979 plenius
809 1949 896 1974 docent
915 1949 940 1974 et

97 1991 149 2015 eius
167 1990 307 2022 oppositum
327 1990 494 2015 detestantur.
508 1991 565 2016 Non
584 1991 721 2016 senioribus
740 1991 852 2021 tantum,
865 1992 939 2017 immo

97 2033 122 2058 et
139 2033 252 2058 omnibus
276 2033 393 2058 honorem
418 2033 510 2058 Petrus
533 2033 689 2064 Apostolus⁷
715 2033 851 2059 sententiat
875 2034 939 2059 exhi-

96 2075 210 2101 bendum.
230 2075 330 2101 Deferre
343 2076 471 2101 humiliter
490 2077 561 2101 sociis
574 2076 691 2101 honorem
710 2077 823 2101 caritatis
841 2077 880 2101 est
892 2077 939 2102 fra-

97 2117 182 2143 ternae
209 2118 359 2148 fomentum,
388 2118 550 2144 conscientiae
577 2119 654 2143 bonae
682 2118 836 2150 illustrisque
863 2120 939 2144 animi

98 2161 196 2186 evidens
214 2162 398 2193 argumentum.
411 2162 467 2192 Vix,
481 2162 530 2186 nisi
541 2162 604 2187 socio
618 2161 725 2191 deferas,
745 2169 799 2186 cum
818 2162 871 2193 ipso
885 2169 939 2193 pro-

98 2203 172 2230 ficies.

168 2247 192 2273 2.
211 2246 259 2272 Est
283 2247 413 2278 praecipue
438 2247 571 2272 conventui
596 2247 621 2271 et
638 2247 813 2277 superioribus
832 2246 939 2272 deferen-

97 2289 163 2314 dum.
194 2289 335 2315 Conventus
354 2290 451 2321 quidem
475 2290 624 2314 venerabilis
642 2290 692 2319 est,
716 2290 790 2315 immo
815 2290 939 2315 terribilis

1782 209 1836 237 589

997 285 1026 308 ut
1045 285 1188 309 castrorum
1208 285 1273 309 (cotes
1299 285 1391 309 Christi
1411 285 1533 310 ordinata
1543 284 1561 309 Β.
1588 285 1622 310 De
1646 286 1778 316 szftpertore
1795 286 1840 310 Sa-

998 327 1067 357 piens
1092 327 1142 351 ait:
1162 327 1197 351 In
1224 327 1304 352 medio
1324 326 1438 357 fratrum
1463 329 1546 352 rector
1573 335 1660 352 eorum
1684 328 1710 352 tn
1736 328 1838 353 honore.

997 369 1060 393 Istis
1079 370 1172 400 quanto
1191 370 1268 394 maior
1286 370 1324 394 est
1349 370 1487 395 reverentia
1505 371 1654 400 exhibenda,
1674 370 1745 396 tanto
1765 371 1839 395 etiam

997 412 1096 437 maioris
1124 412 1229 437 offensae
1255 414 1370 443 arguitur
1397 413 1559 438 irreverentia
1586 414 1650 438 circa
1675 414 1750 444 ipsos.
1776 414 1838 438 Saue

997 454 1173 479 conmzzssttenrlo
1193 455 1218 479 et
1236 455 1373 479 omittendo
1388 456 1561 480 irreverentiae
1581 455 1612 480 ad
1624 456 1691 486 ipsos
1710 456 1769 480 nota
1782 463 1839 480 con-

997 496 1108 521 trahitur
1121 506 1126 521 :
1139 497 1330 528 committendo,
1351 498 1371 522 si
1384 505 1465 522 coram
1484 498 1518 522 eis
1531 498 1698 523 inordinatum
1712 499 1839 529 quippiam

997 539 1130 563 deliberate
1149 539 1297 564 attentetur.
1318 540 1386 564 Unde
1405 547 1453 565 non
1472 540 1541 565 decet
1565 548 1647 565 coram
1666 541 1788 565 conventu
1813 541 1839 565 in

996 581 1106 606 claustro
1125 582 1163 606 vel
1183 582 1242 606 alibi
1264 582 1386 607 residente
1404 583 1564 608 sine-debita
1583 583 1728 608 maturitate
1753 584 1778 608 et
1796 583 1839 608 110-

996 625 1093 649 nestate
1112 625 1233 656 quantum
1252 625 1283 649 ad
1303 625 1467 650 membrorum
1491 626 1515 650 et
1534 626 1634 650 habitus
1653 626 1838 657 dispositionem

997 667 1118 696 transire,
1138 667 1176 691 vel
1196 667 1272 692 eidem
1292 668 1433 692 transeunti
1458 676 1595 698 occurrere,
1615 669 1636 693 si
1655 669 1686 693 ab
1710 676 1737 694 eo
1756 668 1840 693 valeat

996 710 1119 735 commode
1138 710 1255 734 declinari
1265 709 1282 738 ⁹,
1302 711 1347 735 aut
1372 711 1507 735 tumultum
1527 711 1606 736 facere
1625 719 1706 737 coram
1731 719 1766 736 eo.
1786 712 1840 736 Ma-

995 760 1060 784 gnus
1079 753 1164 783 utique
1190 753 1341 777 reverentiae
1367 753 1449 778 cultus
1471 754 1629 778 conventuali
1653 754 1839 785 congregationi

996 795 1111 824 debetur,
1131 803 1202 826 quem
1227 796 1268 826 qui
1294 796 1509 821 mussitationibus
1529 804 1571 821 seu
1596 796 1734 826 cachinnis,
1759 797 1839 821 aliave

995 838 1110 863 clamoris
1138 838 1177 862 vel
1205 838 1373 863 dissolutionis
1400 839 1502 863 lascivia
1527 839 1621 863 solvere
1649 846 1697 864 11011
1724 839 1838 869 veretur,

995 880 1040 905 aut
1064 881 1167 905 attritae
1191 880 1281 908 frontis
1293 880 1313 892 ¹⁰
1333 881 1468 911 superbus,
1488 881 1529 912 qui
1547 881 1640 905 arctari
1659 881 1757 906 silentio
1776 881 1839 905 dedi-

995 922 1103 953 gnatur,
1123 923 1168 947 aut
1186 923 1324 948 honestatis
1342 924 1367 948 et
1387 924 1512 954 religionis
1540 924 1643 954 ignarus
1666 924 1758 954 liquido
1777 931 1838 948 oom-

996 965 1124 996 probatur.

1065 1008 1090 1032 3.
1110 1007 1178 1037 Quod
1196 1008 1293 1037 autem,
1321 1009 1452 1039 superiore
1480 1009 1621 1039 praesente¹
1647 1008 1732 1040 agitur
1757 1009 1838 1033 minus

995 1051 1108 1082 religiose
1128 1051 1166 1075 vel
1185 1051 1283 1079 dicitur,
1306 1051 1364 1082 quid
1383 1058 1410 1076 00
1423 1050 1440 1062 ¹¹
1468 1050 1590 1082 turpius?
1608 1051 1714 1082 Propter
1732 1050 1777 1075 hoc
1796 1051 1838 1082 qui

995 1093 1104 1117 malain
1128 1093 1180 1117 eius
1205 1093 1346 1123 praesentia
1374 1093 1526 1118 committere
1554 1101 1603 1118 non
1631 1094 1731 1118 veretur
1756 1094 1838 1124 ipsum

995 1136 1124 1161 irrevereri
1143 1136 1168 1160 et
1186 1136 1333 1161 inhonorare
1350 1136 1518 1165 convincitur,
1537 1137 1617 1168 magis
1633 1137 1724 1166 autem,
1744 1137 1765 1161 si
1783 1144 1839 1161 eum

995 1179 1100 1204 scienter
1119 1186 1162 1210 per
1181 1179 1285 1203 alicuius
1298 1179 1456 1204 insolentiam
1474 1179 1545 1208 facti,
1562 1180 1602 1204 vel
1623 1179 1838 1210 importunitatem

995 1222 1063 1247 verbi
1082 1222 1212 1247 temerario
1238 1229 1300 1246 ausu
1325 1222 1450 1246 molestat.
1469 1222 1548 1247 Immo
1573 1222 1602 1247 de
1630 1222 1774 1247 necessariis
1800 1222 1840 1246 do-

995 1265 1034 1290 cet
1052 1265 1139 1289 beatus
1158 1263 1346 1294 Benedictus¹²,
1365 1265 1429 1296 quod
1452 1274 1464 1286 «
1481 1265 1500 1289 31
1520 1272 1568 1296 qua
1587 1265 1733 1296 requirenda
1752 1264 1838 1289 sunta

995 1308 1100 1337 maiore,
1120 1315 1174 1332 cum
1188 1308 1254 1333 omni
1266 1307 1408 1333 humilitate
1427 1308 1452 1333 et
1471 1308 1620 1333 subiectione
1639 1308 1790 1332 reverentiae
1804 1315 1839 1332 re-

995 1350 1164 1381 quirantur».
1184 1349 1244 1374 Cum
1273 1350 1326 1380 ipso
1345 1350 1428 1374 autem
1457 1351 1568 1381 praelato
1597 1350 1743 1375 contendere
1770 1350 1838 1374 nefas

995 1392 1034 1417 est
1052 1392 1078 1417 et
1094 1392 1242 1416 exsecranda
1261 1392 1285 1416 in
1305 1392 1403 1417 subdito
1416 1393 1591 1417 irreverentiae
1611 1393 1747 1424 turpitudo.
1767 1393 1839 1417 Deui-

995 1442 1041 1466 que
1060 1435 1111 1459 tam
1130 1435 1195 1460 circa
1214 1435 1339 1466 praelatos
1364 1443 1437 1466 quam
1455 1436 1520 1460 circa
1545 1436 1606 1460 alios
1626 1436 1733 1460 seniores
1754 1443 1838 1460 caven-

995 1477 1067 1507 dum,
1086 1485 1116 1502 ne
1134 1478 1159 1502 in
1178 1478 1368 1507 attrectatione,
1388 1478 1524 1508 locutione,
1544 1478 1680 1504 officiorum
1693 1485 1838 1503 recommen-

995 1520 1094 1545 datione
1113 1527 1141 1545 ac
1169 1520 1291 1545 similibus
1309 1521 1408 1552 aliquod
1436 1521 1467 1545 ad
1486 1528 1526 1546 eos
1555 1521 1593 1546 vel
1621 1522 1719 1553 signum
1738 1521 1838 1546 vilifica-

996 1563 1071 1588 tionis
1089 1564 1218 1594 appareat.
1238 1563 1372 1594 Nunquam
1391 1564 1472 1588 iunior
1494 1564 1584 1588 Frater
1602 1564 1633 1588 ad
1658 1565 1761 1589 senioris
1780 1564 1838 1588 Fra-

996 1606 1049 1630 1113
1062 1606 1150 1637 caput,
1170 1613 1255 1635 aures,
1275 1606 1313 1630 vel
1333 1605 1431 1635 faciem,
1451 1607 1522 1637 quasi
1542 1607 1729 1638 applaudendo,
1750 1607 1788 1631 vel
1807 1607 1837 1632 ob

996 1649 1071 1673 aliam
1095 1648 1231 1679 quamlibet
1249 1649 1297 1673 nisi
1320 1649 1483 1673 necessariam
1511 1656 1611 1674 causam
1638 1657 1739 1674 manum
1764 1656 1838 1680 appo-

996 1692 1054 1721 nat,
1074 1692 1113 1716 vel
1132 1692 1205 1716 aliter
1229 1699 1284 1716 cum
1303 1699 1330 1716 eo
1349 1691 1413 1717 facto
1438 1692 1477 1716 vel
1496 1692 1570 1717 verbo
1595 1693 1677 1717 minus
1696 1692 1837 1717 reverenter

995 1735 1096 1759 iocetur.

1066 1777 1092 1801 4.
1111 1776 1213 1806 Quando
1233 1778 1340 1802 seniores
1364 1777 1410 1802 31111
1434 1777 1577 1808 praesentes
1596 1777 1746 1809 alloquitur,
1766 1778 1791 1802 et
1816 1778 1837 1802 si

980 1820 1059 1858 vforte
1077 1820 1209 1851 aliquando
1233 1827 1316 1845 eorum
1335 1827 1424 1845 nomen
1443 1820 1583 1851 proprium,
1608 1821 1670 1851 ipsis
1693 1821 1790 1851 quidem
1809 1828 1838 1845 ex

996 1862 1135 1888 reverentia
1153 1863 1356 1894 supprimendum
1382 1863 1518 1888 necessario
1537 1863 1662 1892 nominat,
1682 1871 1778 1894 semper
1803 1864 1838 1888 ta·

996 1913 1051 1930 men
1064 1913 1198 1937 cognomen
1217 1905 1350 1935 subticeat,
1364 1906 1411 1930 nisi
1431 1905 1533 1937 propter
1547 1906 1660 1931 astantes
1679 1907 1837 1937 aequivocum

996 1949 1136 1981 specificare
1158 1949 1270 1980 cogatur.
1295 1949 1403 1974 Senioris
1418 1947 1437 1960 ¹³
1465 1949 1567 1973 auribus
1595 1956 1683 1974 nomen
1708 1950 1759 1974 eius
1785 1957 1838 1980 pro-

996 1991 1076 2022 prium
1098 1990 1135 2015 vel
1164 1997 1312 2022 cognomen,
1331 1991 1379 2015 nisi
1407 1998 1435 2015 ex
1454 1998 1542 2020 causa,
1570 1991 1651 2016 iunior
1674 1991 1838 2016 irreverenter

995 2033 1111 2058 inculcat.
1130 2033 1222 2058 Verum
1240 2032 1299 2058 licet
1317 2034 1343 2058 in
1362 2033 1468 2058 vilitatis
1487 2033 1571 2058 notam
1596 2041 1684 2058 nomen
1710 2035 1838 2065 proprium

995 2077 1110 2107 exprimi,
1130 2084 1159 2101 ex
1185 2083 1268 2101 amore
1286 2076 1326 2101 vel
1350 2076 1489 2101 reverentia
1508 2077 1638 2107 supprimi,
1657 2077 1786 2107 Scriptura
1804 2078 1839 2102 in-

995 2119 1086 2143 nuente
1100 2117 1129 2149 ¹⁴,
1149 2119 1303 2148 noverimus3
1330 2119 1382 2143 sine
1406 2118 1466 2143 vitio
1491 2118 1574 2143 tamen
1593 2119 1677 2150 palam
1702 2119 1839 2144 senioribus

995 2162 1056 2192 ipsis
1074 2162 1235 2192 exprimitur,
1254 2161 1352 2192 quaudo
1370 2161 1545 2186 irreverentiae
1564 2162 1648 2187 notam
1667 2169 1733 2191 mos,
1753 2163 1839 2188 modus

995 2204 1021 2228 et
1039 2204 1201 2235 congruentia
1218 2204 1352 2228 redimunt.
1371 2204 1447 2235 Saepe
1466 2204 1530 2236 quod
1549 2205 1603 2229 erat
1621 2205 1783 2236 incongruum
1797 2213 1839 2230 ne-

995 2247 1111 2276 cessitas,
1130 2247 1214 2278 gratia
1227 2247 1265 2271 vel
1278 2247 1428 2272 consuetudo
1441 2247 1572 2272 convertit.
1585 2248 1655 2279 Sapit
1668 2248 1693 2272 et
1704 2247 1724 2260 ¹⁵
1737 2248 1837 2277 vitium,

995 2290 1016 2314 si
1035 2290 1066 2314 ad
1085 2290 1109 2314 te
1128 2289 1202 2314 verbo
1221 2290 1260 2314 vel
1279 2290 1382 2314 nutibus
1400 2291 1552 2321 superiorem
1575 2291 1690 2320 accersis,
1710 2291 1741 2315 ad
1766 2298 1837 2321 quem

160 2452 167 2465 ¹
186 2453 246 2475 Libr.
264 2453 296 2475 111.
313 2453 342 2475 de
361 2454 409 2475 Vita
428 2453 616 2480 contemplativa,
634 2459 654 2475 0.
673 2454 708 2475 19.
727 2460 748 2475 11.
766 2454 788 2475 2.

160 2482 169 2496 ²
187 2484 218 2506 De
235 2484 349 2506 Gradibus
367 2484 511 2510 humilitatis,
530 2490 553 2511 p.
570 2484 594 2506 ll.
614 2484 652 2511 (de
675 2484 786 2511 gradibus
803 2484 936 2513 superbiae)

99 2521 119 2538 c.
133 2515 173 2550 fl6.
190 2522 212 2537 n.
230 2515 266 2538 44.
285 2516 327 2537 Pro
341 2515 450 2549 primns,
469 2515 531 2551 quod
551 2514 586 2537 bis
603 2515 713 2549 occurrit,
732 2516 782 2538 Vat.
799 2522 851 2538 cum
869 2515 906 2538 ed.
928 2516 932 2537 1

96 2546 757 2605 ριιαζ,ἕὲοιιί1101110έέ,ηιῗιιὲυὲὲὶέυὲιυῐιξοὲιιιιςέςιέωὲιωεηε
782 2578 799 2600 Α
822 2580 844 2600 et
868 2577 905 2600 ed.
922 2578 936 2599 2

100 2608 187 2631 addunt
204 2608 239 2631 rel
254 2608 353 2631 minore.

161 2638 170 2651 ⁴
188 2640 216 2662 lta
235 2640 251 2661 A
262 2640 278 2661 B
296 2643 317 2662 et
330 2640 366 2662 ed.
379 2640 405 2667 2;
418 2639 469 2661 Vat.
481 2645 533 2661 cum
546 2638 610 2661 CDE
625 2642 647 2661 et
658 2640 694 2661 ed.
711 2640 715 2660 1
735 2639 765 2661 De
777 2639 938 2662 irreverentia.

161 2669 171 2682 ⁶
188 2671 253 2692 Rom.
279 2671 315 2698 13,
333 2671 355 2693 7.
372 2673 394 2692 et
411 2670 494 2692 deinde
515 2671 554 2696 ¹2,
576 2671 608 2692 10.
625 2683 655 2686 -
674 2670 766 2692 interius
784 2677 825 2698 pro
843 2670 939 2693 orcana-

101 2701 182 2724 tarn‘m
199 2702 214 2723 Α
227 2702 242 2723 Β
258 2704 280 2723 et
297 2702 334 2724 ed.
352 2702 365 2723 2
382 2701 528 2724 additarum.

131 2762 134 2766 Ι
161 2730 171 2744 ⁰
189 2733 239 2754 vat.
257 2732 292 2766 orl
308 2732 373 2755 sacri
383 2731 481 2755 ordinis.
494 2732 549 2755 Cod.
563 2734 579 2754 Α
592 2735 614 2754 et
625 2732 662 2754 ed.
675 2733 688 2754 -2
707 2736 888 2760 prosequuntur:
904 2731 939 2754 cel

100 2762 301 2822 atmsyggisviaa?
315 2766 381 2821 {fc-2,
404 2794 441 2816 17:
464 2794 549 2817 Omnes
571 2795 687 2816 honorate.
704 2806 735 2810 —
752 2794 793 2816 Pro
807 2794 938 2823 ¹sententiat

102 2823 145 2853 (ita
162 2825 231 2847 CDE
247 2829 269 2847 et
285 2826 322 2848 etl.
340 2826 362 2853 2)
381 2825 436 2847 alins
451 2824 570 2848 sentiebat.
588 2825 682 2847 interius
706 2828 758 2852 post
777 2824 846 2848 sociis
869 2824 885 2847 C
896 2825 913 2847 D
924 2826 938 2847 Ε

102 2858 124 2878 et
140 2856 175 2878 ed.
194 2857 206 2878 2
224 2857 330 2879 omittunt
346 2856 468 2879 honorem.

115 2917 119 2922 .
163 2885 172 2899 ⁸
190 2887 255 2922 Cant..
270 2888 296 2914 6,
315 2888 336 2909 3.
354 2899 382 2921 '.“
396 2887 503 2922 *Subinde
520 2887 630 2914 allegatur
647 2887 718 2920 Ereti.
735 2888 772 2921 10,
789 2886 827 2909 24.
841 2900 870 2902 -
887 2888 939 2909 inte-

163 2924 218 2971 111,
225 2920 410 2972 θὲῗῖἶῗῖίἓέἐδ
416 2919 444 2976 2‘}
458 2919 542 2972 &att
552 2917 870 2972 Zd‘.⁵?“1132522Z3323⁸·su121ne
888 2951 939 2977 „0⁵2

103 2979 231 3003 tumultum
248 2980 291 3002 ΑΒ
308 2985 330 3002 et
346 2980 385 3003 ed.
401 2981 414 3002 2
432 2980 519 3002 addunt
536 2980 646 3009 aliquem.

1060 2452 1079 2465 ¹⁰
1098 2453 1148 2475 Vat.
1165 2459 1217 2475 cum
1236 2453 1272 2475 ed.
1289 2455 1293 2474 1
1311 2453 1392 2476 attrita
1409 2453 1494 2482 fronte.
1512 2454 1605 2476 inferius
1620 2460 1662 2481 pro
1679 2455 1701 2476 et
1716 2453 1837 2483 relt'gyz'om's

997 2484 1013 2506 C
1024 2485 1067 2506 DE
1084 2487 1105 2506 et
1122 2484 1174 2506 edd.
1197 2485 1201 2505 1
1215 2502 1219 2511 ,
1238 2485 1250 2505 ‘2
1268 2485 1310 2506 aut
1326 2483 1454 2513 religyionis.

1060 2514 1077 2527 ¹¹
1096 2514 1167 2537 Codd.
1185 2515 1255 2538 CUE
1272 2518 1294 2537 et
1310 2515 1363 2537 cdd.
1382 2516 1402 2542 ri,
1421 2516 1433 2536 2
1452 2514 1476 2537 id
1495 2514 1546 2538 sihi.
1565 2515 1659 2538 1111011113
1677 2522 1719 2543 pro
1736 2515 1800 2538 mata
1822 2516 1838 2538 B

997 2549 1020 2568 et
1036 2547 1073 2568 ed.
1094 2547 1106 2567 2
1125 2545 1195 2574 latta,
1211 2550 1233 2568 et
1251 2552 1292 2573 pro
1309 2546 1417 2568 molestat
1434 2546 1475 2568 ΟΕ
1492 2550 1514 2568 et
1531 2546 1583 2568 000.
1604 2547 1628 2573 l,
1647 2547 1660 2568 ⁴2.
1678 2546 1790 2569 molestet.

1062 2576 1078 2591 ¹²
1096 2577 1176 2605 Regni.
1193 2584 1213 2599 c.
1230 2578 1252 2598 6.

1060 2607 1078 2620 ¹³
1096 2609 1124 2630 lta
1143 2608 1179 2630 011,
1198 2609 1222 2634 Ξ;
1239 2609 1262 2630 111
1280 2608 1329 2629 aliis
1346 2607 1479 2630 Seniornm.
1492 2607 1595 2630 Subinde
1613 2608 1662 2630 Vat.
1680 2608 1763 2630 omittit
1779 2608 1836 2636 eius,

996 2642 1018 2661 et
1035 2645 1077 2666 pro
1094 2639 1197 2662 inculcat
1213 2639 1229 2661 C
1247 2639 1362 2661 substituit
1378 2638 1487 2666 inclinat,
1505 2640 1523 2661 D
1540 2639 1660 2662 inclamat.

1059 2669 1077 2682 ¹⁴
1095 2670 1141 2693 Csr.
1158 2671 1234 2692 Manu.
1252 2670 1277 2697 9,
1295 2670 1319 2696 9,
1338 2669 1374 2691 ubi
1394 2670 1518 2692 Matthaeus
1536 2670 1629 2698 proprio
1647 2670 1740 2692 nomine
1756 2677 1781 2693 Se
1798 2677 1837 2693 no-

997 2701 1078 2728 minat,
1094 2702 1149 2723 dum
1169 2702 1234 2723 Marc.
1253 2702 1278 2727 2,
1302 2700 1333 2722 14.
1351 2703 1372 2722 ct
1384 2702 1436 2722 Luc.
1455 2701 1481 2726 5,
1499 2701 1536 2723 27.
1548 2701 1678 2723 nominatur
1690 2701 1756 2727 Levi,
1773 2702 1836 2730 quod

996 2733 1110 2759 explicans
1127 2732 1225 2759 ulex-on„
1243 2732 1258 2754 1.
1275 2732 1401 2753 Continent.
1425 2732 1444 2754 in
1471 2732 1547 2754 Matth.
1569 2733 1594 2759 9,
1619 2733 1646 2759 9,
1671 2732 1738 2755 uicit:
1763 2732 1837 2755 Ceteri

996 2764 1152 2790 Evangelistae
1169 2766 1262 2790 propter
1279 2763 1442 2785 verecundiam
1461 2767 1481 2784 ct
1503 2764 1612 2785 honorem
1637 2764 1739 2786 Matthaei
1763 2764 1837 2786 nolue-

995 2797 1048 2816 runt
1065 2800 1118 2816 enm
1137 2795 1227 2816 nurnine
1244 2794 1359 2821 appellare
1378 2794 1482 2821 vulgato,
1499 2794 1538 2816 sed
1557 2795 1662 2816 dixerunt
1684 2795 1760 2816 Levi...
1787 2795 1837 2822 lpse

995 2828 1070 2847 autem
1090 2826 1214 2847 Matthaeus
1230 2826 1358 2847 secundnm
1377 2825 1430 2847 illud
1448 2825 1510 2853 quod
1529 2832 1541 2847 a
1559 2826 1679 2847 salomone
1701 2825 1778 2855 [Prov.
1799 2827 1836 2853 13,

1000 2855 1042 2884 t7.]
1061 2856 1209 2884 praecipitur:
1228 2856 1307 2878 luscus
1324 2857 1449 2879 accusator
1466 2857 1498 2879 est
1515 2855 1554 2878 sui
1570 2855 1592 2878 in
1610 2855 1726 2886 principio
1748 2863 1836 2879 sermo-

997 2886 1055 2909 nis...
1074 2887 1209 2909 Manlianum
1228 2893 1252 2908 se
1269 2890 1291 2909 et
1309 2887 1456 2914 puhumnum
1479 2888 1579 2909 nominat
1606 2890 1648 2909 etc.
1676 2900 1703 2903 »-
1726 2888 1837 2915 Superius

996 2918 1040 2940 tide
1058 2917 1127 2940 CDE
1144 2921 1166 2940 et
1183 2917 1235 2939 edd.
1258 2919 1280 2944 Ι,
1298 2919 1310 2939 2
1328 2917 1488 2940 substituimus
1505 2918 1601 2941 vilitatis
1620 2925 1661 2946 pro
1679 2918 1792 2942 utilitatis.
1807 2920 1838 2941 tn-

996 2949 1064 2971 serins
1083 2949 1132 2971 Vnt.
1150 2949 1231 2971 omittit
1247 2955 1307 2971 rhox.

1059 2978 1078 2992 ¹⁵
1095 2980 1232 3002 Ain-tornato
1249 2980 1264 3001 C
1275 2980 1318 3002 DE
1334 2983 1357 3003 et
1372 2980 1426 3002 edd.
1444 2981 1468 3008 1,
1487 2981 1499 3002 2
1517 2981 1637 3008 posuimus
1654 2982 1674 3004 et
1690 2987 1733 3009 pro
1749 2983 1837 3005 autem.

1868 416 1940 440 Duplex
1948 422 1986 436 mo-

1856 440 1890 458 dus
1915 441 1985 459 iri-eve·

1855 464 1935 485 tentiae,
1947 464 1984 487 pri-

1856 492 1892 508 mo,
1900 487 1986 505 commit-

1856 510 1920 528 teudo.

1853 1012 1982 1031 Continuatur.

1854 1782 1919 1809 Quoad
1932 1782 1977 1801 alio-

1885 1811 1935 1829 qnia.
