2133 3317
142 682 249 702 Periculum

129 706 149 724 in
160 706 260 730 parvipen-

164 729 226 748 dendo

153 753 235 771 easdem.

126 1204 183 1223 Iudex
193 1204 261 1222 Rubri-

158 1233 227 1246 carum.

132 2192 161 2211 De
174 2191 253 2215 qualita-

136 2215 186 2234 tibus
206 2215 253 2233 reci·

133 2239 251 2263 piendorum.

277 223 334 252 450

278 301 495 330 conversatione.
518 300 551 328 St·
570 299 636 337 quis
656 299 750 333 enim,
773 302 842 328 teste
870 299 1014 336 Scriptura
1026 301 1045 335 1,
1070 309 1129 337 pu-

278 351 336 381 tat,
367 356 397 375 se
422 346 593 383 religiosum
620 354 693 379 esse,
724 354 783 374 iton
810 345 968 383 refrenans
993 346 1128 384 linquam

277 402 381 427 suam,
403 393 453 421 sed
473 393 613 421 seducens
631 401 682 421 eor
702 401 803 426 suum,
822 392 913 421 ltuz'us
933 402 1014 422 vana
1028 397 1068 422 est
1084 402 1128 422 re-

277 441 353 478 lz'yz‘o.
376 440 491 476 Oportet
513 439 610 476 igitur,
625 439 667 468 ori
689 442 716 468 et
738 440 837 468 ceteris
862 440 989 469 sensibus
1010 444 1037 469 et
1061 441 1128 469 acti-

276 487 329 515 bus
349 489 376 515 et
396 486 520 523 gestibus
542 489 568 515 et
589 486 716 515 moribus
736 494 830 523 sepem
856 486 1056 516 circumdatam
1078 496 1127 524 per

276 534 448 562 honestatem
474 533 646 570 regularium
674 536 844 562 statutorum
866 542 882 562 a
903 533 971 562 viris
999 534 1128 571 perfectis

277 588 330 608 non
351 580 471 614 destrui,
493 580 541 609 sed
556 580 675 613 servari,
697 588 745 614 ne,
766 580 833 609 dum
849 580 998 617 dissipant
1018 590 1126 618 sepem,

276 627 470 655 mordeamur
485 636 504 656 α
519 627 650 661 colubro,
666 627 820 656 secundum
837 628 1000 656 sententiam
1016 628 1127 665 Sapien-

276 673 311 702 tis
322 674 342 702 ².
362 690 398 694 --
414 674 472 702 Non
487 674 561 702 enim
581 674 687 710 absque
709 674 833 710 periculo
854 674 1015 711 parvipendi
1038 678 1128 711 potest

277 720 351 758 quod
372 729 435 749 01111]
458 723 534 749 tanta
554 720 732 755 difficultate,
755 724 795 749 tot
813 721 956 750 laboribus
970 725 996 750 et
1018 722 1127 758 pericu-

277 768 323 801 lis,
345 770 385 796 tot
407 770 434 796 et
455 767 539 796 tantis
566 767 812 796 deliberationibus
834 776 884 804 pro
906 768 995 797 salute
1023 769 1128 797 anima-

276 823 341 843 rum
363 823 378 843 a
400 815 522 852 generali
543 815 669 851 Capitulo
694 815 840 850 statuitur,
862 815 936 852 apud
951 815 1025 852 quod
1048 824 1127 852 prae-

275 862 357 898 cipua
377 862 479 890 residet
500 862 651 890 auctoritas
672 862 784 891 Ordinis
804 863 987 899 gubernandi.
1017 863 1042 891 Si
1064 863 1127 900 quis

274 912 368 937 autem
390 917 503 946 gravem
526 912 638 946 reputat
660 909 795 938 sarcinam
825 909 984 938 huiusmodi
1011 912 1127 938 statuto-

275 964 356 989 rum,
378 956 431 984 1100
452 956 553 992 cogitet
566 956 641 992 apud
662 964 706 990 se,
729 956 815 993 quod,
836 956 915 984 iuxta
930 956 1126 993 Apostoliim³,

275 1002 369 1030 omnis
390 1002 548 1039 disciplina
573 1003 603 1030 z'it
622 1004 772 1039 praesenti
794 1011 853 1031 non
875 1006 915 1031 est
934 1002 1055 1040 ycmctz't‘,
1077 1002 1127 1031 sed

276 1049 435 1082 moerorc'S,
457 1048 592 1086 fructum
620 1053 717 1077 atatem
736 1049 964 1086 pacatissimum
995 1049 1126 1078 {torticiae

274 1096 441 1124 exercitatis
460 1104 514 1132 per
535 1104 599 1124 eam
621 1095 720 1134 afferet
740 1097 772 1124 iu
792 1095 941 1134 futurum.

352 1143 422 1179 Quia
444 1151 510 1172 vero
531 1143 656 1172 confusio
678 1147 719 1172 est
741 1146 796 1172 tam
818 1144 1015 1181 intelligentiae
1041 1152 1125 1180 quam

272 1190 424 1219 memoriae
439 1190 561 1224 inimica,
577 1190 698 1227 expedit,
714 1194 745 1219 ut
759 1190 992 1219 Constituti0num
1006 1191 1125 1220 varietas

273 1237 306 1265 ad
328 1241 419 1266 certos
441 1237 535 1266 titulos
557 1237 717 1266 reducatur.

352 1284 383 1312 Et
405 1284 494 1321 primo
509 1284 674 1313 ordinentur
689 1293 761 1321 quae
783 1288 907 1321 spectant
921 1285 955 1313 ad
977 1285 1125 1322 Religionis

272 1331 438 1368 ingressum.

351 1378 490 1412 Secundo,
512 1386 584 1415 quae
605 1378 637 1406 ad
661 1378 773 1407 habitus
794 1379 964 1416 qualitatem.

352 1425 458 1459 Tertio,
481 1433 552 1462 quae
573 1425 607 1453 ad
629 1425 832 1454 observantiam
855 1426 1034 1462 paupertatis.

351 1472 469 1508 Quarto,
491 1480 562 1509 quae
584 1472 617 1500 ad
638 1472 756 1500 sormam
776 1472 892 1501 interius
913 1473 1103 1501 conversandi.

351 1519 466 1555 Quinto,
489 1527 560 1556 quae
581 1519 614 1547 ad
637 1519 750 1547 modum
765 1519 892 1548 exterius
913 1520 1043 1548 exeundi.

351 1566 449 1600 Sexto,
471 1574 542 1603 quae
564 1567 598 1594 ad
618 1567 814 1603 occupationes
835 1567 971 1595 Fratrum.

351 1613 484 1650 Septimo,
507 1621 578 1650 quae
599 1613 632 1641 ad
655 1614 841 1642 correctiones
862 1614 1093 1651 delinquentium.

349 1660 464 1694 Octavo,
488 1668 558 1697 quae
580 1660 613 1688 ad
635 1660 805 1689 visitationes
825 1661 1043 1689 Provinciarnm.

349 1707 437 1741 Nono,
460 1715 531 1744 quae
553 1707 585 1735 ad
608 1707 769 1736 electionem
792 1707 990 1735 Ministrorum.

351 1754 475 1787 Decimo,
498 1762 569 1791 quae
590 1754 625 1782 ad
646 1754 804 1790 Capitulum
828 1754 1004 1790 provinciale.

350 1801 512 1835 Undecimo,
528 1809 599 1838 111130
615 1804 740 1838 spectant
757 1801 791 1829 ad
806 1801 963 1838 Capitulum
985 1801 1122 1838 generale.

351 1848 533 1882 Duodecinio,
557 1856 628 1885 quae
649 1848 682 1877 ad
705 1848 837 1885 suffragia
857 1848 1062 1877 defunctorum.

504 1943 545 1971 DE
566 1951 720 1972 0311010103
742 1951 883 1971 manasse.

607 2037 740 2066 Rubrica
761 2038 784 2065 J.

348 2131 501 2159 Statuimus
515 2131 543 2158 in
565 2130 714 2167 principio,
730 2130 804 2166 quod
826 2130 921 2158 nullus
935 2130 969 2158 ad
990 2130 1123 2158 Ordinem

270 2177 433 2214 recipiatur,
456 2177 507 2206 nisi
530 2177 728 2213 expropriatus
752 2177 864 2205 omnino
878 2177 899 2211 4,
921 2184 1001 2211 cum,
1024 2185 1123 2205 secun-

270 2225 337 2253 dum
360 2224 496 2261 Evangelii
519 2224 664 2252 veritatem
693 2226 720 2252 et
740 2226 851 2252 nostrae
873 2223 991 2260 Regulae
1018 2223 1122 2260 profes-

638 221 838 250 OPUSCULUM
858 222 947 250 XVIII.
969 221 1253 251 CONSTITUTIONES
1273 223 1517 253 NARBONENSES.
1540 224 1633 253 RUBR.
1657 225 1674 253 I.

1185 301 1302 335 sionem,
1319 305 1469 338 paupertas
1484 302 1519 330 sit
1534 302 1618 331 totius
1633 303 1785 339 spiritualis
1799 303 1915 332 aedificii
1934 304 2036 340 prima-

1186 348 1259 376 rium
1280 348 1501 378 fundamentum.

1264 395 1431 424 Ordinamus
1452 397 1550 430 etiam,
1572 399 1604 425 ut
1625 397 1719 425 nullus
1734 397 1885 433 recipiatur
1908 397 1976 426 citra
1991 398 2037 427 de-

1185 441 1287 470 cimum
1304 445 1433 470 octavum
1454 450 1572 477 annum,
1589 443 1639 472 nisi
1662 452 1711 480 per
1731 444 1818 472 robur
1840 444 1978 480 corporis,
1994 445 2036 473 vel

1185 488 1350 517 industriam
1372 496 1482 523 sensus,
1512 497 1562 518 seu
1582 498 1632 526 per
1660 491 1843 519 excellentem
1871 491 2037 520 3011111031ῑί0-

1184 543 1247 563 nem
1269 543 1285 563 a
1305 535 1411 563 decimo
1426 535 1523 571 quinto
1545 544 1616 564 anno
1631 539 1658 565 et
1679 545 1766 573 supra
1786 540 1861 566 aetas
1882 538 2036 566 secundum

1186 582 1366 618 prudentium
1388 582 1521 610 iudicium
1544 583 1715 619 suppleatur.

1265 629 1297 656 Et
1318 629 1384 665 quia
1398 637 1452 657 non
1475 629 1564 657 solum
1581 633 1695 666 propter
1710 633 1833 659 nostram
1857 631 1974 660 salutem
1990 640 2038 660 vo-

1185 676 1258 704 cavit
1278 683 1329 704 nos
1351 675 1437 709 Deus,
1461 683 1558 704 verum
1581 677 1663 704 etiam
1685 680 1799 713 propter
1820 678 1939 706 aliorum
1964 678 2037 707 aedi-

1185 722 1341 750 ficationem
1362 730 1412 758 per
1433 723 1577 759 exempla,
1607 723 1719 752 consilia
1740 727 1767 752 et
1793 725 1916 753 salubria
1944 726 2037 755 horta-

1186 772 1292 802 menta;
1315 769 1490 804 ordinamus,
1506 770 1579 806 quod
1601 770 1695 799 nullus
1711 771 1862 808 recipiatur
1884 772 1910 800 in
1934 772 2036 802 Ordine

1184 819 1295 849 nostro,
1317 815 1368 844 nisi
1399 815 1433 844 sit
1461 816 1524 844 talis
1549 817 1680 851 clericus,
1709 818 1756 854 qui
1786 818 1821 846 sit
1849 822 2036 855 competenter

1186 863 1340 891 instructus
1369 862 1396 890 in
1419 863 1616 899 grammatica,
1638 864 1682 892 vel
1704 865 1827 901 logica⁵;
1849 868 1897 893 aut
1923 866 1974 894 nisi
2001 866 2036 895 sit

1185 909 1246 938 talis
1268 909 1367 943 laicus,
1389 909 1423 938 de
1438 910 1519 938 cuius
1541 910 1669 947 ingressu
1684 914 1756 939 esset
1779 911 1856 940 valde
1878 912 1995 941 celebris
2009 915 2036 941 et

1184 956 1288 984 famosa
1309 956 1462 985 aedificatio
1484 957 1510 985 in
1533 957 1636 993 populo
1657 961 1684 986 et
1706 958 1731 985 10
1754 958 1837 986 clero.
1853 974 1890 979 —
1906 959 1931 987 Si
1952 967 2034 996 quem

1185 1011 1251 1032 vero
1272 1007 1383 1040 praeter
1415 1004 1623 1032 1131101010130]
1646 1005 1731 1041 recipi
1763 1008 1889 1042 oporteat
1921 1008 2035 1043 propter

1183 1050 1329 1079 familiarIa
1350 1051 1440 1079 officia
1468 1051 1641 1085 exercenda,
1667 1060 1722 1080 non
1752 1052 1903 1089 recipiatur
1930 1053 2035 1090 absque

1183 1101 1301 1134 urgente
1323 1098 1499 1132 necessitate,
1521 1101 1548 1126 et
1569 1098 1622 1127 hoc
1643 1098 1676 1127 de
1697 1099 1813 1127 Ministri
1839 1099 1976 1136 generalis
2004 1099 2035 1128 11-

1183 1145 1273 1173 centia
1294 1145 1413 1181 30001311.
1431 1162 1466 1165 —
1482 1146 1501 1173 Α
1516 1145 1691 1174 venientibus
1706 1146 1738 1174 ad
1754 1146 1884 1175 Ordinem
1901 1154 1951 1175 000
1972 1149 2035 1175 ante

1183 1191 1370 1228 receptionem
1391 1200 1441 1220 nec
1464 1195 1525 1228 post
1546 1194 1658 1228 petatur
1680 1200 1724 1221 res
1752 1193 1844 1229 aliqua
1867 1193 2032 1230 temporalis.

1183 1238 1214 1266 Et
1235 1238 1256 1266 si
1279 1238 1346 1275 quid
1368 1238 1486 1275 petitum
1511 1238 1596 1267 fuerit
1620 1243 1777 1276 acceptum,
1799 1240 1943 1268 auferatur
1965 1242 2034 1269 tota-

1183 1284 1245 1313 liter
1267 1293 1317 1313 nec
1339 1288 1444 1313 utatur.
1468 1285 1500 1313 Et
1521 1286 1692 1323 quicumque
1707 1286 1835 1315 subditus
1857 1287 1899 1315 vel
1928 1287 2033 1323 praela-

1182 1335 1240 1366 tus,
1262 1336 1372 1368 praeter
1394 1332 1420 1360 id
1443 1332 1517 1369 quod
1538 1333 1565 1360 in
1586 1333 1688 1369 Regula
1706 1333 1879 1366 conceditur,
1901 1333 1935 1362 de
1949 1333 2034 1362 rebus

1183 1379 1352 1407 venientium
1369 1379 1401 1407 ad
1417 1379 1549 1408 Ordinem
1565 1388 1593 1408 se
1614 1380 1794 1408 intromiserit
1809 1388 1923 1417 quoquo
1940 1380 2033 1415 modo,

1185 1425 1274 1454 tribus
1295 1425 1393 1454 diebus
1415 1426 1441 1454 in
1463 1434 1533 1462 pane
1556 1430 1663 1454 tantum
1685 1430 1712 1455 et
1734 1435 1806 1463 aqna
1826 1426 1938 1455 ieiunet.

1262 1472 1446 1509 Recipiendus
1467 1472 1500 1501 ad
1522 1472 1667 1507 Ordinem,
1690 1476 1835 1510 postquam
1858 1473 2033 1502 examinatus

1181 1519 1266 1547 suerit
1298 1519 1451 1547 secundnm
1481 1520 1611 1556 Regulam
1643 1519 1676 1548 de
1708 1519 1761 1548 fide
1789 1522 1816 1548 et
1843 1519 2033 1548 ecclesiasticis

1183 1566 1380 1600 Sacramentis‚
1403 1566 1591 1603 interrogetur
1607 1566 1787 1595 nihilominus
1801 1566 1834 1595 de
1856 1566 2032 1603 subscriptis,

1182 1612 1308 1641 videlicet
1323 1613 1345 1641 31
1367 1621 1484 1649 0010010
1505 1614 1540 1641 sit
1562 1621 1661 1647 sanus,
1684 1614 1704 1642 si
1728 1613 1883 1642 conditione
1903 1614 1989 1647 liber,
2011 1614 2031 1642 31

1183 1660 1358 1687 matrimonio
1380 1668 1433 1688 non
1456 1660 1607 1688 obstrictus
1618 1660 1638 1694 ⁶,
1661 1661 1682 1689 si
1704 1660 1804 1689 debitis
1825 1660 1988 1697 expeditus,
2011 1660 2031 1689 si

1181 1707 1476 1735 excommunicationis
1497 1708 1589 1743 gravis
1604 1707 1714 1736 vinculo
1729 1715 1782 1735 non
1799 1707 1910 1744 ligatus,
1926 1708 1947 1736 31
1964 1707 2034 1736 Reli-

1180 1753 1289 1790 gionem
1305 1753 1385 1781 aliam
1402 1762 1454 1781 non
1471 1761 1615 1790 egressus,
1634 1754 1656 1783 si
1679 1754 1819 1782 voluntate
1839 1757 1984 1791 promptus
1998 1754 2031 1783 ad

1181 1801 1328 1838 Religionis
1349 1809 1434 1829 onera
1456 1801 1634 1837 perferenda3
1657 1801 1767 1830 tandem
1789 1801 1840 1830 sibi
1873 1802 1976 1838 Regula
2004 1804 2031 1831 et

1180 1848 1315 1885 asperitas
1329 1847 1440 1876 Ordinis
1454 1851 1640 1884 exponantur.
1656 1865 1695 1868 ——
1708 1848 1742 1876 Ut
1756 1851 1849 1877 autem
1864 1848 1958 1877 novitii
1975 1856 2031 1877 me-

1181 1895 1234 1923 lius
1256 1895 1364 1923 valeant
1385 1894 1544 1929 informari,
1566 1895 1708 1929 volumus,
1731 1895 1827 1932 qu0d⁷
1852 1895 1879 1923 in
1909 1895 2031 1932 qualibet

1180 1941 1311 1970 Custodia
1332 1950 1348 1970 a
1369 1941 1494 1970 Ministro
1519 1941 1675 1978 assignetur
1699 1941 1798 1970 doums
1825 1941 1918 1978 aliqua
1945 1941 2032 1979 magis

1180 1992 1257 2025 apta,
1281 1989 1323 2017 vel
1345 1989 1431 2023 duae,
1453 1988 1474 2017 si
1497 1996 1553 2017 una
1574 1997 1628 2017 non
1650 1988 1768 2022 sufficit,
1790 1989 1817 2017 in
1839 1997 1910 2025 qua,
1937 1989 1981 2018 vel
2003 1989 2031 2017 in

1181 2036 1285 2072 quibus
1307 2044 1402 2064 omnes
1424 2035 1517 2064 novitii
1545 2035 1578 2064 de
1601 2035 1730 2064 Custodia
1751 2036 1922 2064 collocentur
1942 2043 2032 2073 usque

1181 2083 1213 2110 ad
1237 2086 1347 2118 tempus
1378 2082 1556 2118 professionis
1577 2090 1652 2110 suae.
1680 2082 1719 2110 Ad
1746 2090 1816 2118 quos
1844 2082 2031 2111 informandos

1181 2129 1338 2165 assignetur
1354 2129 1448 2157 Frater
1463 2129 1608 2165 religiosus
1629 2132 1656 2157 et
1671 2129 1905 2166 circumspectus,
1921 2129 1968 2166 qui
1984 2137 2031 2158 eos

1180 2175 1276 2204 doceat
1298 2183 1367 2212 pure
1389 2179 1414 2204 et
1437 2176 1597 2212 frequenter
1619 2176 1760 2209 confiteri,
1782 2176 1912 2205 ardenter
1933 2184 2029 2211 orare,

1180 2223 1295 2251 honeste
1318 2222 1492 2256 conversari,
1508 2223 1651 2251 humiliter
1665 2223 1793 2257 obedire,
1813 2230 1926 2252 servare
1940 2223 2030 2252 cordis

334 2398 342 2411 ²
361 2399 403 2420 Iac.
422 2399 446 2425 ¹1,
465 2398 502 2419 26.

333 2436 342 2448 ²
360 2437 434 2459 Ecvie.
454 2437 493 2462 «10,
513 2437 533 2458 8.

332 2475 341 2488 ⁸
359 2476 428 2498 Hebr.
451 2477 485 2502 12,
504 2477 511 2497 11
524 2477 541 2498 Ι.
553 2488 583 2492 -—-
596 2476 680 2498 'sextus
698 2476 830 2503 Scriptnrae
848 2478 900 2503 post
917 2476 1034 2499 moeroriS
1052 2476 1121 2498 conti-

270 2518 335 2538 nuat:
353 2517 432 2544 posteri
446 2516 524 2537 antem
543 2515 650 2543 fructum.
659 2514 841 2543 pacatissimum
860 2515 997 2538 exercitatis
1012 2522 1055 2544 pei·
1068 2521 1119 2538 eam

269 2554 351 2577 reddet
369 2554 478 2577 fuscinae.

332 2592 381 2615 41„
404 2593 483 2615 rodice
506 2592 659 2614 bibliothecae
682 2592 779 2614 civitatis
802 2593 946 2614 Trevirensis
969 2593 1030 2620 (cod,
1055 2593 1119 2615 1268.

270 2633 336 2654 Num.
354 2633 395 2654 loc.
414 2632 471 2658 579,
497 2632 551 2654 olim
568 2632 626 2658 776,
652 2632 690 2653 101.
712 2632 752 2653 179
776 2632 808 2659 v.)
827 2635 861 2654 est
878 2632 1015 2659 opusculum
1042 2638 1120 2659 super-

270 2672 393 2698 scriptum:
415 2679 426 2690 «
440 2670 517 2698 incipit
534 2670 662 2697 explanatio
685 2670 831 2698 quorundam
850 2670 999 2692 articulorum
1018 2676 1045 2692 ex
1062 2670 1120 2692 Con-

271 2709 427 2731 stitutionibns
453 2709 600 2737 generalibus
626 2711 681 2730 tacta
709 2715 720 2730 a
739 2709 833 2731 domino
851 2709 928 2731 Fratre
945 2709 1119 2737 Bonaventura,

270 2749 340 2771 nostri
359 2749 450 2771 Ordinis
468 2752 521 2770 tunc
539 2748 640 2776 generali
659 2748 793 2769 Ministro».
812 2747 912 2770 Dubium
931 2754 980 2770 esse
999 2751 1118 2776 putamus,

271 2789 312 2809 bas
330 2794 424 2809 suarum
443 2787 635 2810 Constitutionnm
656 2787 826 2814 explanationes
844 2786 873 2808 ub
891 2787 941 2814 ipso
959 2787 1119 2809 Bonuventura

272 2826 320 2849 sive
334 2827 354 2848 in
367 2826 470 2854 Capitnlo
484 2827 561 2852 tactas,
574 2826 622 2848 sive
636 2826 705 2847 niodo
718 2825 809 2852 privato
822 2832 871 2847 esse
886 2826 951 2847 311001
966 2826 1054 2852 missas,
1066 2831 1119 2847 cum

273 2865 387 2893 quaedam
405 2871 458 2886 0001
476 2865 526 2886 aliis
543 2865 647 2886 eiusdem
666 2863 838 2886 definitionibus
855 2870 900 2886 non
924 2865 1023 2892 perfecte
1041 2866 1120 2886 001130-

273 2910 323 2925 1010
340 2904 468 2926 videantnr.
492 2904 579 2926 Tamen
604 2906 761 2931 opportunum
786 2903 876 2925 videtur
903 2904 923 2925 in
947 2904 1007 2925 03100
1034 2909 1120 2931 ponere

273 2942 430 2970 quaestionem
450 2946 471 2964 et
489 2943 663 2969 responsionem
681 2942 709 2963 ad
728 2947 766 2963 eas
784 2942 956 2969 ordinationes,
974 2949 1073 2970 quarum
1086 2948 1120 2964 ex-

273 2981 373 3008 planatio
391 2981 518 3008 petebatur.
538 2981 622 3002 Dicitur
635 2981 704 3008 igilur
722 2981 749 3003 ad
770 2982 830 3002 nnnc
843 2982 918 3002 locuni
931 2981 954 3002 111
972 2981 1024 3003 0011.
1037 2981 1119 3003 Trexn:

276 3028 287 3039 11
300 3020 414 3047 Imprimis
432 3020 490 3041 circa
508 3020 561 3042 illud
575 3020 638 3048 quod
651 3020 734 3042 dicitur
752 3021 772 3041 in
791 3020 997 3043 Constitutionibns
1009 3020 1120 3048 generali-

1179 2397 1234 2425 bus,
1253 2397 1315 2426 quod
1336 2397 1411 2419 nullus
1428 2397 1552 2424 recipiatur
1564 2397 1606 2418 nisi
1625 2396 1796 2426 αρν-0111101113
1814 2396 1922 2424 omnino,
1940 2396 2028 2424 (maeri-

1180 2439 1228 2463 tur,
1247 2439 1325 2458 utrum
1343 2437 1386 2458 boc
1403 2435 1488 2458 debeat
1506 2436 1598 2463 intelligi
1616 2436 1645 2458 de
1662 2436 1794 2463 receptione
1811 2436 1839 2458 ad
1857 2435 1966 2458 Ordinem
1979 2434 2027 2458 si‘ve

1179 2475 1208 2497 ad
1224 2474 1404 2504 probationem,
1422 2475 1458 2496 vel
1476 2475 1505 2497 de
1522 2474 1653 2502 receptione
1670 2474 1700 2496 ad
1717 2473 1910 2503 professionem...
1928 2475 2027 2501 Respon-

1179 2514 1257 2540 detnr,
1274 2515 1337 2542 qnod
1358 2514 1489 2541 intelligitur
1505 2514 1535 2535 (10
1552 2514 1683 2540 receptione
1697 2513 1727 2535 311
1745 2512 1867 2539 Ordinem;
1885 2512 1954 2535 debet
1965 2513 2026 2534 enini

1178 2553 1341 2581 expropriatus
1359 2559 1409 2575 csse
1426 2552 1456 2574 ab
1473 2552 1582 2574 omnibns
1599 2551 1695 2579 leubilis,
1715 2552 1827 2580 quamdiu
1840 2554 1874 2574 est
1891 2552 1913 2574 in
1931 2552 2026 2579 Ordine,

1177 2592 1219 2614 sed
1232 2598 1277 2614 non
1291 2595 1392 2619 oportet,
1411 2598 1464 2613 000]
1477 2592 1619 2619 expropriari
1637 2590 1666 2612 ab
1678 2591 1788 2613 omnibns
1800 2590 1924 2619 habendis,
1939 2591 1957 2613 si
1970 2591 2025 2613 infra

1177 2636 1263 2652 aunum
1282 2630 1425 2657 probationis
1442 2630 1489 2651 vnn
1508 2630 1569 2651 exire
1581 2638 1602 2650 n.

1240 2668 1249 2680 ⁵
1266 2669 1299 2691 Ad
1319 2670 1379 2690 bunc
1397 2669 1516 2690 articulum
1536 2668 1586 2690 0011,
1601 2668 1682 2690 ’1“1011.;
1704 2676 1713 2687 α
1727 2668 1856 2696 Quaeritur,
1873 2671 1984 2696 quantum
1997 2668 2026 2690 dc

1178 2708 1328 2735 grammatica
1340 2707 1438 2729 snssicint
1449 2707 1477 2729 ad
1496 2708 1556 2728 illam
1569 2710 1738 2734 competentem
1752 2707 1936 2733 instructionem,
1950 2708 2025 2728 utrum

1177 2747 1241 2775 quod
1258 2747 1315 2769 sciat
1332 2747 1394 2775 loqui
1407 2747 1570 2774 grammatice,
1588 2746 1693 2773 0110011110
1705 2749 1727 2767 et
1744 2746 1890 2773 1010110011110,
1908 2746 1945 2768 vel
1957 2746 2024 2768 eliam

1177 2785 1235 2807 scire
1253 2786 1346 2812 regulas
1364 2785 1529 2812 grammaticae
1553 2789 1575 2807 et
1596 2787 1668 2807 artem
1691 2784 1868 2812 grammaticae,
1885 2790 1938 2806 cnm
1963 2784 2024 2806 multi

1177 2825 1283 2852 expedite
1302 2824 1402 2846 habeant
1420 2830 1486 2846 usum
1506 2824 1627 2852 loquendi,
1645 2824 1685 2852 qui
1703 2823 1764 2846 obliti
1782 2826 1835 2845 sunt
1853 2824 1985 2851 regularum
2004 2827 2023 2845 et

1177 2864 1250 2885 artis?
1268 2864 1442 2891 Respondetnr,
1464 2863 1528 2891 quod
1545 2863 1642 2889 suffieit,
1664 2863 1728 2891 quod
1745 2863 1773 2884 sit
1790 2869 1832 2890 per
1849 2862 2024 2889 grammaticam

1178 2906 1265 2924 tantum
1285 2902 1427 2928 nobilitatus,
1445 2902 1509 2930 quod
1532 2902 1604 2929 possit
1622 2902 1670 2923 [ieri
1688 2902 1833 2929 praedicator
1855 2902 1891 2923 vel
1909 2902 2025 2923 consessor

1177 2942 1213 2963 vel
1232 2942 1314 2967 lector,
1332 2941 1361 2963 ita
1379 2941 1442 2969 quod
1460 2941 1488 2963 ad
1507 2941 1591 2969 aliquid
1612 2941 1707 2962 istorum
1725 2940 1896 2968 assequendum
1919 2946 1964 2961 non
1982 2940 2025 2962 im-

1178 2981 1285 3008 pediatur
1303 2986 1344 3007 per
1362 2980 1477 3002 desectum
1494 2980 1694 3007 grammaticae».

1240 3018 1249 3031 ὓ
1267 3020 1283 3041 E
1300 3018 1435 3041 adstrictus.
1931 3016 1939 3029 ⁷
1958 3018 1973 3039 E
1989 3018 2023 3040 ut.

2060 1856 2092 1885 De·
2099 1863 2116 1876 111
2125 1869 2126 1877 1

2079 1883 2116 1901 nati
2125 1884 2126 1911 J
