2133 3317
789 385 1097 422 OPUSCULUM
1122 386 1187 421 VI.

272 511 663 568 EPISTOLA
699 512 815 567 AD
854 512 1259 579 QUENDAM
1294 512 1705 569 NOVITIUM

609 651 919 694 msotuuruu
946 651 1007 694 ET
1035 646 1368 695 1NSTABILEM¹.

186 1088 221 1113 In
243 1086 344 1113 Christo
357 1087 418 1112 Iesu
430 1086 479 1112 sibi
496 1087 630 1114 carissimo
642 1086 723 1116 fratri
737 1086 856 1119 salutem,
873 1087 899 1112 in
912 1088 964 1113 Do-

115 1131 185 1156 mino
204 1129 349 1160 confortari
359 1128 376 1156 ².

187 1172 212 1198 1.
230 1173 302 1203 Vidi,
321 1172 460 1202 carissime,
479 1172 565 1197 faciem
583 1173 653 1197 tuam
676 1173 743 1204 apud
770 1173 892 1198 Montium
920 1173 963 1198 Ca-

64 1219 86 1246 ”,
117 1217 212 1246 strum,
240 1216 375 1241 venerabili
402 1216 479 1241 Patre
498 1216 620 1241 'ministro
650 1216 796 1247 provinciali
824 1216 962 1248 praesente.

117 1261 185 1286 Tunc
203 1260 228 1285 te
247 1259 307 1285 mihi
326 1259 468 1291 praesentia
486 1260 623 1291 corporalis
641 1259 766 1289 exhibuit,
785 1267 851 1284 nunc
875 1267 963 1285 memo-

117 1303 154 1328 ria
179 1302 365 1334 repraesentat.
394 1302 419 1327 et
441 1309 513 1334 quem
541 1302 697 1333 praesentem
716 1302 839 1328 allocutus
859 1310 913 1327 sum
938 1303 963 1327 et

116 1346 233 1371 hortatus
252 1346 284 1370 ad
303 1345 408 1375 bonum,
427 1345 555 1370 absentem
581 1352 646 1370 nunc
665 1345 722 1370 duxi
741 1345 886 1370 litteraliter
903 1345 963 1370 allo—

117 1389 249 1421 quendum.
268 1389 305 1413 Tu
324 1395 390 1418 vero,
411 1389 432 1413 si
456 1389 555 1420 sapiens
584 1396 622 1417 es,
648 1388 772 1419 patienter
801 1388 885 1413 audies
904 1388 963 1414 allo-

117 1432 240 1464 quentem.
260 1432 337 1457 Stulti
354 1431 380 1456 et
406 1432 489 1456 insani
515 1431 554 1456 est
577 1439 627 1457 non
648 1439 720 1463 posse
745 1431 798 1463 pati
826 1439 962 1456 sermonem

117 1482 238 1507 auresque
257 1482 324 1500 more
348 1475 442 1506 aspidis
471 1474 588 1500 obturare
598 1473 616 1500 ³.
635 1474 714 1499 Audit
732 1481 786 1499 cum
805 1474 871 1499 omni
896 1481 963 1499 man-

118 1518 248 1543 suetudine
276 1518 385 1549 prudens
410 1525 439 1543 ac
457 1518 543 1543 deinde
562 1518 647 1542 audita
669 1518 795 1542 diiudicat.
817 1532 851 1534 —
873 1517 963 1549 Accepi

117 1562 167 1586 iam
185 1561 277 1586 dudum
295 1568 351 1586 cum
369 1561 473 1593 gaudio,
494 1561 558 1592 quod
576 1561 711 1592 Religionis
730 1561 830 1586 sanotae
849 1560 963 1585 habitum

118 1604 276 1633 assumsisti,
295 1604 321 1629 et
339 1604 436 1629 utinam
456 1604 592 1635 Religionis
610 1604 720 1628 animum
741 1603 814 1628 simul
833 1604 963 1628 assumsis—

96 1666 102 1672 .
120 1649 176 1672 ses!
195 1647 318 1679 Siquidem
338 1654 388 1672 non
406 1647 513 1671 multum
532 1646 635 1671 habitus
662 1647 794 1677 religiosus
814 1646 922 1677 prodest,
942 1647 964 1671 si

119 1691 185 1716 adsit
203 1690 283 1715 adhuc
302 1691 400 1715 animus
425 1691 570 1715 saecularis.
595 1689 652 1715 Non
675 1690 796 1719 vestium,
816 1690 858 1714 sed
885 1690 964 1720 spiri-

120 1735 192 1759 tuum
208 1734 366 1765 ponderator
379 1734 417 1758 est
429 1733 559 1758 Dominus
569 1732 587 1757 ⁴.
601 1733 637 1757 At
650 1733 670 1757 si
683 1733 816 1764 utrumque
830 1733 911 1762 simul,
926 1740 964 1757 re-

118 1777 207 1809 ligiosa
227 1776 320 1801 scilicet
338 1776 415 1801 vestis
434 1776 459 1801 et
487 1776 599 1805 animus,
624 1776 713 1800 melius
732 1775 793 1805 erit3
814 1775 893 1806 pluris
912 1775 963 1800 Deo

119 1820 179 1844 sunt
198 1820 272 1851 plura
291 1827 365 1851 quam
383 1827 469 1844 unum.
493 1818 655 1850 Concupiscit
672 1826 717 1843 rex
736 1818 848 1843 decorem
866 1819 962 1849 cordis;

119 1862 161 1888 sed
179 1862 257 1887 vestis
276 1862 363 1887 sancta
391 1862 416 1886 et
441 1869 496 1887 eum
521 1862 590 1886 cuius
618 1869 700 1887 amore
728 1861 864 1892 suscipitur
882 1862 907 1886 et
925 1861 963 1886 de-

119 1906 213 1935 fertur,
231 1905 339 1931 honorat
366 1905 391 1930 et
418 1905 557 1936 proximum
583 1905 656 1929 simul
681 1904 795 1929 aedificat
818 1905 900 1935 ipsum
925 1904 963 1929 de-

119 1949 192 1980 nique
210 1948 360 1973 deferentem
388 1948 420 1972 ad
447 1947 566 1972 virtutem
589 1947 684 1972 inducit
708 1947 733 1972 et
755 1947 861 1979 quadam
889 1947 963 1972 inter-

119 1993 176 2017 dum
195 1991 352 2023 congruitate
370 1990 504 2022 compellit.
524 1990 639 2021 Quando,
653 1991 768 2022 inquam,
782 1991 860 2015 vestis
873 1991 898 2015 et
910 1991 964 2015 ani-

120 2042 175 2059 mus
193 2035 218 2059 in
237 2034 301 2059 bono
320 2034 483 2063 conveniunt,
502 2034 562 2059 tunc
581 2034 631 2059 Deo
651 2034 677 2058 in
694 2033 766 2058 nobis
785 2034 888 2058 maxime
902 2041 963 2058 com-

121 2078 215 2109 placet,
235 2077 295 2102 tunc
313 2078 334 2102 ei
363 2077 467 2102 deliciae
494 2078 555 2102 sunt
572 2084 624 2101 esse
645 2083 703 2101 cum
721 2076 784 2106 filiis
803 2076 934 2101 hominum
944 2076 963 2101 ⁵.

120 2120 195 2146 Intus
214 2120 293 2145 Deum
312 2127 382 2145 mens
409 2120 498 2145 devota
523 2119 642 2149 oblectat,
662 2119 732 2144 extra
751 2119 829 2144 vestis
848 2120 964 2151 religiosa

119 2163 227 2188 honorat
245 2162 270 2187 et
288 2162 423 2194 praedicat.
442 2162 489 2186 Ubi
508 2162 590 2187 autem
610 2162 708 2186 animus
726 2162 807 2186 malus
820 2162 866 2192 est,
886 2163 964 2187 vestis

121 2206 208 2231 sancta
227 2206 285 2237 plus
308 2205 400 2237 gravat
424 2212 498 2236 quam
517 2205 596 2230 iuvat.
614 2206 689 2237 Ergo,
709 2205 848 2234 carissime,
868 2212 897 2229 ex
916 2212 963 2237 quo

120 2251 169 2275 iam
188 2250 213 2276 te
231 2250 352 2276 Dominus
379 2248 465 2274 sancto
489 2248 577 2273 habitu
596 2249 734 2279 decoravit,
754 2256 808 2280 age,
826 2248 856 2273 ut
874 2249 895 2273 ei
914 2249 964 2273 ani-

121 2300 176 2317 mus
195 2292 220 2317 et
232 2292 284 2317 vita
302 2291 440 2317 concordet.

192 2335 217 2359 2.
236 2335 354 2364 Quaeris,
373 2334 499 2365 quomodo
524 2334 657 2359 vivendum
685 2334 718 2358 sit
743 2334 802 2363 tibi,
830 2334 875 2358 aut
902 2341 964 2365 quae

122 2378 279 2409 perfectionis
298 2378 331 2402 sit
349 2378 398 2402 via.
416 2377 517 2401 Utinam
537 2378 656 2408 quaeras!
675 2376 771 2407 Nempe
790 2383 911 2408 quaerens
931 2377 965 2401 in-

75 2442 80 2447 .
100 2415 108 2420 ”
122 2421 198 2445 venit.
218 2420 264 2450 Qui
283 2427 341 2445 vero
360 2420 428 2444 stare
446 2426 522 2451 super
541 2420 597 2444 vias
616 2419 641 2444 et
658 2419 814 2450 interrogare
827 2419 855 2444 de
868 2419 965 2444 semitis

122 2463 238 2494 antiquis
265 2470 314 2488 non
338 2461 429 2487 curat⁶
449 2469 493 2487 nec
512 2469 537 2486 se
564 2462 729 2493 dirigentibus
746 2462 890 2493 acquiescit,
912 2469 965 2493 pre-

122 2506 185 2532 fecto
204 2506 337 2531 errandum
356 2506 395 2530 est
414 2505 468 2530 sibi.
488 2505 566 2530 Porro
584 2505 740 2536 negligenter
768 2505 863 2529 erranti
887 2505 965 2536 impu-

124 2549 215 2574 tandus
234 2549 273 2574 est
291 2556 368 2574 error.
387 2549 439 2574 Est
456 2549 514 2579 via,
533 2555 599 2579 quae
616 2547 716 2572 videtur
735 2547 833 2572 homini
847 2547 928 2578 iusta,
942 2548 966 2571 et

55 2594 60 2598 '
92 2608 96 2614 -
124 2593 262 2618 novissima
281 2593 334 2617 eius
354 2591 480 2617 deducunt
498 2591 533 2616 ad
550 2592 656 2616 mortem
668 2589 686 2615 ⁷.
705 2605 740 2608 —
759 2590 832 2615 Dicas
845 2590 964 2615 forsitan:

1019 1088 1079 1113 nota
1097 1088 1157 1113 mihi
1176 1088 1217 1113 via
1230 1088 1275 1117 est,
1290 1088 1315 1113 et
1333 1088 1433 1113 ductore
1452 1095 1501 1113 non
1517 1088 1623 1120 indigeo.
1636 1088 1799 1120 Nequaquam
1820 1088 1866 1114 hoc

1019 1138 1064 1162 ego
1082 1131 1128 1155 tibi
1146 1131 1321 1161 concesserim3
1341 1130 1434 1155 stultae
1454 1130 1647 1162 praesumtionis
1663 1131 1701 1155 est
1720 1131 1772 1156 eius
1791 1138 1865 1162 quam

1019 1173 1128 1198 nondum
1147 1173 1359 1204 perambulaveris
1373 1174 1426 1198 viae
1440 1173 1485 1198 tibi
1499 1174 1627 1198 scientiam
1644 1181 1769 1205 arrogare.
1783 1174 1865 1199 Stulte

1020 1217 1118 1242 omnino
1138 1216 1183 1241 sibi
1202 1216 1313 1241 vindicat
1330 1216 1475 1248 inexpertus
1502 1216 1567 1248 quod
1592 1217 1633 1241 vix
1652 1216 1747 1248 experti
1766 1224 1865 1248 praesu-

1019 1259 1099 1284 munt.
1118 1259 1171 1284 Neo
1194 1267 1239 1291 ego
1267 1259 1331 1284 hanc
1356 1259 1480 1284 dilectioni
1508 1260 1566 1284 tuae
1594 1260 1803 1291 praesumtionem
1822 1260 1866 1284 im-

1020 1309 1097 1333 pono,
1112 1302 1153 1327 sed
1166 1302 1367 1327 conditionaliter
1385 1302 1564 1327 exhortationis
1583 1302 1666 1334 gratia
1684 1302 1785 1333 loquor,
1800 1302 1864 1334 qnod

1020 1345 1178 1376 prudentiam
1205 1342 1275 1369 tuam
1303 1345 1328 1370 et
1355 1345 1380 1369 in
1411 1345 1499 1370 ceteris
1531 1345 1613 1370 verbis
1640 1345 1701 1369 meis
1725 1344 1864 1376 intelligere

1019 1388 1083 1413 volo.

1090 1431 1116 1455 3.
1134 1431 1224 1456 Paucis
1241 1438 1308 1456 nunc
1326 1431 1372 1456 tibi
1390 1431 1467 1456 vitam
1494 1431 1612 1462 Religiosi
1639 1431 1785 1456 describam.
1803 1431 1866 1456 Sub-

1020 1474 1131 1499 iectionis
1150 1474 1291 1503 humilitas,
1311 1474 1463 1499 obedientiae
1482 1474 1666 1505 promptitudo,
1680 1474 1865 1499 abrenuntiatio

1020 1517 1194 1548 temporalium
1213 1517 1238 1542 et
1257 1518 1372 1548 propriae
1391 1517 1544 1546 voluntatis,
1564 1517 1700 1548 patientiae
1717 1517 1807 1546 virtus,
1827 1517 1865 1541 de-

1020 1561 1127 1585 votionis
1145 1559 1241 1589 fervor,
1261 1560 1380 1585 orationis
1398 1560 1535 1590 instantia,
1564 1559 1727 1585 conscientiae
1753 1560 1864 1591 puritas,

1020 1603 1138 1628 constans
1156 1603 1324 1634 propositum,
1344 1603 1472 1628 exterioris
1490 1603 1684 1628 conversationis
1704 1602 1822 1628 modestia
1841 1603 1866 1627 et

1020 1647 1138 1671 honestas
1167 1647 1280 1678 iugisque
1307 1646 1338 1671 ad
1366 1647 1468 1671 meliora
1496 1646 1620 1677 profectus
1643 1646 1760 1677 Religiosi
1787 1646 1866 1670 vitam

1020 1689 1184 1715 constituunt.
1205 1689 1229 1714 Si
1248 1689 1319 1714 tuum
1348 1690 1373 1714 in
1398 1689 1437 1714 his
1465 1690 1575 1714 studium
1594 1690 1646 1718 est,
1666 1689 1805 1720 Religiosus
1825 1696 1864 1718 es3

1021 1733 1059 1757 sin
1072 1732 1148 1761 alias,
1163 1732 1240 1759 scias.
1254 1732 1279 1756 te
1292 1732 1408 1761 necdum,
1423 1732 1555 1757 secundum
1570 1732 1717 1763 Apostolum
1729 1731 1746 1761 ¹³,
1760 1733 1865 1757 veterem

1020 1775 1147 1800 hominem
1165 1774 1325 1806 deposuisse,
1345 1775 1387 1799 sed
1406 1775 1486 1800 adhuc
1499 1776 1523 1799 in
1537 1774 1664 1800 vetustate
1677 1775 1809 1806 perduras,
1823 1775 1865 1806 qui

1020 1819 1104 1842 tamen
1123 1818 1148 1842 in
1167 1818 1302 1849 Religionis
1330 1819 1443 1849 ingressu
1469 1825 1563 1842 novum
1591 1818 1733 1849 hominem,
1761 1818 1807 1849 qui
1831 1825 1865 1843 se-

1021 1860 1132 1885 cundum
1160 1861 1244 1885 Deum
1271 1864 1372 1886 creatus
1390 1862 1440 1892 est,
1460 1861 1563 1885 induere
1589 1860 1704 1885 debuisti.
1724 1860 1780 1885 Non
1804 1860 1864 1890 dico,

1020 1903 1141 1928 novitium
1160 1910 1216 1928 mox
1234 1911 1306 1934 posse
1325 1904 1350 1928 in
1369 1903 1507 1928 virtutibus
1526 1911 1579 1928 esse
1599 1903 1749 1934 perfectum,
1763 1902 1805 1928 sed
1824 1903 1865 1928 de-

1021 1946 1077 1970 bere
1095 1953 1148 1970 esse
1167 1946 1192 1970 in
1212 1953 1295 1970 earum
1316 1946 1429 1971 exercitio
1455 1946 1600 1971 studiosum.
1621 1946 1725 1970 Divinae
1754 1946 1864 1970 studium

1021 1989 1150 2014 servitutis
1169 1989 1265 2014 devotis
1292 1989 1388 2020 quidem
1409 1989 1536 2021 perfacile,
1561 1990 1635 2015 immo
1654 1989 1797 2014 delectabile
1817 1989 1863 2020 est,

1021 2033 1063 2057 sed
1082 2032 1193 2063 reprobis
1212 2033 1237 2057 et
1256 2033 1380 2063 perversis
1392 2032 1498 2057 difficile.
1513 2032 1655 2057 Difficultas
1667 2032 1727 2057 haec
1745 2032 1864 2057 causatur

1020 2076 1124 2100 maxime
1143 2083 1158 2100 a
1177 2075 1283 2105 duobus,
1302 2076 1423 2106 superbia
1442 2076 1535 2100 scilicet
1554 2075 1578 2100 et
1598 2076 1689 2106 tepore.
1715 2073 1759 2099 81⁹
1778 2081 1864 2106 super-

1021 2118 1064 2143 bia
1083 2119 1173 2150 regnat
1191 2119 1216 2143 et
1235 2119 1316 2149 tepor,
1335 2118 1368 2142 ibi
1387 2118 1482 2149 Religio
1500 2118 1581 2143 locum
1600 2118 1690 2142 habere
1709 2125 1758 2143 non
1772 2117 1863 2149 potest.

1090 2162 1115 2186 4.
1135 2161 1277 2193 Superbus,
1291 2161 1322 2186 ad
1336 2169 1405 2186 omne
1418 2161 1509 2186 bonum
1528 2161 1625 2185 inutilis
1643 2160 1668 2185 et
1686 2160 1800 2192 ineptus,
1815 2167 1864 2185 non

1020 2205 1059 2230 est
1071 2204 1238 2235 susceptibilis
1251 2204 1408 2235 disciplinae,
1422 2204 1519 2236 gratiae
1532 2211 1575 2228 seu
1587 2203 1704 2233 virtutis,
1718 2204 1780 2235 quia
1793 2204 1865 2228 Deus

1020 2247 1136 2279 superbis
1154 2248 1263 2278 resistit,
1284 2247 1425 2272 humilibus
1443 2248 1528 2272 autem
1542 2247 1588 2271 dat
1598 2247 1714 2278 =qratiam
1725 2246 1754 2271 ¹⁰.
1768 2247 1799 2271 In
1812 2246 1866 2271 tan-

1021 2291 1074 2316 tum
1094 2291 1133 2315 est
1151 2291 1202 2316 Deo
1227 2290 1343 2322 superbia
1369 2291 1466 2320 odiosa,
1484 2290 1525 2320 ut,
1545 2290 1587 2314 ubi
1605 2289 1794 2321 deprehenderit
1812 2297 1865 2314 eam

1021 2341 1088 2363 esse,
1107 2334 1141 2358 ibi
1159 2341 1203 2358 nec
1221 2334 1274 2364 ipse
1302 2333 1399 2358 habitet
1423 2341 1467 2358 nec
1495 2340 1540 2358 sua
1567 2333 1684 2364 dignetur
1702 2333 1766 2357 dona
1785 2332 1864 2357 infun-

1021 2376 1086 2401 dere.
1105 2376 1173 2400 Haec
1197 2376 1236 2400 est
1264 2376 1394 2407 superbia,
1417 2383 1480 2407 quae
1497 2376 1534 2400 ita
1562 2376 1670 2400 omnium
1696 2375 1865 2406 spiritualium

1022 2426 1139 2444 sensuum
1157 2426 1204 2443 usu
1224 2419 1322 2450 privat,
1335 2419 1364 2443 ut
1376 2418 1422 2443 hac
1435 2418 1504 2449 peste
1517 2418 1646 2447 laborans,
1660 2418 1796 2450 Religionis
1811 2425 1865 2442 san-

1021 2463 1075 2487 otae
1095 2462 1287 2493 pulcritudinem
1307 2462 1332 2486 et
1346 2461 1470 2486 *virtutem
1490 2461 1606 2490 audiens,
1625 2468 1674 2486 non
1693 2461 1816 2491 attendat,
1831 2462 1864 2486 vi-

1021 2504 1095 2533 dens,
1115 2511 1164 2529 non
1182 2504 1295 2540 reputet,
1315 2504 1434 2533 odorans,
1454 2511 1503 2529 non
1523 2503 1629 2532 sentiat,
1649 2503 1738 2528 affectu
1757 2511 1806 2528 non
1819 2511 1866 2535 gu-

1022 2547 1073 2572 stet
1090 2554 1134 2572 nec
1152 2555 1180 2572 ex
1199 2547 1350 2578 operationis
1368 2546 1438 2571 tactu
1462 2546 1599 2575 discernat,
1619 2546 1731 2577 recteque
1755 2547 1792 2571 illi
1811 2554 1865 2571 con-

1022 2590 1106 2615 veniat
1124 2590 1188 2621 quod
1207 2590 1235 2614 de
1258 2590 1397 2614 simulacris
1414 2589 1504 2614 dicitur
1515 2588 1549 2614 ¹¹:
1567 2588 1658 2614 Oculos
1672 2589 1765 2614 habent
1778 2591 1801 2614 et
1813 2597 1865 2614 non

187 2764 194 2777 ¹
215 2765 246 2787 De
263 2765 305 2787 hac
322 2764 421 2792 Epistola
439 2764 491 2786 vide
509 2764 672 2791 Prolegomena
691 2769 710 2785 c.
728 2763 759 2785 111.
772 2766 813 2785 art.
832 2763 852 2785 l.
869 2763 916 2791 2⁷36.
934 2775 964 2779 —

125 2795 180 2818 Cod.
198 2795 214 2818 C
231 2795 313 2818 omittit
329 2795 467 2818 insolentem
484 2796 505 2817 ei
522 2793 661 2817 instabilem.

187 2826 196 2839 *²
214 2828 236 2849 ln
253 2827 270 2848 C
287 2828 343 2849 haec
361 2827 486 2854 propositio
504 2826 655 2848 desideratur.

188 2857 197 2870 ³
215 2858 297 2880 psalm.
315 2858 357 2885 57,
374 2858 399 2880 5:
419 2857 482 2880 Sicut
498 2857 585 2885 aspidis
601 2857 685 2879 surdae
702 2859 723 2878 et
745 2855 872 2878 obturantis
897 2862 965 2878 aures

125 2894 187 2911 suas.
199 2889 247 2922 i‘ro
264 2894 381 2918 auresque
398 2889 414 2910 B
431 2894 523 2911 aurem.
540 2901 570 2903 —
591 2888 702 2916 Superius
727 2893 770 2915 pro
793 2886 926 2910 lilleraliter
947 2887 964 2910 C

124 2925 167 2949 per
185 2919 282 2973 ι’ίιίῐῖιῐιῗκῗ.
303 2951 341 2977 16,
359 2951 381 2972 2.
400 2963 430 2967 -
448 2949 549 2972 Subinde
567 2950 677 2977 allegatur
694 2950 728 2971 ΡΞ.
748 2949 783 2977 44,
805 2950 838 2971 12.

188 2981 198 2994 ⁶
216 2983 281 3004 Prov.
299 2982 325 3008 8,
343 2982 382 3003 31.
403 2994 434 2998 --
459 2982 569 3009 Superius
595 2987 637 3009 pro
661 2980 761 3008 Quando
786 2980 802 3003 C
829 2979 899 3007 Cum,
924 2980 963 3009 qui

126 3012 194 3035 etiam
211 3013 304 3036 inferius
322 3019 364 3040 pro
382 3014 407 3035 ut
423 3012 445 3036 ei
460 3012 554 3035 animus
572 3012 687 3034 substituit
704 3013 730 3034 ut
746 3011 851 3034 animus.

1083 2761 1093 2774 ὅ
1110 2763 1150 2784 ier.
1167 2762 1194 2789 6,
1213 2762 1252 2784 iss:
1270 2763 1331 2784 State
1347 2768 1417 2789 super
1435 2762 1483 2783 vias
1505 2764 1528 2784 et
1544 2762 1621 2784 videte
1637 2764 1659 2783 et
1680 2762 1818 2789 interrogate
1835 2761 1864 2784 de

1021 2793 1109 2815 semitis
1125 2793 1233 2821 antiquis,
1250 2799 1310 2821 quae
1327 2793 1356 2815 sit
1372 2793 1407 2814 via
1434 2792 1507 2819 bona,
1525 2795 1547 2815 ct
1564 2792 1680 2815 ambulate
1698 2793 1719 2814 iu
1736 2798 1776 2818 ea,
1793 2797 1814 2814 et
1832 2793 1863 2814 in-

1021 2825 1117 2847 venietis
1140 2824 1285 2851 refrigerium
1312 2823 1435 2846 animabus
1459 2824 1548 2846 vestris.
1573 2836 1604 2839 —
1628 2824 1739 2851 Superius
1757 2829 1799 2851 pro
1821 2825 1863 2846 [lul

1024 2862 1084 2885 quae
1101 2855 1116 2877 C
1133 2856 1154 2877 el
1171 2861 1238 2885 quae.
1654 2854 1662 2866 ⁷
1681 2855 1746 2876 l’rov.
1768 2854 1808 2881 14,
1830 2855 1864 2876 12.

1083 2885 1092 2898 ⁸
1110 2887 1166 2914 Eph.
1184 2886 1210 2913 4,
1228 2887 1264 2908 22.
1282 2888 1304 2908 et
1320 2886 1404 2908 deinde
1422 2892 1444 2907 v.
1461 2885 1499 2908 24.
1516 2898 1546 2902 —
1564 2886 1657 2908 iuferius
1669 2889 1719 2914 post
1736 2885 1788 2908 Non
1812 2884 1863 2908 dico

1021 2917 1037 2940 C
1054 2917 1118 2939 addit
1135 2916 1182 2940 tibi.

1083 2947 1092 2960 ⁹
1110 2949 1165 2970 (lod.
1183 2948 1199 2970 C
1217 2947 1272 2975 Ubi,
1289 2948 1375 2970 omisso
1393 2947 1490 2970 subinde
1508 2947 1546 2970 ibi.

1084 2979 1103 2991 ¹¹⁷
1122 2980 1189 3007 Epist.
1208 2980 1222 3002 1.
1240 2980 1298 3001 Petr.
1316 2980 1343 3007 5,
1361 2979 1382 3001 ὅ.
1400 2983 1421 3001 ct
1439 2979 1480 3001 lac.
1499 2978 1523 3007 4,
1541 2980 1563 3001 6.

1086 3010 1101 3024 ¹¹
1121 3011 1202 3033 Psalm.
1224 3010 1273 3037 ¹113,
1291 3011 1327 3032 iss.
1345 3016 1393 3039 seq.

1890 1436 1935 1455 vita
1948 1442 1991 1455 vera

1894 1459 1991 1483 Religiosi.

1889 2037 1940 2056 Vitia
1953 2037 1990 2056 duo

1893 2061 1988 2084 fugienda.

1880 2166 1952 2187 Primo.
1968 2171 2012 2184 con-

1893 2191 1922 2208 tra
1935 2194 1999 2213 snper-

1921 2213 1977 2231 biam.
