2133 3317
160 885 218 908 Resp.
232 884 249 903 3.

136 1354 249 1373 Notandum.

129 2012 219 2037 Quaestio
232 2012 259 2030 in-

141 2037 207 2063 cidens
224 2036 260 2054 sol-

142 2062 198 2078 vitur.

263 239 320 268 418

265 317 339 354 quod
366 316 517 344 «furiosus
538 322 592 342 non
614 315 705 349 potest
727 311 848 348 incipere
869 310 1026 347 possidere,
1049 309 1115 347 quia

264 364 435 393 affectionem
460 360 613 397 possidendi
636 367 691 387 11011
713 358 810 392 habet,
833 358 896 386 licet
918 365 977 386 rem
998 364 1115 393 corpore

266 410 405 445 contingat
421 419 434 433 »
449 418 454 435 ε
476 415 542 443 ergo
564 405 698 442 quamdiu
720 408 812 433 manet
829 404 972 432 Fratribus
987 403 1115 432 voluntas

265 455 414 485 immobilis
436 454 545 481 nullum
566 452 610 480 ius
632 451 834 489 possessorium
856 450 907 479 sibi
938 449 1115 487 acquirendi,

266 503 347 531 etiam
370 501 407 534 si,
430 499 505 536 quod
526 499 612 533 absit,
635 506 733 527 eorum
762 497 891 526 manibus
913 505 963 534 pro
991 497 1117 533 ipsorum

265 547 475 577 necessitatibus
497 545 614 582 pecunia
636 544 781 578 inseratur,
802 552 857 572 non
878 547 970 572 tamen
991 551 1051 572 eam
1074 551 1116 571 re-

266 595 387 631 cipiunt,
410 593 563 622 secundum
586 592 658 628 quod
683 592 804 628 receptio
825 591 852 619 in
885 598 983 619 eorum
1015 590 1118 627 Regula

266 641 419 670 inhibetur.
442 640 496 668 Hoc
518 648 568 676 pro
592 641 666 667 tanto
687 638 823 672 dixerim,
845 637 911 674 quia
932 645 987 665 non
1015 640 1057 666 est
1078 637 1117 665 eis

266 688 432 721 inhibitum,
453 686 520 723 quin
543 686 648 723 possint
670 685 795 722 recipere
817 684 969 713 custodiam
985 684 1118 721 pecuniae

265 736 385 768 alienae,
407 734 455 763 sed
476 742 510 762 ne
532 733 704 762 consentiant
726 733 751 760 in
774 731 944 768 acquirendo
966 731 1016 760 sibi
1033 739 1117 768 pecu-

266 783 326 811 niae
348 782 391 810 ius
414 781 574 817 proprium,
598 780 640 808 vel
662 787 817 808 commune.

349 830 392 857 18.
416 828 555 864 Amplius,
576 834 729 864 ponamus,
751 826 825 863 quod
851 825 968 862 pecunia
993 825 1119 853 tradatur

267 885 317 914 per
340 884 439 904 manus
461 875 584 903 diversas
607 882 696 911 usque
718 874 751 902 ad
773 873 950 902 centesimam
972 881 1119 909 personam

267 923 355 952 datori
373 923 483 959 penitus
498 922 627 959 ignotam.
641 921 716 955 Dico,
729 920 802 958 quod
817 920 909 949 adbuc
923 923 1016 949 manet
1030 920 1057 948 in
1073 920 1121 948 bo-

267 970 310 999 nis
329 970 396 998 eius.
414 969 451 997 lio
472 969 545 997 enim
567 968 664 1002 modo,
687 976 743 1004 quo
765 967 854 996 tenuit
875 975 935 995 eam
957 967 1122 995 auctoritate

268 1025 319 1046 sua
334 1017 457 1054 primus,
480 1019 555 1044 tenet
576 1018 603 1044 et
634 1014 774 1044 secundus
802 1018 829 1042 et
857 1014 1034 1048 millesimus,
1057 1014 1123 1050 quia

268 1064 334 1092 dicit
363 1063 409 1092 lex
430 1063 457 1090 ss.
480 1062 514 1091 (10
542 1061 715 1098 Αο(]1111011(10
743 1069 838 1089 rerum
868 1060 1021 1094 dominio&
1048 1059 1122 1097 quod

274 1123 287 1137 «
302 1111 413 1139 traditio
427 1110 495 1138 1111111
512 1109 630 1146 amplius
652 1108 804 1137 transferre
825 1108 906 1136 debet
920 1107 964 1136 vel
978 1110 1068 1144 potest
1089 1107 1122 1135 ad

269 1166 332 1187 eum
355 1158 402 1195 qui
425 1157 539 1193 accipit,
562 1164 645 1193 quain
661 1159 702 1184 est
716 1155 790 1192 apud
810 1163 875 1185 eum
898 1155 945 1191 qui
968 1154 1121 1182 tradidit».

269 1205 345 1234 Unde
366 1212 475 1241 semper
504 1207 593 1240 potest
626 1206 752 1239 repetere
784 1202 943 1230 huiusmodi
976 1201 1123 1238 pecuniam

270 1253 342 1281 sicut
373 1260 451 1280 suam
481 1251 528 1288 qui
552 1251 637 1287 ipsam
670 1258 721 1286 pro
751 1250 879 1277 Fratrum
911 1248 1123 1277 necessitatibus

271 1298 487 1332 commendavit3
510 1301 601 1334 potest
622 1297 695 1325 enim
719 1299 829 1324 mutare
851 1296 1021 1324 voluntatem
1042 1302 1121 1323 suam

270 1349 297 1375 et
311 1354 362 1383 pro
379 1349 453 1374 tanto
466 1346 484 1372 2.
501 1362 540 1364 —
555 1344 637 1373 Aliter
652 1347 693 1372 est
709 1343 734 1371 in
752 1343 857 1371 ultimis
872 1342 1062 1370 voluntatibus
1076 1341 1122 1370 de-

271 1394 449 1427 functorum,
472 1392 538 1429 quia
559 1399 657 1420 eorum
681 1391 808 1419 voluntas
837 1392 878 1418 est
907 1389 1063 1417 immobilis.
1093 1389 1123 1416 Et

270 1441 347 1475 ideo,
364 1441 384 1469 si
402 1440 554 1476 contingat,
570 1441 750 1467 exsecutores
766 1440 891 1474 repetere
907 1436 1051 1473 pecuniam
1067 1443 1124 1464 ma-

272 1488 360 1517 litiose
383 1496 433 1524 pro
448 1487 576 1515 Fratrum
592 1485 802 1514 necessitatibus
818 1483 1053 1517 commendatam3
1069 1491 1123 1511 non

272 1538 314 1564 est
334 1534 521 1567 restituenda,
544 1541 606 1561 cum
630 1533 684 1561 sint
709 1531 839 1560 contrarii
869 1530 957 1567 ipsius
986 1530 1124 1558 testatoris

272 1582 387 1611 ultimae
410 1580 554 1609 voluntati.
577 1579 680 1616 Quodsi
702 1579 752 1615 ipsi
769 1578 905 1606 malitiose
920 1577 1065 1614 pecuniam
1082 1576 1125 1605 de-

271 1629 377 1657 tineant
405 1631 502 1656 contra
532 1626 649 1654 sormam
680 1624 835 1654 testamenti
867 1632 917 1652 nec
949 1631 1007 1652 eam
1040 1623 1125 1651 velint

273 1675 470 1705 commendare
492 1674 573 1702 alicui
596 1673 668 1701 fideli
691 1681 743 1709 pro
764 1672 892 1700 Fratrum
914 1670 1126 1699 necessitatibus

272 1722 501 1760 dispensandam3
525 1725 641 1758 possunt
662 1720 772 1748 Fratres
787 1718 941 1747 Ordinariis
962 1717 1126 1746 denuntiare

273 1770 405 1799 iniuriam
426 1769 547 1798 defuncti
570 1772 597 1797 et
619 1775 697 1796 suam
720 1767 778 1795 sine
800 1766 977 1803 perfectionis
996 1773 1063 1794 suae
1077 1765 1125 1793 ali-

275 1826 332 1855 quo
353 1817 535 1849 detrimento,
558 1823 608 1844 nec
630 1818 721 1843 tamen
751 1817 868 1850 possunt
894 1813 1060 1841 iudicialiter
1083 1819 1125 1840 re-

274 1868 370 1902 petere
392 1864 464 1893 sieut
485 1871 580 1897 suam,
602 1861 731 1899 quamvis
752 1861 787 1890 sit
809 1861 848 1889 eis
869 1860 961 1889 debita
976 1867 1127 1896 quaecum-

274 1920 329 1949 que
351 1911 441 1949 portio
462 1910 618 1939 testamenti
632 1910 651 1937 3.

356 1960 400 1987 19.
423 1958 526 1995 Quodsi
548 1965 683 1994 quaeras,
705 1956 786 1985 cuius
808 1955 843 1984 sit
874 1954 991 1992 pecunia
1022 1954 1127 1991 legata3

276 2007 353 2040 dico,
375 2006 450 2043 quod
472 2007 564 2033 manet
585 2005 611 2032 in
634 2004 713 2033 bonis
741 2003 880 2036 defuncti,
906 2001 993 2030 donec
1021 2001 1056 2029 sit
1077 2008 1128 2037 pro

276 2054 404 2082 Fratrum
420 2051 630 2081 necessitatibus
645 2052 831 2083 commutata,
846 2049 874 2077 in
890 2049 984 2082 bonis,
1000 2048 1127 2085 inquam,

276 2099 398 2129 defuncti
409 2100 421 2116 4
442 2098 603 2135 erogandis,
620 2106 672 2125 non
689 2096 839 2125 heredibus
854 2095 1038 2124 reservandis.
1053 2094 1129 2123 Unde

278 2147 300 2175 si
322 2147 432 2175 Fratres
452 2153 513 2173 eam
534 2144 646 2173 omnino
668 2146 818 2179 respuant,
840 2142 921 2170 debet
942 2142 1003 2170 aliis
1025 2148 1129 2178 paupe-

278 2193 357 2222 ribus
378 2191 495 2229 erogari.

493 235 691 265 OPUSCULUM
713 234 778 262 XVl.
801 231 976 262 EXPOSITIO
998 232 1101 261 SUPER
1123 231 1277 260 REGULAM
1298 231 1452 260 FRATRUM
1473 230 1636 259 MINORUM.
1658 230 1727 258 CAP.
1747 230 1788 258 IV.

1252 311 1297 338 ΞΟ,
1319 310 1428 337 Fratres
1449 309 1534 346 igitur
1556 308 1632 337 1111110
1654 308 1749 342 modo,
1779 315 1829 336 nec
1857 307 1884 336 in
1913 308 2018 344 pecori—
2034 317 2117 337 cunensi

1172 356 1225 384 bus
1236 356 1247 372 ⁵
1268 363 1319 384 nec
1334 355 1361 383 111
1376 355 1601 392 quibuscumque
1615 355 1690 389 aliis,
1706 354 1844 391 recipiunt
1859 354 2018 390 pecuniam,

1172 410 1223 431 nec
1245 405 1343 430 mutuo
1365 409 1415 430 nec
1437 402 1508 430 dono
1529 409 1579 430 nec
1600 402 1689 438 legato
1710 410 1761 429 1100
1779 410 1833 438 per
1854 409 1884 429 se
1905 409 1955 429 1100
1967 409 2020 438 per

1173 449 1377 486 inteiposttam
1388 457 1565 485 personam,
1581 449 1646 485 quia
1661 456 1711 477 nec
1726 448 1878 477 dominium
1896 456 1945 476 nec
1960 455 2022 484 pos-

1174 496 1323 525 sessionem
1355 495 1405 524 sibi
1438 495 1586 523 intendunt
1616 495 1762 532 acquirere
1793 502 1957 529 commune,
1979 495 2022 523 vel

1174 542 1321 579 proprium
1343 542 1400 570 ullo
1421 542 1511 570 modo.
1533 542 1635 570 Nomen
1658 542 1739 570 etiam
1759 541 1902 579 pecuniae
1917 548 2024 578 posses-

1174 589 1279 618 sionem
1301 592 1395 623 sonat,
1418 592 1531 625 propter
1553 588 1627 625 quod
1648 591 1675 617 et
1696 589 1749 617 lovi
1772 596 1871 616 nomen
1893 588 2024 624 pecuniae

1175 636 1335 673 impositum
1367 639 1424 670 est,
1461 648 1474 661 «
1489 636 1570 664 cuius
1605 635 1757 664 secundum
1792 635 1899 663 fabulas
1933 635 2025 663 omnia

1175 687 1241 712 sunt
1256 695 1286 717 »,
1309 686 1340 712 ut
1362 686 1435 720 patet
1457 683 1573 719 septimo
1587 683 1621 711 de
1636 682 1750 711 Civitate
1766 682 1823 716 Dei,
1839 682 1959 718 capitulo
1974 690 2025 710 un—

1176 731 1282 759 decimo
1304 733 1331 759 et
1351 730 1515 758 duodecimo
1526 730 1546 758 ⁶.
1569 730 1645 759 Unde
1666 738 1730 758 cum
1751 729 1806 758 sint
1833 729 1944 757 divitiae
1965 736 2026 757 cae·
2121 737 2123 764 1

1177 778 1259 806 105105
1280 780 1307 806 01
1329 780 1472 811 terrenae,
1494 777 1627 814 pecuniae
1650 784 1749 805 nomen
1765 775 1955 804 tantummodo
1970 779 2025 804 ter-

1177 833 1245 853 ram
1267 827 1361 858 sonat,
1384 824 1456 852 sicut
1476 824 1556 852 docet
1577 827 1689 852 sanctus
1710 823 1880 860 Augustinus
1908 823 2026 857 ibidem,

1178 875 1205 900 et
1226 872 1299 908 quod
1321 872 1432 900 nomine
1451 871 1594 908 pecuniae
1620 882 1633 895 «
1648 871 1779 899 vilissime
1800 873 1828 899 et
1848 869 2028 898 contumelio-

1178 919 1285 947 sissime
1312 918 1381 947 deus
1403 921 1630 955 nuncupatur»,
1653 926 1715 946 cum
1739 920 1830 946 tamen
1852 917 1923 945 idem
1949 917 2028 945 clives

1177 966 1295 994 dicatur.
1318 965 1449 1002 Recipere
1470 965 1555 1002 igitur
1578 965 1722 1001 pecuniam
1745 968 1785 993 est
1814 964 1938 1001 recipere
1966 971 2028 1000 pos-

1179 1013 1339 1041 sessionem.

1258 1060 1303 1088 21.
1326 1059 1396 1088 Haec
1418 1062 1459 1087 est
1481 1059 1567 1095 igitur
1588 1066 1696 1087 summa
1718 1058 1940 1095 praedictorum,
1957 1057 2028 1086 scili-
2045 1064 2123 1088 Epiloguz

1180 1109 1222 1134 cet
1243 1106 1318 1142 quod
1340 1107 1449 1134 Fratres
1469 1106 1626 1142 pecuniam
1648 1114 1705 1133 11011
1727 1105 1872 1141 reeipizmt
1886 1105 1895 1121 ⁷
1914 1113 1968 1141 per
1982 1112 2027 1138 se,

1179 1153 1223 1181 ‘oet
1242 1162 1297 1190 per
1322 1153 1525 1189 interpositam
1543 1161 1722 1190 peracutum,-
1743 1155 1817 1189 patet
1838 1155 1892 1179 tam
1915 1160 1931 1179 a
1952 1153 2030 1188 parte

1179 1200 1324 1236 pecuniam
1346 1200 1521 1228 mittentium
1543 1200 1586 1228 vel
1608 1199 1800 1233 dominorum,
1822 1206 1905 1235 quam
1922 1206 1937 1226 a
1952 1200 2030 1234 parte

1180 1247 1268 1283 ipsam
1290 1246 1493 1283 recipientium
1515 1246 1558 1274 vel
1589 1246 1770 1279 nuntiorum,
1799 1253 1883 1282 quam
1912 1245 1993 1274 etiam
2015 1252 2031 1273 a

1180 1296 1258 1330 parte
1280 1294 1425 1321 Fratrum
1446 1293 1598 1330 ipsorttitu
1620 1293 1751 1329 quoniam
1767 1293 1907 1320 mittentes
1922 1300 1975 1320 non
1991 1291 2031 1320 in-

1181 1340 1299 1368 tendunt
1320 1340 1430 1368 Fratres
1451 1340 1542 1368 facere
1563 1339 1818 1376 praevaricatores,
1839 1346 1909 1376 quos
1935 1339 2033 1367 volunt

1180 1387 1284 1415 habere
1305 1395 1356 1423 pro
1378 1395 1406 1415 se
1433 1387 1644 1420 intercessores3
1667 1390 1826 1423 receptores
1847 1386 1928 1414 etiam
1949 1393 2032 1422 pecu-

1180 1434 1241 1462 niae
1263 1433 1423 1462 custodiunt
1444 1441 1503 1462 eam
1533 1441 1587 1461 non
1619 1433 1784 1461 auctoritate
1812 1433 1955 1466 Fratrum,
1984 1431 2031 1460 sed

1182 1481 1365 1514 mittentium,
1387 1488 1458 1514 non,
1481 1480 1610 1516 inquam,
1632 1479 1798 1508 auctoritate
1812 1479 1953 1512 Fratrum,
1969 1478 2032 1507 licet

1181 1527 1338 1556 custodiant
1358 1535 1418 1556 eam
1440 1528 1582 1556 voluntate
1603 1535 1716 1561 eorum;
1741 1525 1853 1563 fratres
1874 1526 1956 1554 etiam
1978 1533 2031 1554 non

1181 1575 1328 1603 intendunt
1350 1574 1377 1602 in
1400 1575 1517 1611 pecunia
1537 1574 1576 1602 sic
1598 1574 1680 1602 missa
1702 1574 1745 1602 vel
1760 1573 1896 1602 custodita
1910 1573 1954 1602 ius
1972 1580 2034 1609 pos-

1181 1622 1310 1650 sessionis
1332 1622 1375 1650 vel
1396 1621 1508 1649 dominii
1531 1621 1581 1650 sibi
1603 1621 1760 1658 aliqualiter
1782 1620 1922 1649 vindicare
1933 1620 1954 1648 Β.

1263 1670 1308 1696 22.
1332 1668 1383 1697 Sed
1406 1676 1456 1705 pro
1478 1668 1599 1696 secunda
1620 1671 1698 1705 parte
1720 1668 1805 1696 huius
1826 1667 1954 1696 rubricae
1968 1666 2034 1695 sub·
2052 1673 2123 1700 nesae·

1182 1716 1236 1744 dit:
1266 1716 1374 1744 'semen
1394 1724 1449 1752 pro
1471 1715 1689 1744 necessitatibus
1704 1714 1910 1751 infirmorum,
1926 1722 1961 1743 110
1977 1721 2034 1742 ma—
2051 1701 2123 1753 ῗὲῖῗυηξ

1183 1766 1266 1791 11011111
1285 1762 1415 1797 desolati,
1438 1765 1463 1790 et
1477 1762 1546 1791 aliis
1562 1762 1722 1790 Fratribus
1740 1761 1913 1794 induendi-9,
1930 1760 1957 1789 in
1972 1760 2034 1797 qui-
2049 1749 2124 1762 mm(

1184 1811 1236 1839 bus
1257 1810 1327 1838 aliae
1348 1810 1525 1838 necessitates
1545 1809 1664 1837 maiores
1679 1809 1888 1845 intelliguntur;
1905 1807 2036 1836 Ministri

1184 1860 1316 1891 tantum,
1339 1864 1460 1893 quorum
1482 1859 1524 1885 est
1555 1856 1715 1884 ministrare
1746 1858 1774 1884 et
1800 1863 1855 1883 non
1884 1853 2034 1883 ministrari

1184 1904 1314 1941 exemplo
1344 1904 1468 1938 Domini,
1490 1903 1618 1932 Matthaei
1642 1902 1812 1940 vigesimo⁹;
1845 1905 1870 1930 et
1900 1901 2036 1930 Custodes

1185 1951 1340 1980 sollicitam
1362 1959 1468 1979 etti-um
1482 1953 1597 1988 gerant,
1613 1958 1734 1987 quorum
1756 1952 1797 1978 est
1819 1957 1915 1978 curam
1938 1955 2035 1986 gerere

1186 1999 1371 2027 infirmorum.
1395 1999 1460 2027 Nam
1483 1998 1672 2026 Samaritanus
1694 2000 1790 2025 eustos
1818 1997 2035 2033 interpretatur,

1186 2046 1234 2083 qui
1256 2054 1352 2075 curam
1376 2045 1475 2074 habuit
1499 2044 1622 2073 semivivi
1646 2044 1732 2073 relicti
1746 2045 1778 2072 ¹⁰.
1801 2043 1915 2072 Nomina
1942 2046 2034 2071 autem
2063 2052 2124 2071 neno

1185 2093 1339 2121 custodum
1360 2095 1387 2120 et
1408 2092 1631 2124 ministrorum,
1647 2091 1697 2119 etsi
1717 2090 1834 2119 diversis
1854 2089 2035 2126 approprian—
2057 2075 2125 2117 ἓὲῗιιξ

1187 2144 1249 2173 tur,
1272 2143 1362 2168 tamen
1391 2139 1465 2167 circa
1492 2138 1601 2167 easdem
1633 2145 1765 2174 personas
1797 2137 1893 2167 dicunt
1922 2135 2034 2164 modum
2057 2124 2124 2141 ΜΞΝ

1186 2186 1268 2215 officii
1291 2186 1317 2214 in
1340 2186 1392 2214 hoc
1407 2185 1510 2214 Ordine
1531 2185 1728 2222 praelatorum.
1751 2183 1950 2212 ministerium
1970 2182 2037 2212 dicit

342 2334 349 2347 ¹
368 2334 429 2356 Libr.
448 2334 502 2356 XLI.
521 2333 607 2361 Digest.
626 2333 657 2354 tit.
680 2332 808 2359 t.1eg.²20:
825 2331 953 2354 Traditlo...
968 2331 1021 2359 quia
1034 2330 1129 2358 accipit,

279 2381 349 2403 quain
368 2376 402 2396 est
419 2373 482 2401 apud
499 2379 552 2394 011111
571 2375 613 2394 010.
632 2371 675 2394 Csr.
694 2377 763 2399 supra
783 2377 834 2398 pag.
854 2370 912 2397 314,
931 2373 982 2392 nota
1001 2371 1027 2396 8,
1046 2369 1085 2392 ulii
1104 2370 1130 2391 si-

280 2414 333 2436 mile
350 2414 469 2441 allegatur.
480 2424 511 2428 —
523 2412 634 2440 Superius
652 2412 669 2433 A
687 2414 709 2433 et
726 2411 762 2433 ed.
777 2411 784 2432 l
802 2411 910 2432 omittunt
923 2416 1061 2439 personam.

343 2452 351 2465 2
369 2453 474 2475 Fortasse
492 2451 616 2479 legendum
633 2456 680 2479 pro
699 2451 746 2472 loto
764 2451 785 2472 et
798 2455 845 2479 pro
863 2450 937 2472 lauto.

343 2491 352 2504 ³
369 2491 413 2513 Ct'r.
431 2490 541 2513 Alexand.
559 2490 595 2512 lv.
614 2490 686 2511 Breve
703 2488 787 2511 Felicis
810 2487 982 2510 recordationis
1001 2487 1131 2516 (som-alen,

280 2531 363 2554 Bullar.
380 2530 523 2553 Franciscan.
542 2532 596 2551 tom.
615 2529 638 2551 11.
656 2535 677 2550 11.
695 2528 746 2550 371.
766 2533 818 2555 pag.
832 2527 877 2550 ‘250
894 2527 952 2556 seq.)
971 2529 993 2549 et
1010 2526 1080 2548 Nicol.
1097 2526 1130 2548 111.

281 2571 391 2593 Declarat.
411 2569 488 2597 Exiit,
506 2575 526 2591 a.
545 2569 566 2591 5.
583 2575 605 2591 11.
625 2569 644 2590 fl.
663 2574 712 2596 seq.

343 2609 353 2621 4
370 2609 426 2632 Fide
442 2609 460 2631 Α
471 2609 538 2631 BFG
557 2611 579 2630 et
595 2607 632 2630 ed.
651 2608 659 2629 11
681 2607 842 2635 supplevimus
859 2605 956 2629 donec...
972 2604 1084 2635 defuncti.

344 2647 353 2660 ⁵
370 2648 425 2671 Cod.
444 2649 461 2670 A
479 2650 501 2670 et
518 2648 554 2670 ed.
574 2648 581 2669 t
603 2647 692 2669 addunt
708 2652 750 2669 nec
768 2645 793 2668 in
809 2644 987 2672 numeralibus,
1003 2645 1027 2667 id
1044 2647 1078 2667 051
1095 2650 1132 2672 pe-

282 2688 349 2711 cunia
366 2690 498 2714 numerata;
516 2688 558 2709 ct'r.
575 2687 632 2708 intra
651 2692 670 2708 0.
689 2686 710 2708 5.
728 2692 750 2707 11.
769 2685 792 2707 3.

345 2726 354 2739 ⁶
373 2727 449 2750 Verba
467 2726 587 2754 Augustini
605 2732 632 2748 ex
650 2732 669 2747 c.
689 2726 725 2747 112.
742 2725 797 2747 vide
814 2730 885 2752 supra
902 2730 957 2751 pag.
970 2723 1028 2750 412,
1041 2725 1092 2745 nota
1106 2723 1132 2751 3,

283 2766 340 2789 dum
357 2766 379 2788 in
398 2772 416 2787 c.
439 2766 473 2787 11.
491 2765 592 2794 quaerit,
611 2770 652 2787 cur
675 2764 759 2792 tupiter
777 2762 881 2786 Pecunia
902 2765 924 2785 et
946 2769 991 2785 non
1014 2761 1133 2785 Pectmz'us

284 2805 410 2833 appellatus
427 2805 468 2832 sit,
485 2811 538 2827 cum
556 2806 632 2826 tamen
651 2804 699 2831 ipse
717 2803 746 2825 sit
762 2803 854 2830 generis
872 2802 999 2824 masculini.
1017 2813 1048 2818 —-
1061 2801 1134 2829 Supe-

284 2845 332 2866 rius
349 2850 391 2872 pro
411 2844 502 2867 Nomen
519 2843 590 2866 etiam
607 2843 626 2865 D
644 2843 749 2870 Nomen,
768 2842 820 2864 Vat.
837 2841 929 2864 Nomen
945 2840 1015 2864 enim.
1039 2840 1133 2863 interius

284 2883 380 2905 vocibus
397 2882 458 2905 idem
475 2882 538 2905 ‹tiz-es
558 2883 575 2904 D
593 2882 705 2904 interserit
719 2881 893 2911 propriissime.

348 2921 356 2934 ⁷
374 2921 447 2944 Codd.
464 2922 537 2944 ADG
554 2923 701 2951 receperunt.

348 2959 357 2973 ²³
375 2960 418 2983 Csr.
436 2967 505 2988 supra
523 2960 608 2988 Opusc.
626 2961 674 2982 ΧΗ.
690 2960 760 2988 Epist.
778 2960 807 2982 de
824 2959 898 2982 tribus
914 2962 1002 2988 quaest.
1021 2962 1064 2981 etc.
1077 2958 1134 2980 11.3.

286 3006 362 3028 seqq.;
381 3000 467 3027 Opusc.
484 3000 539 3022 xm.
556 2999 759 3021 Determinationes
776 3001 867 3027 quaest.
882 3001 926 3021 ete.
944 3005 966 3026 p.
984 2999 999 3020 1.
1017 3004 1040 3026 q.
1058 2997 1095 3019 25.
1112 3000 1135 3019 et

286 3046 310 3067 p.
328 3039 350 3061 11,
369 3045 391 3067 (1.
413 3039 446 3061 13.
464 3038 523 3061 Vide
540 3039 608 3060 etiam
627 3038 796 3066 Expositionem
814 3040 913 3066 quatuor
930 3037 1093 3065 magistrorum
1110 3036 1134 3058 in

1187 2337 1206 2352 c.
1225 2330 1250 2357 4,
1269 2329 1308 2351 ubi
1327 2329 1422 2351 dicitur:
1443 2337 1454 2348 «
1468 2328 1594 2350 Dicendum
1613 2333 1682 2355 ergo,
1705 2326 1768 2355 quod
1791 2326 1893 2353 receptio
1916 2324 2037 2347 cuiuslibet

1186 2370 1218 2392 rei
1237 2369 1373 2397 prohibetur
1390 2368 1460 2390 Fratri
1479 2368 1558 2389 Minori
1577 2367 1601 2389 1η
1615 2365 1800 2396 proprietatem,
1819 2366 1875 2387 infra
1894 2371 1913 2387 c.
1931 2365 1957 2393 6;
1975 2370 2038 2387 rece-

1187 2409 1235 2437 ptio
1253 2415 1308 2430 vero
1326 2414 1403 2430 rerum
1423 2408 1553 2436 aliquarum
1572 2406 1707 2429 conceditur
1724 2404 1756 2428 (((Ζ
1772 2411 1858 2433 usuum
1881 2403 1982 2432 receptio
2000 2410 2038 2426 au-

1187 2454 1232 2471 tem
1252 2448 1400 2470 donni-iorum
1417 2450 1439 2469 et
1456 2446 1608 2474 pecuniarum
1626 2446 1649 2468 et
1665 2446 1782 2474 quantum
1794 2443 2005 2473 adproprietatem
2017 2444 2038 2465 et

1188 2488 1306 2517 quantum
1323 2486 1354 2509 (ul
1371 2492 1443 2509 usum
1460 2484 1597 2513 prohibetur
1613 2484 1709 2506 omuino
1726 2484 1748 2505 et
1765 2489 1806 2510 per
1823 2489 1848 2504 se
1865 2485 1887 2504 et
1909 2488 1951 2510 per
1970 2483 2038 2503 inter-

1187 2527 1286 2555 positam
1305 2531 1428 2554 personam
1438 2534 1460 2547 n.
1473 2524 1573 2551 Deinde,
1586 2524 1658 2546 soluta
1671 2523 1813 2552 quaestione,
1826 2521 1883 2551 qaid
1893 2521 1924 2544 sit
1935 2521 2038 2550 recipere

1185 2572 1229 2596 per
1246 2571 1282 2593 se,
1301 2564 1336 2588 vel
1350 2570 1395 2594 per
1412 2563 1575 2593 interpositam
1588 2568 1730 2592 personam,
1743 2563 1906 2589 proponuntur
1918 2560 2038 2583 dubitatio-

1189 2612 1228 2627 nes
1249 2613 1259 2625 «1
1272 2605 1301 2627 (10
1318 2604 1428 2632 pecunia,
1446 2609 1506 2632 quae
1523 2602 1552 2625 ab
1570 2602 1647 2630 aliquo
1659 2602 1775 2624 confertur
1787 2600 1816 2623 ad
1828 2600 1974 2622 necessitates
1986 2600 2039 2622 Fra-

1188 2648 1262 2672 trum,
1280 2647 1302 2666 et
1319 2644 1348 2666 (10
1365 2643 1463 2671 pecunia
1481 2642 1548 2665 alicui
1566 2641 1703 2669 commissa,
1721 2643 1743 2663 et
1759 2640 1789 2662 de
1806 2640 1904 2668 pecunia
1921 2645 1933 2661 a
1945 2639 1996 2661 loco
2008 2639 2036 2661 ad

1188 2685 1264 2706 locum
1283 2683 1428 2709 transniissa;
1446 2684 1468 2704 et
1485 2681 1507 2703 in
1525 2681 1560 2703 his
1577 2679 1687 2702 omnibus
1704 2678 1840 2706 generaliter
1851 2677 1978 2700 tenendum
1991 2679 2037 2703 est,

1188 2722 1253 2751 quod
1269 2721 1404 2743 auctoritate
1421 2720 1525 2742 Fratrum
1543 2724 1589 2741 non
1607 2720 1682 2746 potest
1698 2717 1796 2745 pecunia
1814 2715 1926 2738 committi
1944 2720 1986 2737 1100
2005 2720 2039 2737 re-

1190 2761 1234 2789 cipi
1253 2767 1294 2783 1100
1311 2760 1435 2782 commissa
1451 2759 1510 2781 sicut
1527 2757 1620 2786 propria
1637 2757 1711 2784 repeti
1727 2756 1764 2778 vel
1782 2755 1904 2783 expendi»
1925 2757 1967 2777 etc.

1252 2799 1262 2812 ⁹
1281 2801 1343 2822 vers.
1363 2800 1405 2821 28:
1423 2799 1487 2820 Sicut
1503 2798 1572 2820 Filius
1589 2796 1688 2819 hominis
1704 2802 1751 2818 non
1768 2795 1832 2817 venit
1848 2793 1985 2820 ministrari,
1997 2793 2037 2815 sed

1190 2839 1320 2862 ministrare
1337 2841 1381 2860 etc.

1253 2878 1273 2891 ¹⁰
1290 2879 1343 2900 Luc.
1364 2878 1405 2904 «¹0,
1423 2877 1461 2899 33.
1478 2882 1543 2905 seqq.
1556 2888 1587 2892 —
1598 2875 1645 2898 Csr.
1661 2875 1766 2901 Hieron.,
1783 2873 1866 2896 Homil.
1884 2872 1920 2895 34.
1933 2871 2038 2900 Origenis

1191 2918 1212 2940 in
1230 2918 1327 2940 Lucam:
1347 2915 1459 2939 Servabat
1475 2916 1563 2944 quippe
1580 2914 1719 2937 seminecem
1736 2912 1881 2941 providentia
1898 2911 1918 2934 ei
1936 2911 1976 2940 (1111
1997 2912 2039 2933 tor-

1191 2957 1233 2979 tior
1250 2959 1299 2978 erat
1315 2957 1376 2983 Lege
1393 2958 1415 2978 et
1432 2954 1563 2982 Prophetis,
1581 2953 1724 2976 Samaritano
1742 2952 1840 2979 scilicet,
1863 2951 1903 2980 qui
1926 2951 2039 2978 interpre-

1191 2999 1250 3018 tatur
1268 2996 1354 3019 cuslos.
1373 2995 1431 3017 Vide
1447 2994 1516 3016 etiam
1529 2994 1637 3021 Gregor.,
1650 2993 1666 3015 1.
1678 2992 1762 3014 Homil.
1774 2992 1797 3013 in
1810 2992 1897 3018 Evang.
1910 2990 1987 3012 homil.
2001 2989 2037 3011 18,

1191 3042 1214 3057 11.
1232 3036 1254 3057 2.
1271 3047 1301 3051 -
1314 3034 1407 3056 Interius
1419 3039 1460 3061 pro
1472 3032 1569 3055 ‘modum
1582 3031 1652 3062 officii
1662 3033 1681 3054 A
1694 3031 1721 3059 (G
1734 3030 1850 3059 primitus)
1862 3035 1948 3052 nomen
1960 3027 2036 3058 officii.
