2133 3317
253 207 307 235 156

446 284 537 311 Honor
558 285 585 311 et
607 280 760 309 benedictio

408 331 447 359 Sit
467 329 604 358 crucifixo
625 328 706 361 Filio,

407 376 459 413 Qui
481 384 532 405 suo
553 383 603 403 nos
624 374 760 411 supplicio

407 423 530 452 Redemit
550 422 585 450 ab
606 421 713 450 exsilio.

447 470 533 503 Laus,
556 469 644 497 honor
665 467 775 497 Christo
797 467 907 496 vendito

407 517 439 545 Et
460 516 519 545 sine
540 523 624 545 causa
646 514 770 552 prodito,

407 565 521 592 Mortem
544 571 625 600 passo
645 571 697 599 pro
718 562 822 599 populo

407 611 436 639 ln
457 618 556 647 aspero
578 609 710 646 patibulo.
733 609 825 637 Amen.

290 657 409 696 Antiph.
433 658 597 686 Posuerunt.

290 705 431 734 Psalmas
456 706 519 733 115.
542 703 665 737 Credidi,
688 706 801 740 propter
823 703 898 740 quod
919 705 970 732 etc.

263 780 266 781 γ
291 751 409 790 Antiplt.
433 752 588 780 Posuerunt
610 758 695 787 super
714 753 798 787 caput
812 750 873 779 eius
887 758 1000 779 causam
1015 749 1103 786 ipsius

251 800 398 837 scriptam:
422 799 497 827 lesus
518 798 691 831 Nazarenus,
714 797 772 825 Rex
796 797 992 825 ludaeorum1.

590 859 769 897 Capitulum.

301 933 427 954 nAnEBAT
448 927 541 953 autem
564 923 694 952 iudicanti
718 930 746 951 se
768 922 886 956 iniuste,
914 921 962 958 qui
992 924 1104 958 peccata

252 936 299 1008 T
314 975 410 1002 nostra
430 972 489 1008 ipse
510 970 626 1008 pertulit
641 970 667 998 in
684 977 801 1007 corpore
816 977 867 998 suo
882 977 967 1006 super
983 969 1103 1006 lignum,

251 1023 284 1049 ut
304 1019 424 1057 peccatis
445 1018 547 1047 mortui
577 1017 697 1046 iustitiae
729 1017 872 1051 vivamus,
905 1016 986 1045 cuius
1017 1015 1105 1044 livore

252 1067 339 1097 sanati
362 1074 469 1096 sumus.
491 1070 521 1100 R·
546 1065 600 1093 Deo
622 1064 733 1101 gratias.

291 1116 319 1145 11.
341 1114 458 1142 Oblatus
478 1117 534 1146 est,
557 1112 623 1149 quia
644 1111 703 1148 ipse
725 1111 821 1139 voluit.
836 1115 866 1145 10.
884 1111 915 1139 Et
930 1112 1042 1147 peccata
1056 1117 1104 1138 no-

254 1164 312 1191 stra
332 1161 390 1198 ipse
412 1159 564 1197 portavit2.

293 1208 377 1245 Kyrie
398 1207 508 1236 eleison.
532 1206 641 1234 Christe
662 1205 774 1234 eleison.
798 1204 880 1241 Kyrie
902 1204 1013 1233 eleison.

625 1268 737 1296 Oratio.

309 1342 395 1363 omma
417 1333 476 1362 Iesu
499 1331 623 1366 Christe,
650 1331 697 1368 qui
727 1331 797 1359 hora
824 1330 877 1358 diei
907 1332 987 1358 sexta
1015 1329 1107 1358 crucis

255 1345 306 1416 D
323 1380 478 1418 patibulum
505 1378 667 1412 ascendisti,
696 1378 722 1406 in
752 1385 808 1414 qua
836 1377 954 1406 salutem
983 1378 1105 1405 nostram

254 1428 349 1457 sitiens
370 1427 433 1456 felle
454 1429 482 1455 et
501 1428 578 1455 aceto
600 1428 626 1454 te
648 1428 744 1462 potare
765 1423 930 1461 permisisti:
954 1427 980 1452 te
1001 1422 1107 1460 suppli—

255 1475 324 1504 citer
345 1474 545 1511 deprecamur3
568 1475 600 1501 ut
620 1479 736 1500 accenso
767 1474 794 1500 et
822 1470 994 1499 inflammato
1025 1468 1108 1498 corde

255 1525 350 1551 nostro
371 1521 448 1550 sitire
470 1528 520 1548 1105
540 1519 624 1548 facias
649 1521 713 1547 tuae
741 1518 853 1547 calicem
883 1517 1025 1554 passionis.
1055 1515 1106 1552 Qui

255 1569 325 1597 vivis
346 1571 373 1597 et
394 1576 493 1605 regnas
515 1567 610 1595 Deus³
632 1568 683 1594 etc.

598 1637 634 1656 An
657 1636 764 1657 Nomii.

295 1694 385 1728 Deus,
408 1693 435 1721 in
457 1691 627 1721 adiutorium
650 1698 743 1719 meum
766 1689 877 1718 intende
897 1692 948 1718 etc.

606 1754 751 1792 Hymnus.

466 1826 538 1846 EATA
560 1817 661 1846 Christi
685 1816 775 1854 passio

479 1865 518 1893 Sit
539 1867 635 1893 nostra
655 1863 798 1898 liberatio,

415 1914 448 1942 Ut
469 1921 519 1950 per
540 1913 611 1941 hanc
632 1911 711 1940 nobis
731 1910 832 1948 gaudia

416 1960 513 1988 Parata
534 1959 588 1988 sint
609 1958 745 1987 caelestia.

717 201 915 231 OPUSCULUM
936 201 977 229 lx.
1000 200 1153 229 OFFICIUM
1175 200 1217 228 DE
1242 200 1394 229 PASSIONE
1417 200 1542 229 DOMINI.

1354 278 1447 306 Gloria
1467 278 1599 307 Christo4
1620 277 1752 311 Domino,

1316 324 1368 360 Qui
1390 325 1512 361 pendens
1532 324 1560 353 in
1583 324 1722 361 patibulo,

1316 370 1443 399 Clamans
1464 371 1556 399 emisit
1576 371 1722 407 spiritum,

1316 417 1506 455 Mundumque
1527 418 1637 447 salvans
1658 418 1805 455 perditum.

1356 465 1442 499 Laus,
1465 465 1554 493 honor
1576 465 1685 494 Christo
1706 465 1816 494 vendito

1318 512 1349 540 Et
1370 512 1429 541 sine
1450 519 1534 541 causa
1556 512 1680 549 prodito,

1316 560 1430 588 Mortem
1453 567 1534 596 passo
1554 567 1606 596 pro
1627 559 1730 596 populo

1316 606 1345 634 ln
1366 614 1465 643 aspero
1486 605 1618 643 patibulo.
1641 606 1733 635 Amen.

1199 653 1318 690 Aatipli.
1341 653 1372 681 Et
1393 661 1457 681 cum
1479 653 1637 690 accepisset.

1199 701 1339 730 Psa-imas
1364 701 1427 729 llil.
1451 701 1522 729 Voce
1550 708 1611 729 mea
1638 700 1672 728 ad
1700 700 1849 729 Dominum
1878 701 2010 736 clamavi,

1160 756 1226 777 voce
1246 756 1307 777 mea
1328 748 1362 776 ad
1383 747 1533 776 Dominum
1554 750 1605 776 etc.

1199 794 1318 832 Aiaz'plz.
1341 795 1408 823 Cum
1431 794 1582 831 accepisset
1600 794 1676 823 Iesus
1696 798 1818 829 acetum,
1840 795 1926 823 dixit:
1942 795 2011 824 Con-

1160 845 1331 871 summatum
1353 844 1403 871 est.
1426 842 1457 870 Et
1478 841 1609 870 inclinato
1624 841 1728 878 capite,
1743 842 1835 870 emisit
1849 842 1978 879 spiritum
1990 842 2010 870 ⁵.

1499 911 1677 949 Capitulum.

1216 992 1319 1012 000οΑ1
1340 992 1421 1017 etun,
1444 991 1493 1020 per
1515 990 1599 1020 quem
1621 983 1715 1011 omnia
1735 985 1762 1011 et
1790 987 1904 1020 propter
1928 991 2012 1021 quem

1161 994 1212 1065 D
1228 1031 1321 1059 omnia
1341 1030 1412 1059 facta
1433 1033 1514 1064 sunt,
1536 1030 1583 1067 qui
1612 1030 1716 1059 multos
1744 1030 1815 1059 filios
1840 1030 1867 1058 in
1896 1030 2013 1067 gloriam

1161 1078 1334 1112 adduxerat,
1355 1081 1498 1106 auctorem
1528 1077 1625 1106 salutis
1653 1085 1750 1105 eorum
1780 1085 1830 1114 per
1858 1077 2013 1114 passionem

1161 1125 1348 1154 consummari
1362 1125 1381 1152 ⁶.
1405 1129 1435 1159 m.
1460 1125 1514 1153 Deo
1535 1124 1645 1161 gratias.

1202 1174 1228 1202 5⁷.
1251 1172 1375 1200 Tradidit
1395 1172 1422 1200 in
1445 1174 1564 1200 mortem
1585 1171 1706 1200 animam
1728 1179 1815 1200 suam.
1838 1176 1868 1206 re.
1891 1172 1923 1200 Et
1948 1180 2013 1200 cum

1162 1219 1230 1248 viris
1250 1219 1391 1247 sceleratis
1412 1218 1562 1255 deputatus
1583 1220 1632 1247 est.

1202 1266 1284 1303 Kyrie
1305 1266 1416 1294 eleison.
1439 1265 1548 1294 Christe
1568 1265 1679 1294 eleison.
1702 1266 1785 1302 Kyrie
1805 1266 1916 1294 eleison.

1534 1335 1645 1364 Oratio.

1218 1407 1304 1427 0111Νο
1326 1399 1386 1427 lesu
1407 1398 1531 1432 Christe,
1553 1398 1600 1435 qui
1625 1399 1694 1426 hora
1714 1398 1766 1427 diei
1783 1407 1867 1433 nona,
1883 1399 2014 1436 expansis

1164 1409 1215 1480 D
1232 1446 1258 1474 in
1280 1453 1364 1474 cruce
1385 1445 1514 1474 manibus
1534 1448 1562 1474 et
1583 1445 1713 1474 inclinato
1734 1445 1838 1482 capite,
1860 1446 1916 1474 Deo
1942 1445 2014 1474 Patri

1163 1492 1292 1530 spiritum
1316 1492 1450 1521 tradidisti
1472 1495 1499 1521 et
1521 1493 1597 1521 clave
1622 1492 1720 1521 mortis
1748 1495 1812 1521 tuae
1839 1492 2015 1530 dignantissi-

1164 1548 1208 1569 me
1231 1540 1389 1577 paradisum
1412 1540 1559 1569 reserasti:
1574 1539 1692 1568 concede
1711 1540 1790 1569 nobis
1811 1540 1929 1577 indignis
1950 1548 2015 1577 sup-

1164 1587 1283 1624 plicibus
1305 1587 1429 1624 tuis3rut
1450 1587 1477 1615 in
1500 1587 1569 1615 hora
1589 1587 1687 1615 mortis
1708 1590 1819 1615 nostrae
1840 1587 1946 1616 animas
1967 1595 2015 1616 no-

1165 1637 1236 1663 stras
1257 1634 1290 1662 ad
1313 1637 1355 1668 te,
1377 1634 1424 1671 qui
1448 1642 1532 1663 verus
1553 1633 1698 1671 paradisus
1723 1642 1768 1668 es,
1797 1634 1880 1663 facias
1907 1634 2015 1663 miseri-

1165 1680 1285 1709 corditer
1308 1681 1462 1717 pervenire.
1484 1681 1536 1717 Qui
1558 1681 1629 1709 vivis
1648 1683 1676 1709 et
1697 1689 1796 1718 regnas
1818 1684 1868 1710 etc.

1470 1751 1513 1779 AD
1536 1751 1708 1780 VESPERAS.

1206 1814 1295 1848 Deus,
1318 1814 1345 1842 in
1367 1813 1536 1842 adiutorium
1557 1821 1651 1842 meum
1673 1813 1784 1842 intende
1805 1816 1855 1842 etc.

1206 1860 1324 1898 Aiitipli.
1348 1861 1453 1897 Dignus
1474 1869 1511 1890 es.

1206 1908 1346 1936 Psalmas
1361 1909 1407 1937 029.
1425 1908 1558 1936 Exaltabo
1572 1910 1614 1942 te,
1631 1907 1757 1942 Domine,
1777 1907 1907 1945 quoniam
1923 1915 2016 1936 susce-

1165 1955 1228 1992 pisti
1250 1955 1316 1983 me⁷
1338 1958 1389 1983 etc.

323 2110 330 2122 ¹
349 2109 394 2133 Csr.
407 2109 469 2131 loun.
486 2109 523 2135 19,
537 2109 573 2130 ie.
585 2111 607 2130 et
618 2108 721 2129 Breviar.
733 2108 800 2129 Rom.
813 2107 868 2128 seria
881 2107 917 2128 Vl.
930 2106 951 2128 in
970 2107 1110 2132 Parasceve,

260 2150 347 2177 antiph.
366 2149 394 2171 ad
412 2148 557 2171 Benedictus.
574 2160 605 2163 —
622 2147 695 2169 Codd.
713 2147 729 2168 B
741 2147 783 2168 DG
802 2146 889 2168 habeut
910 2146 945 2168 Ps.
972 2146 1009 2167 21:
1034 2146 1110 2172 Deus,

260 2190 323 2212 Dens
345 2194 425 2215 meus,
450 2186 539 2216 respice
556 2186 581 2209 ia
598 2192 653 2214 me;
671 2186 710 2208 sed
729 2186 747 2208 G
766 2185 834 2207 habet
851 2185 999 2207 solummodo
1024 2190 1112 2212 paucos

260 2228 388 2251 versiculos
405 2226 536 2254 incipiendo
554 2232 565 2247 a
584 2232 606 2247 v.
626 2225 662 2247 47.
680 2224 768 2247 Deinde
787 2224 830 2246 BD
848 2230 890 2252 pro
913 2224 1001 2251 antiph.
1027 2223 1112 2245 habent

264 2267 350 2291 Omnes
370 2265 473 2289 vridentes
490 2271 527 2288 me
545 2264 620 2288 locati
634 2265 691 2287 smil
708 2263 776 2286 labiis
794 2265 815 2286 et
837 2264 964 2286 vitaverant
988 2264 1072 2292 caput,
1090 2266 1112 2284 et

262 2313 304 2335 pro
322 2306 422 2334 capitulo
439 2311 492 2327 cum
506 2306 523 2326 A
537 2303 677 2327 Hzmziliurit
687 2302 839 2332 semetipsam
851 2302 929 2331 sactus
942 2301 1048 2325 obediens
1061 2306 1112 2329 ete,

261 2347 279 2368 G
291 2352 348 2367 vero
360 2351 403 2373 pro
421 2344 507 2371 antiph.
527 2343 546 2366 O
563 2349 603 2366 vos
621 2349 702 2365 ovines
720 2345 742 2364 et
758 2348 801 2370 pro
813 2342 912 2370 capitulo
926 2341 1075 2371 Aspiciamas
1087 2341 1111 2364 in

261 2387 391 2409 auctorem.
409 2384 540 2411 Capitulum
558 2386 649 2405 nostrae
666 2382 769 2404 lectionis
781 2384 852 2404 estex
865 2382 880 2403 1.
898 2382 956 2403 Petr.
974 2382 1001 2408 2,
1018 2381 1056 2403 23.
1074 2381 1110 2402 ⁵34.

325 2422 333 2435 2
352 2424 405 2445 Post
421 2422 514 2450 capitul.
531 2421 652 2444 exhibetur
664 2421 685 2442 in
699 2421 715 2442 B
727 2427 776 2449 seq.
793 2422 816 2444 a.
829 2420 877 2442 br.:
889 2422 912 2444 17.
926 2419 1025 2443 Oblatas
1042 2420 1088 2447 est,
1102 2419 1112 2429 *

264 2463 326 2491 Qai'a
344 2462 391 2491 [pse
408 2461 490 2484 voluit.
507 2463 531 2485 if.
549 2461 579 2483 Et
598 2466 646 2483 77077
670 2459 765 2489 aperuit
782 2466 808 2482 os
827 2465 907 2482 suum.
932 2458 1001 2486 Quia.
1028 2458 1112 2482 Gloria

262 2500 338 2524 Patri.
352 2500 450 2523 Oblatas
462 2501 503 2523 est.
517 2501 540 2523 i'.
554 2498 661 2522 Tradidit
679 2499 703 2521 7“77
719 2500 821 2521 mortem
833 2498 940 2521 animam
957 2504 1035 2521 suam.
1048 2500 1071 2522 a.
1083 2498 1114 2520 Et

263 2546 317 2563 077777
339 2539 460 2563 sceleratis
478 2538 604 2568 deputatas
621 2540 661 2561 est.
680 2539 702 2560 ln
720 2538 769 2560 aliis
786 2538 854 2560 codd.
876 2541 910 2560 est
935 2539 981 2560 sere
1001 2537 1062 2560 idem
1080 2543 1113 2559 re-

264 2586 355 2607 spons,
374 2582 470 2606 excepto
488 2580 514 2600 G.

325 2617 334 2630 ³
353 2619 415 2640 [Iane
428 2619 526 2640 sormam
538 2617 647 2639 orationis
659 2617 786 2639 sumsimus
798 2623 824 2639 ox
843 2617 858 2638 Β
869 2616 894 2638 D.
912 2617 962 2638 Vat.
976 2619 1028 2644 post
1040 2615 1113 2638 rerba

264 2657 310 2681 diei
325 2659 395 2681 sescla
412 2657 530 2679 continuat
540 2665 545 2678 :
559 2662 606 2685 pru
618 2655 695 2679 salute
706 2657 791 2679 nostra
803 2661 890 2678 77707703
909 2655 933 2678 in
944 2661 1014 2678 cruce
1025 2661 1113 2684 00117077-

264 2696 319 2720 disti
335 2698 356 2719 et
373 2696 476 2726 quinque
497 2696 598 2719 vulnera
612 2695 745 2725 pertulisti,
767 2695 799 2718 ud
823 2697 844 2718 le
868 2694 984 2725 fagientes
1010 2694 1113 2718 brachiis

265 2734 443 2759 misericordiae
460 2735 586 2758 clementer
603 2734 695 2764 suscipe
707 2736 730 2757 et
741 2734 840 2757 raluera
858 2733 943 2757 mentis
961 2735 1058 2756 nostrae
1073 2734 1113 2756 iao

265 2781 324 2797 sana
342 2774 510 2802 medicamine,
532 2775 556 2797 at
571 2773 674 2803 parqati
683 2780 699 2796 a
708 2775 863 2803 peccatorum
877 2772 988 2796 sordibus
1000 2772 1114 2802 templum

265 2813 395 2843 efficiamur
413 2813 517 2842 Spa-itus
534 2813 617 2836 sancti.
630 2813 686 2836 Cod.
699 2813 714 2834 F
732 2812 801 2835 habet
813 2815 858 2835 tres
870 2812 997 2838 orationes,
1014 2818 1114 2840 quarum

264 2852 366 2875 secunda
384 2854 430 2875 sere
447 2853 555 2875 convenit
566 2859 619 2875 cum
633 2853 698 2879 Vat.;
712 2852 733 2874 iu
745 2852 794 2874 aliis
806 2851 915 2874 omnibus
933 2850 1054 2873 codicibus
1064 2857 1115 2873 ora-

266 2892 339 2914 tiones
356 2892 475 2920 dinei-unt,
494 2898 535 2914 noc
552 2892 649 2919 placent.

328 2930 338 2943 4
356 2931 398 2953 Pro
417 2930 501 2954 Gloria
519 2930 611 2953 Christo
629 2931 647 2953 G
666 2930 867 2953 Commoriumur.

330 2970 338 2982 ⁵
356 2970 402 2993 Csr.
416 2970 475 2992 loen.
490 2970 525 2997 io,
537 2970 574 2992 30.
583 2983 613 2985 ξ
625 2970 699 2992 Codd.
712 2971 728 2992 B
739 2971 756 2992 D
769 2970 853 2992 liabent
864 2970 899 2992 Ps.
912 2970 954 2991 68:
967 2969 1068 2993 Saluum
1079 2975 1116 2991 me

266 3010 316 3040 sac,
335 3010 409 3037 Deus,
439 3009 553 3039 quoniam
573 3009 736 3037 itzlrarerant,
757 3015 809 3031 (zum
831 3009 918 3037 antiph.
936 3007 1055 3031 Laboruvi
1071 3007 1116 3031 cla-

1167 2111 1249 2132 mans,
1270 2111 1360 2128 raucae
1376 2105 1453 2134 sactae
1469 2105 1527 2127 sant
1542 2104 1623 2133 fauces
1640 2110 1718 2132 meae,
1736 2103 1871 2133 defecerunt
1882 2103 1946 2127 oculi
1959 2103 2015 2131 mei,

1168 2144 1226 2167 7177777
1243 2150 1312 2173 spero
1331 2144 1353 2165 in
1372 2144 1448 2166 Deam
1465 2149 1545 2166 meum
1563 2142 1630 2172 [ibid.
1649 2149 1670 2165 v.
1690 2142 1737 2172 4.];
1754 2146 1777 2165 et
1795 2143 1888 2171 capitul.
1908 2142 2016 2165 Cla-istus

1167 2183 1239 2206 semel
1254 2189 1300 2212 pro
1315 2182 1419 2212 precatis
1436 2182 1538 2210 uostris,
1557 2189 1584 2204 ex
1602 2183 1616 2204 1.
1630 2183 1687 2204 Petr.
1701 2183 1777 2210 3,’18.
1794 2195 1825 2198 —
1843 2182 1898 2204 Cod.
1913 2182 1931 2204 G
1948 2181 2018 2204 habet

1169 2229 1256 2250 paui-os
1273 2223 1400 2244 versiculos
1417 2222 1451 2244 Ps.
1471 2222 1507 2243 23.
1526 2221 1657 2249 incipiendo
1675 2228 1687 2243 a
1700 2228 1722 2243 V.
1735 2222 1760 2249 6,
1772 2227 1825 2244 cum
1838 2221 1938 2249 capitulo
1957 2221 2018 2244 Fra-

1169 2263 1232 2284 tres:
1257 2261 1374 2288 Gaudete,
1401 2260 1456 2290 qaia
1480 2267 1535 2283 cam
1558 2260 1648 2283 inimici
1672 2255 1776 2283 essamits
1803 2263 1858 2287 etc.;
1886 2261 1926 2282 cfr.
1951 2260 2017 2283 Rom.

1170 2301 1196 2328 ὅ,
1216 2301 1250 2322 110.

1232 2340 1241 2352 ⁴⁵
1254 2340 1299 2362 Csr.
1311 2339 1381 2362 llcbr.
1393 2340 1414 2365 2,
1432 2340 1464 2361 10.
1477 2351 1507 2355 —
1519 2340 1560 2361 Hic
1573 2339 1665 2361 codices
1677 2339 1762 2361 habeut
1774 2345 1822 2367 seq.
1834 2340 1857 2363 1}-
1868 2338 1915 2361 br.:
1927 2340 1951 2363 a.
1962 2339 2017 2361 Tra-

1169 2378 1226 2401 dala
1245 2378 1268 2401 ia
1286 2380 1400 2405 mm‘iem,
1413 2378 1422 2388 ³
1435 2378 1547 2401 Animam
1559 2384 1637 2401 suam.
1653 2380 1676 2401 is.
1693 2378 1723 2401 Et
1740 2384 1795 2401 caia.
1812 2377 1932 2401 sceleratis
1949 2377 2018 2407 depu-

1169 2419 1233 2441 tatas
1250 2419 1290 2440 est.
1309 2417 1429 2440 Animam.
1448 2417 1531 2441 Gloria
1549 2417 1624 2440 Patri.
1643 2416 1757 2440 Tradidit.
1776 2419 1798 2441 ir.
1821 2417 1877 2439 Vere
1889 2416 2018 2446 lanquores

1169 2458 1264 2480 izos-tras
1282 2456 1330 2486 ips-e
1348 2456 1408 2480 latit.
1434 2459 1457 2481 11.
1485 2457 1515 2479 Et
1536 2456 1629 2479 dolores
1654 2458 1749 2479 nostros
1773 2456 1821 2485 ipse
1838 2455 1945 2485 portavit
1965 2455 2017 2485 [cfr.

1170 2497 1219 2519 lsai.
1236 2497 1279 2523 53,
1298 2496 1355 2526 ·12.].
1374 2498 1513 2525 Sequentem
1531 2497 1658 2519 orationem
1676 2496 1812 2518 exhibemus
1828 2496 1956 2518 secundum
1974 2495 2018 2517 AB

1170 2536 1222 2558 CD.
1242 2536 1291 2558 Vnt.
1311 2539 1363 2563 post
1380 2535 1427 2558 diei
1442 2542 1504 2558 710770
1524 2535 1686 2564 prosequitur:
1707 2541 1753 2564 pro
1776 2534 1852 2557 salute
1869 2537 1953 2557 nostra
1975 2534 2019 2557 1777-

1170 2581 1243 2598 77707ιο
1261 2575 1285 2597 777
1302 2576 1404 2598 mortem.
1428 2574 1537 2597 animam
1560 2576 1627 2597 taam
1653 2573 1773 2597 tradidisti
1798 2575 1819 2597 et
1844 2573 1920 2597 caelos
1939 2579 2018 2596 ascen-

1171 2613 1237 2641 disti,
1255 2613 1348 2643 virifica
1365 2613 1439 2636 corda
1456 2615 1540 2636 uostra
1553 2619 1599 2642 per
1615 2613 1759 2642 infusionem
1780 2612 1816 2635 tui
1830 2611 1933 2640 autoris,
1951 2614 1979 2635 ut
1998 2613 2018 2635 te

1171 2653 1269 2682 diliqere
1293 2654 1440 2682 mentemque
1465 2651 1602 2675 caelestibus
1628 2651 1752 2675 inhaerere
1776 2653 1799 2674 et
1823 2653 1924 2674 mortem
1951 2652 2019 2674 litum

1170 2694 1267 2715 nostrae
1284 2692 1365 2715 carnis
1383 2691 1564 2722 viortififfltione
1582 2691 1673 2715 imitari
1688 2691 1828 2714 valeamus:
1846 2692 1884 2719 07,
1902 2690 1959 2713 duni
1977 2691 2019 2713 tua

1168 2732 1281 2761 passione
1295 2731 1425 2761 participes
1447 2731 1575 2761 efficimur,
1601 2732 1657 2754 tuae
1682 2730 1850 2754 consolationis
1875 2736 1918 2753 7105
1943 2729 2018 2759 facias

1171 2778 1221 2794 esse
1237 2773 1364 2794 consortes.

1235 2810 1243 2823 ⁷
1262 2811 1335 2833 Codd.
1352 2811 1397 2833 BD
1414 2810 1556 2833 substituunt
1573 2810 1609 2832 Ρ5.
1626 2810 1670 2832 56:
1689 2809 1801 2833 Miserere
1818 2808 1875 2836 mei,
1889 2808 1962 2836 Deus,
1978 2807 2019 2831 mi-

1171 2856 1250 2873 serere
1267 2849 1323 2877 mei,
1342 2856 1396 2872 cum
1414 2850 1500 2877 antiph.
1512 2848 1577 2872 Misit
1588 2849 1650 2871 Deus
1667 2847 1857 2871 misericordimri
1871 2854 1941 2870 suam
1953 2848 1974 2870 el
1984 2853 2019 2870 ve-

1172 2888 1268 2911 ritatem
1293 2895 1377 2916 suam,
1403 2888 1512 2911 animam
1533 2894 1612 2911 meam
1637 2887 1724 2916 eripuit
1740 2886 1768 2910 de
1784 2886 1860 2910 medio
1882 2886 2019 2909 catulorum

1173 2928 1281 2955 leonum,
1299 2927 1403 2951 dormivi
1419 2926 1575 2950 comm-batus
1588 2926 1655 2956 [ibid.
1673 2933 1696 2948 v.
1714 2926 1736 2949 4.
1756 2926 1801 2956 5.],
1819 2927 1837 2948 G
1855 2927 1890 2948 Ps.
1904 2926 1960 2947 t30:
1976 2926 2019 2948 Do-

1172 2967 1247 2995 mine,
1265 2973 1312 2990 77071
1331 2968 1366 2990 est
1381 2966 1517 2989 eoealiatum
1533 2972 1574 2989 cor
1591 2972 1684 2994 meam,
1703 2972 1756 2988 cum
1779 2965 1866 2993 antiph.
1889 2964 1926 2988 Ad
1941 2970 2019 2994 vespe-

1172 3013 1228 3029 ram
1246 3005 1409 3029 demorabitur
1426 3005 1495 3034 fletus
1513 3006 1534 3028 et
1550 3004 1582 3027 ad
1598 3004 1746 3027 matutinum
1764 3003 1853 3027 laetitia.
1865 3003 1912 3033 [Ps.
1926 3003 1966 3031 29,
1979 3002 2018 3032 6.].
