2133 3317
120 942 251 962 corollarium.

264 197 301 226 30

264 275 389 310 inchoet,
405 283 439 304 ne
454 275 559 304 frustra
580 275 740 304 extendaris
758 274 791 303 ad
812 275 880 309 alia,
902 277 929 303 te
950 275 1112 311 neglecta».

264 322 338 350 Idem
359 322 387 350 in
408 321 667 351 Meditationibus1:
694 333 707 346 (ι
722 321 799 350 Multi
816 321 903 350 multa
924 321 1015 350 sclunt
1036 324 1063 350 et
1083 329 1113 350 se

264 369 338 405 ipsos
359 369 502 403 nesciunt,
523 368 591 396 alios
606 368 756 405 inspiciunt
777 371 804 397 et
825 376 854 396 se
868 368 943 405 ipsos
963 368 1112 403 deserunt,

264 416 353 444 Deum
375 418 541 452 quaerentes
562 423 612 451 per
633 415 790 449 exteriora,
812 415 971 444 deserentes
1000 423 1051 444 sua
1071 415 1113 443 in-

264 462 383 495 teriora,
406 462 509 499 quibus
536 462 652 490 interior
673 465 714 490 est
742 462 824 490 Deus.
849 462 951 491 Idcirco
979 463 1013 491 ab
1034 465 1113 491 exte-

264 509 387 537 rioribus
408 509 442 537 ad
463 509 596 538 interiora
623 509 735 538 redeam
756 512 784 538 et
808 509 843 538 ab
871 509 1050 538 inferioribus
1077 509 1112 538 ad

264 556 410 592 superiora
431 556 627 584 conscendam:
649 559 681 584 ut
708 556 810 593 possim
833 564 1011 593 cognoscere,
1039 556 1113 584 unde

264 601 344 630 venio
364 604 413 629 aut
441 609 496 638 quo
518 601 599 635 vade,
621 601 696 630 unde
723 602 775 630 sim
796 604 823 630 et
844 602 911 639 quid
932 602 999 636 sim;
1022 605 1049 630 et
1076 602 1114 630 ita

265 656 315 685 per
330 648 513 685 cognitionem
536 649 589 677 mei
604 649 750 678 ascendam
767 649 801 677 ad
816 649 1000 686 cognitionem
1021 649 1070 678 Dei
1086 662 1112 677 ».

265 696 345 730 Item,
367 696 582 733 Chrysostomus
603 704 687 733 super
709 697 876 725 Matthaeum
891 697 901 713 2
922 697 1001 725 dicit:
1028 708 1041 722 «
1055 697 1113 725 Nou

264 742 379 771 minima
399 751 464 779 pars
493 743 683 780 philosophiae
710 747 751 772 est
772 743 890 780 cognitio
912 743 953 772 sui
977 755 1004 771 ».
1031 743 1114 778 Item,

264 789 426 818 Ambrosius
440 789 467 818 in
483 790 674 819 Hexaemeron
686 790 710 818 ³:
731 801 743 815 «
759 790 907 827 Cognosce,
925 794 1047 827 quantus
1062 790 1114 825 sis;

265 836 376 865 attende
397 836 461 871 tihi,
483 840 515 865 ut
529 837 700 871 consideres,
721 837 788 874 quid
809 837 837 865 in
859 840 886 866 te
904 837 990 866 intret
1013 837 1041 866 in
1070 845 1115 866 co-

266 883 412 921 gitatione,
434 883 501 920 quid
515 887 597 912 exeat
612 884 639 912 in
654 892 782 913 sermone
796 895 823 912 ».
840 900 876 904 —
896 896 910 909 «
924 884 1014 913 Vitam
1029 884 1116 921 igitur

266 933 356 965 tuam,
377 939 393 959 o
421 931 525 965 anima,
547 931 706 968 quotidiana
727 931 897 960 discussione
918 931 1056 960 examina.
1071 932 1116 959 At-

267 976 348 1005 tende
369 976 527 1014 diligenter,
549 980 685 1014 quantum
706 978 835 1014 proficias
856 981 883 1006 et
910 981 1047 1015 quantum
1069 977 1117 1005 de-

267 1024 358 1058 ficias;
381 1025 471 1061 qualis
493 1025 529 1053 sis
551 1025 578 1052 in
594 1025 735 1059 moribus,
757 1025 847 1062 qualis
861 1025 889 1053 in
911 1024 1115 1058 affectionibus3

268 1079 352 1108 quam
373 1071 470 1100 similis
491 1071 528 1100 sis
543 1071 598 1100 Deo
620 1074 647 1100 et
667 1080 751 1108 quam
767 1072 915 1105 dissimilis,
931 1079 1015 1108 quain
1030 1079 1117 1108 prope

268 1120 296 1146 et
316 1126 400 1154 quam
430 1118 516 1155 longe.
546 1118 615 1146 Illud
637 1126 747 1154 semper
775 1126 905 1155 agnosce,
927 1117 1001 1154 quod
1029 1117 1118 1145 multo

268 1165 433 1193 laudabilior
448 1168 475 1193 et
490 1165 587 1194 melior
608 1173 652 1199 es,
675 1166 696 1194 si
713 1168 738 1193 te
761 1165 918 1202 cognoscis,
940 1173 1024 1201 quam
1040 1165 1075 1199 si,
1091 1168 1118 1193 te

269 1213 407 1249 neglecto,
429 1220 544 1241 cursum
567 1212 703 1246 siderum,
719 1213 793 1241 vires
807 1213 976 1246 herbarum,
998 1213 1118 1249 comple-

270 1259 368 1288 xiones
388 1259 549 1293 hominum,
571 1262 687 1288 naturas
708 1259 869 1287 animalium
892 1267 1073 1296 cognosceres
1092 1262 1119 1288 et

269 1306 410 1335 solentiam
432 1306 555 1335 omnium
572 1306 732 1335 caelestium
753 1309 781 1335 et
795 1306 971 1335 terrestrium
990 1306 1118 1335 haberes.

270 1353 360 1382 Redde
381 1361 447 1390 ergo
468 1357 495 1381 te
516 1353 581 1387 tibi,
603 1356 630 1381 et
651 1353 674 1382 si
693 1361 747 1381 non
770 1361 892 1389 semper,
915 1353 1011 1381 saltem
1033 1353 1119 1381 inter-

270 1400 345 1428 dum.
369 1400 439 1436 Rege
460 1402 524 1428 tuos
544 1400 672 1434 affectus,
693 1400 782 1436 dirige
802 1403 897 1434 actus,
919 1399 1028 1436 corrige
1042 1407 1119 1436 gres-

270 1448 382 1474 sus4».
405 1446 504 1483 Igitur,
535 1446 639 1480 anima,
669 1448 730 1474 tene
762 1446 875 1475 consilia
906 1446 1069 1474 Sanctorum
1093 1448 1120 1474 et

269 1493 361 1530 primo
382 1493 490 1521 radium
512 1493 750 1529 contemplationis
772 1495 902 1521 converte
923 1493 957 1521 ad
978 1493 1118 1529 regionem

270 1540 453 1574 orientalem,
475 1540 527 1569 hoc
542 1543 583 1569 est
597 1540 631 1568 ad
646 1540 892 1569 considerationem
909 1542 973 1568 tuae
988 1539 1120 1568 condItio-

270 1587 321 1615 nIs.
338 1587 488 1624 Diligenter
502 1587 587 1624 igitur
601 1587 754 1621 considera,
769 1595 852 1623 quam
868 1594 1000 1624 generose
1014 1594 1030 1615 a
1044 1594 1120 1615 sum-

270 1642 316 1663 mo
327 1634 436 1662 Artifice
450 1634 492 1662 sis
505 1633 588 1672 faeta
604 1643 657 1671 per
671 1638 825 1668 naturam,
837 1642 921 1671 quam
932 1634 1029 1663 vitiose
1042 1641 1058 1661 a
1072 1637 1121 1662 tua

269 1681 412 1709 voluntate
426 1679 594 1718 deformato.
615 1681 656 1709 sis
673 1689 728 1718 per
749 1680 877 1717 eulpam,
900 1689 983 1717 quam
1001 1680 1120 1717 gratiose

270 1736 287 1757 a
307 1728 401 1757 divina
414 1728 536 1757 bonitate
551 1728 661 1765 saepius
676 1727 841 1765 reformata
855 1728 897 1756 sz‘s
909 1736 963 1765 per
976 1728 1119 1765 qratiam.

663 1815 727 1850 §a

350 1899 420 1926 Quam
437 1906 543 1929 generose
560 1906 574 1923 a.
591 1907 675 1923 summo
692 1899 787 1923 artifice
803 1899 902 1923 formata.
918 1899 952 1923 sit
968 1898 1046 1922 anima.

608 1945 648 1969 per
664 1938 781 1962 naturam.

353 2010 380 2039 3.
404 2010 495 2038 Primo
516 2018 583 2047 ergo
612 2009 771 2044 considera,
794 2017 877 2047 quam
904 2018 1040 2047 qenerose
1060 2008 1123 2046 for-

273 2060 357 2086 mata
383 2056 425 2085 sis
453 2065 508 2094 per
529 2060 683 2085 naturam.
705 2056 879 2085 Generositas
910 2059 958 2085 tua
988 2056 1124 2085 naturalis

336 2206 345 2219 ¹
364 2207 453 2230 Scilicet
469 2207 491 2229 in
508 2206 694 2230 llleditationibus
710 2207 820 2235 piissimis
837 2207 867 2230 de
888 2207 1021 2235 cognitione
1041 2207 1124 2229 huma-

273 2252 317 2269 nae
333 2246 472 2269 conditionis
490 2246 556 2276 (inter
572 2252 643 2274 opera
655 2246 789 2276 Bernardi),
801 2252 821 2268 c.
834 2247 854 2268 l.
866 2252 889 2269 n.
903 2247 911 2268 t
922 2263 928 2274 ,
941 2245 980 2269 ubi
992 2252 1035 2274 pro
1047 2246 1124 2269 Deum

274 2287 413 2315 quaerentes
429 2291 473 2315 per
489 2284 611 2308 exteriora
628 2288 701 2307 textus
718 2285 835 2312 originalis
852 2285 928 2308 Deum
945 2286 1067 2314 quaerunt
1083 2284 1123 2314 [ita

274 2325 343 2347 etiam
360 2324 385 2354 F]
400 2331 445 2354 per
462 2323 508 2347 ista
524 2324 659 2353 emim-iera,
675 2324 716 2353 qui
727 2324 823 2352 insuper
834 2324 858 2346 in
871 2324 915 2346 fine
926 2324 982 2352 legit
993 2330 1038 2354 quo
1051 2323 1123 2352 vado,

274 2363 332 2394 quid
347 2369 414 2392 sum,
434 2363 471 2386 vel
487 2363 550 2386 uncle
565 2370 636 2392 sum;
653 2364 676 2386 et
691 2363 724 2387 ita
736 2369 782 2393 per
799 2363 956 2393 manitionem
973 2363 1019 2386 mei
1030 2363 1124 2386 valeam

271 2402 398 2433 pervenire
415 2402 447 2425 ad
463 2402 620 2432 coqm‘tz‘onem
636 2402 687 2426 Dei.

338 2441 347 2455 ²
364 2442 449 2465 Homil.
465 2442 503 2465 25.
522 2442 586 2471 (alias
598 2442 646 2471 26.)
659 2448 683 2464 n.
696 2441 721 2464 4:
734 2442 779 2464 Nec
790 2448 845 2464 sane
858 2441 952 2464 minima
965 2448 1019 2470 pars
1031 2444 1065 2464 est
1076 2441 1125 2470 phi-

273 2481 404 2509 losophiae,
416 2487 469 2504 cum
481 2481 590 2503 meritum
602 2483 707 2503 nostrum
719 2481 857 2508 dignoscere
868 2487 1002 2509 possumus.
1013 2481 1054 2503 Hic
1062 2481 1124 2503 enim

275 2526 300 2542 se
316 2520 395 2548 ipsum
413 2520 512 2542 maxime
528 2520 604 2548 novit,
621 2519 662 2548 qui
679 2526 703 2542 se
720 2519 776 2542 nihil
792 2526 843 2542 esse
855 2519 975 2542 existimat.
987 2518 1033 2542 Cfr.
1044 2519 1124 2541 Glossa

275 2558 402 2583 ordinaria
419 2559 454 2589 (ex
471 2559 583 2588 Origene,
600 2559 683 2581 Homil.
701 2559 722 2581 3.
740 2559 762 2581 in
779 2558 859 2587 Exod.)
878 2558 900 2580 in
917 2558 988 2581 Exod.
1007 2558 1032 2585 li,
1052 2559 1088 2580 lo.

338 2597 348 2610 ³
365 2597 426 2621 Libr.
443 2598 480 2620 Vl.
497 2604 516 2620 c.
536 2598 557 2620 8.
574 2604 598 2620 n.
615 2598 658 2620 50:
675 2597 795 2625 Cognosce
812 2603 868 2625 ergo
885 2599 921 2624 te,
933 2603 947 2619 0
959 2594 1042 2624 liomo',
1054 2602 1125 2625 quan-

275 2639 312 2660 tus
329 2637 384 2660 sis...
400 2637 493 2660 attende
510 2636 564 2665 tibi,
581 2639 606 2659 ut
623 2636 769 2663 consideres,
786 2636 844 2665 quid
860 2636 883 2658 in
900 2638 923 2658 te
939 2636 1018 2663 intret,
1030 2635 1086 2665 quid
1098 2641 1125 2658 ex

275 2678 298 2699 te
314 2678 385 2699 exeat.
403 2677 452 2699 Non
469 2677 499 2699 de
515 2676 568 2699 cibo
586 2676 650 2705 dico,
667 2676 707 2705 qui
724 2675 862 2698 absorbetur
879 2678 901 2698 et
917 2675 1027 2704 egeritur,
1042 2675 1084 2698 sed
1096 2675 1126 2697 de

276 2716 415 2744 cogitatione
432 2716 497 2743 dico,
514 2716 544 2739 de
561 2722 668 2738 sermone
685 2722 770 2738 assero.
787 2716 830 2738 Pro
847 2714 872 2738 in
887 2714 1028 2745 coqitatione
1040 2714 1124 2737 AEFI

277 2754 303 2778 in
319 2755 457 2784 cognitione.
1093 2761 1095 2764 ·

340 2793 350 2806 4
367 2794 398 2816 Ita
415 2796 495 2817 auctor
511 2794 610 2817 Meditat.
628 2794 724 2822 pilssim.
742 2794 772 2816 de
792 2793 879 2822 cognit.
900 2794 995 2815 human.
1017 2792 1126 2815 conditio-

277 2833 312 2856 nis
330 2832 380 2862 (csr.
396 2839 467 2861 supra
483 2835 537 2855 nota
554 2832 594 2862 ¹l.).
610 2833 663 2856 Post
680 2839 753 2863 quam
769 2832 838 2862 lonye
851 2834 926 2855 textus
942 2831 1058 2860 originalis
1075 2837 1126 2859 pro-

277 2872 382 2901 sequitur
398 2877 446 2895 non
463 2870 572 2895 locorum
588 2871 734 2899 intervallis,
749 2870 790 2894 sed
802 2877 900 2894 morum
911 2870 1041 2901 affectibus.
1052 2869 1126 2894 Stude

279 2916 419 2940 cognoscere
436 2912 472 2939 te,·
490 2917 563 2940 quam
579 2910 654 2934 multo
677 2913 719 2933 ete.
742 2911 795 2933 Post
815 2909 913 2933 liabm'es
935 2910 952 2933 C
973 2909 1038 2932 addit
1061 2908 1126 2932 Unde

278 2949 379 2980 Alqazel
397 2949 446 2980 [cfr.
464 2950 479 2972 l.
496 2950 669 2979 Philosophiae,
687 2952 714 2972 tr.
730 2950 751 2972 3.
763 2956 783 2972 c.
796 2951 816 2972 Ι1.
829 2950 858 2972 de
870 2949 963 2972 scientia
982 2949 1022 2972 Dei
1038 2950 1126 2971 senten-

279 2989 309 3012 tia
324 2989 346 3012 3.
357 2991 380 3012 et
397 2988 422 3018 43
440 2989 517 3017 Logic.
530 2995 550 3011 c.
562 2990 583 3011 2.
597 2989 656 3012 circa
669 2989 750 3018 finem,
762 2989 800 3011 ed.
812 2989 894 3011 Yenet.
909 2987 991 3018 4506]:
1003 2988 1079 3011 Homo
1093 2993 1127 3010 co-

827 196 1023 226 OPUSCULUM
1044 197 1074 225 11.
1097 196 1328 234 SOLILOQUIUM.
1350 197 1418 226 CAP.
1440 197 1459 226 1.

1169 275 1293 304 consistit
1307 276 1334 304 in
1357 276 1422 310 hoc,
1437 278 1469 304 ut
1491 275 1633 309 existimo,
1655 276 1721 313 quia
1737 276 1783 304 tibi
1806 276 1969 305 naturaliter
1984 276 2018 305 ad

1169 322 1210 350 tui
1231 322 1359 351 decorem
1380 322 1517 359 impressa
1538 326 1580 351 est
1601 323 1690 359 imago
1708 322 1882 352 beatissimae
1902 322 2018 351 Trinita-

1169 368 1212 397 tis.
1234 369 1310 398 Unde
1331 369 1475 398 Anselmus
1496 369 1525 397 in
1547 369 1724 406 Proslogi05:
1752 380 1766 394 «
1784 370 1895 404 Fateor,
1924 370 2017 398 Domi-

1169 423 1217 450 ne,
1239 418 1266 444 et
1287 416 1390 452 gratias
1411 424 1474 453 ago,
1497 416 1562 453 quia
1584 424 1627 445 me
1649 416 1747 445 creasti
1769 416 1802 444 ad
1824 419 1900 445 tuam
1922 417 2019 453 imagi-

1169 470 1246 496 nem,
1268 465 1300 490 ut
1322 463 1361 491 tui
1387 470 1494 491 memor
1515 463 1579 497 sim,
1601 465 1628 491 te
1656 463 1788 499 cogitem,
1811 466 1837 491 te
1858 463 1969 499 diligam
1990 475 2017 491 ι),

1170 508 1329 537 Bernardus
1349 509 1376 537 in
1406 509 1665 538 llleditationihusssz
1691 521 1705 534 «
1727 509 1884 538 Secundum
1906 509 2019 538 interio-

1170 564 1230 584 rem
1251 556 1390 584 hominem
1420 555 1473 584 tria
1501 555 1528 584 in
1550 564 1594 585 me
1614 556 1739 590 invenio,
1761 564 1811 593 per
1839 564 1910 593 quae
1931 556 2018 584 Deum

1171 603 1275 637 recolo,
1298 603 1435 639 conspicio
1462 606 1489 631 et
1510 603 1683 639 concupisco.
1705 603 1776 631 Haec
1796 603 1850 631 tria
1876 606 1942 632 sunt
1962 611 2019 632 me-

1173 650 1275 683 moria,
1296 650 1477 686 intelligentia
1504 652 1531 678 et
1552 650 1689 678 voluntas.
1711 650 1780 678 Cum
1809 650 1882 678 enim
1905 649 1952 678 Dei
1974 657 2019 678 re-

1172 697 1315 730 miniscor,
1331 696 1358 724 in
1380 697 1440 733 ipso
1454 696 1576 725 delector
1582 707 1588 731 ;
1605 696 1748 725 memoria
1763 697 1840 724 enim
1854 696 1917 725 eius
1930 705 2020 733 snper

1171 744 1282 772 vinnm.
1305 743 1487 780 Intelligentia
1513 743 1604 780 ipsum
1626 743 1749 778 intueor,
1771 746 1908 780 quantum
1935 743 1963 771 in
1991 751 2020 772 se

1172 791 1207 819 sit
1230 790 1531 827 incomprehensibilis,
1556 790 1622 826 quia
1645 790 1812 827 principium
1838 793 1879 819 est
1900 793 1927 819 et
1941 790 2020 826 finis;

1172 841 1308 874 quantum
1330 837 1357 865 in
1373 837 1480 874 Angelis
1498 837 1703 871 desiderabilis,
1722 837 1787 874 quia
1801 837 1969 866 desiderant
1989 837 2021 865 in

1172 894 1238 913 enm
1265 884 1447 922 prospieere;
1475 887 1611 921 quantum
1639 884 1666 912 in
1689 884 1794 913 Sanctis
1824 884 1954 913 omnihus
1974 884 2021 913 de-

1173 931 1323 965 lectabilis,
1345 931 1411 968 quia
1431 931 1459 959 in
1482 939 1513 959 eo
1534 930 1644 959 assidue
1665 931 1819 965 laetantui-3
1841 931 2021 967 quantumin

1173 979 1310 1007 creaturis
1331 978 1460 1007 omnihus
1480 978 1665 1011 admirabilis,
1688 977 1753 1014 quia
1774 978 1867 1005 omnia
1894 979 2021 1014 potenter

1174 1027 1261 1059 creat,
1284 1025 1422 1061 sapienter
1443 1025 1595 1061 gubernat,
1617 1024 1736 1060 benigne
1756 1024 1896 1060 dispensat
1910 1036 1937 1052 n.
1952 1023 2022 1052 Cum

1174 1072 1242 1100 haec
1257 1071 1376 1104 intueor,
1391 1071 1481 1107 ipsum
1497 1071 1670 1107 concupisco.
1697 1082 1710 1096 «
1722 1071 1790 1099 Cum
1808 1071 1894 1099 Deum
1910 1079 1960 1108 per
1974 1079 2022 1099 vo-

1174 1118 1308 1146 luntatem
1323 1118 1419 1154 diligo,
1441 1126 1485 1146 me
1500 1118 1591 1154 ipsum
1606 1117 1633 1145 in
1649 1125 1712 1146 eum
1728 1117 1895 1145 transformo
1910 1129 1937 1145 ».
1953 1117 2022 1146 Haec

1175 1164 1364 1193 ssernardus⁷.
1387 1165 1558 1201 Recognosce
1579 1173 1660 1201 erge,
1688 1173 1704 1193 o
1725 1164 1818 1193 anima
1838 1172 1915 1199 mea,
1937 1172 2021 1201 quam

1176 1211 1247 1239 mira
1267 1213 1295 1239 et
1315 1211 1522 1240 inaestimabilis
1549 1211 1668 1248 dignitas
1688 1214 1744 1245 est,
1766 1219 1826 1239 esse
1846 1219 1901 1239 non
1933 1211 2022 1239 solum

1176 1257 1322 1294 vestigium
1354 1257 1507 1291 Creatoris,
1540 1257 1613 1294 quod
1644 1261 1686 1286 est
1717 1265 1863 1286 commune
1894 1257 2023 1286 omnibus

1175 1304 1328 1338 creaturis,
1351 1304 1398 1332 sed
1420 1304 1501 1332 etiam
1527 1312 1587 1333 esse
1608 1304 1754 1341 imaginem
1783 1304 1858 1339 eius,
1880 1304 1954 1341 quod
1982 1307 2024 1333 est

1176 1351 1321 1387 proprium
1343 1353 1488 1379 creaturae
1510 1351 1659 1379 rationalis.
1683 1351 1788 1379 Lauda
1809 1351 1908 1388 igitur,
1932 1351 2024 1379 anima

1175 1406 1252 1432 mea,
1276 1398 1449 1432 Domimmz,
1470 1397 1562 1426 lauda
1586 1398 1675 1426 Deum
1698 1401 1792 1432 titum,
1813 1398 1882 1426 Sion
1894 1398 1913 1426 ³.
1940 1409 1953 1423 «
1969 1398 2024 1426 Ex-

1176 1445 1332 1482 pergiscere
1353 1448 1380 1474 et
1401 1445 1498 1479 lauda,
1520 1445 1631 1474 exsulta
1645 1448 1672 1473 et
1693 1445 1797 1482 gaude,
1812 1445 1878 1482 quia
1896 1445 2024 1482 insignita

1176 1499 1205 1520 es
1226 1492 1275 1520 Dei
1297 1491 1430 1528 imagine,
1451 1491 1580 1520 decorata
1601 1492 1795 1526 similitudine,
1817 1492 1954 1528 particeps
1979 1500 2024 1520 ra-

1176 1538 1273 1572 tionis,
1295 1546 1384 1575 capax
1405 1541 1533 1567 aeternae
1554 1539 1733 1567 beatitudinis
1748 1551 1774 1567 n.

1255 1586 1282 1613 lt.
1305 1585 1357 1614 Sed
1389 1586 1455 1622 quia
1474 1585 1543 1613 haec
1574 1585 1680 1614 modica
1708 1594 1762 1614 non
1788 1585 1927 1615 immerito
1954 1585 2025 1615 forte

1175 1632 1382 1666 iudicarentur,
1411 1632 1432 1660 si
1455 1635 1543 1660 morte
1565 1632 1728 1666 finirentur;
1751 1633 1862 1661 exsulta
1889 1636 1916 1661 et
1930 1632 2025 1667 lauda,

1177 1679 1243 1716 quia
1257 1687 1321 1707 cuin
1342 1679 1489 1716 praedictis
1504 1679 1578 1707 dedit
1594 1679 1641 1707 tibi
1656 1682 1799 1707 naturam
1814 1679 2024 1714 immortalem,

1177 1726 1360 1755 substantiam
1385 1726 1640 1763 incorruptibilem,
1668 1726 1843 1755 durationem
1864 1727 2026 1756 intermina-

1178 1774 1275 1807 bilem,
1297 1773 1381 1802 vitam
1396 1776 1568 1810 perpetuam.
1589 1774 1707 1810 «Imago
1727 1773 1800 1802 enim
1822 1776 1951 1803 aeternae
1966 1774 2026 1802 Tri-

1178 1820 1271 1849 nitatis
1292 1828 1346 1849 non
1368 1828 1457 1854 esses,
1479 1820 1501 1849 si
1524 1820 1642 1849 termino
1658 1820 1755 1849 mortis
1776 1820 1865 1849 claudi
1888 1828 1982 1857 posses
1997 1833 2025 1856 »,

1178 1867 1349 1904 Augustinus
1369 1867 1403 1896 de
1424 1867 1558 1896 Trinitate
1569 1867 1589 1895 ⁹.
1613 1878 1625 1892 ε(
1642 1866 1664 1895 Ο
1685 1867 1789 1901 anima,
1810 1867 1936 1902 adverte,
1952 1868 2027 1904 quod

1179 1915 1293 1943 Creator
1307 1918 1374 1943 tuus
1395 1918 1456 1952 post
1471 1914 1540 1943 illud
1560 1923 1619 1943 esse
1640 1914 1714 1943 dedit
1729 1915 1777 1943 tibi
1799 1915 1929 1951 pulcrum
1953 1924 2026 1950 esse,

1179 1962 1254 1991 dedit
1274 1962 1324 1990 tihi
1345 1965 1513 1998 perpetuum
1534 1970 1607 1995 esse,
1628 1961 1758 1998 deditque
1774 1962 1821 1990 tibi
1842 1962 1949 1996 vivere,
1969 1970 2028 1991 sen-

1180 2008 1246 2041 tire,
1267 2007 1438 2042 discernere,
1460 2008 1588 2036 sensibus
1609 2011 1635 2037 te
1656 2008 1811 2043 decoravit,
1833 2008 1968 2045 sapientia
1995 2008 2028 2037 il-

1180 2055 1347 2084 lustravit».
1373 2066 1387 2079 <z
1402 2055 1488 2083 Tuam
1511 2054 1596 2091 igitur
1611 2055 1826 2092 pulcritudinem
1848 2056 1974 2091 attende,
1995 2059 2028 2085 ut

1180 2211 1265 2235 ynosee
1282 2207 1302 2229 te
1319 2205 1411 2235 ipsum,
1429 2206 1451 2228 et
1467 2204 1588 2234 coynoscz's
1605 2204 1693 2228 onmia.
1705 2217 1736 2221 —
1749 2205 1842 2227 Inferius
1858 2211 1901 2233 pro
1919 2204 2028 2229 conditio-

1180 2244 1216 2268 nis
1234 2245 1285 2267 Vat.
1303 2243 1494 2272 condonationis,
1513 2246 1535 2266 et
1551 2250 1593 2272 pro
1610 2243 1643 2267 sis
1659 2243 1724 2273 facta
1739 2244 1756 2266 F
1772 2243 1806 2267 sis
1822 2244 1935 2273 formata.

1243 2283 1252 2296 ⁵
1269 2283 1324 2311 Cap.
1346 2284 1367 2312 l,
1386 2283 1425 2305 ubi
1442 2289 1485 2311 pro
1502 2282 1559 2312 qnia
1575 2289 1612 2305 me
1624 2282 1711 2306 creasti
1720 2282 1753 2305 ad
1763 2284 1830 2306 tuam
1843 2282 1971 2312 imaginem
1983 2285 2027 2306 tex-

1180 2326 1217 2346 tus
1234 2323 1352 2351 originalis
1369 2322 1426 2353 quia
1442 2321 1529 2346 creasti
1545 2321 1570 2344 in
1586 2328 1623 2345 me
1639 2321 1701 2345 lianc
1718 2321 1847 2351 imaginem
1864 2323 1939 2345 tuam.

1243 2361 1253 2374 ⁶
1270 2362 1326 2390 Cap.
1339 2362 1360 2384 il.
1372 2368 1393 2384 n.
1410 2362 1485 2388 l;csr.
1497 2367 1566 2389 supra
1584 2363 1637 2383 nota
1655 2361 1675 2383 l.
1694 2361 1736 2383 Pro
1753 2360 1778 2384 in
1794 2367 1832 2384 me
1846 2361 1938 2384 invenio
1955 2363 2030 2384 textus

1181 2401 1298 2429 originalis
1314 2400 1339 2423 in
1356 2402 1432 2423 menie
1452 2406 1506 2423 mea
1528 2399 1633 2428 invenio,
1656 2400 1695 2429 qui
1718 2399 1787 2422 etiam
1809 2400 1861 2423 hinc
1884 2400 1937 2423 inde
1962 2401 2030 2428 plura

1180 2441 1295 2464 interiicit.
1311 2441 1444 2468 Allegantur
1460 2439 1524 2463 Cant.
1543 2439 1567 2468 t,
1580 2440 1606 2467 3,
1619 2445 1689 2468 quem
1707 2442 1780 2462 textus
1799 2439 1917 2467 originalis
1933 2440 2030 2468 omittit,

1181 2482 1204 2503 et
1220 2481 1235 2502 l.
1252 2480 1310 2502 Petr.
1330 2479 1354 2507 ¹l,
1373 2479 1410 2501 12.

1245 2517 1253 2531 ⁷
1271 2518 1317 2542 Cfr.
1333 2518 1409 2540 Tract.
1420 2518 1450 2540 de
1461 2517 1554 2540 caritate
1567 2517 1633 2547 (inter
1644 2523 1715 2546 opera
1726 2517 1859 2547 Bernardi),
1871 2524 1891 2541 c,
1904 2518 1940 2540 ts.
1952 2524 1975 2540 n.
1988 2519 2013 2541 64
2024 2526 2029 2540 :

1181 2557 1224 2587 Qui
1242 2558 1316 2580 Deum
1332 2557 1430 2585 diligit...
1448 2557 1636 2586 quodammodo,
1649 2559 1674 2579 ut
1685 2557 1717 2579 ita
1728 2557 1837 2584 dixerim,
1849 2557 2031 2580 consubstantiat

1181 2603 1206 2619 se
1224 2597 1314 2619 dilecto.
1325 2596 1393 2624 Hugo
1405 2602 1417 2618 a
1429 2596 1452 2618 S.
1466 2595 1537 2622 Vici„
1549 2595 1579 2618 de
1590 2595 1662 2617 Arrha
1675 2595 1777 2617 animae:
1790 2596 1820 2617 Ea
1835 2595 1870 2618 vis
1887 2596 1973 2618 amoris
1984 2598 2030 2625 est,

1182 2638 1207 2658 ut
1224 2636 1293 2658 talem
1310 2641 1360 2658 esse
1376 2641 1471 2658 necesse
1488 2634 1528 2663 sit,
1543 2634 1611 2663 quale
1623 2634 1678 2656 illud
1690 2634 1799 2663 estquod
1815 2640 1880 2657 amas
1897 2634 1975 2664 [Quae
1991 2635 2029 2658 hic

1182 2674 1235 2696 Vat.
1252 2673 1377 2703 adiungit],
1396 2673 1468 2702 etqui
1480 2679 1523 2701 per
1537 2673 1643 2695 affectum
1659 2672 1806 2701 coniungeris
1822 2673 1845 2695 in
1863 2673 1935 2701 ipsius
1951 2672 2030 2695 simili-

1182 2713 1286 2735 tudinem
1304 2712 1354 2740 ipsa
1371 2712 1547 2741 quodammodo
1564 2712 1693 2734 dilectionis
1709 2712 1818 2734 societate
1834 2711 2013 2734 transformaris.

1245 2750 1254 2764 ⁸
1272 2752 1354 2774 Psalm.
1372 2751 1429 2779 1147,
1447 2752 1484 2773 42.
1505 2751 1613 2780 Sequitur
1634 2751 1757 2779 Bernard.,
1774 2750 1874 2773 Meditat.
1890 2756 1910 2773 c.
1928 2751 1949 2773 3.
1966 2757 1990 2773 n.
2007 2750 2030 2773 7.

1181 2803 1212 2807 —
1229 2791 1338 2818 August„
1356 2791 1416 2813 XIV.
1433 2790 1463 2813 de
1479 2790 1542 2813 Trin.
1561 2796 1581 2812 c.
1598 2791 1620 2812 8.
1636 2796 1660 2812 n.
1678 2790 1701 2812 Η
1713 2797 1718 2811 :
1730 2790 1762 2812 Eo
1779 2789 1867 2818 quippe
1885 2789 1934 2818 ipso
1951 2789 2030 2817 imago

1182 2830 1232 2852 eius
1248 2833 1294 2857 est,
1312 2836 1359 2858 quo
1376 2830 1426 2852 eius
1442 2836 1514 2858 capax
1532 2832 1566 2852 est
1583 2829 1679 2858 eiusque
1695 2829 1811 2857 particeps
1827 2835 1878 2851 esse
1895 2831 1977 2857 potest.

1244 2868 1254 2881 ⁹
1270 2868 1332 2892 Libr.
1350 2869 1410 2892 XIV.
1428 2875 1448 2891 c.
1465 2869 1514 2891 2-4.
1530 2875 1553 2891 n.
1572 2868 1623 2896 4-6,
1641 2868 1813 2895 sententialiter;
1831 2867 1915 2890 clarius
1931 2867 1953 2889 in
1971 2866 2030 2890 libro

1182 2908 1212 2931 de
1228 2908 1315 2936 Spiritu
1332 2910 1354 2930 et
1370 2907 1447 2930 anima
1466 2908 1533 2936 (inter
1549 2913 1621 2935 opera
1638 2906 1757 2935 August.),
1774 2913 1795 2929 c.
1813 2907 1850 2928 ⁴8.
1867 2909 1889 2929 et
1906 2906 1929 2928 in
1946 2906 1974 2928 M.
1986 2906 2030 2928 Au-

1182 2947 1231 2970 relii
1256 2947 1386 2970 Cassiodori
1410 2947 1470 2969 libro
1489 2947 1520 2969 de
1537 2946 1631 2975 Anima,
1650 2952 1669 2968 c.
1687 2946 1714 2973 2}
1731 2946 1771 2968 cfr.
1792 2948 1848 2968 tom.
1865 2946 1881 2968 l.
1898 2951 1954 2973 pag.
1971 2944 2030 2972 459,

1183 2988 1237 3009 nota
1256 2986 1293 3009 113.
1310 2988 1332 3008 et
1348 2988 1404 3008 tom.
1421 2986 1445 3009 ll.
1462 2992 1517 3014 pag.
1535 2985 1592 3014 460,
1609 2987 1662 3008 nota
1681 2985 1703 3008 3.

2035 283 2106 310 Benene
2111 292 2119 307 n

2049 312 2106 330 primu

2042 1592 2120 1611 Benefici

2044 1616 2120 1635 secundi
