2133 3317
535 204 731 234 OPUSCULUM
753 204 807 232 XX.
830 203 956 233 REGULA
977 204 1194 234 NOVITIORUM.
1215 205 1283 233 CAP.
1307 205 1369 233 XIII.

81 285 126 315 sed
147 284 189 313 dic
214 291 276 312 cum
303 283 479 320 Propheta¹z
509 281 573 310 Non
601 281 739 319 loquatur
767 290 798 310 os
826 290 921 310 meum

81 338 169 368 opera
190 328 340 358 hominum
352 339 362 362 ,·
376 332 404 357 et
418 336 527 365 semper
542 328 579 356 sis
594 335 657 356 cum
673 327 712 356 eis
727 328 852 361 timidus,
868 336 922 356 non

81 384 211 410 securus,
233 375 362 409 humilis,
384 374 579 411 breviloquens
600 376 627 402 et
648 374 797 408 honestus,
819 377 850 402 ut
871 373 922 401 im-

80 423 188 461 pleatur
209 422 235 450 in
258 424 284 450 te
305 421 373 450 illud
394 421 551 457 Evangelii:
574 421 680 449 Luceat
701 420 753 448 lux
767 424 863 448 vestra
878 428 923 448 eo-

81 477 147 498 ram
168 467 351 502 hominibus,
373 471 406 496 ut
426 467 542 495 videant
564 475 653 504 opera
678 470 775 495 vestra
803 466 878 495 bona
898 471 924 495 et

79 514 241 554 ylorisicent
262 515 381 543 Patrem
402 518 547 548 vestrum,
570 514 622 552 qui
642 514 673 542 iu
695 514 783 542 caetis
804 517 852 542 est.

159 563 185 590 Ξ.
208 561 336 590 Mulieres
364 569 430 590 vero
454 561 558 598 fugias,
580 564 715 598 quantum
738 564 830 597 potes,
852 561 923 589 sicut

82 611 238 646 serpentes,
259 611 287 637 et
308 616 450 645 nunquam
466 607 589 645 loquaris
606 615 669 636 cum
685 607 793 644 aliqua,
808 607 859 636 nisi
875 615 923 635 ur-

79 663 144 694 gens
164 655 311 684 necessitas
339 657 365 683 te
390 654 550 691 compellat,
572 662 621 683 nec
647 662 769 691 unquam
792 654 923 691 respicias

79 702 106 731 in
127 701 223 730 faciem
250 701 368 730 alicuius
391 701 531 735 mulieris,
553 703 580 729 et
601 701 621 729 si
645 701 745 729 mulier
770 703 861 730 tecum
883 701 922 729 lo-

80 751 197 787 quatur,
219 748 303 777 verba
325 756 375 777 sua
396 748 526 777 citissime
548 747 730 781 circumcide;
752 756 831 781 nam,
853 751 922 776 teste

80 795 214 832 Propheta
225 795 252 828 ²³,
274 794 378 823 molliti
390 798 460 823 sant
473 802 619 823 sermones
633 794 696 822 eius
710 803 799 831 super
814 794 920 828 oleum,

1765 205 1822 233 487

978 286 1002 310 et
1024 283 1082 319 ipsi
1101 286 1170 310 sant
1193 283 1299 311 iacula.
1324 283 1384 311 [deo
1397 283 1463 311 dicit
1477 282 1687 320 Augustiiuis':
1709 294 1722 307 α
1738 283 1823 319 Asper

979 336 1085 363 serm0,
1114 328 1206 357 brevis
1231 332 1258 357 et
1279 329 1385 366 rigidus
1406 337 1469 358 cum
1492 329 1657 358 mulieribus
1678 328 1823 357 habendus

978 378 1027 403 est.
1050 375 1102 403 Nec
1124 379 1214 404 tamen
1237 375 1303 412 quia
1324 379 1432 404 sanctae
1460 379 1541 409 sunt,
1570 375 1630 404 ideo
1658 375 1750 403 minus
1779 383 1823 403 ca-

979 421 1100 455 vendae;
1122 430 1177 458 quo
1198 422 1271 450 enim
1292 422 1442 451 sanctiores
1462 422 1581 456 fuerint,
1603 431 1636 451 eo
1657 422 1744 459 magis
1762 421 1822 450 alli-

979 468 1070 502 ciunt,
1092 471 1118 497 et
1139 468 1191 497 sub
1213 471 1360 505 praetextu
1382 469 1473 497 blandi
1494 469 1629 498 sermonis
1644 469 1778 497 immiscet
1794 476 1823 497 se

980 514 1072 543 viscus
1100 515 1275 551 Impiissimae
1304 515 1431 544 libidinis.
1463 516 1564 549 Crede,
1597 516 1702 553 inquit,
1735 515 1821 549 mihi;

979 561 1125 598 episcopus
1153 569 1231 595 sum,
1260 562 1403 590 veritatem
1434 562 1532 599 loquor
1560 562 1587 590 in
1613 562 1739 596 Christo,
1767 570 1822 590 non

980 608 1107 636 mentior.
1136 608 1238 636 Cedros
1266 608 1357 637 Libani
1379 612 1406 637 et
1428 617 1544 646 gregum
1565 608 1665 637 arietes
1690 608 1743 637 sub
1772 609 1822 637 hac

979 654 1069 691 specie
1090 654 1228 683 corruisse
1250 655 1356 691 reperi,
1378 655 1411 684 de
1432 663 1551 692 quorum
1574 663 1640 684 casu
1661 664 1715 684 non
1737 655 1823 692 magis

979 701 1188 737 praesumebam
1218 709 1300 738 quam
1333 701 1487 738 Hieronymi
1510 704 1536 730 et
1555 701 1731 731 Ambrosii».
1750 702 1823 738 Fuge

979 755 1044 784 ergo
1067 748 1178 784 laqueos
1201 748 1367 781 mulierum,
1393 759 1406 773 <r
1422 748 1486 785 quia
1515 757 1569 777 non
1597 756 1626 777 es
1647 748 1731 777 David
1761 756 1823 777 san—

978 794 1048 822 ctior
1063 802 1112 823 nec
1130 795 1259 823 Samsone
1274 795 1371 823 fortior
1387 803 1435 823 nec
1451 795 1600 832 sapientior
1615 795 1757 824 Salomone
1769 796 1781 812 4
1795 807 1822 823 ».

823 928 983 956 Carnutum
1005 928 1068 956 XIII.

750 1058 788 1086 De
808 1066 866 1086 non
888 1057 1047 1086 iudicando
1069 1057 1150 1086 alios.

160 1194 184 1222 1.
205 1193 273 1221 Cum
296 1192 363 1221 nulli
386 1193 563 1221 commissum
585 1192 620 1221 sit
640 1192 748 1221 occulta
769 1192 860 1220 cordis
880 1192 922 1220 iu-

79 1240 185 1274 dicare,
206 1239 278 1268 sicut
298 1239 364 1268 dicit
384 1239 570 1276 Apostolus⁵:
597 1238 689 1267 Nolite
717 1242 783 1267 ante
812 1243 923 1275 tempas

81 1286 228 1320 iudicare,
249 1285 440 1324 quoadusque
454 1286 551 1314 veniat
574 1286 732 1319 Dominus,
754 1286 806 1324 qui
819 1290 844 1314 et
859 1285 924 1313 illu-

81 1332 204 1362 minabit
219 1332 390 1361 abscondita
405 1332 591 1361 tenebrarum
607 1336 632 1361 et
646 1331 847 1370 manifestabit
858 1340 924 1360 cou-

55 1400 64 1406 -
81 1380 150 1409 sitia
174 1379 330 1413 cordium;
358 1379 460 1408 idcirco
487 1387 630 1417 nunquam
660 1382 686 1408 te
713 1379 863 1408 transferas
890 1379 924 1407 ad

81 1427 198 1456 aliorum
220 1427 352 1455 iudicium
374 1426 418 1455 vel
439 1430 644 1463 contemptum,
666 1426 714 1455 sed
734 1426 924 1463 quandocum-

81 1482 135 1512 que
156 1474 273 1508 videris,
294 1473 396 1510 aliquid
419 1473 496 1507 fieri,
518 1473 591 1510 quod
613 1473 661 1501 tibi
677 1473 834 1509 displiceat,
849 1475 925 1501 ante-

81 1529 163 1559 quam
184 1520 289 1549 iudices
303 1520 464 1554 facientem,
480 1520 569 1557 primo
588 1519 717 1557 respicias
732 1519 924 1556 temetipsum,

81 1570 175 1597 utrum
198 1567 225 1596 in
247 1569 273 1595 te
298 1566 420 1595 invenias
443 1566 547 1604 aliquid
568 1566 804 1603 reprehensibile;
826 1566 923 1603 quodsi

81 1614 234 1648 inveneris,
256 1616 322 1642 tunc
344 1614 371 1642 in
392 1613 454 1648 illo,
476 1614 502 1642 in
521 1622 577 1651 quo
592 1614 677 1642 alium
692 1613 812 1647 iudicas,
828 1616 924 1642 temet-

81 1662 170 1699 ipsum
191 1660 358 1695 condemna,
373 1660 487 1689 dicendo
508 1668 572 1689 cum
595 1660 730 1697 Propheta
741 1660 768 1688 6:
785 1661 844 1697 Eyo
858 1668 924 1688 sum

81 1708 132 1747 qai
149 1708 284 1745 peccavi,
305 1716 356 1745 eqo
376 1716 442 1736 sum
468 1707 520 1746 qui
539 1707 637 1745 inique
657 1707 703 1744 eyi
713 1717 723 1740 ,·
750 1710 777 1735 et
805 1715 859 1735 non
888 1707 925 1735 sis

82 1755 153 1784 sicut
167 1755 327 1792 hypocrita,
342 1754 407 1792 quia
422 1762 564 1791 nunquam
580 1753 692 1791 respicit
705 1753 829 1782 desectus
843 1761 924 1787 suos,

82 1801 128 1831 sed
148 1809 328 1839 praesumens
348 1801 382 1830 de
407 1809 450 1835 se,
472 1808 569 1829 omnes
583 1801 650 1829 alios
665 1800 783 1834 iudicat,
804 1800 925 1829 detrahit

81 1851 108 1878 et
138 1848 301 1877 condemnat
328 1851 355 1877 et
377 1848 437 1876 vult
457 1848 551 1877 videre
572 1848 706 1876 festucam
727 1847 754 1876 in
776 1847 864 1876 oculis
881 1854 925 1875 ce-

82 1898 222 1929 terorum,
244 1895 350 1924 trabem
372 1897 482 1929 autern,
503 1902 575 1932 quae
596 1894 678 1923 estin
694 1894 774 1923 oculo
789 1902 855 1928 suo,
870 1902 925 1922 non

82 1941 253 1975 considerat;
276 1948 358 1978 quem
382 1941 489 1970 Veritas
510 1940 705 1977 reprehendit,
718 1940 849 1968 dicens⁷:
865 1939 925 1977 Hy-

79 1988 209 2025 pocrz'ta,
224 1987 293 2016 eiice
304 1987 439 2025 primum
461 1987 572 2016 trabem
591 1987 625 2015 (Ie
639 1986 720 2015 oculo
736 1990 802 2021 tao,
817 1990 843 2015 et
858 1990 926 2015 tanc

980 1191 1140 1229 prospicies
1161 1196 1185 1220 et
1206 1192 1303 1220 videre
1320 1193 1429 1229 poteris
1450 1192 1593 1230 festucam
1615 1193 1646 1221 ia
1660 1193 1742 1221 ocato
1756 1192 1823 1230 fra-

980 1239 1035 1266 tris
1056 1238 1107 1267 tai.
1129 1238 1204 1267 Unde
1227 1247 1342 1268 versus:

1105 1294 1122 1316 O
1140 1294 1180 1322 qui
1199 1295 1308 1316 festucam
1327 1294 1401 1316 fratris
1417 1294 1536 1317 concernis
1552 1295 1634 1323 ocello,

1105 1334 1169 1361 Quae
1185 1335 1223 1355 tua
1242 1332 1364 1355 conturbat
1381 1333 1466 1355 lumina
1485 1334 1535 1356 tolle
1553 1333 1650 1356 trabem.

1060 1380 1086 1407 Ξ.
1110 1379 1288 1408 Bernardus‘3
1309 1379 1392 1407 dicit:
1420 1391 1433 1404 «
1448 1379 1518 1408 Cave
1545 1380 1649 1408 alienae
1670 1379 1741 1409 vitae
1762 1387 1822 1408 esse

982 1425 1109 1454 curiosus
1129 1426 1305 1462 explorator,
1327 1429 1375 1454 aut
1397 1426 1563 1455 temerarius
1583 1426 1668 1455 iudex
1681 1437 1687 1460 ;
1702 1426 1785 1455 etiam
1801 1426 1823 1455 si

982 1475 1155 1509 perpetraret
1176 1475 1283 1506 actum,
1303 1481 1385 1509 quem
1401 1473 1603 1510 reprehendas,
1625 1481 1675 1502 nec
1696 1473 1734 1502 sic
1753 1473 1824 1502 iudi-

982 1527 1027 1548 ces
1048 1519 1224 1556 proximum,
1247 1520 1333 1557 magis
1354 1523 1445 1548 autem
1468 1528 1588 1554 excusa;
1609 1528 1714 1549 excusa
1734 1520 1824 1549 inten-

982 1566 1100 1601 tionem,
1122 1566 1143 1595 si
1165 1574 1235 1603 opus
1256 1574 1391 1595 excusare
1413 1575 1468 1595 non
1489 1570 1581 1603 potes,
1603 1569 1670 1604 puta
1695 1567 1824 1604 ignoran-

983 1613 1064 1647 tiam,
1093 1616 1160 1649 puta
1187 1621 1297 1648 casum,
1326 1617 1392 1650 puta
1417 1614 1630 1651 surreptionem.
1652 1613 1754 1650 Quodsi
1783 1613 1823 1642 rei

982 1660 1119 1689 certitudo
1139 1660 1243 1689 nullam
1265 1660 1471 1689 excusationem
1494 1660 1606 1697 recipit,
1625 1660 1710 1689 suade
1724 1660 1823 1689 nihilo-

982 1706 1075 1735 minus
1096 1706 1154 1743 ipse
1175 1706 1223 1735 tibi
1251 1709 1278 1735 et
1308 1706 1351 1735 dic
1371 1706 1444 1743 apud
1466 1707 1661 1743 temetipsum:
1689 1706 1711 1735 O
1739 1714 1823 1744 quam

983 1753 1132 1782 vehemens
1152 1753 1204 1781 fuit
1225 1753 1270 1781 illa
1291 1753 1420 1781 tentatio!
1443 1757 1469 1782 et
1490 1753 1555 1790 quid
1579 1753 1613 1782 de
1627 1761 1670 1782 me
1685 1753 1730 1782 illa
1744 1753 1823 1782 fecis-

982 1802 1039 1834 set,
1061 1800 1082 1828 si
1103 1800 1253 1836 accepisset
1274 1800 1301 1828 in
1323 1808 1366 1829 me
1388 1800 1503 1829 similem
1530 1803 1692 1837 potestatem
1708 1803 1738 1829 »ἵ
1766 1801 1824 1829 Non

983 1847 1020 1876 sis
1040 1855 1106 1884 ergo
1127 1855 1233 1884 pronus
1254 1847 1287 1875 ad
1310 1847 1486 1876 iudicandum
1514 1848 1557 1876 vel
1584 1847 1617 1876 ad
1645 1855 1825 1876 murmuran-

982 1893 1066 1927 dum,
1088 1893 1135 1922 sed
1156 1893 1248 1930 potius
1269 1893 1359 1922 iudica
1379 1896 1407 1922 et
1432 1893 1537 1930 respice
1565 1893 1757 1930 temetipsum,
1784 1893 1825 1922 di-

983 1940 1069 1969 cendo
1090 1948 1152 1969 cum
1176 1940 1351 1977 Propheta⁹:
1380 1940 1565 1978 Iniquitatem
1591 1949 1686 1969 meam
1707 1949 1824 1969 annan-

984 1987 1061 2015 tz‘abo
1082 1990 1108 2015 et
1128 1987 1257 2024 eoyitabo
1277 1995 1332 2024 pro
1351 1990 1468 2024 peccato
1489 1996 1558 2016 meo.

146 2211 152 2224 ¹
171 2212 254 2234 Psalm.
275 2212 312 2239 16,
331 2212 352 2234 t.
369 2224 399 2228 ——
417 2212 519 2235 Subinde
537 2213 647 2240 allegatur
665 2213 740 2234 Matth.
758 2213 782 2240 ὃ,
800 2213 832 2234 16.
846 2225 875 2228 —-
888 2212 927 2234 Su⁴

86 2251 163 2279 perius
180 2257 222 2279 pro
239 2251 347 2281 sequaris
364 2257 402 2274 eos
421 2252 438 2273 H
456 2251 609 2280 respondeas,
637 2252 674 2273 cni
693 2252 697 2274 Ι
716 2251 778 2273 addit
805 2251 855 2278 eis,·
876 2254 928 2279 post

84 2289 154 2313 etiam
171 2290 193 2313 si
208 2290 281 2313 scires
300 2291 315 2313 L
333 2291 496 2319 prosequitur:
513 2290 583 2318 talia,
612 2290 639 2313 de
666 2290 750 2320 quibas
767 2290 813 2320 ipsi
829 2290 927 2320 loquim-

85 2329 133 2357 tur,
149 2329 191 2352 sed
204 2329 284 2359 potius
301 2329 380 2352 dicens
397 2335 451 2352 cum
469 2329 593 2358 Propheta

146 2367 155 2380 ²
173 2368 256 2390 Psalm.
274 2368 316 2394 54,
334 2369 371 2390 22.
389 2380 418 2383 -
438 2369 478 2390 1ἰ·ο
495 2367 637 2391 circumcide
654 2368 706 2390 edd.
725 2367 810 2391 occide.

147 2406 156 2419 ³
173 2407 258 2430 Eadem
276 2407 385 2429 sententia
404 2406 448 2429 sub
465 2407 558 2429 nomine
575 2406 704 2436 Auqastim'
715 2406 835 2429 exhibetur
847 2410 892 2428 tam
906 2407 927 2428 in

85 2445 170 2474 Opusc.
189 2446 218 2468 de
236 2446 303 2468 Modo
321 2446 443 2468 confitendi
460 2449 482 2468 et
497 2446 595 2474 puritate
607 2446 771 2472 conscientiae,
783 2453 802 2467 c.
819 2445 852 2473 14,
864 2445 927 2474 qnod

87 2487 109 2507 et
125 2485 146 2507 in
163 2484 274 2513 operibus
291 2485 314 2507 S.
331 2485 434 2507 Thomae
460 2484 555 2512 (Opnsc.
581 2484 619 2507 57.
637 2484 692 2506 alias
710 2484 757 2512 64.)
775 2487 797 2506 et
814 2485 836 2506 in
854 2484 928 2512 operi-

88 2522 130 2545 bus
147 2524 170 2546 S.
187 2524 274 2546 Bonav.
301 2524 429 2551 invenitur,
455 2530 525 2552 quam
545 2524 564 2545 in
584 2523 697 2551 Manipuio
723 2524 805 2545 florum
825 2524 928 2545 Thomae

86 2561 116 2584 de
133 2561 251 2589 Hibernia,
269 2562 308 2591 qui
326 2562 408 2589 allegat
429 2563 537 2590 August,
554 2562 584 2584 de
601 2562 774 2584 Cohabitatioue
791 2563 927 2585 clericorum

86 2603 110 2623 et
126 2601 246 2623 mulierum
265 2601 296 2625 (in
315 2601 350 2623 ed.
370 2601 465 2623 Mani-ln.
484 2607 528 2623 non
547 2601 695 2630 invenimus).
718 2601 740 2623 ln
759 2602 803 2623 tine
820 2607 862 2628 pro
880 2600 929 2623 Ilie-

88 2639 183 2670 ronymi
199 2640 253 2662 edd.
270 2639 381 2669 Greqorii
398 2639 559 2668 Nazianzeni,
578 2641 594 2662 ll
614 2639 735 2669 Gregorii,
754 2639 898 2669 Hieronymi.

150 2677 159 2691 ⁴
176 2679 262 2706 Regula
281 2679 444 2701 monachornm
463 2679 531 2707 (inter
549 2685 618 2707 opera
638 2679 737 2707 Hieron.)
755 2686 774 2701 c.
788 2679 813 2706 3,
826 2682 928 2701 sumtum

89 2722 115 2740 ex
132 2718 202 2745 Epist.
219 2718 255 2740 52.
274 2718 340 2745 (alias
358 2719 389 2746 2.)
408 2724 429 2740 n.
448 2718 470 2740 ὅ.
496 2719 538 2740 I‘ro
557 2724 604 2740 non
624 2724 647 2741 es
665 2721 737 2740 textus
754 2718 871 2745 originalis
887 2724 929 2741 nec

86 2757 150 2785 potes
167 2763 222 2780 esse.
240 2770 268 2772 —
286 2757 342 2780 Cod.
360 2758 377 2779 Α
395 2757 473 2779 addit:
491 2757 556 2780 Unde
574 2763 670 2779 versus:

166 2811 253 2838 Adam,
271 2812 420 2839 Samsoncm,
439 2812 543 2837 Petrum,
562 2811 647 2837 David,
665 2811 682 2833 si
702 2811 847 2833 Salomonem

166 2850 258 2872 Femina
276 2850 380 2878 decepit,
397 2851 449 2879 quis
467 2849 524 2872 benc
542 2853 604 2872 tntns
621 2850 682 2872 crit?

90 2899 125 2921 vel
142 2900 204 2922 aliter
214 2908 218 2922 :

168 2950 190 2972 Si
208 2951 259 2978 Lot,
276 2951 294 2973 si
313 2952 461 2978 samsonem,
478 2951 496 2973 si
515 2951 600 2978 David,
618 2950 636 2973 si
654 2951 799 2972 Salomonem

168 2989 258 3011 Femina
277 2990 379 3017 decepit,
397 2990 449 3018 quis
467 2989 525 3012 liene
541 2993 603 3011 tutus
619 2990 680 3011 crit?

984 2212 1057 2235 Codd.
1076 2213 1091 2234 B
1101 2212 1117 2235 C
1128 2213 1143 2234 L
1160 2212 1263 2234 addunt:
1281 2213 1306 2234 Et
1318 2216 1341 2234 ut
1354 2212 1454 2234 breviter
1467 2212 1541 2234 dicam
1552 2219 1557 2233 ⁴.
1570 2218 1638 2234 omne
1650 2212 1740 2240 lapsum
1752 2218 1764 2234 a
1778 2218 1826 2234 mu·

985 2252 1039 2273 lierc
1057 2251 1167 2279 procedit.
1185 2251 1353 2278 Reminisccre,
1369 2251 1487 2280 quomodo
1506 2251 1595 2278 primus
1612 2252 1681 2273 homo
1699 2257 1740 2279 per
1765 2251 1827 2273 t'emi-

984 2296 1026 2312 nae
1043 2290 1216 2317 suggestionem
1234 2290 1262 2312 sit
1280 2290 1369 2317 lapsus,
1387 2292 1409 2312 et
1430 2290 1548 2318 quomodo
1573 2290 1644 2318 inquit
1662 2289 1701 2312 lob
1718 2289 1770 2319 [cfr.
1789 2289 1826 2316 41,

985 2329 1048 2357 244:
1065 2329 1119 2352 Non
1136 2330 1171 2352 est
1184 2330 1300 2358 potestas,
1319 2335 1379 2358 quae
1395 2328 1491 2351 resistat
1515 2328 1543 2351 ei.
1570 2329 1635 2351 Unde
1652 2330 1705 2356 suge
1723 2329 1778 2351 illas.
1795 2341 1827 2345 —

984 2368 1041 2391 Cod.
1058 2369 1074 2390 G
1094 2368 1114 2390 in
1133 2369 1176 2390 hoc
1194 2370 1253 2390 textu
1271 2368 1319 2390 linit
1335 2368 1481 2395 opusculum.

1047 2405 1056 2417 ὓ
1074 2406 1142 2433 Epist.
1160 2407 1175 2428 l.
1192 2406 1243 2428 Cor.
1263 2406 1288 2434 4,
1306 2406 1327 2428 5,

1047 2444 1056 2457 ⁶
1074 2445 1134 2467 Lihr.
1154 2446 1175 2467 11.
1195 2446 1251 2472 neg.
1269 2444 1311 2471 24,
1330 2445 1365 2467 =17.
1383 2458 1413 2460 —
1431 2445 1541 2472 Superius
1559 2448 1610 2473 post
1627 2445 1738 2474 respicias
1751 2446 1827 2468 temet-

984 2484 1062 2513 ipsum
1087 2484 1146 2506 AB!
1165 2487 1351 2512 prosequuntur:
1378 2485 1460 2506 nte-um
1483 2485 1503 2506 te
1529 2483 1634 2507 invenias
1655 2483 1827 2513 repreliensibi-

985 2521 1043 2549 lem,
1061 2521 1146 2551 quodsi
1161 2521 1278 2544 inveneris
1296 2523 1316 2544 te
1333 2521 1358 2544 in
1376 2521 1428 2549 illo,
1447 2521 1471 2544 in
1488 2528 1534 2551 quo
1551 2521 1626 2544 aliam.
1645 2521 1778 2550 indicabas,
1796 2524 1826 2545 te-

985 2560 1111 2589 metipsum
1128 2564 1171 2583 etc.
1189 2561 1240 2583 Post
1257 2562 1313 2583 tnnc
1330 2561 1354 2583 ia
1371 2560 1411 2583 illo
1430 2561 1448 2583 D
1465 2561 1530 2583 addit
1545 2560 1642 2590 desecta.

1048 2598 1056 2611 ⁷
1075 2600 1128 2621 Luc.
1146 2601 1172 2627 6,
1191 2600 1232 2627 42,
1250 2599 1289 2622 ubi
1307 2606 1349 2627 pro
1366 2601 1387 2622 et
1402 2599 1481 2622 videre
1492 2599 1581 2629 poturis
1593 2600 1708 2629 festucam
1722 2600 1745 2623 in
1758 2600 1827 2624 oculo

986 2639 1083 2666 Vulgata
1103 2641 1127 2661 ut
1143 2638 1229 2661 educas
1253 2639 1369 2668 festucam
1394 2638 1421 2661 (le
1446 2638 1531 2666 oculos
1556 2640 1596 2661 cfr.
1621 2640 1696 2662 Matth.
1714 2640 1741 2667 ’7,
1759 2640 1779 2662 5.
1797 2652 1828 2656 -

986 2678 1072 2699 Versus
1089 2684 1153 2706 seqq.
1170 2678 1306 2700 omittuntur
1323 2684 1335 2699 a
1354 2678 1396 2699 1311
1408 2678 1431 2699 L.

1049 2715 1058 2727 ⁸
1076 2717 1148 2738 Serm.
1168 2716 1204 2738 40.
1222 2716 1243 2738 in
1260 2716 1323 2738 Cant.
1341 2723 1363 2738 n.
1381 2716 1402 2738 5.
1421 2716 1495 2738 Lectio
1513 2719 1588 2738 nostra
1607 2717 1659 2739 hinc
1680 2717 1731 2739 inde
1748 2723 1760 2739 a
1779 2723 1828 2739 ver-

987 2755 1021 2777 bis
1038 2759 1111 2778 tcxtns
1128 2756 1246 2783 originalis
1263 2755 1372 2781 discedit,
1390 2758 1480 2777 servata
1505 2758 1581 2778 tamen
1602 2756 1689 2784 integra
1709 2757 1830 2779 sententia.

987 2795 1029 2817 Pro
1039 2796 1188 2823 perpetraret
1199 2795 1278 2817 actum
1292 2796 1309 2816 A
1321 2794 1337 2815 Β
1347 2795 1362 2816 L
1372 2795 1484 2823 properet
1497 2794 1522 2823 [B
1533 2795 1548 2817 L
1557 2795 1684 2824 properat]
1696 2795 1719 2817 in
1732 2797 1829 2823 actum,-

987 2836 1059 2855 textns
1076 2833 1193 2861 originalis
1211 2833 1265 2861 legit
1278 2839 1407 2862 perperam
1424 2834 1502 2856 actum
1521 2833 1578 2863 quid
1598 2833 1770 2863 deprehendas,
1787 2840 1829 2857 nec

986 2872 1019 2895 sic
1036 2871 1124 2894 iudices
1141 2875 1183 2893 etc.

1049 2909 1059 2922 ⁰
1076 2911 1158 2932 psalm.
1175 2910 1217 2937 37,
1239 2911 1271 2932 19.
1290 2924 1319 2926 -
1337 2910 1392 2933 Cod.
1410 2911 1416 2932 Ι
1435 2912 1477 2933 hoc
1494 2917 1544 2939 cap.
1562 2912 1689 2939 transponit
1710 2912 1739 2934 ad
1760 2912 1828 2935 finem

987 2949 1100 2977 opusculi.

1838 1388 1971 1407 confirmatur.
