2133 3317
562 201 758 231 OPUSCULUM
778 202 820 230 xi.
842 202 1004 231 APOLOGIA
1025 203 1206 232 PAUPERUM.
1228 203 1295 232 CAP.
1318 203 1370 232 vlt.

15 283 17 322 1
180 282 223 309 15.
246 280 290 308 His
312 279 459 308 concordat
476 279 657 316 Hieronymus
672 279 704 308 ad
727 279 901 308 Heliodorum
914 280 940 307 ¹:

0 340 87 370 utnymut.
106 328 203 361 «Nolo,
218 330 244 355 te
258 326 342 354 huius
356 325 584 362 peregrinationis
598 328 702 354 terreat
715 325 877 360 difficultas;
893 326 940 363 qui

100 375 128 404 in
148 373 287 402 Christum
311 372 400 400 credis
427 375 454 400 et
479 371 539 400 eius
560 371 641 400 crede
660 372 849 401 sermonibus:
872 372 940 400 Pri—

99 428 181 450 mum
201 418 332 457 quaerite
352 426 476 455 requam
501 418 569 452 Dei,
591 422 617 446 et
644 417 714 446 liaeo
741 418 841 446 onmia
865 418 941 447 actii-

100 467 212 497 cientur
239 464 327 493 vobis.
350 465 406 493 Non
435 472 502 501 pera
522 465 571 493 tibi
593 464 743 499 sumenda,
771 473 826 493 non
847 465 940 501 virga;

12 542 13 547 ,
99 513 199 543 affatim
220 511 296 540 dives
317 514 359 540 est
379 511 427 548 qui
448 519 512 540 cum
533 511 643 540 Christo
663 519 769 548 pauper
794 515 836 540 est
854 523 880 539 n.
902 527 941 531 —

11 551 14 583 i
99 559 218 588 -Idem
229 558 263 586 ad
275 557 417 586 Rusticum
430 558 596 586 monachum
609 558 633 586 ²:
653 569 666 583 «
678 557 704 586 Si
716 557 801 586 habes
812 557 940 586 substan-

12 598 13 609 *
99 607 172 640 tiam,
193 605 280 633 vende
300 608 326 632 et
346 604 386 632 da
404 604 603 641 pauperibus;
618 604 639 632 si
655 612 709 632 non
725 604 822 638 babes,
843 603 938 640 grandi

97 660 179 682 onere
200 651 333 680 liberatus
353 658 398 685 es,
420 651 526 679 nudum
548 651 688 679 Christum
703 650 795 679 nudus
813 658 938 687 sequere.

98 700 203 728 Durum
213 720 220 732 ‚
237 697 357 734 grande,
377 697 503 731 difficile,
519 697 566 726 sed
586 705 685 734 magna
699 699 765 725 sunt
779 696 901 733 praemia
912 708 937 724 ι».

97 746 206 774 Constat
225 748 331 778 autem,
353 743 427 781 quod
454 743 557 772 duritia
584 746 611 772 et
638 743 786 772 difficultas
806 751 860 771 non
882 746 939 777 est,

97 800 159 821 cum
179 791 335 828 proprietas
356 798 452 819 rerum
474 790 675 824 contemnitur,
690 790 742 818 nisi
757 790 874 826 penuria
895 797 939 818 co-

11 843 74 887 9¹³¹*
98 838 219 868 mitetur.
240 854 280 858 —
301 837 337 865 Ad
359 837 412 866 hoc
432 837 523 874 ipsum
552 839 656 873 spectat
682 836 756 872 quod
786 836 852 864 dicit
872 836 938 864 Gre-

1 849 49 906 sm
97 884 190 922 gorius
211 883 397 912 Nazianzenus
418 883 446 911 in
466 882 595 919 Apologia
615 890 665 910 sua
687 882 757 910 libro
778 881 937 910 secundo⁸:

101 942 114 956 α
128 930 179 959 Sed
201 932 407 966 paupertatem,
429 929 534 966 inquit,
555 931 583 957 et
613 928 758 965 penuriam
784 927 937 964 exprobra-

96 978 172 1006 bunt.
195 976 263 1005 Istae
284 979 349 1004 sunt
373 975 484 1004 divitiae
516 982 601 1003 meae.
634 975 686 1003 lsta
707 982 750 1003 me
772 982 826 1002 non
848 974 938 1002 solum

95 1023 270 1061 gloriantem,
293 1022 340 1050 sed
360 1022 444 1051 etiam
465 1024 641 1058 arrogantem
663 1021 735 1049 facit.
751 1021 850 1049 Videor
865 1020 937 1049 enim

96 1071 163 1100 mihi
191 1070 243 1098 hoc
273 1069 370 1098 audire
392 1069 426 1097 ab
458 1068 590 1103 inimicis,
616 1068 682 1105 quia
712 1068 834 1105 vestigiis
864 1067 938 1096 illius

95 1117 233 1151 incedam,
255 1116 307 1154 qui
325 1119 444 1152 propter
463 1123 517 1143 iios
537 1123 652 1152 pauper
672 1114 771 1152 factus
792 1118 849 1148 est,
871 1122 937 1143 cum

95 1163 173 1192 clives
192 1166 279 1195 esset;
298 1166 382 1198 atque
409 1161 515 1190 utinam
546 1169 652 1190 exuere
676 1169 720 1190 me
741 1168 849 1197 possem
880 1160 939 1188 istis

95 1209 262 1247 panniculis,
284 1208 387 1246 quibus
407 1207 574 1236 circumdari
596 1207 703 1242 videor,
719 1211 750 1236 ut
764 1207 856 1236 nudus
870 1207 939 1236 effu-

95 1263 187 1293 gerem
209 1255 301 1292 spinas
322 1254 441 1288 saeculi,
463 1262 534 1291 quae
556 1254 676 1283 retinent
690 1256 717 1282 et
732 1257 861 1282 revocant
876 1261 938 1290 per-

0 1303 80 1339 immas.
96 1305 189 1340 gentes
216 1301 250 1330 ad
278 1301 366 1330 Deum
379 1313 406 1329 ι».
428 1301 498 1329 Haec
518 1304 630 1329 sanctus
650 1301 808 1337 Gregorius.
832 1317 867 1320 —
893 1300 939 1329 His

0 1346 1 1349 ’
95 1351 224 1378 consonat
245 1348 319 1385 quod
341 1348 406 1376 dicit
427 1347 622 1376 Bernardus4:
642 1359 655 1372 α
668 1347 787 1376 Habetur
810 1347 836 1375 in
852 1347 939 1375 Evan-

95 1395 164 1433 gelio
185 1397 212 1424 et
232 1394 408 1431 perfectionis
428 1394 573 1423 consilium
594 1397 621 1422 et
642 1393 794 1422 remedium
821 1394 938 1422 infirmi-

95 1442 165 1471 tatis.
189 1441 281 1470 Nolite
302 1440 509 1469 thesaurizare
530 1440 610 1469 vobis
625 1439 779 1468 thesauros
793 1440 825 1468 in
840 1444 938 1473 terra,-

95 1489 161 1517 haec
189 1488 320 1525 perfectio
347 1490 404 1522 est,
433 1487 569 1524 siquidem
596 1487 693 1515 Filius
720 1486 862 1520 hominis,
889 1486 940 1515 ubi

94 1538 182 1572 caput
203 1534 373 1568 reclinaret,
394 1543 452 1562 11011
475 1533 604 1562 habebat.
628 1534 707 1562 Petro
728 1537 755 1562 et
776 1533 866 1562 loanni
888 1542 939 1562 1100

94 1585 249 1619 arqentum
269 1589 320 1609 1100
340 1589 452 1609 aarum
480 1585 552 1609 erat.
585 1581 685 1609 Paulus
717 1580 835 1617 simplici
863 1580 938 1609 victu

94 1628 250 1665 vestituque
262 1630 416 1662 contentus,
432 1628 500 1656 haec
514 1627 573 1664 ipsa
587 1627 681 1656 labore
697 1635 830 1655 manuum
844 1627 939 1664 acqui-

94 1675 180 1704 rebat.
210 1674 261 1703 Sed
288 1683 347 1703 11011
375 1683 471 1703 onmes
493 1674 615 1711 capiunt
640 1673 759 1702 verbum
785 1672 836 1702 ltoe
867 1674 939 1702 sicut

94 1729 144 1750 nec
175 1721 319 1750 consilium
342 1721 513 1750 castitatis».
536 1721 685 1757 Hucusque
706 1720 870 1749 Bernartius.
901 1736 938 1740 —

1 1771 78 1790 madius.
94 1767 250 1797 Gennadius
281 1775 392 1804 quoque
423 1767 457 1796 de
491 1767 687 1796 Ecclesiasticis
720 1767 937 1803 Dogmatibus⁵z

100 1814 231 1843 «Bonum
259 1817 316 1848 est,
339 1814 438 1851 inquit,
466 1814 610 1842 facultates
641 1821 704 1842 011111
737 1813 938 1850 dispensatione

93 1861 263 1898 pauperibus
283 1868 407 1897 erogare,
429 1860 476 1889 sed
497 1860 597 1889 melius
611 1863 653 1889 est
666 1868 717 1897 pro
731 1860 882 1889 intentione
896 1868 938 1889 se-

93 1908 194 1945 quendi
217 1908 363 1936 Dominum
385 1907 469 1936 semel
490 1907 608 1941 donare,
630 1910 657 1935 et
685 1906 843 1935 absolutum
865 1907 938 1936 solli-

93 1953 229 1988 citudine,
244 1961 325 1990 egere
346 1961 409 1982 cum
430 1953 540 1982 Christo
554 1964 581 1980 ».
603 1952 655 1981 Sed
676 1952 724 1989 qui
745 1953 843 1987 habet,
864 1953 937 1982 unde

93 2003 263 2030 sustentetur
290 2000 402 2037 proprie
422 2008 478 2028 non
498 1999 600 2028 dicitur
621 2007 718 2036 egere;
741 2008 804 2028 nam
825 2000 858 2028 de
884 2000 937 2029 11113

93 2047 195 2084 quibus
215 2050 300 2075 erant
313 2046 413 2075 omnia
428 2046 613 2080 communia,
628 2046 656 2074 in
670 2046 782 2075 Actibus
794 2046 804 2063 ⁶
819 2046 935 2075 dicitur:

93 2093 150 2122 Nec
163 2097 226 2122 erat
241 2093 397 2131 quisquam
419 2101 502 2130 cyens
523 2092 599 2120 iuter
612 2101 667 2120 eos.
683 2109 721 2113 -
736 2092 890 2127 Postremo,
905 2095 937 2121 ut

156 2314 164 2326 ¹
182 2314 252 2342 Epist.
272 2314 305 2336 11.
324 2314 387 2342 (alias
408 2314 437 2341 l.)
457 2321 478 2336 n.
500 2315 522 2336 t:
540 2315 606 2341 Nolo,
620 2317 640 2336 te
652 2315 759 2344 antiquae
775 2316 938 2343 peregrinatio-

95 2353 130 2375 nis
147 2356 189 2375 etc.
206 2353 322 2381 Allegatur
345 2353 421 2375 Manu.
444 2353 469 2380 θ,
492 2353 530 2375 33.
552 2356 573 2375 et
591 2353 711 2381 respicitur
736 2354 811 2376 Matth.
831 2355 872 2381 to,
899 2355 936 2376 10:

97 2392 145 2415 Non
162 2398 241 2420 peram
260 2392 281 2414 in
298 2391 335 2413 ria
352 2395 396 2414 ete.

158 2429 166 2442 ²
183 2430 253 2458 Epist.
275 2430 323 2452 125.
342 2430 406 2458 (alias
432 2430 462 2458 st.)
489 2436 510 2452 n.
534 2430 571 2452 20.
591 2430 611 2452 in
630 2430 682 2452 fine.
707 2430 835 2458 Respicitur
860 2432 937 2454 Matth.

101 2470 133 2496 19,
150 2470 187 2492 21.

158 2507 167 2519 ¹³
185 2507 246 2530 Orat.
265 2508 301 2530 26.
319 2514 341 2530 11,
365 2507 398 2529 14.
417 2507 499 2535 ltiigne,
518 2508 575 2529 Patr.
588 2508 734 2530 Graeco-Lat.
746 2510 801 2530 tom.
814 2508 852 2530 35.
873 2508 938 2536 (alias

97 2547 134 2568 28.
151 2553 175 2568 n.
202 2547 262 2575 33.):
289 2547 471 2574 «Paupertatem
498 2545 625 2568 obiicient?
643 2547 703 2569 Meas
728 2547 813 2569 scilicet
835 2553 891 2574 opes
916 2550 938 2569 et

96 2585 181 2612 copias.
203 2585 276 2614 Atque
294 2585 381 2607 utinam
398 2588 420 2607 et
438 2591 527 2613 pannos
545 2586 614 2607 hosce
631 2591 713 2607 exuere
736 2591 839 2613 possem,
858 2589 882 2607 111
898 2587 937 2608 1111-

96 2623 131 2646 1113
147 2623 207 2646 vitae
225 2624 302 2651 spinas
327 2624 404 2646 nudus
429 2630 598 2651 pereurrerem;
617 2624 703 2646 utinam
721 2627 743 2646 et
759 2630 855 2652 gravem
878 2625 937 2647 hanc

97 2662 195 2684 tunicam
213 2668 284 2691 quain
301 2663 419 2684 celerrime
445 2662 582 2690 abiicerem,
605 2665 629 2684 ut
651 2663 760 2685 leviorem
778 2663 936 2691 accipet-emat

96 2701 156 2724 Haec
181 2702 252 2724 oratio
278 2701 422 2724 inscribitur:
443 2710 454 2722 c
467 2702 494 2724 1η
510 2708 535 2724 se
560 2702 650 2731 ipsum,
668 2708 721 2724 011111
742 2708 794 2724 11110
820 2702 935 2729 rediisset,

97 2744 191 2769 postea
208 2747 268 2770 quae
291 2747 303 2763 a
328 2741 424 2764 Maximo
450 2744 579 2768 perpetrata
598 2742 720 2763 ruerant».
737 2741 767 2763 Ex
784 2747 829 2769 qua
856 2741 934 2764 inscri-

97 2779 174 2807 ptione
191 2780 266 2807 colligi
284 2783 365 2807 potest,
382 2785 454 2808 quare
472 2780 528 2802 baec
545 2779 617 2801 oratio
643 2782 746 2807 tempore
762 2780 936 2802 Bonaventurae

97 2818 210 2840 nominata
229 2819 256 2840 sit
273 2817 388 2847 Apoloqia
405 2818 491 2846 (Oratio
509 2818 531 2840 in
548 2824 572 2840 se
586 2818 661 2846 ipsum
679 2818 715 2840 vel
734 2824 775 2846 pro
787 2824 812 2840 se
823 2818 897 2847 ipso);
915 2821 937 2841 et

96 2856 150 2885 quia
167 2857 244 2884 plures
261 2860 348 2880 exstant
365 2856 489 2880 Orationes
507 2856 530 2879 in
547 2863 572 2880 se
588 2856 678 2886 ipsum,
695 2857 787 2879 forsitan
800 2858 856 2879 haec
876 2856 936 2880 libro

96 2894 196 2918 secundo
208 2894 375 2918 continebatur.
384 2895 429 2918 Ctr.
442 2896 497 2917 infra
510 2901 530 2918 c.
543 2896 565 2918 8.
578 2901 598 2917 n.
615 2895 648 2917 17.
658 2895 773 2923 Altegatur
786 2896 808 2917 11.
821 2894 872 2918 Cor.
883 2896 904 2922 8,
914 2896 935 2918 9.

158 2932 167 2945 ⁴
184 2932 348 2956 Declamation.
365 2937 408 2956 etc.
426 2934 475 2957 (etr.
493 2939 562 2961 supra
581 2939 634 2961 pag.
648 2933 684 2961 45,
697 2936 747 2955 nota
761 2934 792 2962 8.)
805 2933 859 2956 Viti.
875 2940 896 2956 n.
910 2934 936 2956 8:

97 2971 185 2994 Habent
207 2971 358 3001 [imperfecti]
375 2972 435 2994 enim
461 2972 584 2999 Evangelia
607 2975 628 2994 et
654 2972 799 3000 perfectionis
815 2975 858 2994 etc.
880 2972 935 2994 Alle-

1786 205 1842 232 277

998 280 1072 309 clare
1092 280 1171 309 nobis
1191 281 1351 316 innotescat,
1373 289 1444 318 quae
1465 281 1500 310 sit
1519 281 1768 310 abrenuntiationis
1786 281 1842 309 for—

998 334 1042 355 ma
1063 326 1225 363 perfectior;
1241 328 1436 357 attendendum
1452 328 1527 365 quod
1541 328 1607 357 dicit
1622 328 1692 357 Beda
1710 336 1795 365 super
1810 328 1841 356 il-
1858 334 1917 353 Beda-

998 373 1046 401 lud
1074 373 1155 401 Marci
1171 374 1198 401 ⁷:
1220 373 1335 403 Relictis
1363 374 1515 409 omnibus,
1543 378 1659 403 secutus
1685 378 1726 403 est
1756 383 1840 402 eum:

1002 430 1015 444 α
1032 419 1179 448 Perfectam
1211 420 1290 449 nobis
1321 420 1568 450 abrenuntiationis
1599 421 1700 450 saeculi
1725 421 1841 449 formam

998 465 1111 499 tribuit,
1132 466 1199 494 dum
1221 475 1275 495 non
1296 467 1386 495 solum
1407 467 1486 495 lucra
1511 467 1623 504 reliquit
1651 467 1841 504 vectigalium,

997 512 1044 541 sed
1065 515 1093 540 et
1114 512 1237 549 pericula
1257 513 1430 549 contempsit.
1446 514 1531 542 Tanta
1548 514 1621 542 enim
1636 514 1786 551 cupiditate
1800 521 1842 542 se-

997 558 1099 595 quendi
1128 558 1275 587 Dominum
1300 559 1402 588 ductus
1430 563 1487 594 est,
1510 563 1540 588 ut
1568 560 1596 589 in
1621 560 1697 589 nullo
1725 568 1841 597 prorsus

997 605 1081 633 huius
1102 605 1174 634 vitae
1195 608 1352 642 respectum
1382 606 1425 635 vel
1453 606 1643 643 cogitationem
1665 607 1775 635 sibimet
1797 614 1840 635 re-

997 651 1150 680 servaverit
1162 663 1188 679 n.

1077 698 1120 725 16.
1143 697 1192 726 Per
1208 698 1274 726 haec
1290 706 1434 727 sacrorum
1455 699 1600 728 doctorum
1615 699 1770 728 testimonia
1784 703 1839 728 tam
1857 705 1964 724 Conclusio-

996 744 1140 773 manifesta
1160 753 1244 781 quam
1268 748 1343 774 certa
1374 749 1400 774 et
1427 746 1481 774 alia
1502 746 1637 782 plurima,
1659 754 1731 783 quae
1758 755 1841 776 causa

995 791 1164 827 prolixitatis
1184 792 1311 820 vitandae
1332 792 1507 821 reticentur8
1534 793 1568 821 ad
1600 801 1746 829 praesens,
1769 794 1838 822 irre-

995 836 1119 873 fragabili
1148 840 1237 873 potest
1258 838 1364 867 ratione
1390 839 1532 873 concludi,
1555 839 1629 876 quod
1650 840 1791 868 Christum
1813 843 1840 868 et

994 883 1134 919 Apostolos
1149 884 1248 912 imitari
1265 892 1319 913 non
1335 885 1424 913 solum
1440 885 1531 921 quo-‘td
1546 885 1756 914 abdicationem
1770 895 1840 923 pro-

991 929 1170 966 prietatum,
1198 938 1296 958 verum
1312 931 1393 959 etiam
1409 931 1499 967 quoad
1514 935 1674 960 extremam
1696 936 1839 969 temporet-

994 975 1067 1003 lium
1094 984 1195 1004 rerum
1220 977 1398 1013 penuriam,
1420 985 1491 1014 quae
1513 978 1637 1006 consistit
1658 979 1686 1006 in
1718 980 1839 1007 carentia

994 1022 1198 1058 possessionum
1219 1026 1247 1051 et
1268 1023 1467 1059 pecuniarum,
1482 1032 1536 1052 non
1552 1024 1640 1052 solum
1656 1028 1696 1053 est
1718 1025 1838 1059 licitum,

994 1068 1041 1097 sed
1069 1071 1097 1097 et
1118 1068 1254 1098 laudabile
1276 1073 1303 1098 et
1324 1070 1485 1106 perfectum.
1515 1071 1573 1099 Non
1602 1074 1691 1100 tamen
1720 1079 1756 1100 ex
1788 1072 1839 1100 hoc
1857 1077 1940 1096 Camela-

994 1115 1076 1144 debet
1097 1116 1138 1144 vel
1161 1118 1250 1152 potest
1270 1116 1383 1150 inferri,
1405 1117 1479 1153 quod
1503 1117 1635 1146 abdicatis
1660 1125 1755 1146 rerum
1777 1127 1840 1155 pro-

995 1161 1174 1198 prietatibus,
1196 1162 1336 1199 possidere
1357 1163 1461 1200 aliquid
1483 1163 1510 1191 in
1533 1164 1671 1192 communi
1688 1165 1723 1193 sit
1738 1165 1840 1202 imper-

994 1208 1114 1243 fectum,
1136 1209 1217 1245 quia,
1239 1209 1311 1238 sicut
1332 1210 1469 1246 perfectae
1500 1210 1633 1239 castitatis
1652 1210 1752 1240 diversi
1776 1215 1841 1240 sunt

995 1254 1084 1289 modi,
1106 1263 1226 1292 quorum
1249 1256 1333 1284 variis
1355 1257 1553 1293 praerogativis
1574 1261 1668 1286 sancta
1683 1260 1770 1286 mater
1792 1258 1840 1287 Ec-

995 1301 1076 1330 clesia
1103 1305 1235 1338 tanquam
1256 1306 1481 1331 ornamentorum
1508 1303 1639 1332 varietate
1659 1303 1808 1333 decoratur
1820 1305 1839 1339 ⁹,

995 1347 1033 1375 sic
1054 1350 1081 1376 et
1102 1348 1128 1375 in
1151 1348 1239 1376 modis
1260 1348 1397 1384 perfectae
1428 1349 1599 1385 paupertatis
1629 1349 1837 1387 intelligendum

994 1396 1051 1427 est,
1073 1401 1242 1430 quamquam
1274 1403 1328 1423 non
1357 1395 1392 1423 sit
1419 1403 1469 1432 per
1497 1396 1589 1424 omnia
1616 1396 1706 1424 simile
1728 1396 1791 1425 hinc
1812 1400 1838 1425 et

995 1440 1071 1474 inde,
1093 1440 1164 1469 sicut
1185 1440 1330 1477 diligenter
1351 1441 1535 1470 consideranti
1557 1445 1599 1471 est
1619 1442 1741 1471 evidens.

1075 1488 1119 1515 17.
1142 1487 1187 1515 His
1207 1491 1300 1516 autem
1322 1496 1376 1516 non
1397 1488 1488 1517 obstat
1513 1489 1762 1526 praeallegatorum
1784 1490 1839 1518 vita
1862 1496 1966 1523 Difficultas

994 1533 1175 1567 Sanctorum,
1198 1534 1245 1570 qui
1272 1534 1430 1563 communia
1458 1535 1655 1571 possederunt,
1684 1536 1762 1573 quasi
1784 1545 1838 1565 non
1872 1520 1956 1538 ⁵⁰¹v¹²¹¹n

994 1579 1142 1608 debuerint
1162 1580 1242 1609 aliter
1263 1580 1362 1610 docere
1383 1589 1467 1618 quam
1489 1582 1591 1616 vivere,
1613 1583 1679 1619 quia
1700 1591 1759 1611 mos
1780 1591 1839 1612 esse

994 1626 1063 1655 solet
1084 1626 1136 1663 piis
1156 1626 1331 1662 doctoribus,
1354 1631 1385 1656 ut
1407 1636 1453 1656 eas
1473 1628 1610 1657 virtutum
1624 1629 1839 1666 praerogativas,

994 1672 1097 1709 quibus
1117 1680 1213 1701 carere
1234 1681 1262 1702 se
1286 1674 1393 1708 vident,
1415 1674 1442 1703 in
1464 1675 1524 1704 aliis
1553 1675 1690 1704 mirentur
1712 1679 1739 1705 et
1760 1684 1839 1713 prae-

994 1719 1101 1753 dicent,
1116 1719 1188 1748 sicut
1202 1720 1384 1757 Hieronymus
1398 1721 1432 1749 ad
1447 1721 1652 1750 Pammachium
1666 1722 1688 1739 1⁰
1702 1722 1838 1751 scribens:
1854 1729 1985 1753 Hieronymus·

999 1777 1012 1790 «
1029 1765 1234 1802 Virginitatem,
1263 1766 1368 1804 inquit,
1397 1768 1425 1796 in
1456 1768 1563 1796 caelum
1591 1768 1665 1803 fero,
1694 1777 1748 1797 non
1774 1769 1840 1806 quia

996 1813 1097 1847 habeo,
1119 1813 1165 1842 sed
1186 1813 1252 1850 quia
1273 1814 1360 1851 magis
1388 1814 1474 1843 miror
1502 1815 1577 1851 quod
1597 1823 1652 1843 non
1674 1816 1769 1844 habeo.
1798 1816 1839 1844 In-

994 1867 1084 1896 genua
1104 1860 1177 1888 enim
1198 1863 1225 1888 et
1247 1860 1403 1889 verecunda
1424 1861 1557 1890 confessio
1571 1865 1629 1896 est,
1645 1870 1701 1898 quo
1722 1862 1780 1899 ipse
1794 1870 1838 1891 ca-

994 1913 1056 1934 reas
1082 1906 1110 1934 in
1130 1906 1190 1934 aliis
1217 1906 1385 1943 praedicare.
1415 1907 1557 1944 Nunquffl,
1579 1908 1645 1945 quia
1670 1909 1747 1945 gravi
1778 1917 1839 1938 cor-

994 1960 1060 1989 pore
1076 1956 1166 1981 terrae
1182 1953 1298 1988 haereo,
1312 1954 1405 1982 avium
1420 1962 1475 1983 non
1496 1954 1582 1983 miror
1597 1955 1705 1984 volatus
1716 1958 1749 1984 n?
1770 1956 1838 1985 Haec

993 1999 1182 2036 Hieronymus.
1215 2016 1253 2021 -—
1281 2000 1330 2029 Cui
1358 2001 1439 2029 etiam
1465 2001 1678 2038 Chrysostomus
1708 2006 1839 2032 consonat
1861 2008 1970 2031 Chrysosto-

993 2046 1105 2075 homilia
1126 2049 1221 2076 octava
1236 2055 1320 2084 super
1334 2048 1501 2077 Matthaeum
1514 2049 1546 2082 ¹¹,
1562 2049 1609 2085 qui
1624 2049 1768 2086 Aegyptios
1781 2057 1839 2078 mo-
1891 2037 1939 2050 [Μ’

992 2093 1095 2122 nachos
1126 2093 1255 2128 laudans,
1286 2094 1342 2122 ait:
1379 2095 1484 2123 «Nunc
1514 2095 1627 2124 veniens
1658 2096 1684 2124 in
1713 2104 1838 2125 eremum

994 2318 1077 2344 gantur
1094 2317 1171 2339 lllatth.
1188 2317 1210 2345 6,
1230 2317 1265 2338 19.
1282 2319 1304 2339 et
1322 2317 1348 2344 8,
1366 2318 1408 2345 20;
1426 2317 1474 2339 Act.
1491 2317 1512 2344 3,
1531 2318 1556 2345 ὃς
1575 2318 1589 2339 Ι.
1612 2318 1672 2340 Tim.
1689 2318 1716 2345 6,
1734 2319 1763 2346 8;
1789 2318 1837 2340 Act.

993 2356 1035 2382 20,
1054 2355 1092 2377 34.
1108 2358 1129 2377 et
1147 2356 1223 2377 Mattli.
1245 2356 1283 2383 19.
1303 2356 1340 2378 ’11.

1055 2394 1065 2408 ⁵
1083 2393 1139 2422 Cap.
1157 2394 1194 2416 38.
1212 2393 1276 2422 (alias
1293 2394 1348 2423 71.).
1367 2395 1409 2416 Pro
1425 2394 1497 2417 semel
1515 2394 1554 2423 (ita
1572 2394 1693 2417 BCDEG
1707 2401 1759 2417 011111
1774 2398 1834 2418 textu

993 2432 1108 2461 originali)
1127 2432 1180 2454 edd.
1196 2431 1277 2455 simul.

1056 2468 1065 2481 ¹³
1082 2470 1136 2497 Cap.
1155 2470 1176 2498 t,
1194 2470 1230 2492 33.
1249 2473 1271 2492 01
1296 2470 1333 2492 34.
1354 2483 1385 2487 -
1403 2471 1514 2498 Superius
1539 2474 1591 2498 post
1615 2473 1759 2495 sustentetur
1781 2472 1835 2495 edd.

993 2511 1071 2531 contra
1089 2509 1107 2530 Α
1118 2509 1133 2530 Β
1143 2508 1159 2531 C
1170 2509 1187 2530 D
1197 2509 1212 2530 E
1229 2509 1318 2531 addunt
1334 2509 1421 2532 scilicet
1438 2509 1462 2532 in
1479 2510 1606 2532 communi.

1056 2547 1064 2559 ⁷
1082 2547 1143 2569 Libr.
1161 2549 1175 2570 1.
1192 2548 1214 2570 in
1233 2548 1300 2570 Marc.
1320 2549 1340 2576 2,
1364 2548 1402 2570 14:
1421 2548 1448 2572 Et
1464 2555 1566 2578 3111913113
1587 2549 1649 2578 [Leti
1670 2550 1764 2578 Alpliaei
1786 2550 1836 2573 sive

994 2585 1127 2615 Matthaeus]
1145 2587 1239 2609 secutus
1257 2588 1291 2609 est
1306 2593 1372 2615 eum,
1391 2587 1430 2609 ubi
1448 2588 1523 2615 Beda,
1541 2588 1593 2610 Luc.
1612 2588 1634 2615 5,
1646 2589 1683 2610 28.
1697 2588 1786 2611 verbis:
1805 2589 1833 2611 Et

993 2625 1080 2648 relc'cti's
1098 2624 1213 2653 omnibus,
1231 2631 1332 2654 sm'qeus
1348 2626 1442 2649 secutus
1467 2627 1500 2649 est
1525 2632 1591 2654 eum,
1609 2627 1730 2655 allegatam
1749 2631 1836 2650 senten·

993 2663 1048 2685 tiam
1065 2663 1192 2691 subiungit.
1210 2664 1251 2685 Pro
1270 2665 1295 2686 ut
1312 2663 1335 2686 iu
1352 2663 1419 2687 nullo
1435 2670 1536 2693 prorsus
1549 2664 1620 2687 huius
1631 2665 1692 2688 vitae
1704 2667 1835 2695 respectum

993 2702 1072 2729 plures
1088 2702 1156 2724 codd.
1174 2708 1226 2724 cum
1245 2702 1281 2724 ed.
1300 2703 1307 2724 1
1329 2706 1351 2725 01
1369 2703 1420 2725 Υεη,
1437 2704 1463 2725 ut
1478 2702 1545 2726 millo
1559 2709 1663 2732 prorsus
1686 2703 1757 2727 liuius
1775 2704 1835 2727 ritae

992 2742 1106 2770 respectu.

1055 2778 1064 2791 ⁸
1083 2779 1139 2801 Edd.
1157 2786 1216 2809 quac
1233 2785 1307 2802 causa
1324 2779 1442 2803 brevitatis
1459 2779 1569 2803 vitandae
1585 2782 1732 2804 resecantur.

1055 2816 1064 2829 ⁹
1081 2818 1126 2840 Cir.
1143 2824 1212 2845 supra
1233 2824 1285 2846 pag.
1304 2818 1357 2845 250,
1374 2821 1426 2841 nota
1444 2819 1466 2841 6.

1056 2855 1075 2868 ¹0
1092 2856 1161 2884 Epist.
1179 2856 1215 2878 ts.
1234 2856 1297 2885 (alias
1314 2857 1361 2885 50.)
1379 2863 1401 2879 n.
1421 2857 1458 2879 20.

1056 2894 1073 2907 ¹¹
1091 2895 1158 2917 Num.
1177 2895 1198 2917 t.
1215 2897 1237 2917 et
1254 2895 1276 2917 5.
1293 2895 1377 2918 Textus
1393 2896 1509 2923 originalis
1531 2899 1582 2924 post
1598 2896 1705 2926 effectam
1723 2900 1745 2920 et
1762 2897 1834 2920 urba-

992 2933 1088 2956 nitatem
1106 2940 1131 2955 ac
1148 2933 1226 2956 zelum
1244 2934 1314 2956 multa
1326 2934 1397 2956 addit.
1409 2935 1451 2956 Pro
1463 2934 1588 2959 eoez'stentz'a
1601 2935 1663 2958 enim
1675 2935 1754 2959 onmia
1767 2936 1835 2959 est-uu·

993 2972 1031 3001 (de
1049 2973 1090 2994 liae
1107 2973 1193 2995 Graeca
1211 2973 1391 3002 constructione,
1408 2979 1478 3002 quam
1496 2973 1603 2996 exhibent
1614 2973 1684 2997 ΑΒΕ
1695 2974 1713 2996 D
1725 2977 1746 2997 et
1763 2975 1800 2997 ed.
1813 2975 1833 3004 1,
