2133 3317
766 392 1075 429 OPUSCULUM
1099 392 1150 428 II.

336 517 842 575 SPECULUM
894 517 1586 575 CONSCIENTIAE

910 651 1010 676 ALIAS

674 751 957 794 SPECULUM
993 751 1208 794 ANIMAE
1228 746 1247 794 ¹.

861 1211 1067 1237 PROOEMIUM.

159 1294 184 1321 1.
197 1295 286 1321 Arbor
297 1295 370 1321 ‘mala
381 1295 484 1326 fructus
495 1295 579 1320 malos
591 1294 663 1327 facit,
673 1295 732 1320 dicit
741 1295 862 1320 Dominus
871 1295 934 1320 Mat-

49 1346 74 1363 111·
89 1339 156 1365 thaei
171 1338 277 1370 septimo
287 1337 306 1363 ².
325 1338 462 1363 Secundum
481 1338 596 1363 Glossam
614 1337 810 1367 interlinealem,
829 1338 933 1363 ibidem:

93 1392 106 1405 «
117 1382 186 1408 Haec
203 1380 274 1406 mala
292 1381 372 1406 arbor
390 1381 457 1406 mala
483 1381 602 1406 voluntas
628 1381 667 1406 est
678 1390 707 1410 n,
727 1388 756 1406 ex
774 1388 823 1412 qua
848 1388 935 1406 secun-

89 1426 147 1450 dum
174 1424 249 1450 aliam
271 1423 386 1449 Glossam
410 1422 511 1453 fructus
535 1424 615 1448 malae
640 1423 791 1455 operationis
816 1424 934 1455 procedit.

87 1468 170 1493 Huius
187 1467 271 1492 autem
289 1466 386 1491 arboris
410 1465 476 1496 folia
502 1467 568 1491 mala
595 1466 672 1491 verba
700 1466 773 1496 sunt,
801 1467 934 1492 secundum

88 1510 201 1536 Glossam
220 1511 246 1535 in
264 1510 386 1541 principio
403 1509 561 1534 Psalmorum
580 1516 655 1541 super
673 1509 735 1534 illud
746 1508 769 1534 ³:
789 1509 827 1534 Et
842 1509 935 1540 folium

87 1553 142 1578 eius
158 1560 211 1578 ‘non
229 1552 328 1583 defluet.
349 1552 398 1577 Per
415 1551 481 1582 folia
500 1553 565 1577 enim
583 1552 660 1577 verba
673 1552 820 1584 signantur;
833 1552 893 1577 folia
905 1553 935 1577 si-

88 1596 185 1628 quidem
203 1596 340 1621 vanitatem
360 1596 385 1620 et
403 1595 587 1620 fluxibilitatem
605 1595 712 1625 habent,
732 1595 796 1627 quod
809 1596 883 1620 etiam
897 1596 935 1620 est

89 1639 118 1665 (10
136 1639 228 1664 natura
247 1638 388 1664 verborum.
406 1653 442 1656 —
460 1639 542 1663 Huius
561 1638 658 1664 arboris
676 1639 744 1663 rami
757 1639 817 1663 sunt
830 1638 935 1663 affectio-

89 1689 133 1708 nes
152 1682 277 1712 diversae,
297 1689 359 1714 quae
379 1689 407 1707 ex
430 1681 561 1707 voluntate
588 1681 725 1713 procedunt
749 1681 774 1706 et
801 1682 934 1706 secundum

89 1727 142 1751 eius
161 1725 324 1751 conditionem
345 1725 492 1757 pensantur.
511 1725 536 1750 Si
554 1725 618 1750 enim
643 1724 761 1750 voluntas
788 1725 855 1749 mala
883 1725 935 1754 est,

90 1769 166 1794 ramis
185 1769 237 1793 suis
256 1775 327 1793 suam
345 1768 529 1799 corruptionem
557 1767 684 1797 immittit,
713 1768 846 1793 secundum
874 1768 936 1792 illud

91 1811 122 1836 ad
139 1811 264 1836 Romanos
274 1810 298 1835 ⁴:
318 1810 348 1836 Si
366 1810 445 1835 radix
462 1812 569 1842 sancta,
587 1811 611 1835 et
623 1811 699 1835 rami.
712 1825 748 1828 —
762 1811 880 1835 Truncus
892 1818 937 1835 au-

92 1854 140 1879 tem
160 1853 235 1878 istius
253 1853 350 1878 arboris
363 1854 402 1878 est
414 1853 553 1878 voluntatis
566 1860 714 1883 consensus,
728 1854 858 1884 qnoniam,
873 1853 937 1878 sicut

92 1897 163 1922 radix
181 1904 264 1922 ramos
282 1904 341 1922 suos
359 1897 407 1921 nisi
425 1896 548 1921 mediante
567 1896 656 1921 trunco
674 1903 723 1922 non
742 1896 825 1928 potest
849 1904 938 1927 expan-

91 1940 161 1970 dere;
181 1940 216 1964 sic
234 1946 278 1964 nec
298 1939 368 1964 radix
386 1939 466 1964 malae
484 1939 623 1964 voluntatis
643 1946 724 1963 ramos
746 1939 864 1964 vitiorum
888 1946 937 1964 non

91 1983 174 2015 potest
191 1982 317 2012 emittere,
336 1983 385 2007 nisi
403 1982 526 2007 mediante
549 1989 678 2007 consensu.
703 1982 826 2013 Siquidem
852 1989 939 2007 secun-

91 2025 148 2051 dum
165 2025 312 2057 Grcgorium
323 2024 332 2037 ⁶
350 2025 523 2057 suyqestione,
537 2025 701 2050 delectatione
714 2025 739 2050 et
752 2031 874 2049 consensu
887 2032 939 2056 pec-

91 2069 174 2094 catum
194 2068 330 2100 perficitur.
348 2083 384 2086 ——
401 2067 490 2093 Radix
502 2068 585 2093 autem
604 2068 678 2093 istius
696 2068 792 2093 arboris
805 2069 938 2093 secundum

92 2110 261 2143 Apostolum⁵
285 2111 324 2136 est
342 2111 479 2142 cupiditas:
498 2110 600 2142 Radix,
619 2111 709 2142 inquit,
728 2111 842 2136 omnium
861 2111 939 2136 malo-

92 2161 151 2180 mm
169 2155 207 2179 est
224 2154 362 2185 cupiditas.
380 2168 416 2172 —
434 2154 503 2179 Licet
522 2154 606 2179 autem
625 2154 696 2178 radix
720 2154 803 2179 arbori
827 2154 940 2185 praestet

93 2198 226 2229 originem,
246 2197 330 2222 tamen
348 2204 363 2222 a
382 2195 469 2227 fructu
488 2197 634 2228 incipimus,
654 2204 698 2228 per
716 2197 796 2228 folia,
815 2204 902 2222 ramos
914 2196 940 2221 et

94 2241 214 2265 truncum
231 2240 406 2265 descendentes
425 2247 469 2271 per
487 2240 597 2265 ordinem
610 2240 641 2264 ad
653 2240 779 2272 radicem,
793 2239 834 2269 ut,
849 2239 938 2264 iterum

94 2282 240 2314 incipientes
258 2283 290 2307 ab
307 2283 376 2314 ipsa,
396 2283 504 2314 qualiter
516 2291 545 2308 ex
557 2283 613 2314 ipsa
631 2283 774 2314 procedant,
787 2283 939 2308 ascendendo

93 2325 299 2352 demonstremus.

965 2232 969 2359 l

1062 1295 1086 1320 2.
1106 1295 1235 1320 Sciendum
1254 1296 1340 1328 igitur,
1359 1297 1423 1328 quod
1442 1297 1502 1322 haec
1521 1297 1612 1329 radix,
1631 1305 1693 1330 quae
1706 1298 1835 1330 cupiditas
1852 1303 1879 1322 De
1893 1303 1963 1322 radice.

990 1338 1029 1363 vel
1048 1338 1247 1370 concupiscentia
1265 1339 1423 1370 nominatur,
1445 1340 1578 1365 secundum
1602 1340 1695 1365 Bedam
1707 1340 1715 1353 ⁷
1734 1349 1763 1366 ex
1786 1349 1836 1367 cor-

990 1382 1106 1413 ruptione
1127 1383 1227 1407 seminis
1245 1382 1374 1407 transfusa
1392 1390 1437 1414 per
1455 1384 1548 1414 primos
1568 1384 1685 1415 parentes
1703 1384 1734 1409 ad
1753 1384 1835 1416 poste-

991 1432 1032 1450 ros
1057 1425 1139 1450 ortum
1158 1425 1241 1450 habet.
1261 1425 1330 1451 Sicut
1347 1426 1431 1451 autem
1450 1426 1588 1451 materialis
1615 1427 1684 1451 radix
1707 1427 1835 1453 humorem

991 1467 1072 1492 trahit
1091 1467 1116 1492 et
1133 1468 1272 1499 germinat,
1292 1469 1327 1493 sic
1351 1469 1421 1493 radix
1449 1469 1673 1500 concupiscentiae,
1702 1470 1835 1495 secundum

991 1510 1152 1542 Gregorium,
1171 1511 1203 1536 ab
1222 1512 1399 1543 imaginatione
1427 1512 1546 1544 suggesta
1571 1512 1602 1537 ab
1627 1512 1777 1543 extrinseco,
1796 1513 1836 1539 vel

991 1554 1099 1579 formata
1117 1554 1148 1579 ab
1167 1554 1301 1579 intrinseco
1326 1554 1403 1579 sumit
1420 1555 1564 1585 materiam,
1578 1563 1627 1587 qua
1640 1555 1762 1581 mediante
1783 1564 1836 1588 ger-

991 1596 1085 1628 minat,
1113 1604 1167 1621 cum
1196 1597 1327 1622 delectatio
1351 1597 1383 1622 ab
1410 1598 1587 1629 imaginatione
1614 1599 1740 1630 procedat.
1768 1599 1836 1625 Tunc

991 1640 1074 1665 autem
1093 1647 1196 1664 ramum
1214 1639 1308 1664 emittit
1326 1641 1394 1670 vitii,
1413 1648 1468 1665 cum
1487 1648 1516 1665 ex
1528 1641 1689 1667 delectatione
1702 1650 1836 1668 consensus

992 1682 1080 1714 oritur,
1100 1683 1158 1714 quia
1183 1683 1316 1708 secundum
1336 1682 1526 1715 Augustinum⁵
1555 1684 1594 1709 est
1620 1684 1711 1716 duplex
1735 1692 1837 1710 consen-

992 1733 1047 1755 sus,
1067 1726 1161 1750 scilicet
1178 1726 1204 1750 in
1224 1726 1389 1751 delectatione
1408 1726 1433 1752 et
1451 1734 1531 1758 opere.
1552 1727 1612 1752 Cum
1632 1728 1695 1752 onim
1709 1736 1738 1753 ex
1750 1729 1838 1761 imagi-

992 1769 1092 1794 natione
1110 1769 1135 1793 et
1153 1769 1316 1794 delectatione
1329 1777 1426 1794 morosa
1440 1777 1494 1795 cum
1508 1770 1652 1796 adversione
1666 1772 1769 1802 periculi
1781 1779 1839 1798 con-

993 1819 1081 1837 sensus
1099 1812 1123 1836 in
1143 1812 1332 1837 delectationem
1351 1812 1471 1844 sequitur,
1490 1813 1565 1838 etiam
1584 1814 1605 1838 si
1624 1821 1696 1845 opere
1715 1822 1764 1839 non
1777 1822 1838 1840 com-

993 1855 1110 1886 plendum
1129 1855 1258 1885 decernat,
1278 1855 1383 1880 mortale
1402 1856 1448 1880 est.
1467 1856 1501 1880 Et
1517 1856 1620 1888 propter
1640 1857 1686 1882 hoc
1705 1858 1838 1884 secundum

993 1897 1163 1929 Augustinum
1175 1896 1184 1909 Β
1204 1897 1273 1922 totus
1289 1898 1362 1923 homo
1374 1898 1542 1923 damnabitur.
1561 1913 1596 1916 —
1613 1899 1683 1924 Licet
1695 1900 1778 1925 autem
1791 1901 1838 1926 iste

994 1947 1142 1972 progressus
1161 1940 1268 1971 peccati,
1282 1941 1323 1972 qui
1337 1940 1417 1965 dictus
1431 1941 1480 1971 est,
1495 1941 1622 1972 potissime
1635 1943 1659 1967 in
1673 1943 1772 1974 peccato
1785 1950 1839 1968 car-

993 1983 1051 2007 nali
1068 1983 1148 2008 locum
1167 1983 1259 2008 habeat
1277 1983 1302 2008 et
1321 1983 1478 2009 manifestius
1496 1984 1585 2009 ibidem
1605 1985 1741 2016 appareat,
1756 1985 1839 2011 tamen

994 2027 1019 2051 et
1038 2027 1063 2051 in
1083 2027 1199 2051 ommibus
1218 2027 1275 2051 aliis
1294 2027 1442 2052 mortalibus
1461 2028 1541 2053 locum
1554 2028 1637 2052 habet.
1651 2028 1675 2053 Si
1689 2029 1753 2053 enim
1766 2030 1840 2061 quod-

994 2076 1097 2100 cumque
1116 2069 1243 2100 peccatum
1262 2070 1367 2095 mortale
1380 2070 1461 2095 mente
1476 2078 1519 2102 per
1531 2071 1706 2102 cogitationem
1719 2072 1839 2102 tenueris,

995 2113 1020 2137 et
1038 2111 1225 2137 delectationem
1245 2120 1379 2138 consensus
1398 2114 1423 2138 in
1443 2114 1524 2145 ipsum
1545 2114 1663 2145 sequatur
1682 2114 1774 2146 absque
1787 2122 1842 2140 con-

996 2162 1070 2180 sensu
1090 2155 1164 2179 etiam
1183 2155 1208 2179 in
1228 2162 1303 2186 opus,
1324 2156 1344 2180 si
1363 2156 1471 2181 facultas
1489 2157 1601 2187 adesset;
1620 2157 1781 2182 nihilominus
1803 2157 1842 2183 est

995 2197 1110 2223 mortale.

1066 2241 1091 2265 3.
1110 2241 1145 2265 Ut
1163 2241 1246 2266 autem
1265 2241 1294 2266 de
1312 2242 1398 2267 radice
1416 2242 1465 2267 ista
1478 2242 1593 2268 notitiam
1606 2243 1741 2274 pleniorem
1754 2244 1842 2269 habea·
1854 2249 1935 2267 Acunum
1944 2253 1979 2272 qua

995 2292 1064 2314 mus,
1079 2284 1104 2309 et
1116 2284 1235 2315 quomodo
1255 2292 1284 2309 ex
1301 2286 1357 2316 ipsa
1375 2284 1475 2315 fructus
1493 2286 1573 2311 malae
1592 2286 1743 2318 operationis
1761 2294 1842 2318 proce·
1862 2271 1989 2314 ‘sierffltessdff'

995 2326 1050 2355 dat,
1064 2326 1250 2358 quadruplicem
1261 2325 1281 2339 ¹⁰
1300 2327 1401 2352 actuum
1420 2328 1583 2353 differentiam
1597 2329 1763 2360 assignamus.
1779 2329 1842 2354 Sunt

1852 1604 1878 1623 De
1891 1604 1976 1623 emissio·

1849 1633 1872 1647 ne
1881 1633 1983 1647 tumorum.

1856 1905 1971 1925 Notandum.

159 2457 167 2471 ¹
185 2459 258 2482 Valde
275 2458 372 2481 dubium
390 2462 434 2487 cst,
452 2460 496 2481 hoc
512 2459 662 2487 opusculum,
679 2460 759 2481 saltem
778 2459 799 2482 in
821 2465 846 2482 00
869 2465 939 2488 qnam

97 2495 159 2512 nunc
175 2490 245 2513 1101101.
262 2492 346 2518 forma,
365 2491 519 2518 compositum
537 2496 587 2513 csse
605 2496 616 2512 a
636 2491 658 2512 S.
676 2491 844 2513 Bonaventnra.
866 2491 941 2513 Titnlo

98 2520 225 2550 Speculum
237 2521 339 2550 aninmo,
349 2528 418 2550 (1110111
432 2522 486 2544 iliud
500 2521 602 2544 1101101111
615 2522 651 2544 cd.
663 2522 769 2544 Vaticana
782 2523 879 2550 aliisque
890 2521 942 2544 suh-

97 2552 213 2575 sumimus
227 2553 272 2575 nde
288 2553 396 2576 codicum
409 2552 537 2582 Speculum
549 2552 709 2581 conscientiae,
722 2554 762 2582 (1111
775 2553 849 2575 libello
862 2559 942 2575 conve-

98 2583 196 2606 nientius
209 2584 346 2606 inscribitur.
356 2585 420 2606 Plura
431 2584 460 2606 (10
470 2588 566 2613 utraque
579 2584 735 2612 propositione
746 2585 799 2607 vide
812 2590 881 2612 supra
893 2585 943 2606 Pro-

100 2614 217 2642 legumena
235 2621 256 2638 c.
273 2616 305 2637 ΙΙΙ.
323 2617 336 2644 ’5
354 2616 374 2637 2.
392 2627 422 2632 —
441 2616 526 2638 'sextus
543 2616 646 2637 eiusdem
664 2616 687 2637 111
705 2615 739 2637 0(14
759 2616 866 2638 Vaticana
885 2616 944 2637 111111-

100 2645 128 2667 lis
144 2649 215 2668 500101
231 2646 305 2673 vitiis,
322 2653 422 2675 (piorum
441 2653 486 2669 non
505 2653 577 2674 1101100
597 2647 774 2669 emendavimus
791 2654 836 2674 ope
858 2647 943 2668 codicis

99 2676 233 2699 Basileensis
251 2678 313 2706 (vido
331 2678 496 2705 l‘rolcgoincna
515 2679 557 2700 loc.
574 2678 632 2706 cit),
649 2678 688 2706 qui
707 2677 813 2706 praebuit
824 2684 894 2705 saepe
907 2677 944 2699 bo·

100 2713 141 2730 nas
157 2709 277 2736 lectiones,
294 2709 334 2731 scd
352 2709 419 2731 0110111
438 2715 483 2731 non
501 2715 553 2731 roro
571 2709 638 2731 salsas
654 2712 676 2731 ct
694 2715 789 2737 prorsus
805 2708 945 2737 improbabi-

100 2738 144 2767 ies,
162 2746 260 2768 (piarum
277 2740 381 2768 exempla
400 2741 421 2762 in
440 2740 552 2768 principio
570 2741 677 2762 nonnulla
695 2740 723 2762 ad
746 2741 830 2763 calcem
855 2740 944 2762 notavi-

103 2776 165 2798 mus,
183 2771 294 2793 maiorem
311 2777 367 2793 vcro
385 2775 473 2799 partein
492 2771 620 2793 omisimus.
637 2771 792 2793 Adliibuimus
814 2771 882 2793 etiam
900 2771 946 2793 edi-

102 2801 186 2824 tionem
205 2802 343 2824 Brixienwm
361 2808 396 2824 an.
417 2803 488 2830 1495,
506 2809 577 2831 (11100,
600 2808 653 2825 cum
679 2803 755 2831 quoad
781 2805 865 2825 textum
892 2808 944 2824 011111

102 2832 210 2855 Vaticana
229 2834 274 2855 scre
291 2834 424 2861 conveniat,
443 2840 524 2861 partini
542 2833 608 2855 nobis
625 2834 722 2862 proluit,
735 2834 850 2856 interdum
869 2836 945 2856 tamen

102 2863 211 2886 lectiones
228 2863 301 2886 bonas
317 2865 404 2887 codicis
421 2865 579 2891 confirmavit,
601 2867 625 2887 ut
647 2865 676 2887 nd
699 2865 785 2887 calcem
808 2865 946 2887 notavimus.

103 2894 152 2917 Non
171 2901 222 2918 raro
234 2895 315 2918 00110111
332 2896 458 2918 manifestis
474 2896 592 2918 erroribus
604 2896 715 2918 maculata
728 2899 774 2923 est,
786 2902 845 2925 quos
861 2896 947 2918 referre

103 2926 246 2954 superfluum
264 2927 340 2949 visum
358 2930 398 2949 est.
416 2927 465 2949 Hoc
481 2930 569 2949 tantum
587 2930 707 2953 notamus,
726 2927 746 2949 in
771 2927 805 2949 illa
829 2933 889 2956 (11100
908 2928 947 2949 sre-

103 2961 200 2986 (111011101-
217 2958 315 2981 occurrit
333 2958 459 2980 locutione:
476 2957 544 2981 habel
564 2958 678 2981 rationem
702 2958 811 2981 moi-lulis
829 2958 947 2986 (peccati),

104 2987 141 3010 ed.
159 2988 168 3010 1¹
189 2992 320 3012 constanter
341 2989 399 3012 hanc
416 2995 503 3017 ponere
528 2988 596 3012 habet
620 2988 737 3012 rationem
762 2989 901 3017 moi-lolem,
925 2992 948 3011 et

104 3019 171 3042 etiam
190 3019 241 3042 cod.
259 3020 396 3049 plerumque
412 3020 510 3043 eandem
528 3020 647 3043 lectionem
665 3020 758 3043 habere.

1060 2459 1070 2472 ²
1087 2460 1153 2483 Vers.
1173 2461 1208 2482 17.
1226 2460 1338 2488 Vulgata:
1356 2461 1409 2483 Mala
1427 2460 1496 2482 arbor
1508 2461 1580 2483 malos
1592 2464 1634 2483 etc.
1647 2461 1752 2484 Secunda
1765 2462 1843 2484 Glossa

998 2494 1032 2513 est
1049 2490 1175 2513 ordinario
1193 2491 1248 2513 ibid.
1267 2492 1316 2513 Vnt.
1334 2495 1386 2514 01110
1403 2491 1476 2514 arbor
1493 2491 1559 2514 malti
1576 2492 1658 2516 omittit
1676 2492 1744 2516 Haec.

1062 2521 1070 2534 ⁸
1089 2523 1170 2544 Psalni.
1191 2523 1213 2549 l,
1232 2524 1252 2545 3,
1270 2524 1347 2545 Glossa
1366 2526 1400 2545 est
1416 2522 1584 2546 interlinearis.

1061 2553 1071 2565 ¹
1089 2553 1143 2581 Cap.
1163 2554 1203 2579 ll,
1223 2554 1257 2575 16.
1275 2554 1332 2576 Cod.
1349 2557 1400 2582 post
1417 2554 1482 2577 rami
1497 2555 1559 2576 addit
1577 2554 1660 2577 sancti.

1062 2583 1071 2596 ⁶
1088 2585 1149 2606 Libr.
1169 2585 1204 2606 lv.
1222 2585 1299 2607 moral.
1316 2591 1335 2607 0.
1354 2586 1390 2607 27.
1408 2592 1429 2607 n.
1448 2585 1484 2608 stt.
1509 2589 1531 2607 et
1554 2585 1645 2608 xxxn.
1667 2592 1686 2608 0.
1706 2586 1742 2609 19.
1762 2593 1784 2608 11.
1802 2587 1844 2613 33,

1000 2618 1021 2637 et
1039 2615 1059 2637 in
1079 2617 1169 2642 llegest.
1189 2616 1225 2638 XI.
1244 2616 1306 2644 Epist
1332 2616 1368 2638 (it.
1386 2617 1494 2644 interrog.
1515 2617 1548 2638 11.

1063 2645 1072 2659 '⁵
1090 2647 1160 2675 Epist.
1178 2648 1192 2669 l.
1209 2647 1236 2669 ad
1255 2648 1313 2669 'rint
1332 2648 1358 2673 6,
1380 2648 1418 2674 10,
1436 2648 1474 2676 qui
1492 2648 1555 2670 locus
1572 2648 1608 2670 liic
1626 2647 1647 2669 in
1664 2648 1714 2670 Vnt.
1726 2648 1846 2671 omittitur.

1063 2677 1071 2689 ⁷
1091 2679 1150 2701 Beda
1169 2678 1190 2700 in
1209 2679 1274 2701 Rom.
1293 2678 1318 2706 5,
1341 2679 1375 2700 12.
1393 2679 1461 2707 (inter
1479 2679 1566 2707 opem).
1585 2680 1689 2707 Sequens
1709 2680 1772 2702 locus
1794 2681 1846 2702 Gre-

1001 2708 1060 2736 gorii
1072 2712 1106 2731 0οι
1119 2710 1210 2737 [tegest.
1223 2709 1260 2732 Xl.
1272 2710 1342 2737 Epist.
1353 2709 1389 2731 (34,
1402 2710 1510 2738 interrog.
1528 2710 1561 2732 10.
1575 2721 1605 2726 -
1618 2710 1668 2732 Vnt.
1680 2711 1763 2733 omittit
1775 2711 1846 2733 verba

1001 2739 1037 2763 vel
1053 2740 1159 2769 sormam
1175 2739 1204 2763 ab
1221 2740 1361 2768 intrinseco,
1373 2746 1395 2763 οι
1407 2747 1527 2769 perperam
1541 2741 1605 2769 ponit
1615 2742 1729 2764 natm-mn
1742 2748 1785 2770 pro
1796 2747 1846 2765 vm-

1002 2770 1100 2799 terz'am,
1118 2771 1201 2794 deinde
1218 2778 1249 2794 (¹11.-
1266 2778 1308 2799 pro
1326 2771 1366 2800 ab,
1384 2774 1406 2794 et
1422 2772 1526 2802 procedit
1543 2778 1585 2800 pro
1600 2771 1720 2801 procedat.

1064 2801 1074 2814 ⁸
1091 2802 1152 2825 Libr.
1171 2803 1194 2825 ΙΙ.
1211 2803 1240 2825 (10
1257 2804 1338 2825 Genea.
1355 2806 1432 2825 contra
1452 2804 1546 2825 Manich.
1564 2810 1582 2825 0.
1598 2803 1632 2825 14.
1646 2805 1758 2826 11.21.-
1772 2805 1846 2832 Supra

1005 2833 1055 2855 Vnt.
1072 2839 1115 2861 pro
1138 2840 1234 2856 ramum
1252 2834 1334 2857 enn‘llt‘t
1350 2834 1400 2857 vitii
1417 2834 1485 2857 habet
1501 2834 1583 2858 emittit
1600 2833 1673 2858 virus.

1065 2863 1075 2876 ¹⁷
1093 2865 1148 2887 ibid.
1166 2868 1188 2887 et
1205 2865 1252 2888 xit.
1270 2865 1299 2888 de
1317 2865 1380 2888 Trin.
1397 2871 1416 2887 c.
1439 2866 1470 2888 12.
1490 2872 1510 2888 11.
1530 2866 1567 2888 Π.
1584 2871 1644 2894 susp,
1662 2865 1701 2888 nbi
1724 2866 1793 2888 ctiam
1817 2867 1846 2889 (le

1003 2901 1052 2924 seq.
1070 2897 1190 2918 sententia.
1207 2908 1235 2912 -—
1255 2896 1341 2919 Deinde
1358 2899 1409 2924 post
1426 2896 1487 2920 Licet
1505 2897 1554 2919 Vnt.
1573 2897 1656 2919 omittit
1678 2898 1757 2920 antem
1774 2900 1796 2920 ct
1813 2898 1847 2920 in-

1005 2928 1036 2949 fra
1055 2927 1126 2950 eliam
1143 2931 1194 2950 01110.
1213 2927 1236 2950 in
1253 2933 1320 2957 opus.
1337 2940 1368 2944 —
1385 2928 1417 2950 De
1435 2929 1469 2950 liis
1481 2929 1521 2951 cfr.
1533 2929 1668 2956 1301101·.,1Ι.
1680 2929 1742 2952 Sept.
1763 2929 1786 2952 d.
1807 2929 1844 2952 41.

1004 2964 1024 2980 0.
1043 2959 1069 2985 2,
1087 2961 1109 2980 et
1126 2958 1154 2981 de
1171 2964 1219 2987 seq.
1237 2965 1300 2981 num.
1317 2964 1338 2981 0.
1359 2960 1376 2981 1.
1394 2965 1416 2988 q.
1435 2959 1456 2982 3.

1067 2989 1087 3002 ¹⁰
1103 2989 1160 3012 Cod.
1177 2989 1305 3019 triplicem,
1323 2990 1362 3019 qui
1380 2996 1502 3019 perperam
1521 2991 1603 3013 omittit
1623 2990 1694 3013 verba
1713 2990 1799 3015 boumn
1816 2991 1849 3014 (ἰί-

1005 3021 1062 3043 cunt
1079 3027 1151 3050 usquc
1169 3021 1197 3043 ad
1214 3020 1254 3044 sui
1269 3027 1326 3044 esse.
